4062 6206
541 353 643 406 Ζιῖὅ

538 465 888 534 conveniatis,
921 481 1019 522 nec
1047 475 1150 521 tam
1183 473 1398 538 propter
1421 467 1612 522 anima:
1641 466 1925 536 pietatem,
1959 482 2118 537 quam

543 567 759 626 propter
786 557 1224 612 consuetudinem
1245 558 1594 614 solemnitatis
1617 576 1631 612 :
1656 560 1742 612 vix
1768 560 1907 613 enim
1938 559 2127 628 cuique

540 651 840 704 aSsistendo
862 652 1120 716 collecta-5
1153 651 1344 720 aliquis
1369 667 1432 705 ex
1459 651 1707 705 omnibus
1737 663 1916 704 cx:cte
1947 659 2129 719 posset

539 741 716 795 otnnia
745 742 830 795 illa
867 742 1096 796 discere.
1125 743 1322 798 Servos
1350 743 1558 797 habetis
1587 744 1736 798 multi
1763 783 1779 808 ,
1806 742 1995 797 horum
2038 743 2126 813 qui

540 833 625 886 hic
651 833 862 897 adsunt,
895 845 948 888 et
973 835 1111 888 ﬁlios
1136 854 1152 889 :
1173 850 1400 905 cumque
1427 834 1544 888 illos
1563 835 1755 888 artium
1787 835 2052 905 magistris
2075 838 2126 889 in

537 925 872 996 disciplinam
902 929 1109 982 tradere
1137 927 1316 988 vultis,
1345 943 1479 995 quos
1507 927 1807 997 elegeritis,
1830 937 2126 981 vestrarum

541 1017 647 1070 illis
667 1017 860 1072 mdium
891 1019 1134 1088 ingressu
1161 1019 1474 1074 interdicitis
1501 1021 1692 1086 semel,
1721 1020 1806 1074 ubi
1839 1021 2126 1090 stragulam

541 1119 779 1176 vestem,
836 1111 1030 1166 cibaria
1075 1127 1396 1182 oumemque
1446 1112 1602 1166 aliam
1653 1113 2032 1182 supellectilem
2076 1121 2128 1165 et

541 1212 850 1272 apparatum
886 1203 1262 1273 suppeditastis
1293 1221 1306 1258 :
1337 1221 1440 1259 una
1469 1219 1587 1258 cum
1619 1205 1870 1274 magistro
1917 1204 2129 1257 habita-

543 1309 652 1350 tum
709 1297 916 1350 mittitis
948 1338 962 1360 ,
1006 1312 1068 1351 ac
1126 1313 1193 1352 uc
1235 1297 1452 1352 domum
1489 1306 1720 1352 vestram
1765 1297 1955 1351 adeant
2003 1312 2130 1365 pro-

543 1385 735 1440 hibetis
767 1405 780 1440 :
805 1395 882 1450 ut,
912 1387 1038 1441 dum
1079 1387 1150 1440 ibi
1179 1388 1434 1442 continue
1461 1397 1774 1453 versantur,
1811 1386 2016 1441 facilius
2043 1402 2130 1440 ar-

543 1485 649 1528 tem
671 1476 929 1542 ediscant,
957 1493 1055 1532 nec
1078 1477 1181 1532 ulla
1209 1477 1564 1532 sollicitudine
1585 1477 1821 1532 studium
1845 1478 2052 1532 illorum
2077 1486 2130 1531 ct

539 1569 819 1636 occupatio
836 1547 1221 1638 interpellctur.
1236 1568 1354 1623 Jam
1373 1584 1500 1624 vero
1523 1584 1642 1622 cum
1661 1585 1768 1622 non
1787 1569 2018 1636 vulgaris
2043 1585 2131 1623 ars

541 1657 806 1726 quaedam,
823 1659 916 1712 sed
938 1659 1172 1712 omnium
1197 1659 1424 1712 maxima
1448 1659 1600 1713 vobis
1617 1659 1686 1713 sit
1707 1659 2010 1725 ediscenda,
2025 1673 2130 1728 quo

543 1759 696 1815 pacto
715 1747 821 1801 Deo
835 1747 1148 1815 placendum
1166 1749 1254 1812 sit,
1269 1756 1322 1802 et
1341 1748 1570 1802 cmlestia
1585 1747 1720 1802 bona
1735 1748 2127 1816 consequenda,

541 1837 897 1905 perfunctorie
926 1852 1020 1890 vos
1053 1835 1102 1890 id
1133 1837 1390 1906 perlicere
1417 1852 1574 1905 posse
1600 1839 1832 1891 censetis
1857 1839 1879 1890 τ
1908 1837 2132 1903 Quanta:

541 1926 663 1994 hoc,
697 1943 898 1997 quaeso,
931 1937 1012 1982 est
1031 1927 1350 1983 dementiae?
1371 1928 1502 1982 Nam
1530 1927 1865 1998 disciplinam
1889 1943 2007 1983 esse
2029 1928 2133 1983 hoc

541 2020 850 2090 negotium,
881 2019 1020 2089 quod
1061 2019 1279 2074 multam
1320 2019 1483 2089 exigit
1532 2020 1912 2084 attentionem,
1942 2035 2006 2074 ex
2047 2019 2130 2074 his

539 2110 842 2179 cognoscite
876 2127 888 2162 :
923 2109 1142 2176 Discite,
1171 2110 1374 2179 inquit,
1404 2127 1436 2162 a
1461 2125 1539 2163 me
1561 2151 1574 2174 ,
1609 2110 1726 2180 quia
1771 2109 1905 2162 utilis
1943 2126 2054 2162 sum
2085 2117 2130 2163 et

541 2202 746 2256 immitis
791 2202 943 2256 corde
977 2202 1190 2272 (Matth.
1232 2203 1318 2258 ll.
1349 2201 1444 2270 29)
1474 2221 1488 2256 :
1517 2211 1571 2257 et
1611 2217 1797 2257 rursus
1829 2203 2084 2272 propheta
2113 2220 2129 2257 :

551 2293 753 2358 Venite,
784 2296 878 2363 ﬁlii
902 2335 917 2360 ,
942 2296 1115 2350 audite
1151 2313 1230 2350 me
1252 2312 1270 2348 :
1297 2296 1526 2348 timorem
1569 2294 1775 2348 Domini
1821 2295 2006 2349 docebo
2044 2313 2131 2350 vos

541 2385 710 2444 lPsal.
740 2387 828 2440 55.
859 2386 946 2456 12)
978 2405 990 2440 :
1023 2397 1077 2441 et
1107 2387 1298 2441 iterum
1331 2403 1344 2438 :
1387 2385 1573 2440 Vacate
1607 2395 1655 2440 et
1685 2386 1846 2439 uidete
1894 2388 2132 2454 quoniam

539 2493 629 2546 ego
653 2492 762 2530 sum
787 2474 924 2530 Deus
954 2477 972 2546 (
997 2475 1138 2530 Psal.
1165 2477 1254 2531 45.
1287 2477 1344 2530 ll
1371 2477 1410 2546 ).
1442 2475 1623 2546 Itaque
1665 2477 1828 2530 multa
1869 2491 2004 2545 opus
2049 2485 2131 2530 est

543 2569 816 2624 vacatione
839 2569 932 2632 illi,
955 2569 1041 2637 qui
1065 2568 1202 2622 hanc
1222 2584 1430 2622 morum
1455 2567 1789 2638 disciplinam
1816 2577 1870 2622 et
1895 2568 2132 2636 philoso-

541 2657 721 2727 phiam
748 2659 850 2712 sibi
880 2658 1106 2711 voluerit
1134 2673 1473 2726 comparare.

608 2748 661 2800 2.
687 2748 818 2801 Duce
847 2748 1190 2818 apparitiones
1216 2747 1439 2814 Christi;
1469 2765 1558 2802 cur
1585 2765 1686 2803 non
1709 2747 1816 2802 dies
1841 2757 1979 2802 ortus
2003 2788 2018 2812 ,
2044 2747 2133 2802 sed

539 2839 643 2894 dies
655 2839 888 2909 baptismi
901 2839 1212 2910 Epiphania.
1222 2839 1526 2893 Miraculum
1538 2841 1672 2894 circa
1681 2840 1916 2910 baptismi
1927 2857 2128 2909 aquam.

537 2961 610 2972 --
635 2931 828 2986 Verum
861 2947 929 2986 ne
967 2941 1176 3002 tempus
1213 2947 1372 2987 omne
1412 2932 1465 2986 in
1491 2947 1673 2988 eorum
1719 2931 2133 3003 reprehensione

539 3031 915 3090 conteramus,
939 3023 1029 3093 qui
1065 3025 1239 3078 solent
1267 3024 1491 3090 abesse,
1528 3023 1611 3079 his
1639 3039 1759 3094 quae
1797 3023 1864 3078 ad
1895 3023 2129 3094 ipsorum

541 3113 913 3181 negligentiam
945 3114 1310 3182 corrigendam
1364 3123 1488 3169 sunt
1534 3115 1675 3170 dicta
1721 3115 1956 3170 contenti
1987 3157 2003 3181 ,
2032 3129 2131 3184 age

537 3204 788 3274 quiddam
804 3205 870 3260 de
891 3206 1139 3275 praesenti
1155 3207 1492 3262 solemnitate
1512 3207 1967 3278 philosophemur.
1994 3208 2125 3262 Nam

539 3298 689 3351 multi
718 3298 930 3368 quidem
961 3298 1092 3352 festa
1113 3299 1384 3354 celebrant
1435 3298 1508 3372 (a)
1533 3343 1548 3366 ,
1578 3309 1632 3354 et
1675 3303 1888 3354 nomina
1941 3317 2126 3357 eorum

542 3399 836 3454 noverunt,
869 3390 1119 3445 historias
1145 3400 1322 3446 autem
1360 3401 1414 3446 et
1444 3393 1754 3447 occasiones
1774 3435 1788 3459 ,
1814 3394 1954 3447 unde
1996 3403 2128 3450 ortae

536 3492 697 3546 sunt,
747 3499 852 3537 non
909 3494 1194 3539 noverunt.
1237 3487 1412 3554 Atque
1457 3484 1810 3554 Epiphaniam
1872 3486 2124 3556 quidem,

534 3577 647 3630 sive
689 3577 1104 3646 apparitiouem,
1137 3577 1242 3632 dici
1303 3577 1441 3633 hanc
1479 3579 1839 3634 celebritatem
1880 3579 2127 3635 omnibus

535 3668 718 3738 liquet,
753 3668 866 3723 lucc
896 3685 1022 3723 vero
1045 3669 1304 3739 apparitio
1337 3685 1578 3740 qurcnam
1607 3669 1709 3736 sit,
1731 3677 1785 3724 et
1811 3681 1984 3723 utrum
2013 3685 2116 3724 una

534 3759 603 3812 sit
649 3776 712 3812 an
741 3759 858 3812 dum
881 3802 894 3824 ,
931 3759 982 3813 id
1015 3775 1116 3812 non
1149 3760 1274 3814 item
1308 3769 1605 3822 noverunt;
1636 3769 1691 3815 et
1732 3759 1872 3829 quod
1917 3775 2120 3814 summa

535 3849 821 3902 notandum
855 3850 1138 3918 ignominia
1159 3851 1373 3920 risuque
1396 3850 1609 3920 dignum
1636 3861 1714 3906 est
1730 3893 1744 3918 ,
1764 3867 1882 3906 cum
1905 3851 2124 3922 singulis

534 3941 690 3994 annis
709 3943 1098 3996 solemnitatem
1120 3943 1274 3996 istam
1298 3943 1591 4007 celebrent,
1615 3943 1729 4013 ejus
1750 3953 2118 4014 argumentum

533 4034 933 4087 etoccasionem
959 4033 1219 4103 ignorant.
1245 4034 1477 4088 Primum
1501 4035 1658 4104 igitur
1677 4051 1854 4104 operte
1895 4037 2120 4105 pretium

533 4125 834 4178 estcaritati
859 4133 1050 4181 vestra:
1069 4126 1302 4181 indicare
1321 4142 1426 4180 non
1467 4143 1624 4181 unam
1653 4144 1772 4184 esse
1799 4138 1998 4184 tantum
2021 4146 2120 4199 ap-

536 4215 848 4282 paritionem
871 4258 884 4280 ,
909 4217 1001 4272 sed
1040 4217 1169 4272 duas
1196 4235 1208 4271 :
1235 4235 1340 4272 una
1370 4219 1582 4288 quidem
1629 4229 1711 4272 est
1747 4221 1844 4273 ista
1881 4235 2118 4290 prtesens

530 4321 650 4373 qum
679 4306 786 4373 jam
811 4309 1060 4378 contigit;
1091 4310 1254 4364 altera
1283 4323 1408 4362 vero
1459 4324 1577 4377 qua:
1623 4309 1794 4363 futura
1825 4319 1940 4374 est,
1965 4319 2020 4365 et
2065 4312 2116 4366 in

528 4399 986 4453 consummatione
1027 4401 1216 4474 saeculi
1243 4416 1363 4454 cum
1410 4401 1694 4470 splendore
1740 4411 1795 4456 et
1833 4404 1996 4473 gloria
2035 4413 2118 4460 est

530 4497 804 4542 eventura.
840 4491 915 4544 Ac
941 4491 1008 4546 de
1037 4501 1260 4561 utraque
1302 4491 1512 4548 illarum
1541 4495 1762 4550 Paulum
1795 4495 1952 4552 hodie
1997 4498 2117 4553 Tito

528 4581 879 4638 disserentem
905 4585 1146 4653 audistis,
1180 4596 1338 4655 atque
1365 4587 1415 4642 in
1449 4586 1563 4642 hmc
1585 4589 1743 4643 verba
1773 4590 1840 4643 de
1868 4592 2115 4658 prtesenti

527 4675 740 4743 quidem
784 4675 1112 4744 loquentem,
1145 4679 1394 4749 Apparuit
1418 4682 1582 4751 gratia
1609 4679 1709 4736 Dei
1731 4684 1970 4737 salutaris
2007 4701 2116 4737 om-

531 4765 676 4818 nibus
701 4765 1005 4832 Itominibus,
1027 4770 1258 4823 erudiens
1279 4787 1391 4836 nos,
1415 4782 1470 4824 ut
1488 4773 1790 4842 abnegantes
1810 4774 2116 4842 impietatem

526 4867 572 4910 et
602 4859 867 4912 stet-alario
892 4859 1158 4926 desideria,
1189 4860 1351 4914 sobrie
1375 4873 1421 4916 et
1438 4865 1578 4932 juste
1605 4873 1654 4918 et
1687 4866 1769 4934 pie
1801 4866 2022 4920 vivamus
2061 4867 2123 4919 in

525 4950 616 5002 hoc
645 4949 867 5004 stvcnlo:
893 4950 960 5006 de
989 4950 1159 5005 futura
1187 4968 1333 5020 vero,
1361 4953 1719 5024 Exspectantes
1748 4957 1940 5010 beatam
1977 4975 2114 5028 spem

525 5050 572 5093 et
593 5042 861 5096 adventum
891 5029 1070 5114 gloria:
1095 5046 1266 5116 magni
1303 5045 1397 5100 Dei
1423 5057 1468 5102 et
1497 5049 1776 5104 Saluatoris
1806 5053 1966 5105 nostri
1988 5053 2112 5107 Jesu

527 5130 712 5186 Clu-isti
740 5134 757 5204 (
784 5133 882 5186 Tit.
913 5138 969 5189 ‘2.
1002 5135 1088 5190 il.
1118 5135 1205 5190 12.
1237 5137 1302 5192 15
1324 5138 1361 5207 ).
1391 5138 1459 5192 Et
1483 5155 1612 5194 vero
1635 5142 1894 5212 prOpbeta
1925 5143 1992 5198 de
2023 5145 2110 5198 illa

525 5223 634 5289 ipsa
663 5225 740 5278 sic
769 5225 932 5280 dixit‘
971 5245 984 5280 :
1018 5226 1115 5283 Sol
1141 5239 1453 5284 convertatur
1475 5232 1528 5285 in
1552 5232 1808 5300 tenebras,
1838 5244 1882 5289 et
1915 5236 2035 5289 luna
2057 5237 2112 5291 in

523 5318 848 5386 sanguinem,
880 5331 1146 5392 antequam
1168 5325 1330 5380 veniat
1357 5327 1462 5380 dies
1488 5325 1696 5381 Domini
1725 5345 1936 5399 magnus
1964 5341 2010 5383 et
2039 5331 2106 5384 il-

525 5405 697 5459 lustris
724 5407 878 5478 (Joel.
907 5411 959 5464 2.
993 5411 1102 5483 51).
1136 5413 1204 5468 At
1232 5415 1369 5469 enim
1400 5417 1488 5486 qui
1519 5417 1611 5485 lit,
1639 5425 1696 5472 ut
1725 5434 1825 5472 non
1857 5433 1918 5472 ea
1949 5419 2064 5475 dies
2087 5461 2102 5486 ,

521 5512 624 5564 qua
653 5507 803 5552 natus
825 5510 924 5565 est,
947 5501 1240 5574 Epiphania
1262 5509 1592 5579 etapparitio
1608 5511 1922 5580 appelletur,
1938 5511 2030 5567 sed
2043 5529 2103 5568 ea

521 5603 625 5660 qua
649 5587 946 5660 baptizatus
969 5595 1088 5648 est?
1111 5595 1232 5651 llaec
1257 5599 1398 5654 enim
1427 5599 1541 5657 dies
1573 5608 1657 5658 est
1683 5617 1782 5673 qua
1811 5601 2104 5674 baptizatus

585 5725 602 5796 ξ
641 5724 991 5796 ln_haec_ver_ha
1009 5722 1104 5796 (Gr.
1117 5727 1264 5796 ἔλεγεν
1274 5729 1440 5796 otism)
1450 5729 1633 5783 desinit
1645 5731 1772 5782 (inde
1782 5746 1804 5778 κ
1825 5732 1858 5780 ll
1867 5746 1946 5796 eg.
1967 5732 2097 5784 1966.

581 5786 656 5851 (u)
689 5787 800 5836 Dies
813 5787 1082 5851 Epiphaniae
1096 5787 1167 5837 cel
1179 5786 1447 5842 'ibrabatur'.

1293 359 1344 410 S.
1388 357 1662 410 JO.\I\'NIS
1699 353 2170 410 tillRYSOSTOIlll
2213 353 2524 410 ARCIIIEP.
2567 351 3096 409 CONSTANTINOP.

3715 360 3812 412 356

2235 480 2320 525 est
2341 510 2357 536 ,
2387 481 2440 525 et
2477 485 2730 541 aquarum
2765 479 3006 525 naturam
3034 469 3402 526 sanctilicavit.
3431 469 3634 526 idcirco
3659 477 3808 528 etiam

2233 561 2284 614 in
2327 562 2424 614 hac
2455 563 2792 616 solemnitate
2817 562 2917 616 sub
2944 560 3173 617 mediam
3205 571 3416 617 noctem
3443 578 3632 618 omnes
3655 604 3669 626 ,
3698 581 3808 618 cum

2231 653 2405 722 aquati
2439 653 2654 716 iuerint,
2679 651 2897 708 domum
2928 652 3112 708 latices
3147 653 3382 709 referunt
3408 670 3472 708 ac
3499 657 3811 720 recondunt,

2231 753 2284 798 et
2312 759 2406 812 per
2431 743 2691 813 integrum
2723 759 2916 797 annum
2943 753 3298 808 conservant,
3333 755 3516 814 utpote
3545 746 3690 815 quod
3734 747 3816 801 lto-

2231 833 2410 888 dierna
2460 834 2545 888 die
2584 834 2925 888 sanctificata:
2957 835 3061 888 sint
3099 849 3252 904 aqua:
3280 853 3293 888 :
3319 835 3478 904 [itque
3505 837 3818 891 miraculum

2231 925 2477 990 evidens,
2509 925 2634 978 dum
2683 926 2809 978 nihil
2857 926 3108 994 temporis
3144 925 3524 995 longinquitate
3565 942 3820 996 aquarum

2233 1018 2440 1071 illarum
2472 1029 2654 1070 natura
2681 1017 2893 1072 vitiatur
2920 1059 2934 1082 ,
2966 1017 3062 1072 sed
3087 1018 3292 1087 integro
3317 1034 3456 1070 anno
3499 1029 3666 1087 atque
3697 1019 3823 1073 adeo

2233 1110 2446 1164 biennio
2474 1119 2526 1164 et
2554 1110 2780 1163 triennio
2811 1125 2951 1178 saepe
2976 1151 2991 1176 ,
3022 1125 3139 1178 qua:
3169 1109 3326 1164 hodie
3371 1112 3464 1164 fuit
3492 1112 3688 1164 hausta
3713 1151 3732 1178 ,
3758 1111 3828 1164 iu-

2232 1211 2480 1272 corrnpta
2504 1211 2557 1256 et
2587 1217 2773 1257 recens
2807 1213 3102 1271 permanet,
3137 1217 3198 1256 ac
3225 1213 3346 1274 post
3377 1211 3582 1257 tantum
3617 1217 3825 1272 tempo-

2232 1293 2305 1346 ris
2327 1308 2446 1345 eum
2479 1292 2542 1345 iis
2574 1308 2690 1361 qua:
2719 1309 2888 1362 nuper
2932 1293 3125 1347 iuerint
3155 1309 3186 1348 e
3215 1295 3450 1348 fontibus
3475 1295 3690 1349 educte
3717 1311 3830 1348 cer-

2233 1395 2328 1440 tat.
2361 1385 2653 1452 Quamnam
2683 1385 2842 1455 igitur
2867 1385 2936 1438 ob
2964 1400 3177 1439 causam
3209 1385 3323 1440 lucc
3357 1386 3622 1455 apparitio
3647 1391 3831 1455 apj‘el.

2234 1476 2394 1530 latnt"!
2412 1477 2542 1542 Quia
2567 1477 2812 1530 nimirum
2835 1492 2940 1530 non
2955 1478 3200 1533 omnibus
3217 1479 3528 1532 manifestus
3548 1487 3633 1532 est
3649 1479 3826 1533 reddi-

2235 1577 2336 1628 tus,
2369 1583 2486 1622 cuin
2509 1577 2657 1636 partu
2679 1577 2760 1622 est
2781 1569 2971 1634 editus,
2992 1568 3086 1622 sed
3103 1585 3222 1622 cum
3241 1579 3322 1624 est
3337 1569 3636 1638 baptizatus
3665 1588 3680 1622 :
3711 1586 3825 1622 nam

2233 1659 2299 1712 ad
2323 1661 2459 1714 hunc
2483 1675 2648 1729 usque
2669 1659 2810 1714 diem
2843 1660 2999 1730 vulgo
3027 1671 3143 1714 erat
3171 1661 3397 1730 ignotus.
3425 1660 3558 1714 Nam
3584 1660 3830 1730 inco'gni-

2234 1759 2344 1804 tum
2375 1767 2495 1804 eum
2526 1750 2688 1807 fuisse
2717 1751 2894 1822 vulgo,
2924 1767 3094 1823 neque
3115 1754 3353 1824 quisnam
3383 1761 3528 1808 esset
3547 1754 3832 1824 plerosque

2233 1843 2453 1898 scivisse
2480 1853 2688 1900 constat
2716 1861 2780 1899 ex
2813 1845 2927 1900 istis
2947 1845 3166 1901 Joannis
3193 1845 3443 1916 Baptistae
3465 1848 3647 1902 verbis
3675 1864 3690 1899 :
3723 1847 3832 1900 Ile-

2234 1934 2351 1988 dius
2391 1945 2609 1989 vestrum
2637 1938 2808 2002 stetit,
2841 1953 2984 2006 quem
3025 1953 3110 1990 vos
3153 1937 3352 1992 nescitis
3395 1935 3572 2008 (Joan.
3616 1937 3674 1991 Ι.
3715 1937 3828 2008 26).

2234 2026 2370 2092 Quid
2415 2042 2542 2081 vero
2579 2028 2771 2082 mirum
2803 2029 2847 2082 si
2876 2029 2964 2083 alii
3003 2045 3108 2082 non
3145 2039 3362 2084 nossent
3390 2072 3404 2096 ,
3431 2029 3648 2100 quando
3683 2031 3831 2084 illum

2235 2118 2393 2173 etiam
2425 2119 2538 2189 ipse
2563 2119 2794 2189 Baptista
2825 2120 2892 2174 ad
2919 2137 3042 2176 eum
3073 2136 3237 2190 usque
3261 2121 3402 2176 diem
3433 2121 3834 2192 ignorabatilft

2235 2225 2324 2280 ego
2355 2211 2634 2264 nesciebam
2663 2227 2776 2264 eum
2795 2253 2808 2278 ,
2843 2211 3011 2281 inquit
3035 2229 3050 2266 :
3073 2211 3162 2265 sed
3195 2212 3279 2280 qui
3303 2213 3438 2265 misit
3462 2229 3540 2265 me
3569 2212 3832 2282 baptizare

2243 2306 2302 2360 in
2327 2317 2460 2372 aqua
2478 2343 2492 2368 ,
2519 2302 2605 2356 ille
2649 2303 2774 2356 mihi
2805 2303 2933 2357 dixit
2957 2345 2971 2369 ,
2998 2303 3166 2374 Super
3189 2320 3334 2372 quem
3359 2303 3541 2357 videris
3571 2303 3830 2373 Spiritum

2231 2390 2614 2448 descendentem
2657 2395 2674 2426 ¹
2695 2403 2744 2449 et
2771 2405 3050 2448 manentem
3077 2412 3227 2464 super
3247 2412 3380 2460 eum,
3411 2396 3492 2449 hic
3533 2405 3610 2450 est
3631 2397 3724 2466 qui
3745 2395 3829 2452 ba-

2242 2485 2398 2556 ptizat
2423 2485 2476 2539 in
2502 2484 2704 2555 Spiritu
2747 2495 2924 2538 sancto
2947 2484 3047 2554 (Ib.
3081 2485 3194 2554 33).
3227 2487 3366 2539 Duas
3393 2486 3550 2555 igitur
3579 2501 3710 2540 esse
3733 2503 3828 2556 ap-

2235 2577 2523 2645 paritiones
2546 2593 2610 2631 ex
2645 2577 2724 2631 bis
2751 2577 2936 2646 liquet;
2961 2577 3052 2631 sed
3080 2593 3306 2646 quanam
3335 2578 3404 2632 de
3427 2593 3592 2633 causa
3621 2578 3830 2633 venerit

2233 2665 2300 2720 ad
2321 2667 2636 2735 baptismum
2662 2667 2924 2732 Christus,
2950 2683 3086 2722 nunc
3111 2683 3199 2722 res
3225 2668 3456 2738 postulat
3478 2679 3534 2722 ut
3560 2670 3826 2734 dicamus,

2233 2765 2282 2809 et
2307 2755 2373 2808 ad
2397 2771 2680 2825 quemnam
2709 2757 3026 2826 baptismum
3049 2758 3256 2812 venerit
3279 2777 3293 2811 :
3315 2775 3435 2812 nam
3459 2768 3510 2812 et
3527 2758 3632 2812 hoc
3647 2775 3830 2827 operte

2233 2847 2462 2917 pretium
2512 2857 2590 2902 est
2635 2862 2958 2917 cognoscere
2983 2891 2996 2910 ,
3019 2860 3072 2902 ut
3105 2863 3235 2904 sane
3262 2850 3420 2904 etiam
3449 2849 3598 2904 illud.
3629 2849 3703 2904 Et
3729 2849 3832 2904 hoc

2237 2937 2382 3006 prius
2417 2937 2692 2991 caritatem
2733 2947 2965 2993 vestram
3013 2939 3210 2992 docere
3237 2949 3481 3008 oportet:
3506 2954 3631 2992 nam
3663 2947 3726 2993 et
3763 2955 3828 2994 ex

2236 3028 2336 3084 hoc
2361 3029 2487 3084 illud
2517 3029 2876 3100 intelligimus.
2908 3030 3188 3087 Judaicum
3214 3040 3328 3086 erat
3367 3031 3654 3100 baptisma,
3683 3031 3830 3102 quod

2235 3121 2420 3175 sordes
2463 3137 2792 3190 corporum,
2824 3137 2927 3175 non
2986 3130 3198 3191 peccata
3241 3136 3354 3191 qua:
3391 3120 3442 3176 in
3485 3122 3830 3178 conscientia

2233 3210 2472 3265 resident
2504 3254 2518 3278 ,
2553 3211 2819 3266 abluebat.
2861 3211 3039 3282 Neque
3079 3213 3222 3266 enim
3269 3211 3312 3266 si
3337 3211 3452 3279 quis
3492 3210 3828 3267 adulterium

2233 3311 2615 3370 perpetrassct,
2645 3317 2818 3370 neque
2849 3303 3030 3372 siquis
3072 3303 3193 3356 furti
3223 3317 3280 3356 se
3307 3303 3574 3372 alligassct
3596 3343 3614 3369 ,
3649 3318 3830 3374 neque

2231 3392 2276 3446 si
2300 3393 2418 3462 quis
2441 3393 2580 3446 aliud
2607 3393 2875 3463 quidpiam
2902 3395 3121 3448 sceleris
3147 3393 3469 3460 admisisset,
3491 3409 3618 3448 eum
3640 3394 3826 3448 crimi-

2231 3482 2386 3538 nibus
2413 3483 2664 3552 expiabat
2688 3499 2702 3536 :
2726 3483 2820 3538 sed
2865 3483 2910 3536 si
2937 3484 3055 3554 quis
3081 3491 3410 3552 mortuorum
3446 3499 3566 3538 ossa
3619 3485 3828 3554 tetigis-

2229 3585 2312 3632 set
2338 3619 2352 3642 ,
2381 3577 2425 3630 si
2451 3577 2570 3646 quis
2597 3577 2789 3631 vetitos
2818 3593 2846 3630 a
2884 3577 3000 3646 lege
3029 3578 3178 3631 cibos
3207 3577 3540 3646 degustasset
3567 3619 3581 3642 ,
3614 3579 3660 3631 si
3701 3577 3824 3646 quis

2229 3683 2258 3720 a
2287 3669 2630 3737 corruptione
2655 3669 2980 3734 advenisset,
3008 3669 3054 3724 si
3081 3669 3200 3738 quis
3228 3683 3348 3722 cum
3380 3669 3607 3738 leprosis
3631 3683 3826 3722 versa-

2231 3767 2314 3812 tus
2352 3768 2529 3825 esset,
2563 3759 2875 3826 lavabatur,
2905 3769 2958 3814 et
3001 3759 3307 3814 immundus
3361 3769 3476 3814 erat
3528 3774 3704 3828 usque
3755 3757 3828 3813 ad

2229 3865 2524 3920 vesperam,
2545 3849 2735 3906 deinde
2762 3850 3131 3906 mundabatur.
3151 3849 3422 3904 Lavabitur
3444 3851 3592 3914 enim,
3621 3851 3826 3920 inquit,

2226 3957 2408 4012 corpus
2443 3943 2550 4012 ejus
2589 3958 2721 4012 aqua
2767 3942 2989 4008 munda,
3019 3951 3065 3996 et
3099 3943 3390 3998 immundus
3425 3943 3517 3996 erit
3561 3957 3728 4010 usque
3753 3942 3828 3995 ad

2226 4047 2503 4101 vesperam,
2533 4041 2579 4085 et
2605 4031 2932 4086 mandabitur
2953 4031 3140 4102 (Leuit.
3161 4033 3245 4087 i5.
3277 4033 3332 4087 5.
3355 4049 3463 4102 sqq.
3485 4041 3531 4086 et
3555 4031 3671 4100 l3).
3699 4031 3824 4086 Non

2227 4123 2369 4177 enim
2399 4123 2514 4178 luce
2562 4139 2685 4178 vere
2713 4133 2986 4192 peccatum
3011 4133 3164 4180 erant
3199 4140 3370 4195 neque
3415 4125 3640 4192 pollutio
3667 4166 3684 4191 ,
3719 4123 3822 4180 sed

2226 4213 2366 4282 quod
2431 4213 2848 4282 imperfectiores
2903 4225 3086 4270 essent
3115 4256 3130 4282 ,
3161 4231 3255 4285 per
3281 4214 3539 4284 ejusmodi
3589 4230 3678 4270 res
3720 4229 3822 4269 eos

2226 4303 2460 4358 eliiciens
2476 4304 2853 4373 religiosiores,
2875 4305 3013 4360 Deus
3041 4307 3106 4360 ad
3137 4306 3394 4374 majorum
3421 4321 3598 4359 rerum
3627 4305 3822 4361 obser-

2229 4395 2496 4450 vationem
2527 4399 2760 4463 aptiores
2787 4407 2844 4451 et
2871 4397 3234 4465 diligentiores
3263 4398 3389 4451 olim
3417 4395 3704 4451 reddebat.

2297 4489 2351 4542 5.
2385 4487 2632 4558 Baptismi
2657 4487 2959 4547 Juda’orum
2987 4501 3033 4542 et
3061 4489 3297 4560 baptismi
3323 4489 3537 4542 Joannis
3567 4490 3724 4542 ratio.
3747 4519 3822 4531 —

2227 4583 2409 4652 Itaque
2462 4583 2679 4638 Judaica
2729 4583 2815 4637 illa
2863 4583 3076 4653 quidem
3123 4585 3352 4654 expiatio
3401 4599 3739 4653 nequaquam
3784 4598 3816 4637 ι

2227 4674 2456 4745 peccatis
2499 4675 2778 4742 liberabat,
2810 4675 2902 4730 sed
2934 4691 2962 4730 a
2991 4677 3262 4746 corporeis
3291 4677 3536 4730 sordibus
3567 4685 3812 4739 tantum;

2225 4775 2405 4821 nostra
2431 4780 2559 4820 vero
2587 4766 2705 4818 talis
2730 4781 2834 4820 non
2857 4775 2940 4820 est
2961 4807 2974 4831 ,
3007 4766 3102 4820 sed
3130 4767 3294 4820 multo
3322 4769 3492 4834 major
3510 4807 3523 4827 ,
3557 4781 3624 4820 ac
3648 4766 3814 4820 multa

2222 4858 2387 4928 gratia
2427 4857 2624 4912 referta
2651 4870 2666 4908 :
2691 4873 2811 4910 nam
2837 4868 2892 4912 et
2923 4856 3115 4911 liberat
3139 4872 3168 4910 a
3199 4857 3426 4926 peccatis
3450 4899 3464 4920 ,
3494 4865 3548 4912 et
3577 4858 3812 4912 animam

2224 4949 2508 5014 emundat,
2553 4958 2607 5004 et
2642 4949 2868 5018 Spiritus
2895 4949 3116 5018 gratiam
3165 4947 3401 5018 largitur.
3429 4947 3654 5004 Joannis
3683 4963 3812 5002 vero

2223 5041 2483 5110 baptisma
2513 5041 2734 5096 .ludaieo
2753 5039 2966 5108 quidem
2989 5040 3156 5094 multo
3181 5040 3456 5094 sublimius
3487 5040 3605 5104 fuit,
3631 5039 3808 5094 humi-

2225 5132 2324 5186 lius
2357 5147 2488 5186 vcro
2533 5143 2716 5187 nostro
2742 5173 2757 5199 ,
2805 5132 2966 5186 veluti
2999 5147 3132 5201 pons
3160 5131 3372 5200 quidam
3405 5132 3680 5202 utriusque
3711 5131 3807 5184 ba-

2223 5224 2483 5294 ptismatis
2523 5223 2678 5293 hujus
2703 5265 2717 5289 ,
2759 5223 2827 5278 ab
2865 5223 2954 5278 illo
2985 5223 3048 5278 ad
3081 5223 3218 5278 istud
3251 5239 3343 5292 per
3373 5239 3430 5278 se
3456 5225 3604 5293 quasi
3645 5237 3806 5276 manu

2221 5316 2422 5370 ducens
2448 5333 2460 5369 :
2486 5331 2593 5370 non
2624 5315 2768 5371 enim
2800 5329 2891 5370 eos
2921 5314 3102 5385 utique
3129 5313 3196 5368 ad
3227 5315 3651 5369 observatiOuem
3677 5327 3804 5366 cor-

2219 5409 2364 5478 poris
2405 5408 2772 5478 purgatiouum
2823 5407 3142 5470 inducebat,
3191 5407 3283 5460 sed
3324 5407 3390 5462 ab
3435 5407 3534 5460 illis
3576 5419 3812 5459 avocans

2219 5501 2597 5556 cohortabatur
2635 5510 2689 5554 et
2730 5499 3079 5564 consulebat,
3111 5509 3221 5552 uta
3248 5500 3376 5553 vitio
3408 5497 3812 5552 traducerentur

2216 5591 2282 5646 ad
2313 5591 2582 5656 virtutem,
2600 5600 2757 5660 atque
2783 5590 2834 5644 in
2857 5603 3076 5659 operum
3101 5599 3245 5644 recte
3271 5589 3422 5643 l'aetis
3439 5601 3590 5659 spem
3617 5587 3811 5641 salutis

2215 5701 2320 5740 non
2367 5684 2419 5738 in
2463 5683 2687 5738 diversis
2726 5683 3002 5754 baptismis
3043 5691 3098 5736 et
3145 5696 3398 5752 aquarum
3439 5679 3804 5735 ablutionibus

2281 5797 2298 5828 ι
2332 5802 2434 5846 Duo
2457 5801 2584 5858 Mss,
2611 5793 2977 5846 descendentem
2993 5793 3131 5859 quasi
3145 5791 3432 5846 columbam.
