4062 6206
293 379 403 434 363'

295 491 531 547 ἐνταῦθα
570 491 664 543 καὶ
705 488 865 542 τοῦτο
909 489 1207 561 παρέργως
1239 489 1617 558 συναγόμενοι,
1659 487 1753 540 καὶ
1789 485 1877 539 διὰ

298 574 595 646 συνήθειαν
625 572 844 643 ἑορτῆς,
882 572 943 625 οὐ
978 574 1046 626 δι’
1078 572 1365 625 εὐλάϐειαν
1396 571 1594 641 ψυχῆς.
1636 571 1879 640 Ἀγαπη-

295 658 391 711 τὸν
420 658 531 727 γὰρ
566 655 615 707 εί
655 653 777 707 καθ’
810 654 1048 725 ἑκάστην
1076 654 1297 719 σύναξιν
1329 654 1564 708 ἐνταῦθά
1590 670 1673 716 τις
1703 653 1879 705 ἁπαν-

296 741 409 794 τῶν
452 737 709 808 δυνηθείη
758 739 875 807 μετ’
913 737 1201 806 ἀκριϐείας
1243 738 1459 791 ἅπαντα
1494 736 1666 789 ταῦτα
1707 751 1879 787 κατα-

300 825 473 892 σχεῖν.
506 821 738 883 Οἰκέτας
784 820 937 890 ἐχετε
972 819 1157 873 πολλοὶ
1189 819 1299 872 τῶν
1331 818 1567 873 ἐνταῦθα
1595 819 1879 889 παρόντων

298 905 397 958 καὶ
447 905 619 966 υἱοὺς,
653 903 748 956 καὶ
791 903 1078 973 μέλλοντες
1124 903 1321 965 αὐτοὺς
1362 901 1714 974 παραδιδόναι
1766 902 1879 963 τοῖς

299 989 409 1042 τῶν
436 987 643 1057 τεχνῶν
685 986 1024 1049 ἐπιστάταις.
1055 979 1129 1039 ὦν
1161 985 1226 1039 ἂν
1255 985 1484 1048 ἕλοισθε,
1535 985 1630 1038 καὶ
1671 982 1769 1054 τὴν
1803 984 1881 1035 οί-

299 1070 429 1124 κίαν
458 1070 641 1132 αὐτοῖς
681 1067 780 1139 τὴν
815 1068 1088 1140 ὑμετέραν
1121 1068 1320 1123 ἄϐατον
1366 1070 1569 1121 ποιεῖτε
1599 1064 1876 1130 καθάπαξ,

301 1154 400 1208 καὶ
452 1150 749 1223 στρώματα
792 1150 887 1204 καὶ
923 1151 1132 1222 τροφὰς
1176 1152 1270 1205 καὶ
1302 1151 1401 1222 τὴν
1439 1150 1604 1221 ἀλλην
1659 1150 1879 1203 ἅπασαν

301 1237 490 1299 αὐτοῖς
540 1230 1062 1305 παρασκευάεὴντες
1114 1232 1408 1295 διακονίαν,
1456 1233 1533 1304 τῷ
1577 1231 1879 1300 διδασκάλῳ

303 1315 754 1386 συγκατοικίζετε
783 1315 1141 1387 ἀπείργοντες
1180 1317 1378 1378 αὐτοὺς
1408 1315 1508 1385 τῆς
1535 1316 1711 1377 οἰκίας
1754 1315 1879 1365 ἐπι-

304 1399 512 1453 ϐαίνειν
541 1398 642 1468 τῆς
687 1397 980 1469 ὑμετέρας,
1013 1399 1101 1452 ἵνα
1132 1400 1165 1468 ή
1202 1397 1432 1468 συνεχὴς
1479 1398 1596 1449 ἐκεῖ
1630 1393 1878 1467 διατριϐὴ

301 1482 406 1552 τὴν
433 1478 779 1534 διδασκαλίαν
807 1479 1199 1551 ἀκριϐεστέραν
1234 1481 1566 1551 ἐργάσηται,
1611 1477 1879 1549 μηδεμιᾶς

302 1564 586 1635 φροντίδος
625 1562 726 1635 τὴν
772 1562 965 1635 σχολὴν
993 1563 1410 1635 διακοπτούσης.
1438 1564 1574 1616 Νυνὶ
1604 1563 1661 1615 δὲ
1687 1563 1749 1615 ού
1792 1560 1880 1613 τέ-

302 1665 439 1718 χνην
469 1649 569 1718 τὴν
605 1646 895 1718 τυχοῦσαν,
938 1647 1075 1701 ἀλλά
1120 1646 1219 1718 τὴν
1254 1647 1444 1701 πασῶν
1482 1646 1702 1718 μείζονα
1736 1662 1877 1716 μαν-

303 1729 488 1783 θάνειν
523 1730 827 1802 μέλλοντες,
861 1729 977 1792 πῶς
1005 1729 1197 1800 ἀρέσαι
1234 1729 1312 1799 τῷ
1339 1729 1457 1799 Θεῷ
1501 1729 1600 1793 δεῖ,
1643 1729 1740 1781 καὶ
1769 1727 1879 1781 τῶν

301 1812 570 1883 οὐρανίων
617 1815 915 1884 ἐπιτυχεῖν,
976 1814 1269 1884 παρέργως
1343 1811 1565 1883 ἡγεῖσθε
1614 1809 1878 1864 δύνασθαι

300 1895 465 1950 τοῦτο
509 1894 658 1969 [569]
705 1896 1024 1967 κατορθοῦν.
1062 1897 1173 1949 Καὶ⁴
1230 1895 1401 1965 πόσης
1451 1895 1612 1948 τοῦτο
1653 1894 1873 1959 ἀνοίας;

306 1980 434 2033 Ὀτι
468 1979 576 2051 γάρ
606 1980 838 2051 μάθησις
862 1980 922 2032 τὸ
951 1979 1185 2050 πρᾶγμά
1230 1980 1345 2031 ἐστι
1389 1976 1591 2046 πολλῆς
1625 1976 1877 2047 δεόμενον

299 2064 403 2132 τῆς
443 2064 735 2133 προσοχῆς,
774 2062 1005 2116 ἄκουσον
1033 2062 1085 2114 τί
1120 2077 1286 2133 φησι’
1321 2058 1550 2113 Μάθετε
1600 2060 1701 2113 ἀπ’
1729 2060 1876 2128 ἐμοῦ

301 2145 395 2200 ὅτι
450 2146 639 2215 πρᾶός
687 2148 835 2216 ειμι,
881 2146 976 2200 καί
1020 2144 1298 2210 ταπεινὸς
1354 2142 1430 2211 τῇ
1487 2142 1730 2211 καρδίᾳ·
1781 2143 1876 2196 καὶ

302 2228 471 2282 πάλιν
496 2230 526 2281 ό
563 2230 879 2301 προφήτηςο
910 2229 1108 2291 Δεῦτε,
1139 2228 1344 2292 τέκνα,
1374 2226 1680 2283 ἀκούσατέ
1716 2243 1836 2295 μου
1855 2239 1873 2258 ⁶

301 2312 495 2378 φόϐον
528 2312 748 2380 Κυρίου
783 2310 1001 2376 διδάξω
1036 2309 1228 2381 ὑμᾶς’
1272 2312 1367 2364 καὶ¹
1413 2310 1605 2363 πάλιν·
1642 2306 1873 2377 Σχολάο

300 2408 454 2446 σατε
479 2393 578 2446 καὶ
610 2392 816 2463 γνῶτε,
843 2393 930 2446 ὅτι
965 2393 1078 2463 ἐγώ
1097 2395 1212 2462 εἰμι
1236 2396 1269 2447 ό
1296 2393 1457 2458 Θεός.
1484 2392 1644 2445 Ὥστε
1676 2390 1876 2457 πολλῆς

302 2475 502 2545 σχολῆς
538 2475 696 2545 χρεία
724 2474 801 2546 τῷ
836 2475 1080 2547 μέλλοντι
1109 2475 1312 2546 ταύτης
1350 2473 1749 2529 άπολαύσεσθαι
1773 2472 1874 2543 τῆς

306 2559 647 2627 φιλοσοφίας.

379 2642 449 2712 β’.
467 2641 627 2695 Ἀλλά
646 2641 776 2714 γὰρ,
803 2640 889 2694 ἴνα
910 2639 983 2712 μὴ
1002 2641 1093 2695 τὸν
1108 2641 1298 2713 χρόνον
1314 2641 1613 2704 ἀπανταείς
1630 2640 1877 2710 ἔγκλημα

300 2733 414 2787 τῶν
435 2732 959 2803 ἀπολιμπανομένων
974 2733 1363 2805 ἀναλώσωμεν,
1391 2733 1749 2805 ἀρκεσθέντες
1765 2734 1877 2796 τοῖς

302 2823 614 2895 εἰρημένοις
658 2825 738 2888 είς
775 2822 875 2895 τὴν
911 2824 1013 2894 τῆς
1060 2823 1285 2897 [αὐτῶν]
1333 2825 1556 2878 ἐκείνων
1608 2823 1876 2896 ῥᾳθυμίας

300 2916 606 2988 διόρθωσιν,
637 2916 768 2987 φέρε
815 2934 867 2970 τι
914 2919 1164 2989 περὶτῆς
1194 2916 1474 2988 παρούσης
1504 2917 1697 2987 ἑορτῆς
1730 2916 1879 2985 φιλο-

303 3010 654 3080 σοφήσωμεν.
684 3009 877 3063 Πολλοὶ⁵
910 3009 1019 3082 γάρ
1050 3011 1148 3073 τὰς
1183 3010 1282 3080 μὲν
1312 3009 1503 3081 ἐορτάς
1541 3009 1750 3078 ἄγουσι,
1784 3008 1878 3062 καὶ

300 3102 375 3155 τά
409 3102 649 3172 ὀνόματα
695 3102 873 3157 αὐτῶν
924 3103 1106 3168 ῐσασι,
1154 3103 1253 3165 τὰς
1300 3103 1357 3157 δέ
1392 3102 1706 3166 ὑποθέσεις,
1755 3100 1877 3155 ὃθεν

306 3191 630 3263 ἐτέχθησαν,
677 3191 983 3260 ἀγνοοῦσιν.
1013 3193 1139 3246 Ὅτι
1194 3193 1293 3264 μὲν
1330 3189 1422 3247 οὖν
1476 3193 1793 3263 Ἐπιφάνεια
1841 3192 1875 3264 ή

310 3282 553 3353 παροῦσα
582 3281 798 3351 λέγεται
844 3283 1040 3355 ἐορτὴ,
1081 3283 1237 3355 δῆλόν
1291 3284 1408 3336 ἐστι
1460 3285 1629 3338 πᾶσιο
1674 3283 1759 3348 τίς
1810 3284 1871 3337 δέ

301 3374 452 3427 ἐστιν
480 3374 514 3445 ἡ
544 3373 830 3443 ἐπιφάνεια
871 3373 1042 3444 αὕτη,
1084 3376 1177 3428 καὶ
1212 3374 1436 3447 πότερον
1473 3376 1571 3446 μία
1601 3376 1684 3439 τίς
1728 3377 1876 3429 ἐστιν

301 3465 338 3534 ἢ
372 3463 485 3527 δύο,
515 3464 672 3518 τοῦτο
698 3465 799 3518 οὐκ
836 3464 915 3517 ἔτι
944 3466 1120 3519 ίσασιν
1140 3482 1154 3497 ·
1185 3467 1324 3537 ὅπερ
1349 3468 1583 3537 ἐσχάτης
1612 3467 1874 3539 αἰσχύνης

303 3551 372 3604 ἂν
408 3551 493 3620 εἴη
532 3552 627 3605 καὶ
666 3551 863 3604 πολλοῦ
914 3551 1007 3605 τοῦ
1054 3552 1448 3620 καταγέλωτος,
1500 3553 1620 3607 καθ’
1646 3555 1874 3609 ἕκαστον

302 3639 551 3692 ἐνιαυτὸν
588 3638 686 3710 τὴν
733 3639 924 3710 ἐορτὴν
951 3639 1153 3711 ταύτην
1183 3640 1444 3710 ἄγοντας,
1487 3641 1585 3710 τὴν
1619 3642 1873 3696 ὑπόθεσιν

301 3730 475 3800 αὐτῆς
526 3730 759 3799 ἀγνοεῖν.
812 3728 1039 3801 Πρῶτον
1094 3729 1190 3800 μὲν
1232 3727 1326 3785 οὖν
1360 3732 1655 3801 ἀναγκαῖον
1700 3735 1874 3787 εἰπεῖν

306 3823 444 3895 πρὸς
474 3823 572 3894 τὴν
616 3822 884 3894 ὑμετέραν
929 3822 1170 3894 ἀγάπην,
1218 3824 1300 3876 ὅτι
1348 3824 1408 3877 ού
1452 3824 1548 3895 μία
1594 3824 1678 3887 τίς
1728 3826 1875 3877 ἐστιν

304 3919 617 3985 ἐπιφάνεια,
663 3914 797 3969 ἀλλά
827 3912 950 3967 δύοο
999 3914 1098 3985 μία
1135 3915 1231 3984 μὲν
1258 3916 1292 3985 ἡ
1331 3914 1577 3986 παροῦσα
1609 3914 1745 3986 αῦτη
1781 3915 1875 3968 καὶ

302 4007 593 4079 γενομένη,
628 4005 853 4075 δευτέρα
883 4005 940 4058 δὲ
966 4007 999 4076 ή
1040 4004 1305 4076 μέλλουσα
1333 4007 1425 4058 καὶ
1454 4006 1595 4059 κατὰ
1624 4005 1721 4076 τὴν
1753 4023 1876 4059 συν-

304 4100 518 4152 τέλειαν
570 4095 792 4162 ἐνδόξως
849 4094 1210 4165 γενησομένη.
1257 4097 1366 4149 Καὶ
1422 4096 1549 4167 περὶ
1610 4097 1874 4167 ἑκατέρας

304 4190 484 4242 αὐτῶν
510 4185 774 4257 ἠκούσατε
804 4186 1041 4255 σήμερον
1074 4185 1287 4238 Παύλου
1317 4185 1460 4257 Τίτῳ
1493 4186 1873 4257 διαλεγομένου

305 4278 401 4331 καὶ
437 4276 684 4342 λέγοντος
723 4273 896 4327 οὕτω⁸
936 4274 1064 4345 περὶ
1110 4274 1207 4345 μὲν
1248 4274 1348 4344 τῆς
1386 4276 1694 4348 παρούσης·
1739 4278 1871 4331 θεπ,

304 4370 497 4439 εεςάνη
534 4369 573 4435 ἡ
604 4366 707 4420 τοῦ
757 4365 904 4419 Θεοῦ
946 4366 1118 4435 χάρις
1154 4365 1192 4431 ἡ
1220 4364 1513 4435 σωτήριος
1550 4366 1740 4423 πᾶσιν
1766 4370 1873 4423 ἀν-

305 4461 577 4527 θρώποις,
605 4458 975 4512 παιδεύουσα
998 4456 1175 4527 ἡμᾶς,
1198 4458 1299 4511 ἵνα
1325 4458 1731 4529 ἀρνησάμενοι
1759 4462 1875 4529 τὴν

305 4554 588 4608 ἀσέϐειαν
614 4550 711 4604 καὶ
742 4550 851 4617 τὰς
878 4549 1171 4619 κοσμικὰς
1194 4549 1525 4619 ἐπιθυμίας,
1552 4554 1874 4622 σωφρόνως

305 4646 406 4702 καί
455 4644 696 4708 δικαίως
734 4642 831 4695 καὶ
881 4640 1143 4706 εὐσεϐῶς
1191 4638 1461 4711 ζήσωμεν
1513 4641 1584 4694 ἐν
1634 4640 1717 4708 τῷ
1757 4642 1875 4696 νῦν

302 4735 499 4790 αιὶῶνι·
534 4732 662 4804 περὶ
683 4730 740 4785 δὲ
765 4731 863 4800 τῆς
896 4728 1193 4800 μελλούσης
1216 4747 1229 4759 ·
1262 4730 1735 4800 Προσδεχόμενιοι
1760 4733 1875 4800 τὴν

298 4824 600 4896 μακαρίαν
631 4820 849 4875 ἐλπίδα
890 4819 988 4872 καὶ
1025 4819 1378 4887 ἐπιφάνειαν
1408 4819 1517 4888 τῆς
1553 4820 1737 4888 δόξης
1765 4824 1871 4877 τοῦ

297 4915 568 4983 μεγάλου
615 4909 762 4964 Θεοῦ
813 4904 925 4963 καῖ
958 4907 1232 4976 Σωτῆρος
1290 4907 1458 4978 ἡμῶν
1506 4911 1697 4979 Ἰησοῦ
1741 4915 1873 4983 Χρι-

303 5005 476 5059 στοῦ.
503 5004 610 5056 Καὶ
639 5004 667 5056 ὁ
699 5001 982 5071 προφήτης
1006 5000 1062 5053 δὲ
1092 5000 1220 5072 περὶ
1250 4988 1418 5071 αὐτῆς
1450 5002 1662 5073 ἐκείνης
1691 5002 1871 5073 ἔλεγεν

300 5096 507 5160 οὕτως’
550 5096 606 5147 Ὀ
653 5093 825 5160 ἣλιος
866 5092 1424 5163 μεταστραφήσεται
1476 5095 1564 5160 εἰς
1617 5095 1868 5163 σκότος,

302 5192 404 5245 καὶ
446 5191 486 5257 ἡ
512 5186 744 5254 σελήνη
774 5189 861 5252 είς
899 5179 1060 5253 αἷμα,
1101 5186 1244 5252 πρὶν
1274 5185 1474 5239 ἐλθεῖν
1506 5186 1621 5253 τὴν
1645 5188 1873 5256 ἡμέραν

300 5282 527 5350 Κυρίου
584 5280 694 5347 τὴν
736 5276 1011 5348 μεγάλην
1057 5277 1153 5329 καί
1202 5276 1484 5345 ἐπιφανῆ.
1525 5277 1683 5331 Ἀλλὰ
1728 5279 1872 5343 τίνος

299 5374 488 5426 ἐνεκεν
525 5371 643 5442 οὐχὶ
690 5374 724 5443 ἡ
758 5371 938 5442 ἡμέρα
988 5369 1109 5423 καθ’
1136 5371 1201 5439 ἦν
1240 5369 1455 5439 ἐτέχθη,
1482 5369 1595 5422 ἀλλ’
1624 5372 1655 5439 ὴ
1690 5372 1871 5442 ἡμέρα

299 5464 421 5517 καθ’
459 5465 527 5535 ἣν
576 5461 898 5532 ἐϐαπτίσθη,
947 5459 1235 5530 ἐπιφάνεια
1277 5458 1523 5527 λέγεται;
1558 5459 1707 5530 Λῦτη
1764 5463 1871 5533 γάρ

297 5557 449 5611 ἐστιν
496 5556 531 5627 ἡ
585 5555 768 5627 ἡμέρα
821 5553 942 5608 καθ’
981 5552 1050 5624 ἣν
1082 5549 1430 5617 ἐϐαπτίσατο,
1478 5550 1571 5604 καὶ
1605 5552 1703 5624 τὴν
1764 5554 1870 5606 τῶν

361 5722 386 5748 ⁸
430 5718 540 5767 Duo
580 5731 693 5782 nm.
738 5718 1053 5782 ὑδρευόμενοι.
1094 5714 1149 5763 Μ‹
1176 5715 1265 5764 rel.
1316 5715 1670 5778 ὑδρευσάμενοι.
1716 5717 1863 5768 Savil.

294 5781 379 5846 ὒξρ
390 5783 568 5830 ςυίιονται
588 5781 685 5829 καί.

1437 372 1526 426 ΠΕ
1564 372 1644 426 BA
1655 368 1903 425 P'I'ISMO
1939 365 2237 422 CHRISTI.

3440 373 3550 430 566

1980 483 2186 535 ὑδάτων
2221 482 2412 551 ἡγίασε
2461 481 2637 549 φύσιν.
2665 482 2763 537 Διά
2790 498 2871 535 τοι
2901 483 3059 537 τοῦτο
3099 485 3192 539 καὶ
3234 485 3290 538 ἐν
3323 502 3553 554 μεσονυ-

1977 574 2111 644 κτίῳ
2145 572 2285 627 κατά
2326 574 2424 645 τὴν
2452 574 2642 645 ἑορτὴν
2691 574 2897 644 ταύτην
2931 575 3168 638 ἆπαντες
3212 577 3551 649 ὑδρευσάμεο

1978 683 2057 719 νοι
2084 679 2109 704 ιι
2140 665 2320 718 οἴκαδε
2347 665 2413 717 τὰ
2440 665 2652 734 νάματα
2681 665 3048 729 ἀποτίθενται,
3078 669 3172 720 καὶ
3202 670 3281 729 εἰς
3310 670 3559 724 ἐνιαυτὸν

1977 757 2269 827 ὀλόκληρον
2296 757 2673 826 φυλάττουσιν,
2707 760 2801 813 ἆτε
2835 760 2897 831 δὴ
2924 761 3161 830 σήμερον
3190 760 3557 826 ἁγιασθέντων

1975 843 2082 895 τῶν
2120 844 2361 896 ὑδάτωνο
2406 843 2502 896 καὶ
2548 842 2609 896 τὸ
2663 847 2889 915 σημεῖον
2952 846 3164 913 γίνεται
3218 847 3447 916 ἐναργὲς
3495 848 3558 900 ού

1975 930 2430 1001 διαφθειρομένης
2456 931 2556 1001 τῆς
2586 931 2695 984 τῶν
2739 933 2946 986 ὑδάτων
2976 933 3201 986 ἐκείνων
3232 933 3446 1002 φύσεως
3481 934 3561 1004 τῷ

1980 1019 2143 1087 μήκει
2184 1016 2276 1068 τοῦ
2325 1017 2538 1087 χρόνου,
2588 1018 2701 1070 ἀλλ’
2726 1021 2806 1081 είς
2850 1019 3094 1073 ἐνιαυτὸν
3136 1019 3429 1088 ὀλόκληρον
3466 1023 3561 1073 καὶ

1977 1105 2070 1157 δύο
2111 1104 2205 1156 καὶ
2242 1105 2366 1175 τρία
2394 1105 2654 1168 πολλάκις
2689 1105 2782 1176 ἔτη
2814 1106 2906 1159 τοῦ
2937 1108 3175 1176 σήμερον
3203 1106 3561 1176 ἀντληθέντος

1978 1189 2166 1251 ὓδατος
2225 1188 2482 1259 ἀκεραίου
2535 1191 2629 1241 καὶ
2683 1190 2878 1260 νεαροῦ
2935 1190 3222 1259 μένοντος,
3279 1192 3373 1242 καὶ
3420 1190 3559 1261 μετά

1974 1275 2228 1328 τοσοῦτον
2257 1275 2447 1346 χρόνον
2479 1278 2592 1338 τοῖς
2629 1276 2754 1345 ἄρτι
2782 1276 2890 1329 τῶν
2920 1276 3110 1347 πηγῶν
3138 1275 3558 1346 ἐξαρπασθεῖσιν

1978 1362 2160 1415 ὕδασιν
2208 1361 2606 1432 ἁμιλλωμένου.
2637 1362 2791 1426 Τίνος
2832 1359 2925 1416 οὖν
2967 1363 3151 1415 ’ἐνεκεν
3183 1362 3322 1432 αῦτη
3359 1365 3557 1434 ἐπιφά-

1976 1465 2095 1502 νεια
2130 1448 2381 1516 ).έγεται;
2423 1448 2640 1519 Ἐπειδὴ
2688 1449 2786 1519 οὐχ
2827 1450 2916 1501 ὅτε
2948 1449 3173 1520 ἐτέχθη,
3217 1449 3338 1502 τότε
3391 1453 3557 1504 πᾶσιν

1976 1538 2189 1605 ἐγένετο
2233 1536 2550 1607 κατάδηλος,
2579 1538 2695 1590 ἀλλ’
2721 1540 2808 1590 ὅτε
2855 1536 3216 1591 ἐϐαπτίσατοο
3249 1538 3408 1609 μέχρι
3446 1540 3557 1608 γάρ

1973 1624 2177 1692 ταύτης
2209 1625 2455 1693 ἠγνοεῖτο
2481 1626 2580 1694 τῆς
2611 1625 2826 1694 ἡμέρας
2873 1627 2985 1687 τοῖς
3035 1624 3267 1687 πολλοῖς.
3313 1626 3423 1679 Καὶ
3473 1627 3556 1679 ὅτι

1973 1712 2198 1781 ἠγνόουν
2228 1713 2388 1764 αὑτὸν
2416 1714 2463 1764 οί
2499 1712 2703 1777 πολλοὶ,
2732 1713 2825 1764 καὶ
2857 1713 2957 1765 οὐκ
2991 1712 3211 1782 ᾔδεισαν
3241 1712 3387 1774 ὅστις
3426 1712 3556 1764 ποτὲ

1973 1794 2070 1869 ἦν,
2121 1798 2352 1851 ἄκουσον
2425 1798 2517 1849 τοῦ
2587 1798 2892 1850 Βαπτιοτοῦ
2951 1798 3195 1851 Ἰωάννου
3265 1799 3513 1866 λέγοντος
3537 1813 3550 1826 ’

1973 1887 2175 1951 Μέσος
2214 1884 2365 1957 [570]
2394 1884 2557 1954 ὑμῶν
2581 1886 2865 1953 ἕστηκεν,
2895 1884 2968 1938 ὃν
2992 1884 3162 1954 ὑμεῖς
3192 1887 3303 1939 οὐκ
3331 1885 3552 1939 οῖδατε.

1976 1975 2083 2027 Καὶ
2118 1975 2171 2026 τί
2218 1974 2528 2043 θαυμαστὸν
2572 1974 2621 2025 εἰ
2672 1973 2820 2026 ἄλλοι
2866 1974 3116 2042 ἠγνόουν,
3162 1973 3298 2026 ὅπου
3350 1989 3415 2041 γε
3463 1973 3558 2026 καὶ

1975 2061 2134 2123 αὐτὸς
2167 2063 2195 2113 ὁ
2242 2061 2553 2130 Βαπτιστὴς
2595 2060 2757 2114 αὑτὸν
2806 2061 2991 2130 ἠγνόει
3033 2062 3137 2124 ἐως
3187 2060 3288 2130 τῆς
3344 2060 3558 2132 ἡμέρας

1975 2148 2225 2219 ἐκείνης;
2270 2147 2379 2198 Καὶ
2413 2147 2522 2218 γάρ
2550 2145 2686 2215 ἐγὼ,
2739 2148 2924 2217 φησὶν,
2967 2148 3079 2200 οὐκ
3130 2146 3303 2215 ᾔδειν
3344 2147 3553 2210 αὐτὸν,

1972 2235 2110 2288 ἀλλ’
2138 2239 2170 2287 ό
2213 2234 2457 2303 πέμψας
2484 2251 2564 2303 με
2608 2233 2923 2298 βαπτίζειν
2967 2234 3038 2288 ἐν
3087 2234 3281 2300 ὕδατι,
3326 2233 3557 2299 ἐκεῖνός

1967 2340 2070 2390 μοι
2111 2318 2308 2375 εἶπενο
2352 2322 2471 2389 Ἐφ’
2502 2319 2574 2373 ὃν
2605 2320 2682 2374 ἂν
2729 2320 2865 2388 ἴδῃς
2894 2320 2960 2373 τὸ
2998 2320 3243 2388 Πνεῦμα
3280 2320 3555 2374 καταϐαῖ-

1971 2426 2082 2462 νον
2105 2408 2157 2474 δ,
2188 2408 2285 2461 καὶ
2307 2408 2499 2478 μένον
2526 2407 2619 2460 ἐπ’
2642 2408 2847 2473 αὐτόν,
2880 2404 3057 2474 οὗτός
3084 2408 3256 2462 ἐστιν
3281 2413 3311 2461 ό
3333 2409 3554 2473 βαπτί-

1973 2495 2082 2556 ζων
2122 2496 2192 2549 ἐν
2236 2497 2534 2565 ιινεύματι
2565 2498 2729 2565 ἁγίῳ.
2767 2495 2891 2549 Ὀτι
2945 2497 3044 2567 μὲν
3089 2492 3183 2550 οὖν
3232 2498 3550 2567 ἐπιφάνειαι

1971 2583 2085 2648 δύο,
2127 2582 2284 2654 δῆλον
2338 2586 2403 2636 ἐκ
2451 2582 2685 2635 τούτων’
2732 2583 2878 2646 τίνας
2914 2583 2972 2636 δέ
3005 2583 3190 2637 ἐνεκεν
3223 2586 3316 2636 ἐπὶ
3361 2584 3422 2636 τὸ
3454 2584 3551 2654 βά-

1973 2687 2184 2741 πτισμα
2206 2671 2422 2742 ἔρχεται
2447 2671 2475 2722 ὁ
2503 2669 2757 2741 Χριστὸς,
2781 2670 3079 2738 ἀναγκαῖον
3102 2672 3297 2733 εἰπεῖν,
3325 2671 3421 2722 καὶ
3459 2671 3554 2723 ἐπὶ

1973 2760 2123 2811 ποῖον
2146 2758 2364 2827 ἔρχεται
2385 2759 2667 2827 βάπτισμα
2685 2772 2697 2785 ·
2724 2759 2817 2811 καὶ
2840 2757 2947 2829 γὰρ
2970 2756 3240 2809 καὶτοῦτο
3259 2757 3553 2824 ἀναγκαῖον

1974 2844 2192 2909 εἰδέναι,
2214 2845 2407 2914 ῶσπερ
2436 2840 2528 2896 οὖν
2569 2845 2809 2897 κάκεῖνο.
2838 2845 2948 2897 Καὶ
2979 2842 3134 2897 τοῦτο
3168 2844 3431 2914 πρότεριν
3476 2846 3554 2896 διο

1973 2931 2130 2996 δάξαι
2172 2931 2277 3001 χρὴ
2324 2933 2423 3002 τὴν
2469 2931 2738 3001 ὑμετέραν
2772 2931 3025 3002 ἀγάπηνο
3058 2930 3165 2984 ἀπὸ
3206 2931 3316 3002 γάρ
3359 2930 3550 2984 τούτου

1975 3023 2197 3076 κάκεῖνο
2244 3021 2523 3091 εἰσόμεθα.
2574 3021 2866 3092 Βάπτισμα
2920 3027 2987 3092 ην
3031 3022 3092 3074 τὸ
3135 3021 3441 3083 Ἰουδαϊκὸν,
3492 3022 3554 3075 τὸ

1975 3110 2161 3181 ρύπων
2201 3108 2525 3179 σωματικῶν
2558 3108 2921 3171 ἀπαλλάττον,
2951 3109 3011 3163 ού
3040 3108 3151 3163 τῶν
3176 3111 3319 3164 κατὰ
3349 3110 3410 3163 τὸ
3438 3126 3555 3165 συν-

1974 3198 2113 3262 ειδὸς
2171 3197 2603 3269 ἁμαρτημάτων.
2646 3197 2719 3249 ού
2767 3197 2877 3267 γάρ
2925 3198 2980 3249 εί
3022 3214 3107 3262 τις
3145 3197 3390 3270 μοιχείαν
3436 3199 3552 3269 είρ-

1972 3287 2199 3354 γάσατο,
2235 3286 2358 3339 οὐδὲ
2395 3286 2449 3338 εί
2482 3302 2564 3348 τις
2609 3284 2814 3357 κλοπὴν
2863 3286 3183 3358 ἐτόλμησεν,
3223 3287 3343 3340 οὐδὲ
3374 3287 3428 3339 ετ
3468 3303 3552 3351 τις

1974 3374 2103 3428 ἄλλο
2128 3391 2180 3426 τι
2209 3372 2447 3426 τοιοῦτον
2480 3373 2886 3443 παρηνόμησεν,
2914 3372 3251 3444 ἀπήλλαττεν
3265 3372 3427 3426 αὐτὸν
3442 3372 3551 3427 τῶν

1972 3462 2330 3533 ἐγκλημάτων
2352 3478 2364 3490 ·
2397 3461 2509 3514 ἀλλ’
2536 3463 2587 3513 εῐ
2613 3478 2696 3524 τις
2725 3461 2895 3515 ὀστῶν
2925 3463 3103 3531 ἥψατο
3136 3463 3364 3536 νεκρῶν,
3393 3461 3445 3514 εί
3468 3479 3549 3526 τις

1975 3552 2050 3621 μὴ
2077 3549 2470 3619 νενομισμένης
2497 3548 2759 3617 ἐγεύσατο
2787 3552 3014 3621 τροφῆς,
3046 3550 3099 3602 εί
3126 3568 3209 3613 τις
3242 3553 3307 3603 ἐκ
3346 3551 3551 3622 φθορᾶς

1974 3636 2318 3707 παρεγένετο,
2360 3636 2415 3688 εῖ
2450 3651 2533 3699 τις
2562 3634 2780 3707 λεπροῖς
2823 3638 3150 3705 συνεγίνετο,
3183 3637 3418 3701 ἐλούετο,
3455 3640 3549 3693 καὶ

1974 3726 2134 3796 μέχρι
2161 3727 2259 3795 τῆς
2292 3725 2531 3796 ἐσπέρας
2580 3726 2888 3795 ἀκάθαρτος
2917 3721 3008 3795 ἦν,
3053 3720 3172 3778 εἶτα
3204 3725 3544 3798 ἐκαθαίρετο.

1971 3814 2263 3865 Λούσεται
2300 3811 2409 3880 γὰρ
2437 3813 2501 3864 τὸ
2530 3809 2702 3880 σῶμα
2728 3810 2914 3865 αὑτοῦ
2942 3812 3113 3864 ὕδατι
3158 3813 3411 3882 καθαρῷ,
3444 3830 3549 3883 φη-

1972 3900 2076 3964 σιν,
2112 3899 2209 3952 καὶ
2252 3899 2583 3966 ἀκάθαρτος
2621 3898 2791 3952 ἔσται
2831 3897 2943 3964 ἕως
2985 3898 3266 3965 ἑσπέρας,
3305 3899 3405 3951 καί
3437 3915 3545 3953 κα-

1971 3987 2415 4055 θαρισθήσεται.
2453 3988 2528 4040 UO
2573 3988 2683 4059 γὰρ
2713 3986 2928 4057 άληθῶς
2980 3987 3223 4059 ἁμαρτία
3265 3987 3435 4041 ταῦτα
3477 3983 3547 4059 ἦν

1971 4076 2093 4127 ούδέ
2130 4074 2461 4147 ἀκαθαρσία,
2500 4075 2636 4127 ἀλλά
2669 4074 3055 4147 ἀτελεστέρους
3107 4076 3265 4138 ὄντας
3306 4074 3394 4129 διά
3436 4075 3546 4128 τῶν

1969 4164 2224 4219 τοιούτων
2254 4166 2421 4218 ποιῶν
2454 4165 2877 4237 εὐλαϐεστέρους
2900 4169 2928 4219 ὁ
2963 4166 3117 4229 Θεὸς,
3152 4166 3287 4236 πρὸς
3314 4168 3413 4236 τὴν
3437 4166 3545 4220 τῶν

1974 4254 2234 4324 μειζόνων
2276 4258 2655 4326 παρατήρησιν
2707 4252 3125 4324 ἀκριϐεστέρους
3170 4252 3374 4306 ἀνωθεν
3405 4270 3547 4324 παρα

1972 4342 2256 4398 εσκεύασε.

2044 4433 2114 4500 γ’.
2143 4433 2216 4485 Τὸ
2243 4432 2343 4500 μὲν
2369 4426 2460 4483 οὖν
2493 4429 2782 4483 Ἰουδαϊκὸν
2815 4430 3107 4502 καθάρσιον
3136 4431 3547 4501 ἁμαρτημάτων

1974 4526 2071 4595 μὲν
2104 4522 2205 4574 οὐκ
2228 4517 2556 4589 ἀπήλλαττε,
2587 4517 2770 4586 ρύπων
2807 4517 2864 4570 δὲ
2897 4519 3221 4588 σωματικῶν
3265 4520 3446 4591 μόνον,
3484 4519 3546 4570 τὸ

1969 4612 2026 4665 δὲ
2072 4608 2342 4679 ἡμέτερον
2392 4606 2453 4657 οὐ
2501 4604 2760 4671 τοιοῦτον,
2805 4605 2941 4657 άλλά
2991 4607 3169 4678 πολλῷ
3225 4608 3406 4679 μεῖζον
3450 4608 3545 4660 καὶ

1970 4697 2167 4765 πολλῆς
2204 4694 2373 4762 γέμον
2407 4692 2624 4762 χάριτος
2646 4707 2659 4720 ’
2693 4692 2786 4743 καὶ
2807 4690 2916 4763 γὰρ
2944 4693 3353 4766 ἁμαρτημάτων
3376 4695 3545 4748 ἀπαλ-

1969 4787 2172 4845 λάττει,
2200 4781 2295 4835 καὶ
2320 4778 2495 4849 ψυχὴν
2521 4779 2851 4850 ἀποσμήχει,
2888 4781 2982 4834 καὶ
3012 4782 3323 4851 Πνεύματος
3363 4781 3543 4835 δίδωσι

1971 4871 2254 4945 χορηγίαν.
2299 4867 2371 4918 Τὸ
2429 4864 2486 4916 δὲ
2535 4865 2626 4918 τοῦ
2666 4868 2910 4921 Ἰωάννου
2978 4868 3069 4921 τοῦ
3117 4869 3215 4938 μὲν
3253 4869 3541 4925 Ἰουδαϊκοῦ

1972 4960 2177 5031 σφόδρα
2204 4954 2531 5027 ὑψηλότερον
2553 4949 2640 5025 ἦν,
2664 4955 2755 5007 τοῦ
2775 4955 2831 5008 δὲ
2855 4957 3122 5027 ἡμετέρου
3141 4957 3539 5029 ταπεινότερον,

1970 5046 2220 5117 καθάπερ
2245 5042 2462 5112 γέφυρά
2484 5057 2567 5105 τις
2593 5041 2652 5096 ὃν
2675 5045 2948 5113 ἑκατέρων
2979 5045 3182 5097 τούτων
3208 5046 3315 5097 τῶν
3350 5045 3542 5116 βαπτι-

1972 5136 2217 5205 σμάτων,
2243 5131 2337 5185 ἀπ’
2358 5131 2579 5187 ἀκείνου
2607 5130 2737 5203 πρὸς
2768 5131 2924 5183 τοῦτο
2951 5130 3018 5183 δι’
3047 5132 3238 5184 ἑαυτοῦ
3276 5149 3544 5204 χειραγω-

1968 5223 2126 5292 γοῦν·
2164 5222 2224 5273 οὐ
2262 5219 2371 5291 γὰρ
2399 5219 2464 5289 δὴ
2498 5220 2574 5280 εἰς
2607 5220 2985 5289 παρατήρησιν
3027 5220 3325 5290 καθαρμῶν
3358 5239 3544 5292 σωμαο

1969 5310 2135 5366 τικῶν
2162 5309 2358 5371 αὐτοὺς
2391 5308 2604 5376 ἐνῆγεν,
2646 5307 2760 5359 ἀλλ’
2795 5307 3109 5377 ἀποστῆσαν
3144 5307 3366 5363 ἐκείνων
3396 5328 3540 5383 παρ-

1968 5401 2085 5472 ῄνει
2135 5400 2228 5451 καὶ
2288 5395 2638 5449 συνεϐούλευε
2694 5395 3016 5464 μεταϐαλεῖν
3065 5397 3173 5451 ἀπὸ
3223 5398 3419 5464 κακίας
3462 5402 3543 5465 εἰς

1969 5486 2188 5558 ἀρετὴν,
2239 5485 2331 5537 καὶ
2376 5486 2434 5535 ἐν
2481 5487 2591 5545 τοῖς
2635 5483 2743 5536 τῶν
2787 5484 2963 5555 ἔργων
3006 5486 3392 5559 κατορθώμασι
3447 5488 3544 5550 τὰς

1969 5576 2185 5638 ἐλπίδας
2216 5575 2314 5645 τῆς
2354 5572 2624 5643 σωτηρίας
2651 5572 2815 5643 ἔχειν,
2845 5576 2945 5629 οὐκ
2975 5577 3030 5629 ἐν
3071 5575 3398 5646 βαπτισμοῖς
3430 5577 3544 5632 δια-

2033 5775 2059 5814 ὶι
2086 5775 2193 5825 Duo
2221 5790 2333 5826 ms‘.
2363 5775 2649 5824 καταϐαῖνον
2672 5778 2788 5828 ὡσεὶ
2808 5777 3105 5842 πεςιστεράν.
