4062 6206
315 282 419 338 567

319 398 660 455 collocarent.
681 396 796 452 Non
817 398 957 453 enim
980 396 1207 460 dicebat,
1242 397 1412 451 Ablue
1440 395 1752 451 vestimenta
1781 402 1865 449 tua
1886 435 1902 463 ,

319 501 374 545 et
412 489 526 544 lava
575 505 771 560 corpus
815 498 987 553 tuum,
1021 499 1078 545 et
1119 490 1352 544 mundus
1389 489 1497 544 eris
1530 505 1544 542 :
1577 488 1702 559 quid
1741 487 1906 559 ergo?

283 645 290 668 ρ
326 582 503 636 Facite
535 584 757 655 fructum
803 582 1014 653 dignum
1054 582 1358 653 ptenitentia:
1389 580 1601 652 (Matth.
1633 582 1686 636 5.
1715 580 1792 652 8).
1832 581 1909 635 Ac

323 674 366 727 si
395 673 499 728 hoc
529 684 736 743 spectes
758 715 772 736 ,
800 673 1023 729 Judaico
1047 674 1323 730 sublimius
1348 682 1482 740 erat,
1511 674 1761 728 humilius
1781 689 1910 728 vero

327 775 540 829 nostro;
572 765 998 836 quandoquidem
1020 781 1192 836 neque
1211 765 1466 836 Spiritum
1493 775 1732 820 sanctum
1754 765 1913 820 dabat

325 856 548 911 J0anuis
588 857 845 927 baptisma
871 899 886 923 ,
933 873 1105 927 neque
1143 858 1510 912 remissionem
1557 872 1652 927 per
1688 858 1911 928 gratiam

329 948 640 1003 conferebat
673 965 686 1001 :
722 949 1087 1018 paenitentiam
1132 949 1274 1003 enim
1315 964 1474 1019 agere
1508 947 1764 1017 jubebat,
1807 963 1914 1001 non

331 1039 628 1095 dimittendi
670 1049 930 1110 potestate
971 1041 1220 1110 pollebat.
1252 1040 1588 1109 Quapmpter
1625 1048 1678 1094 et
1706 1039 1913 1105 aiebat,

331 1131 443 1202 Ego
462 1133 662 1203 quidem
688 1133 886 1202 baptizo
910 1148 997 1186 vos
1032 1131 1084 1185 in
1127 1148 1260 1199 aqua
1283 1132 1323 1198 ί,
1345 1131 1432 1184 ille
1457 1140 1624 1184 autem
1650 1129 1919 1200 baptizabit

331 1240 418 1280 vos
438 1225 489 1278 in
521 1224 717 1294 Spiritu
737 1234 910 1277 sancto
930 1233 978 1277 et
1001 1224 1109 1294 igni
1135 1222 1294 1293 (Ibid.
1319 1221 1431 1294 11).
1461 1219 1675 1278 Scilicet
1703 1221 1789 1275 ille
1814 1234 1918 1274 non

335 1315 638 1386 baptizabat
689 1316 742 1370 in
791 1316 1010 1384 Spiritu.
1057 1314 1194 1383 Quid
1241 1324 1324 1370 est
1365 1324 1560 1377 autem,
1605 1313 1672 1367 In
1725 1313 1922 1384 Spiritu

336 1416 511 1461 sancto
531 1416 578 1460 et
596 1408 743 1478 igni?
765 1407 1064 1461 Recordare
1087 1405 1217 1460 mihi
1233 1405 1338 1461 diei
1361 1407 1520 1469 illius,
1544 1420 1648 1474 quo
1668 1404 1924 1474 apostolis

339 1498 632 1568 dispertita:
661 1498 854 1568 lingua:
881 1505 1244 1569 apparuerunt
1271 1506 1537 1567 tamquam
1569 1495 1724 1566 ignis,
1758 1494 1924 1549 sedit-

339 1606 444 1658 que
472 1605 631 1660 supra
661 1590 899 1660 singulos
927 1604 1112 1644 eorum
1140 1587 1274 1663 (Act.
1308 1588 1362 1643 2.
1393 1589 1468 1658 5).
1499 1589 1577 1642 Ac
1599 1587 1920 1656 baptismum

343 1681 565 1737 Joannis
592 1681 956 1750 imperfectum
987 1681 1152 1736 fuisse
1171 1723 1186 1746 ,
1227 1695 1400 1752 neque
1428 1680 1658 1750 Spiritus
1686 1680 1930 1748 largitum

344 1786 462 1826 esse
489 1772 712 1842 gratiam
735 1815 749 1839 ,
778 1771 951 1842 neque
978 1772 1346 1827 remissionem
1377 1780 1713 1841 peccatorum
1739 1813 1754 1837 ,
1808 1770 1932 1824 inde

345 1871 599 1918 constat:
629 1879 749 1918 cum
795 1864 936 1918 enim
987 1862 1242 1933 quosdam
1287 1861 1577 1930 discipulos
1624 1859 1935 1915 olTendissct

348 1953 563 2018 Paulus,
606 1955 679 2008 ait
705 1954 832 2019 illis,
870 1954 930 2009 Si
963 1953 1217 2024 Spiritum
1255 1962 1485 2007 sanctum
1529 1952 1790 2018 accepistis
1828 1967 1936 2005 cre-

349 2046 562 2101 dentes?
583 2046 648 2100 At
674 2047 751 2100 illi
789 2047 1023 2101 dixerunt
1053 2046 1120 2099 ad
1145 2061 1258 2099 eum
1280 2059 1298 2098 :
1319 2043 1425 2099 Sed
1458 2059 1614 2111 neque
1641 2043 1685 2096 si
1715 2042 1937 2110 Spiritus

351 2148 556 2192 sanctus
575 2148 648 2192 est
672 2138 976 2192 audivimus.
1010 2135 1110 2192 Ille
1132 2152 1247 2190 vero
1274 2136 1347 2189 ait
1372 2150 1388 2190 .'
1410 2133 1476 2189 In
1501 2151 1600 2203 quo
1622 2150 1740 2204 ergo
1767 2133 1936 2202 bapti-

351 2231 454 2283 zari
481 2230 636 2284 estis?
667 2230 769 2297 Qui
805 2230 1073 2293 dixerunt,
1100 2227 1166 2283 In
1194 2227 1416 2283 Joannis
1447 2227 1763 2296 baptismate.
1801 2223 1940 2278 Dixit

353 2331 523 2377 autem
552 2321 744 2376 Paulus
764 2321 1025 2376 :Joannes
1062 2320 1328 2391 baptizavit
1359 2318 1604 2388 baptismo
1643 2314 1942 2387 paenitentia:

359 2413 495 2485 (Act.
527 2414 612 2469 19.
684 2413 836 2483 2-6);
880 2413 1207 2484 poenitentiae
1245 2426 1353 2466 non
1388 2409 1735 2466 remissionis.
1771 2408 1944 2474 Quare

357 2521 487 2560 vero
511 2504 850 2576 baptizabat?
881 2503 1083 2575 Populo
1109 2505 1308 2568 dicens,
1351 2500 1418 2555 In
1444 2518 1556 2554 eum
1594 2499 1678 2571 qui
1709 2509 1945 2552 venturus

358 2606 482 2650 esset
505 2606 618 2667 post
647 2597 846 2666 ipsum,
892 2605 945 2649 ut
983 2595 1268 2660 crederent,
1310 2593 1404 2647 ltoc
1441 2601 1550 2657 est,
1578 2592 1630 2644 in
1673 2589 1947 2644 Dominum

358 2688 556 2743 Jesum.
604 2688 704 2742 His
737 2688 925 2741 auditis
965 2688 1205 2758 baptizati
1246 2696 1361 2741 sunt
1407 2686 1460 2739 in
1499 2685 1699 2739 nomine
1745 2683 1950 2737 Domini

362 2779 510 2835 Iesu.
566 2780 630 2835 Et
673 2797 788 2834 cum
831 2781 1150 2851 imposuisset
1192 2781 1295 2834 illis
1325 2795 1504 2833 manus
1547 2777 1780 2840 Paulus,
1821 2777 1951 2830 venit

368 2873 594 2944 Spiritus
615 2883 821 2927 sanctus
841 2889 992 2941 super
1016 2889 1119 2927 eos.
1147 2871 1329 2939 Vides,
1354 2879 1412 2925 ut
1434 2869 1773 2940 imperfectus
1796 2868 1954 2922 fuerit

365 2964 586 3022 Joannis
611 2965 938 3034 haptismus?
967 2964 1022 3020 Si
1053 2965 1192 3019 enim
1222 2962 1562 3032 imperfectus
1601 2976 1706 3016 non
1735 2961 1950 3022 fuisset,

371 3072 478 3110 non
509 3071 601 3112 eos
628 3072 812 3110 rursus
854 3057 1178 3126 baptizasset
1214 3053 1410 3110 Paulus
1429 3095 1444 3118 ,
1478 3068 1582 3107 non
1613 3053 1740 3122 ipsis
1768 3065 1958 3105 manus

373 3147 748 3216 imposuisset;
781 3147 890 3216 jam
939 3161 1067 3201 vero
1108 3161 1228 3200 cum
1273 3153 1553 3214 utrumque
1585 3141 1723 3197 istud
1752 3140 1959 3211 praesti-

376 3240 528 3303 ιιιτίι,
567 3239 841 3308 apostolici
872 3237 1119 3308 baptismi
1147 3236 1515 3291 excellentiam
1541 3276 1554 3300 ,
1601 3243 1762 3303 atque
1811 3233 1958 3286 illum

374 3331 542 3387 multo
569 3329 875 3386 inferiorem
907 3329 1007 3384 hoc
1037 3329 1200 3384 fuisse
1226 3327 1532 3383 declaravit.
1562 3325 1759 3380 Verum
1783 3339 1850 3378 ex
1880 3322 1964 3376 his

373 3422 588 3493 quidem
613 3421 879 3492 quodnam
910 3421 978 3475 sit
1023 3421 1160 3474 inter
1188 3417 1484 3486 baptismos
1513 3407 1962 3470 discrimen'didi-

376 3520 568 3583 cimus,
597 3532 825 3589 quanam
856 3531 984 3570 vero
1011 3515 1080 3570 de
1104 3528 1263 3570 causa
1289 3512 1532 3568 Christus
1561 3509 1881 3579 baptizetur,
1911 3516 1966 3561 ct

382 3627 613 3683 quonam
645 3610 942 3682 baptismo,
971 3608 1225 3676 deinceps
1247 3620 1425 3676 operte
1457 3604 1683 3674 pretium
1712 3609 1796 3656 est
1816 3600 1965 3655 dica-

379 3720 517 3759 mus.
566 3702 748 3772 Ncque
783 3701 1004 3756 Judaico
1051 3699 1142 3753 illo
1185 3698 1384 3767 priori,
1428 3710 1600 3766 neque
1639 3694 1740 3747 hoc
1785 3699 1969 3745 nostro

380 3797 662 3866 posteriori
689 3813 702 3848 :
726 3810 831 3850 non
870 3794 1012 3848 enim
1058 3790 1374 3846 remissione
1406 3799 1742 3859 peccatorum
1772 3783 1970 3853 indige-

383 3888 613 3958 bat:qui
648 3886 791 3942 enim
822 3885 873 3940 id
903 3885 1014 3940 ﬁeri
1043 3891 1256 3954 posset,
1287 3897 1408 3936 cum
1440 3881 1640 3934 nullum
1671 3879 1722 3932 in
1751 3891 1816 3932 eo
1844 3891 1971 3946 pec-

385 3990 558 4035 catum
602 3979 780 4034 esset?
828 3977 1097 4031 Peccatum
1126 3975 1260 4029 enim
1282 4015 1295 4034 ,
1330 3973 1531 4042 inquit,
1565 3987 1664 4023 non
1695 3969 1813 4038 fecit
1839 4009 1852 4030 ,
1885 3983 1974 4020 nce

387 4075 618 4127 inventus
643 4082 714 4126 est
743 4071 891 4124 dolus
920 4071 970 4121 in
999 4085 1084 4122 ore
1099 4061 1634 4136 ejus(l.Petr.2.22)
1661 4079 1672 4111 :
1697 4068 1750 4114 et
1771 4073 1972 4120 rursus,

392 4163 516 4231 Quis
544 4180 608 4217 ea:
646 4162 782 4216 vobis
817 4170 993 4231 arguet
1040 4175 1117 4212 me
1157 4157 1223 4210 de
1261 4163 1462 4224 peccato
1502 4150 1715 4221 (Joann.
1759 4149 1811 4204 8.
1846 4146 1978 4218 b6)?

392 4255 574 4326 Neque
602 4255 833 4325 Spiritus
861 4267 1051 4321 expers
1080 4258 1196 4304 erat
1240 4249 1329 4303 illa
1374 4261 1500 4303 caro
1525 4263 1536 4298 :
1561 4243 1649 4314 qui
1692 4242 1832 4298 enim
1861 4254 1981 4296 esse

394 4356 592 4415 posset,
618 4361 736 4415 qua:
755 4360 784 4397 a
806 4343 1066 4414 principio
1083 4341 1255 4395 fuerat
1274 4353 1304 4392 a
1327 4337 1528 4408 Spiritu
1554 4343 1742 4389 sancto
1762 4332 1981 4388 ellecta?

395 4442 452 4495 Si
478 4454 608 4510 ergo
638 4453 812 4509 neque
840 4437 1070 4507 Spiritus
1115 4433 1284 4489 sancti
1322 4445 1513 4500 expers
1556 4437 1670 4483 erat
1708 4427 1795 4480 illa
1825 4439 1981 4485 caro,

397 4549 571 4605 neque
599 4531 828 4586 obnoxia
869 4527 1100 4598 peccatis
1119 4567 1133 4586 .
1176 4539 1278 4595 qua
1304 4523 1372 4578 de
1397 4535 1553 4576 causa
1583 4515 1986 4587 baptizabatur?

400 4627 780 4681 Verumtamen
807 4621 956 4692 prius
975 4631 1196 4674 necesse
1220 4623 1303 4669 est
1329 4613 1595 4668 discamus
1623 4621 1854 4679 quonam
1885 4606 1981 4659 lm—

401 4721 648 4789 ptisrnate
687 4716 757 4771 sit
790 4713 1089 4782 baptizatus
1111 4751 1126 4773 ,
1159 4717 1376 4776 tumque
1405 4701 1546 4759 istud
1569 4715 1780 4772 quoque
1816 4697 1988 4751 mani-

403 4809 590 4865 festius
616 4806 824 4864 evadet.
857 4805 1098 4872 Quonam
1131 4800 1288 4869 igitur
1313 4805 1396 4852 est
1437 4791 1766 4864 baptizatus?
1810 4789 1992 4857 Neque

401 4901 645 4965 Judaico,
673 4911 846 4967 neque
871 4902 1076 4957 nostro,
1103 4891 1196 4947 sed
1226 4888 1464 4944 Joannis.
1492 4883 1851 4952 Quamobrem
1871 4888 1894 4935 ’ί
1926 4881 1994 4935 Ut

407 5011 474 5049 ex
521 4994 636 5063 ipsa
681 4987 1014 5059 baptismatis
1060 4993 1249 5038 natura
1295 4979 1558 5047 intelligas
1607 4991 1727 5031 eum
1779 4983 1996 5044 propter

407 5092 626 5154 peccata
677 5095 782 5135 non
829 5079 991 5133 fuisse
1037 5074 1380 5144 baptizatum.
1433 5082 1606 5139 neque
1657 5067 1797 5136 quod
1827 5065 1994 5134 gratia

406 5177 639 5248 Spiritus
665 5173 926 5243 indigeret
949 5187 962 5223 :
982 5183 1104 5222 nam
1139 5166 1416 5232 utriusque
1442 5160 1632 5215 borum
1664 5173 1856 5227 expers
1880 5165 1999 5213 erat

411 5271 514 5325 hoc
533 5268 815 5338 baptisma,
839 5271 896 5317 ut
912 5262 1020 5332 jam
1041 5275 1070 5312 a
1095 5256 1245 5314 nobis
1265 5255 1686 5310 demonstratum
1708 5259 1807 5305 est.
1829 5249 2001 5317 Atque

477 5471 495 5501 ¹
531 5469 605 5516 sic
620 5472 729 5516 Mss.
750 5471 803 5513 et
814 5460 956 5511 savil.
975 5455 1138 5507 Morel.
1157 5466 1276 5505 vero
1297 5450 1445 5516 addit.
1463 5447 1515 5516 in
1892 5449 1995 5514 ato;

433 5505 934 5582 euidenti-5335
944 5505 1129 5583 spiritu
1141 5521 1316 5583 sancto
1344 5520 1389 5564 et
1409 5509 1509 5583 igni
1527 5505 1554 5583 ν’,
1565 5516 1672 5583 315%-
1695 5505 2006 5583 “(39995,

433 5547 528 5582 mss
557 5547 662 5578 nam:
695 5547 861 5582 verna,
879 5547 931 5572 ιη
951 5547 1047 5583 np"
1062 5547 1129 5568 uu
1151 5547 1315 5568 οιυιιιυ
1344 5547 1388 5564 ι.
1409 5547 1509 5578 νυ...
1527 5547 1542 5570 ,
1566 5547 1672 5558 ...η-
1695 5547 1890 5563 mnu“-..
1913 5547 1977 5555 η.

418 5547 529 5644 licet
545 5591 648 5700 ipse,
666 5584 1042 5712 mibgptizabat
1057 5581 1107 5630 in
1117 5577 1321 5644 Spiritu.
1341 5572 1464 5636 Quid
1485 5578 1555 5623 est
1574 5575 1733 5621 autem
1754 5570 1805 5619 in
1824 5566 2004 5628 Spiritu

418 5662 582 5705 sancto
602 5667 628 5701 ι’
801 5688 811 5698 .

776 5859 1040 5917 Ρηιιυι..
1086 5855 1199 5912 (In.
1250 5852 1303 5910 Χ
1319 5847 1468 5908 LIX.

1564 282 1657 339 DE
1694 275 2029 336 BAPTISMO
2058 275 2344 333 CHRISTI.

3481 286 3589 339 5458

2014 412 2078 451 ex
2109 398 2192 452 lus
2217 399 2430 469 quidem
2459 400 2623 472 liquet
2669 417 2789 456 eum
2835 418 3007 473 neque
3036 403 3101 458 ad
3143 412 3479 474 peccatorum
3511 419 3593 457 re-

2015 489 2324 544 missionem
2345 533 2359 558 ,
2411 506 2583 561 neque
2608 492 2675 547 ad
2705 491 2934 562 Spiritus
2973 495 3303 564 largitionem
3346 493 3592 551 obtinen-

2014 581 2136 635 dam
2166 581 2232 636 ad
2271 581 2556 638 Jordanem
2588 587 2795 640 venisse
2821 603 2834 639 :
2858 602 2923 639 ne
2953 601 3082 640 vero
3111 587 3368 656 quispiam
3395 601 3461 640 ex
3489 586 3553 640 iis
3585 625 3601 646 .

2017 674 2105 743 qui
2137 683 2260 729 tunc
2287 673 2546 743 aderant,
2577 676 2909 730 existimaret
2939 693 3058 730 cum
3090 677 3412 746 poenitentiic
3440 690 3600 730 causa

2017 766 2152 819 sicut
2173 773 2397 820 caeteros
2413 767 2721 831 adventare,
2741 767 2860 821 audi
2881 777 2933 822 et
2955 767 3057 821 lzoc
3072 783 3178 837 quo
3196 777 3351 836 pacto
3370 766 3602 821 Joannes

2018 868 2142 913 ante
2174 861 2465 915 correxerit
2487 879 2498 913 :
2519 861 2606 931 qui
2629 862 2769 915 enim
2792 861 2910 914 aliis
2931 861 3158 924 dicebat,
3180 858 3359 912 Facite
3383 862 3605 930 fructum

2022 950 2229 1021 dignum
2257 953 2562 1023 poenitentice
2585 951 2793 1023 (Matth.
2817 954 2871 1007 5.
2892 953 2967 1024 8),
2991 952 3112 1006 audi
3140 951 3264 1021 quid
3287 950 3407 1005 huic
3432 949 3607 1004 dicat:

2025 1044 2135 1116 Ego
2157 1062 2187 1098 a
2217 1056 2264 1099 te
2289 1046 2438 1100 debeo
2466 1049 2732 1117 baptizari,
2765 1059 2811 1102 et
2841 1060 2892 1100 tu
2918 1049 3053 1102 renis
3086 1047 3155 1100 ad
3183 1064 3262 1101 me
3288 1045 3449 1118 (Ibid.
3484 1044 3610 1116 id)?

2026 1137 2139 1192 lloc
2182 1153 2309 1193 vero
2349 1139 2560 1194 dicebat
2601 1139 2877 1195 declarans
2924 1155 3048 1194 eum
3096 1155 3202 1192 non
3255 1139 3325 1193 ob
3369 1135 3611 1192 eamdem

2025 1237 2355 1299 egestatem,
2407 1231 2476 1286 ob
2523 1247 2681 1301 quam
2730 1231 2949 1301 vulgus,
3004 1231 3246 1295 venisse,
3305 1239 3614 1297 tantumque

2027 1321 2234 1388 abesse,
2259 1331 2318 1375 ut
2341 1322 2537 1377 idcirco
2557 1323 2867 1392 baptizetur,
2890 1331 2948 1376 ut
2966 1322 3046 1376 vel
3069 1322 3184 1392 ipso
3205 1321 3362 1376 etiam
3380 1319 3616 1388 Baptista

2031 1415 2100 1468 sit
2127 1414 2281 1483 longe
2307 1413 2496 1484 major,
2522 1423 2576 1469 et
2597 1415 2710 1469 sine
2733 1413 3131 1482 comparatione
3159 1410 3427 1467 mundior.
3447 1410 3616 1476 Quam

2032 1513 2190 1583 igitur
2219 1513 2286 1568 ob
2311 1525 2524 1565 causam
2571 1507 2938 1578 baptizabatur
2963 1549 2976 1570 ,
3016 1506 3060 1560 si
3087 1518 3258 1573 neque
3292 1501 3620 1573 pmnitcntizn

2033 1620 2214 1670 causa,
2250 1618 2421 1672 neque
2448 1601 2516 1656 ob
2545 1599 2913 1654 remissionem
2947 1605 3286 1666 peccatorum
3308 1634 3322 1660 ,
3353 1607 3527 1662 neque
3553 1590 3618 1644 ad

2035 1697 2263 1766 Spiritus
2283 1695 2492 1764 copiam
2518 1691 2859 1748 obtinendam
2887 1689 2937 1744 id
2964 1687 3186 1759 agebat?
3208 1687 3350 1740 Duas
3373 1685 3621 1738 nimirum

2037 1788 2167 1841 alias
2194 1786 2262 1840 ob
2290 1800 2502 1850 causas,
2535 1798 2690 1837 unam
2717 1781 2953 1852 quidem,
2978 1794 3134 1848 quam
3159 1776 3293 1831 dixit
3311 1775 3622 1844 discipulus,

2041 1879 2262 1934 alteram
2293 1892 2423 1932 vero
2449 1891 2605 1945 quam
2636 1875 2749 1943 ipse
2777 1872 2970 1927 Joanni
3019 1868 3291 1924 indicavit.
3331 1866 3624 1933 Quamnam

2040 1985 2167 2040 ergo
2207 1982 2418 2021 causam
2461 1980 2578 2020 esse
2618 1963 2860 2032 baptismi
2901 1962 3059 2029 hujus
3097 1959 3228 2014 dixit
3261 1956 3530 2013 Joannes?
3559 1955 3632 2011 Ut

2042 2064 2403 2118 innotesceret
2453 2059 2641 2128 vulgo.
2689 2058 2828 2112 sicut
2873 2064 2928 2109 et
2975 2053 3169 2109 Paulus
3221 2051 3452 2115 dicebat,
3508 2048 3629 2118 quia

2042 2152 2266 2206 Joannes
2305 2150 2574 2220 baptizavit
2615 2147 2861 2218 baptismo
2891 2144 3226 2216 pwnitentiaz,
3269 2142 3323 2194 in
3367 2156 3514 2204 eruit,
3547 2137 3634 2204 qui

2045 2255 2280 2300 venturus
2305 2254 2429 2296 esset
2446 2246 2562 2306 post
2579 2238 2776 2305 ipsum,
2799 2233 3135 2288 utcredcrent
3156 2233 3297 2304 (Act.
3314 2235 3398 2288 19.
3429 2231 3504 2301 4);
3531 2231 3634 2284 hoc

2046 2347 2162 2392 erat
2189 2323 2520 2404 baptismatis
2548 2332 2688 2386 illius
2711 2328 2960 2385 ofﬁcium.
2998 2325 3207 2380 Etenim
3233 2323 3274 2378 si
3301 2320 3634 2391 singulorum

2047 2428 2190 2484 aedes
2217 2426 2540 2490 circumiret,
2566 2433 2617 2477 et
2641 2421 2707 2476 ad
2733 2421 2873 2474 fores
2896 2417 3156 2473 accedens
3182 2413 3326 2469 foras
3349 2411 3634 2474 excitaret,

2049 2521 2355 2588 diceretque
2385 2516 2655 2572 Christum
2685 2522 2872 2568 tenens
2892 2553 2907 2576 ,
2950 2509 3046 2563 llic
3071 2515 3153 2562 est
3195 2505 3360 2560 Filius
3399 2502 3521 2567 Dei,
3549 2517 3643 2555 su—

2051 2622 2290 2684 spectum
2318 2610 2419 2664 hoc
2443 2607 2691 2664 redderet
2711 2589 3092 2664 testimonium,
3108 2609 3455 2668 etoperosum
3484 2593 3639 2648 valde

2056 2707 2225 2770 foret;
2258 2704 2339 2758 sin
2383 2711 2559 2755 autem
2602 2712 2667 2752 eo
2713 2709 2894 2751 secum
2942 2698 3215 2759 assumpto
3242 2687 3293 2741 in
3320 2699 3642 2758 synagogam

2059 2793 2429 2866 ingrederetur
2454 2833 2468 2856 ,
2502 2801 2731 2857 eumque
2759 2783 3051 2847 indicaret,
3101 2779 3205 2834 hoc
3232 2791 3444 2848 quoque
3470 2775 3644 2844 ipsum

2056 2865 2306 2944 redderet
2335 2881 2690 2938 testimonium
2731 2883 3035 2945 suspectum
3062 2868 3235 2940 :quod
3278 2883 3406 2924 vero
3433 2865 3643 2936 populis

2059 2978 2307 3032 omnibus
2337 2990 2400 3029 ex
2430 2971 2648 3026 urbibus
2682 2966 2902 3037 singulis
2945 2963 3009 3018 ad
3039 2961 3324 3018 Jordanem
3351 2957 3563 3022 ell'usis,
3593 2964 3650 3010 et

2061 3069 2199 3124 circa
2233 3062 2466 3119 ﬂuminis
2509 3061 2649 3130 ripas
2679 3055 3035 3116 versantibus,
3067 3067 3187 3106 cum
3231 3059 3285 3104 et
3314 3049 3426 3118 ipse
3469 3056 3527 3101 ut
3549 3045 3648 3100 ba-

2061 3161 2352 3231 ptizaretur
2380 3155 2612 3209 venisset
2631 3192 2645 3217 ,
2685 3149 2754 3203 ab
2800 3145 2977 3201 audita
3008 3145 3076 3199 de
3103 3143 3236 3198 caelo
3265 3150 3484 3211 paterna
3517 3152 3652 3192 voce

2065 3229 2222 3309 luerit
2243 3246 2664 3308 commendatus,
2693 3250 2747 3298 ct
2775 3240 2846 3295 illi
2873 3239 2924 3293 in
2942 3237 3119 3308 specie
3137 3232 3398 3289 columbae
3428 3229 3655 3284 descen-

2067 3345 2202 3400 dens
2233 3341 2464 3411 Spiritus
2491 3344 2709 3392 sanctus
2739 3330 3012 3394 insederit,
3045 3325 3098 3382 id
3125 3322 3486 3381 testimonium
3512 3319 3654 3390 quod

2069 3439 2142 3493 illi
2173 3436 2404 3491 Joannes
2427 3430 2635 3485 dicebat
2655 3467 2668 3491 ,
2708 3425 2852 3479 omni
2879 3420 3179 3490 suspicione
3222 3414 3495 3472 liberabat.
3527 3411 3658 3466 Pro-

2070 3541 2276 3601 pterea,
2310 3525 2374 3578 Et
2403 3540 2514 3593 ego,
2546 3520 2735 3590 inquit,
2767 3516 3045 3571 nesciebam
3067 3529 3180 3566 eum
3208 3508 3422 3580 (Joann.
3453 3507 3502 3561 1.
3526 3505 3655 3572 51);

2074 3595 2182 3677 ium
2230 3619 2333 3673 [ide
2375 3617 2591 3686 dignum
2632 3626 2751 3667 esse
2798 3605 3158 3662 testimonium
3203 3616 3356 3655 suum
3403 3595 3659 3652 ostendit.

2075 3715 2205 3769 Nam
2237 3711 2484 3782 quoniam
2513 3705 2721 3772 cognati
2760 3709 2911 3757 erant
2959 3699 3098 3752 inter
3125 3712 3183 3751 se
3221 3691 3511 3749 secundum
3546 3704 3664 3744 car-

2076 3820 2232 3869 nem;
2266 3801 2396 3856 Ecce
2415 3801 2567 3865 enim,
2597 3795 2798 3866 inquit,
2832 3792 3054 3845 Elizabct
3090 3797 3302 3860 ragnnta
3344 3795 3431 3837 tua
3467 3792 3512 3836 et
3553 3783 3666 3848 ipsa

2079 3896 2306 3966 concepit
2330 3895 2492 3963 [ilium
2517 3890 2668 3959 (Luc.
2701 3889 2752 3942 1.
2796 3886 2911 3954 56),
2946 3883 3113 3954 inquit
3149 3879 3368 3950 angelus
3396 3876 3574 3930 Maria:
3600 3873 3668 3926 de

2078 3988 2299 4045 Joannis
2329 3995 2496 4039 matre
2521 4001 2534 4034 :
2558 3978 2769 4051 quando
2795 3985 2972 4030 autem
3000 3981 3238 4042 cognata:
3267 3977 3467 4022 matres
3488 3973 3663 4026 erant,

2082 4082 2245 4150 liquet
2291 4088 2344 4131 ct
2392 4073 2636 4146 parvulos
2684 4077 2939 4139 cognatos
2981 4063 3144 4118 fuisse
3173 4081 3186 4113 :
3216 4059 3463 4130 quoniam
3512 4055 3672 4126 igitur

2085 4171 2296 4243 cognati
2324 4145 2507 4232 erant,
2547 4178 2613 4218 ne
2652 4159 2982 4230 cognationis
3007 4155 3171 4226 gratia
3201 4148 3562 4206 testimonium
3588 4145 3672 4199 di-

2087 4238 2210 4320 cere
2237 4264 2452 4318 Christo
2483 4258 2750 4313 videretur
2769 4295 2783 4318 ,
2814 4253 2884 4306 ita
2915 4247 3176 4320 disposuit
3217 4243 3444 4313 Spiritus
3471 4238 3638 4308 gratia
3657 4278 3671 4298 ,

2089 4368 2146 4412 ut
2185 4357 2414 4426 priorem
2462 4360 2673 4404 aetatem
2721 4345 2958 4400 Joannes
2997 4347 3172 4409 ageret
3223 4335 3273 4388 in
3319 4332 3568 4392 deserto,
3613 4345 3680 4380 ne

2091 4447 2334 4502 amicitim
2361 4457 2518 4498 causa
2549 4449 2641 4493 aut
2669 4454 2733 4492 ex
2760 4434 3058 4505 composito
3090 4428 3252 4483 talivc
3283 4424 3511 4495 quodam
3543 4419 3674 4474 arti-

2093 4540 2212 4593 licio
2237 4533 2502 4605 perhiberi
2536 4527 2896 4584 testimonium
2928 4522 3196 4576 videretur
3218 4560 3232 4579 ,
3283 4515 3376 4568 scd
3409 4524 3678 4579 tamquam

2093 4647 2119 4683 a
2154 4632 2262 4684 Deo
2288 4624 2590 4681 admonitus
2619 4636 2741 4674 eum
2773 4616 3123 4672 renuntiaret.
3152 4611 3458 4678 Propterea,
3477 4600 3543 4654 Et
3569 4615 3678 4669 rgo,

2095 4722 2282 4792 inquit,
2317 4716 2593 4772 nesciebam
2614 4729 2745 4766 eum.
2779 4707 2931 4764 Unde
2959 4707 3117 4772 igitur
3141 4696 3404 4755 didicisti?
3431 4693 3530 4758 Qui
3550 4691 3684 4742 misit

2096 4783 2452 4882 nteibaptisare
2478 4809 2531 4860 in
2556 4821 2706 4872 aqua,
2750 4801 2836 4854 ille
2873 4799 2996 4852 milii
3034 4795 3180 4848 dixit.
3227 4789 3360 4856 Quid
3389 4786 3477 4838 tibi
3505 4783 3682 4836 dixit?

2103 4876 2274 4974 Super
2300 4918 2445 4969 quem
2483 4897 2663 4952 videris
2707 4893 2954 4963 Spiritum
2997 4885 3372 4940 descendentem
3417 4876 3558 4947 quasi
3597 4890 3685 4926 co-

2101 4965 2345 5059 lumbam,
2377 5002 2423 5045 ct
2461 4998 2742 5042 manentem
2781 4997 2930 5051 super
2955 4994 3065 5032 eum
3091 5019 3105 5036 ,
3146 4975 3226 5026 hic
3255 4981 3326 5026 est
3351 4969 3436 5041 qui
3463 4965 3685 5036 baptism

2101 5090 2155 5142 in
2178 5057 2376 5157 Spiritu
2406 5091 2580 5136 sancto
2611 5076 2821 5149 (Joann.
2849 5075 2900 5127 1.
2924 5071 3038 5138 35).
3069 5066 3230 5121 Vides
3255 5062 3453 5117 idcirco
3479 5057 3689 5112 venisse

2104 5149 2360 5249 Spiritum
2388 5181 2651 5234 sanctum,
2679 5183 2784 5220 non
2814 5162 2962 5234 quasi
2997 5171 3105 5214 tum
3135 5156 3363 5226 primum
3389 5149 3690 5211 adveniret,

2105 5239 2200 5328 sed
2228 5280 2282 5324 ut
2311 5283 2432 5322 eum
2457 5308 2472 5329 ,
2505 5263 2590 5334 qui
2620 5257 3008 5331 przediCabatur
3031 5295 3044 5317 ,
3075 5250 3250 5303 volatu
3281 5247 3396 5316 ipso
3426 5241 3576 5312 quasi
3607 5239 3692 5293 di-

2108 5367 2215 5434 gito
2246 5333 2602 5419 monstraret,
2643 5351 2994 5417 omnibusque
3042 5355 3224 5398 notum
3272 5333 3561 5394 redderet?
3586 5333 3697 5387 llac

2111 5429 2268 5526 igitur
2295 5455 2362 5510 de
2391 5464 2549 5507 causa
2581 5447 2644 5500 ad
2688 5443 3005 5513 baptismum
3048 5438 3210 5491 venit.
3265 5433 3336 5488 Et
3369 5445 3499 5486 vero
3536 5429 3694 5482 aliam

2111 5521 2181 5605 ob
2205 5561 2418 5603 causam
2459 5555 2615 5612 quam
2647 5538 2760 5608 ipse
2797 5533 2924 5589 dicit
2950 5551 2961 5585 :
2987 5543 3228 5600 qna‘nam
3274 5526 3361 5580 illa
3395 5538 3553 5594 porro
3582 5521 3698 5573 est?

2113 5641 2244 5697 Cum
2271 5639 2493 5695 dixisset
2517 5633 2748 5689 Joannes
2772 5670 2787 5690 ,
2825 5627 2935 5698 Ego
2960 5625 3110 5678 debeo
3135 5639 3165 5674 a
3193 5630 3239 5674 te
3260 5617 3507 5687 baptizari
3529 5652 3545 5674 ,
3575 5621 3619 5663 rt
3647 5623 3699 5662 tu

2119 5751 2252 5791 venis
2284 5735 2349 5789 ad
2385 5747 2494 5799 me,
2536 5722 2810 5796 respondit
2853 5723 2964 5792 ipse
3005 5720 3218 5772 dicens:
3248 5711 3373 5765 Sine
3411 5707 3591 5765 modo;
3621 5709 3694 5756 sic

3325 5802 3405 5861 23
