4062 6206
404 295 509 346 ω)

407 406 541 459 enim
567 407 706 457 decet
734 419 824 456 nos
852 403 1274 473 implereomnem
1294 402 1554 472 justitiam
1583 399 1794 469 (lfault.
1816 400 1870 454 '5.
1901 400 1987 454 14.

412 497 526 565 15).
559 493 750 549 Vidisti
799 493 1115 548 modestiam
1156 492 1374 546 famuli?
1423 492 1597 546 vidisti
1641 491 1847 545 Domini
1896 491 1991 543 hu-

408 584 726 638 militatem?
767 585 901 653 Quid
948 584 1160 639 tandem
1198 594 1315 648 est,
1363 583 1584 651 [inplere
1617 599 1813 635 omnem
1831 583 1992 652 justi-

407 677 570 730 tiam?
590 677 797 732 iustitia
824 677 1018 732 dicitur
1037 677 1274 731 omnium
1305 676 1398 730 Dei
1429 674 1797 729 mandatorum
1823 674 1994 727 adim-

409 771 609 837 pletio,
646 780 698 823 ut
746 786 868 823 cum
913 771 988 822 ait
1020 788 1032 822 :
1067 769 1228 822 Erant
1255 769 1386 837 justi
1423 767 1570 819 ambo
1610 767 1890 819 incedentes
1937 766 1993 818 in

407 862 662 914 mandatis
710 859 920 913 Domini
962 862 1070 913 sine
1116 861 1318 928 querela
1361 857 1518 927 (Luc.
1561 859 1612 912 1.
1660 857 1739 926 6).
1769 855 1994 924 Quando

409 951 575 1020 igitur
622 952 883 1020 justitiam
938 952 1092 1004 istam
1148 950 1369 1018 implere
1419 949 1664 1003 homines
1715 946 1996 1017 oportebat

410 1059 634 1108 omnes,
678 1060 836 1098 nemo
861 1055 1036 1097 autem
1070 1044 1212 1097 illam
1255 1042 1475 1112 perfecit
1502 1058 1601 1095 nec
1629 1042 1893 1110 explevit,
1935 1048 1995 1092 ut

412 1133 836 1200 venitChristus,
874 1135 1010 1189 hanc
1033 1135 1292 1203 justitiam
1324 1135 1523 1202 implet.

481 1227 534 1279 ι.
580 1226 845 1292 Quomodo
882 1227 1111 1279 Christus
1133 1227 1354 1295 implevit
1384 1243 1582 1279 onmem
1617 1226 1897 1294 justitiam.
1923 1254 1995 1264 —

410 1319 667 1382 Quaenam
693 1332 853 1386 porro
881 1319 994 1370 haac
1020 1326 1102 1371 est
1121 1317 1346 1384 justitia,
1375 1317 1516 1372 dicet
1540 1317 1732 1385 aliquis
1753 1356 1768 1379 ,
1818 1315 1995 1384 bapti-

411 1407 562 1461 zari?
593 1407 874 1476 Ρτοιιιιειςε
905 1423 1092 1478 parcre
1105 1409 1308 1478 justitia
1332 1418 1473 1462 erat:
1501 1418 1556 1462 ut
1587 1409 1745 1478 igitur
1763 1408 1995 1462 circum-

411 1516 555 1556 cisus
576 1510 657 1556 est
687 1511 739 1556 et
766 1503 1088 1557 sacrificium
1111 1503 1323 1569 obtulit,
1356 1501 1643 1557 etsabbata
1696 1501 1997 1555 observavit

412 1607 465 1650 ιιι
508 1596 758 1652 Judaicas
802 1596 1117 1654 festivitates
1169 1598 1456 1667 implevit:
1490 1597 1561 1651 ita
1608 1605 1662 1650 et
1707 1595 1808 1650 hoc
1854 1594 1997 1664 quod

413 1691 648 1744 restabat
680 1690 945 1759 adjunxit.
975 1702 1033 1746 ut
1061 1691 1338 1762 propheta:
1386 1691 1676 1759 baptizanti
1726 1688 1990 1744 obediret.

411 1777 544 1832 Nam
573 1791 629 1834 ut
654 1781 742 1836 Dei
775 1784 1101 1836 voluntatem
1161 1781 1328 1836 fuisse
1371 1782 1545 1847 scias,
1578 1791 1636 1833 ut
1667 1789 1775 1833 tum
1823 1779 1997 1847 bapti-

413 1886 590 1924 sinum
617 1872 947 1941 susciperent
981 1888 1185 1938 omnes,
1221 1872 1341 1926 audi
1364 1872 1489 1942 quid
1533 1872 1674 1925 dicat
1718 1870 1951 1925 Joannes
1980 1888 1994 1924 :

416 1963 518 2026 Qui
542 1964 674 2016 misit
698 1980 775 2016 me
790 1965 1045 2034 baptizare
1071 1965 1121 2017 in
1142 1981 1274 2033 aqua
1291 1963 1468 2035 (Joan.
1485 1964 1536 2017 1.
1557 1962 1682 2034 33);
1725 1972 1779 2016 et
1813 1976 1998 2016 rursus

413 2053 677 2117 Christus,
708 2053 977 2108 Publiceni
1006 2066 1054 2109 et
1087 2057 1235 2110 turba
1279 2056 1687 2125 justiﬁcaverunt
1715 2052 1878 2106 Deum
1905 2053 1998 2106 ba-

415 2147 592 2214 ptizati
621 2147 869 2218 baptismo
894 2147 1115 2202 Joannis
1136 2165 1153 2201 :
1178 2147 1428 2203 Pharisaei
1445 2158 1612 2201 autem
1627 2157 1673 2199 et
1693 2146 1868 2201 scriba:
1885 2162 2000 2199 con-

413 2239 585 2290 silium
615 2237 711 2291 Dei
726 2248 1015 2309 spreverunt
1038 2257 1139 2294 non
1165 2241 1404 2310 baptizati
1429 2240 1491 2292 ab
1517 2256 1574 2293 eo
1623 2237 1772 2309 (Luc.
1820 2238 1871 2290 7.
1903 2235 1992 2290 29.

412 2331 527 2400 30).
560 2330 612 2386 Si
641 2348 769 2402 ergo
783 2333 987 2402 justitia
1016 2343 1098 2389 est
1128 2333 1239 2388 Deo
1261 2349 1468 2403 parere,
1495 2333 1633 2388 Deus
1686 2341 1862 2386 autem
1903 2330 1998 2385 Jo-

414 2436 608 2476 annem
633 2425 798 2487 misit,
823 2433 880 2479 ut
908 2426 1158 2496 populum
1186 2426 1499 2494 baptizarct,
1532 2440 1652 2480 cum
1686 2424 1894 2479 caeteris
1921 2424 1999 2478 le-

414 2515 497 2578 gis
520 2517 800 2584 przcceptis
828 2515 926 2570 hoc
951 2517 1111 2571 etiam
1138 2516 1650 2586 Christusimplevit.
1667 2515 1830 2585 Finge
1844 2515 2001 2584 igitur

415 2605 672 2660 ducentos
699 2622 818 2662 esse
838 2608 1088 2662 denarios
1125 2609 1369 2663 mandata
1399 2609 1567 2678 legis;
1611 2607 1711 2661 hoc
1760 2607 2000 2661 debitum

413 2711 581 2764 genus
612 2705 853 2751 nostrum
908 2698 1212 2767 persolvere
1256 2699 1574 2767 oportebat:
1608 2713 1712 2752 non
1746 2697 2002 2766 persolvi—

416 2801 535 2840 mus
564 2803 577 2838 :
610 2787 891 2842 coercebat
922 2803 1018 2842 nos
1040 2803 1185 2843 mors
1207 2788 1469 2842 obnoxios
1507 2789 1620 2842 istis
1667 2789 1996 2842 criminibus.

414 2879 547 2934 Cum
575 2881 810 2936 venisset
836 2881 1079 2936 Christus
1107 2896 1309 2952 nosque
1337 2883 1599 2936 coercitos
1651 2880 1960 2936 oll’endisset
1979 2923 1996 2948 ,

413 2987 491 3026 ωε
519 2972 752 3026 alienum
779 2972 1042 3040 dissolvit,
1067 2972 1305 3029 debitum
1336 2973 1465 3027 illud
1493 2974 1756 3042 implevit,
1807 2982 1861 3028 et
1905 2988 2000 3029 eos

415 3063 506 3131 qui
533 3062 793 3118 solvendo
824 3078 930 3119 non
957 3072 1111 3119 erant
1138 3065 1407 3120 liberavit.
1438 3064 1642 3120 Idcirco
1663 3079 1768 3119 non
1818 3064 1951 3120 dixit
1980 3107 1996 3132 ,

411 3155 580 3209 Decet
596 3170 692 3209 nos
708 3154 811 3210 hoc
826 3156 910 3210 vel
929 3156 1056 3210 illud
1076 3156 1271 3222 facere,
1288 3156 1434 3223 sed,l
1442 3157 1630 3226 mplere
1640 3173 1836 3211 omnem
1838 3157 1970 3225 justi
1976 3183 2000 3196 -

416 3247 539 3299 tiam
559 3245 774 3317 (Matth.
799 3247 852 3301 3.
885 3248 994 3316 15).
1021 3247 1104 3302 Me
1133 3247 1415 3301 Dominum
1450 3247 1625 3311 decet,
1672 3248 1861 3316 inquit,
1908 3263 1998 3317 qui

417 3341 590 3396 habeo
609 3356 704 3411 pro
732 3341 816 3407 iis,
839 3342 929 3410 qui
961 3358 1066 3395 non
1092 3341 1310 3408 habent,
1339 3341 1643 3410 persolvere
1684 3358 1697 3392 :
1753 3340 1867 3395 haec
1917 3349 1999 3394 est

416 3433 748 3504 baptismatis
759 3435 990 3500 occasio,
1005 3444 1061 3488 ut
1076 3434 1248 3504 legem
1271 3448 1483 3488 omnem
1501 3433 1739 3488 videatur
1752 3432 1995 3502 implere,

409 3537 470 3580 et
497 3527 634 3591 hzec,
664 3536 718 3583 et
740 3527 826 3581 illa
857 3543 1017 3582 causa
1048 3536 1151 3592 est,
1175 3543 1294 3598 qua:
1325 3537 1449 3582 ante
1493 3527 1648 3581 istam
1694 3536 1775 3581 est
1815 3527 1993 3580 allata.

417 3618 756 3688 Quapropter
784 3629 837 3673 et
858 3619 1089 3688 Spiritus
1121 3618 1172 3671 in
1199 3619 1378 3688 Specie
1404 3618 1666 3673 columba:
1681 3616 1994 3671 descendit:

418 3709 506 3764 ubi
531 3710 674 3764 enim
708 3720 790 3764 est
815 3710 1178 3765 reconciliatio
1207 3710 1320 3775 Dei,
1348 3710 1417 3764 ibi
1458 3720 1513 3765 et
1539 3709 1810 3764 columba.
1862 3708 1995 3763 Nam

415 3812 470 3854 ct
491 3817 632 3856 arcte
660 3801 771 3857 Noe
804 3811 1043 3872 tempore
1071 3817 1276 3855 ramum
1307 3811 1525 3871 gestans
1567 3801 1722 3854 oliva:
1750 3800 1996 3856 columba

417 3895 560 3948 venit
581 3895 772 3948 divinae
801 3895 1146 3965 benignitatis
1173 3895 1380 3964 signum
1420 3894 1858 3964 tempestatisque
1907 3908 1996 3949 se-

415 3985 554 4039 data:
580 3982 787 4053 (Cenes.
817 3985 874 4054 8)
899 4001 914 4038 :
944 4000 1086 4040 nunc
1115 4000 1327 4054 quoque
1368 3986 1421 4038 in
1461 3986 1642 4054 specie
1694 3985 1952 4040 columbae
1976 4027 1992 4052 ,

417 4092 521 4132 non
549 4076 601 4132 in
629 4092 854 4147 corpore
889 4077 1027 4149 (hoc
1052 4078 1194 4132 enim
1222 4078 1409 4133 sedulo
1426 4077 1713 4132 notandum
1730 4077 1872 4149 est),
1906 4093 1998 4134 ve-

417 4170 493 4223 nit
517 4169 745 4238 Spiritus
770 4169 879 4234 Dei,
901 4171 1218 4226 denuntians
1239 4171 1659 4226 misericordiam
1674 4171 1789 4225 orbi
1818 4181 1990 4226 terra-

415 4277 554 4326 rum,
587 4261 847 4330 simulque
875 4263 1044 4317 virum
1072 4263 1403 4330 spiritualem
1422 4263 1708 4332 designans
1735 4263 1993 4317 innocen-

420 4363 525 4406 tem
548 4368 610 4406 ac
631 4353 949 4421 simplicem,
983 4354 1302 4422 minimeque
1335 4354 1530 4407 malum
1560 4369 1680 4408 esse
1701 4363 1948 4423 oportere
1974 4373 1991 4409 :

413 4442 862 4512 quemadmodum
887 4453 941 4497 et
960 4442 1207 4498 Christus
1236 4445 1329 4509 ait,
1368 4443 1484 4498 Nisi
1512 4446 1740 4498 conversi
1770 4447 1990 4516 fueritis,

413 4545 460 4589 et
489 4535 774 4606 eﬂiciamini
801 4536 932 4588 sicut
959 4535 1189 4605 parvuli,
1243 4553 1342 4589 non
1395 4537 1643 4591 intrabitis
1690 4537 1743 4590 in
1782 4554 1992 4608 regnum

411 4627 653 4682 caelorum
674 4626 886 4697 (Matth.
915 4627 1000 4682 18.
1034 4615 1114 4693 5).
1144 4628 1316 4696 Atque
1338 4628 1427 4683 illa
1453 4627 1664 4698 quidem
1691 4644 1834 4693 arca,
1855 4639 1990 4684 tem-

414 4728 618 4788 pestate
647 4719 848 4784 sedata,
874 4720 1070 4774 mansit
1095 4721 1146 4773 in
1178 4721 1354 4787 terris,
1389 4721 1502 4776 hch
1527 4737 1656 4777 vero
1676 4737 1799 4777 arca
1815 4721 1993 4776 divina

414 4811 684 4866 iracundia
707 4810 910 4878 sedata,
943 4810 994 4864 in
1025 4811 1215 4866 etclam
1245 4813 1463 4880 abrepta
1489 4822 1602 4878 est,
1647 4821 1703 4868 et
1729 4828 1870 4866 nunc
1912 4821 1995 4867 est

414 4904 464 4956 in
496 4903 713 4958 dextera
758 4903 928 4958 Patris
973 4903 1366 4958 immaculatum
1412 4905 1536 4959 illud
1563 4915 1618 4959 et
1656 4906 1990 4975 impollutum

411 5010 624 5064 corpus.

483 5084 562 5138 De
585 5087 858 5139 reverentia
878 5101 1038 5140 sacra:
1082 5084 1417 5141 Eucharistiaz
1459 5087 1756 5141 exhibenda.
1790 5119 1859 5128 —
1889 5088 1992 5145 Ve-

409 5177 808 5234 rumenimvero
853 5178 1067 5248 quando
1092 5177 1158 5234 de
1201 5178 1409 5234 Domini
1458 5193 1685 5249 corpore
1732 5179 1870 5234 facta
1908 5189 1992 5236 est

413 5267 635 5332 mentio,
658 5282 834 5336 opera:
878 5269 1104 5337 pretium
1132 5279 1235 5335 est,
1264 5278 1318 5323 ut
1348 5269 1437 5324 ubi
1467 5269 1534 5324 de
1549 5285 1613 5326 eo
1642 5283 1808 5339 pauca
1852 5271 1990 5339 apud

408 5368 507 5408 vos
531 5354 974 5426 disseruerimus,
1018 5360 1243 5414 orationi
1293 5359 1452 5416 finem
1485 5361 1836 5430 imponamus.
1868 5360 1992 5416 Scio

411 5445 525 5501 fore
549 5448 1002 5515 utquamplurimi
1029 5449 1166 5519 apud
1216 5466 1318 5507 nos
1356 5467 1421 5507 ex
1442 5451 1563 5507 festi
1602 5451 1991 5507 consuetudine

410 5539 475 5594 ad
505 5553 709 5593 sacram
733 5537 870 5593 hanc
895 5555 1132 5595 mensam
1166 5552 1450 5600 aceurrant
1471 5561 1484 5597 ε
1509 5558 1635 5599 sane
1659 5543 1872 5612 quidem
1900 5557 1994 5598 ex-

411 5631 640 5702 pediret,
666 5628 718 5683 id
739 5628 883 5699 quod
906 5629 1038 5684 alias
1070 5643 1211 5700 saepe
1231 5631 1366 5697 dixi,
1396 5642 1452 5686 ut
1477 5632 1604 5688 festa
1650 5647 1986 5702 nequaquam

419 5723 850 5790 observarentur,
871 5719 1082 5791 quando
1107 5725 1498 5780 communicare
1523 5740 1655 5795 Opus
1681 5734 1842 5794 esset,
1895 5727 1992 5784 sed

1159 287 1213 340 S.
1254 284 1533 340 103$le
1567 285 2046 343 ειῐιιῐεοςτοκι
2086 287 2405 343 ABCHIEP.
2445 291 2982 347 CONSTANTINOP.

3580 279 3688 330 370

2105 405 2162 448 nt
2189 398 2519 452 conscientia
2547 399 2916 465 mandaretur,
2948 417 3010 456 ac
3039 413 3150 456 tum
3170 413 3417 460 sanctum
3439 408 3584 462 istud
3597 425 3689 463 sa-

2100 488 2360 544 erilieium
2385 491 2774 561 attingeretur;
2801 495 2891 562 qui
2918 495 3063 548 enim
3092 497 3380 565 piacularis
3399 511 3484 554 est
3501 511 3558 555 et
3584 503 3689 554 im-

2099 580 2347 645 mundus,
2361 596 2430 636 ne
2459 582 2514 636 in
2543 583 2680 636 festo
2691 584 2906 653 quidem
2927 601 3138 655 aequum
3158 598 3243 642 est
3259 598 3319 642 ut
3329 601 3534 645 sancta:
3552 593 3694 648 illius

2097 687 2160 726 ac
2184 674 2472 728 tremenda:
2498 677 2675 729 carnis
2707 678 2970 748 particeps
2999 678 3128 744 ﬁat;
3159 682 3251 750 qui
3277 698 3412 737 vero
3457 685 3694 739 mundus

2098 773 2202 827 est,
2228 774 2284 819 et
2311 776 2553 820 accurata
2574 769 2884 836 pamitentia
2913 771 3105 825 delicta
3133 773 3408 839 abstersit,
3464 792 3590 830 eum
3639 778 3694 831 in

2098 854 2453 920 solemnitate,
2481 866 2592 910 tum
2615 873 2830 928 semper
2855 862 3048 930 dignus
3069 861 3259 926 fuerit,
3293 866 3389 933 qui
3416 868 3695 934 mysteriis

2099 948 2292 1002 divinis
2318 952 2704 1015 communicet,
2754 968 2818 1006 ac
2872 953 2964 1007 Dei
3010 953 3168 1009 donis
3212 955 3541 1022 perfruatur.
3585 960 3695 1014 Sed

2098 1040 2349 1107 quoniam
2376 1040 2478 1094 hoc
2503 1042 2684 1096 nescio
2703 1058 2810 1110 quo
2828 1053 2981 1110 pacto
2998 1046 3284 1114 negligitur
3298 1063 3326 1099 a
3344 1049 3693 1116 quibusdam,

2101 1130 2358 1199 multique
2400 1134 2667 1186 sexcentis
2699 1144 2968 1188 scatentes
2994 1135 3286 1190 sceleribus
3313 1153 3437 1191 cum
3486 1139 3696 1194 adven-

2101 1230 2213 1274 tare
2241 1221 2435 1275 festum
2461 1222 2726 1290 viderint,
2753 1233 3028 1294 tamquam
3052 1227 3120 1280 ab
3149 1229 3262 1296 ipsa
3283 1229 3372 1283 die
3397 1233 3639 1298 protrusi
3671 1275 3689 1296 ,

2101 1314 2353 1381 mysteria
2373 1328 2523 1366 sacra
2540 1316 2874 1383 contingunt,
2895 1332 3013 1385 qua:
3038 1334 3102 1371 ne
3117 1320 3289 1372 oculis
3317 1321 3538 1389 quidem
3569 1338 3697 1377 cer-

2103 1418 2229 1456 nere
2252 1405 2329 1457 sic
2356 1404 2562 1458 affectis
2588 1405 2667 1459 fas
2705 1417 2827 1460 est:
2857 1422 2951 1462 eos
3001 1409 3236 1478 quidem,
3283 1413 3374 1482 qui
3418 1414 3696 1471 manifesti

2100 1506 2226 1547 sunt
2273 1496 2447 1561 nobis,
2495 1497 2651 1565 plane
2692 1498 2997 1552 arcebimus
3025 1517 3039 1551 :
3068 1516 3163 1555 eos
3215 1518 3347 1556 vero
3385 1506 3476 1573 qui
3532 1507 3697 1561 nobis

2103 1587 2267 1656 ignoti
2298 1597 2443 1652 sunt,
2495 1588 2605 1642 Deo
2626 1590 2988 1658 relinquemus
3010 1634 3024 1656 ,
3056 1594 3145 1661 qui
3194 1595 3392 1649 mentis
3429 1596 3697 1666 cujusque

2100 1688 2308 1734 secreta
2329 1681 2512 1733 novit:
2547 1680 2598 1734 id
2636 1683 2850 1752 quidem
2893 1694 3041 1738 certe
3072 1686 3124 1739 in
3166 1702 3274 1756 quo
3319 1688 3389 1742 ab
3439 1690 3695 1745 omnibus

2101 1781 2286 1842 aperte
2317 1781 2590 1840 peccatur,
2622 1772 2780 1828 hodie
2804 1775 3117 1830 conabimur
3144 1778 3454 1834 emendare.
3493 1779 3688 1847 Quod-

2101 1881 2223 1920 nam
2251 1865 2410 1934 igitur
2436 1863 2567 1917 illud
2615 1875 2890 1935 peccatum
2921 1869 3043 1920 est?
3073 1868 3226 1936 Quod
3275 1883 3399 1923 cum
3451 1880 3692 1927 tremore

2102 1973 2208 2011 non
2230 1959 2565 2027 accedamus,
2593 1960 2689 2016 sed
2730 1963 2966 2017 calcibus
3005 1965 3344 2033 impetentes,
3377 1967 3694 2036 percutien-

2104 2058 2202 2113 tes,
2231 2051 2305 2103 ira
2322 2061 2592 2120 turgentes
2606 2095 2620 2116 ,
2642 2055 2962 2121 clamantes,
2984 2058 3366 2125 conviciantes,
3386 2062 3694 2128 proximum

2105 2144 2400 2210 trudentes,
2429 2148 2831 2214 perturbatione
2856 2149 3065 2218 repleti.
3094 2150 3218 2206 [hcc
3238 2161 3292 2205 et
3317 2168 3462 2223 saepe
3482 2153 3614 2220 dixi,
3635 2162 3696 2208 et

2101 2233 2282 2289 dicere
2309 2251 2414 2289 non
2430 2236 2675 2291 cessabo.
2699 2238 2886 2295 Nonne
2915 2240 3105 2295 videtis
3128 2244 3180 2296 in
3228 2243 3522 2313 Olympicis
3567 2259 3695 2299 eer-

2105 2326 2394 2380 taminibus
2415 2326 2540 2381 dum
2565 2333 2740 2397 capite
2763 2345 3014 2384 coronam
3036 2342 3270 2402 gestans,
3290 2334 3517 2388 amictus
3529 2336 3692 2399 stola,

2104 2418 2304 2487 virgam
2353 2435 2512 2473 manu
2540 2428 2729 2475 tenens
2755 2422 3074 2492 agonotheta
3104 2438 3199 2492 per
3240 2423 3415 2478 f0rum
3465 2424 3691 2490 incedit,

2101 2520 2296 2579 quanta
2322 2513 2392 2564 sit
2417 2514 2770 2582 tranquillitas
2794 2530 2856 2568 ac
2885 2514 3168 2581 modestia,
3199 2515 3324 2569 dum
3349 2531 3525 2586 przeco
3554 2531 3692 2572 voce

2104 2601 2405 2667 denuntiat,
2436 2615 2493 2659 ut
2521 2621 2710 2661 omnes
2734 2608 2926 2661 sileant
2971 2623 3034 2662 ac
3081 2608 3334 2663 decenter
3371 2610 3692 2677 quiescant?

2103 2697 2201 2751 Cui
2228 2698 2388 2767 igitur
2413 2714 2518 2753 non
2541 2700 2828 2756 absurdum
2858 2701 3120 2766 videatur,
3175 2713 3235 2755 ut
3276 2702 3362 2756 ubi
3391 2702 3691 2771 triumphat

2103 2790 2368 2858 diabolus,
2397 2794 2552 2862 quies
2570 2803 2714 2847 tanta
2745 2794 2843 2859 sit;
2870 2794 2960 2848 ubi
2982 2810 3111 2849 vero
3137 2795 3376 2849 Christus
3413 2795 3479 2848 ad
3504 2811 3567 2849 se
3584 2812 3691 2849 vo-

2102 2892 2208 2948 cat,
2238 2883 2494 2938 tumultus
2524 2885 2783 2954 plurimus
2805 2885 3091 2940 audiatur?
3123 2885 3180 2940 ln
3220 2886 3329 2940 foro
3364 2886 3637 2940 silentium
3663 2928 3682 2951 ,

2103 2983 2158 3028 et
2188 2975 2240 3028 in
2284 2975 2509 3029 ecclesia
2535 2975 2774 3030 clamor?
2805 2977 2856 3030 in
2899 2977 3087 3046 pelago
3115 2976 3486 3046 tranquillitas,
3519 2985 3575 3030 et
3620 2976 3683 3031 in

2105 3075 2259 3134 portu
2282 3065 2605 3135 tempestas?
2622 3065 2780 3132 Quid,
2799 3081 2997 3135 quaeso,
3028 3066 3381 3130 tumultuaris,
3399 3067 3469 3120 mi
3490 3066 3652 3120 homo
3667 3068 3692 3119 2

2102 3157 2226 3225 quid
2255 3166 2305 3211 te
2332 3157 2519 3226 urget?
2541 3157 2872 3226 negotiorum
2896 3158 3146 3211 nimirum
3173 3166 3362 3212 avocat
3384 3158 3688 3212 tenecessi-

2104 3255 2183 3300 tas
2209 3263 2224 3301 :
2254 3263 2322 3301 an
2352 3263 2480 3302 vero
2511 3257 2566 3302 tu
2601 3248 2686 3301 illa
2711 3248 2805 3302 tibi
2827 3248 2959 3302 hora
2991 3248 3094 3301 ulla
3117 3263 3238 3302 esse
3275 3248 3484 3318 negotia
3541 3249 3691 3302 arbi-

2106 3339 2302 3391 traris?
2328 3354 2394 3392 an
2425 3351 2478 3392 tu
2504 3349 2555 3393 te
2581 3339 2800 3392 omnino
2842 3339 2894 3392 in
2923 3339 3081 3393 terris
3101 3353 3221 3393 esse
3249 3338 3580 3393 meministi?
3608 3353 3680 3392 an

2104 3437 2155 3483 te
2185 3444 2305 3482 cum
2334 3428 2641 3485 hominibus
2666 3431 2872 3484 versari
2896 3430 3124 3484 censes?
3153 3429 3283 3496 Quis
3313 3429 3414 3482 hoc
3443 3443 3547 3482 non
3593 3445 3690 3483 sa-

2102 3537 2218 3575 xea:
2245 3521 2441 3576 mentis
2469 3538 2589 3578 esse
2609 3523 2771 3588 dicat,
2808 3522 2900 3576 illo
2923 3537 2981 3576 se
3008 3532 3248 3592 tempore
3271 3523 3323 3576 in
3351 3523 3510 3577 terris
3559 3537 3691 3577 con-

2103 3613 2294 3668 sistere
2313 3614 2580 3676 arbitrari,
2612 3629 2718 3668 non
2742 3630 2863 3669 eum
2910 3615 3116 3684 angelis
3159 3613 3389 3668 choreas
3434 3612 3636 3666 ducere
3666 3653 3682 3677 ,

2103 3721 2224 3760 cum
2253 3706 2443 3776 quibus
2469 3707 2749 3777 mysticum
2781 3707 2927 3761 illum
2970 3706 3226 3776 hymnum
3272 3705 3634 3774 pronuntiasti
3667 3723 3684 3770 ;

2100 3813 2220 3852 cum
2253 3797 2445 3867 quibus
2473 3798 2582 3853 Deo
2609 3798 2874 3852 canticum
2899 3798 3027 3851 illud
3048 3796 3366 3866 triumphale
3391 3796 3637 3852 cecinisti
3663 3798 3689 3850 2

2102 3888 2393 3958 PrOpterea
2438 3900 2491 3944 et
2521 3904 2622 3944 nos
2661 3889 2868 3958 aquilas
2898 3888 3142 3944 Christus
3171 3888 3500 3957 appellavit,
3553 3901 3687 3940 cum

2099 3980 2256 4044 dixit,
2287 3980 2384 4036 Ubi
2413 3982 2647 4046 cadaver,
2674 3981 2744 4034 ibi
2768 3979 3204 4051 congregabantur
3233 3988 3283 4032 et
3307 3977 3486 4047 aquila:
3507 3977 3527 4046 (
3547 3976 3682 4031 Luc.

2104 4077 2188 4129 17.
2212 4075 2328 4146 57),
2361 4085 2418 4129 ut
2445 4076 2498 4130 in
2523 4074 2712 4130 czelum
2745 4073 3114 4135 ascendamus,
3150 4081 3205 4125 ut
3235 4073 3285 4126 in
3313 4072 3479 4124 altum
3501 4069 3688 4124 evole-

2099 4183 2218 4223 mus
2244 4167 2460 4237 spiritus
2484 4167 2671 4236 pennis
2692 4165 2964 4229 subvecti;
2996 4173 3051 4217 at
3083 4178 3181 4216 nos
3223 4171 3408 4217 contra
3461 4176 3686 4230 serpen-

2099 4271 2209 4316 tum
2235 4277 2384 4316 more
2423 4261 2570 4314 humi
2599 4260 2885 4328 serpimus,
2911 4267 3214 4326 terramque
3269 4255 3682 4310 manducamus.

2101 4351 2273 4406 Vultis
2290 4351 2462 4405 dicam
2481 4349 2623 4404 unde
2647 4349 2906 4403 tumultus
2935 4356 2990 4402 et
3030 4348 3234 4400 clamor
3259 4344 3498 4398 oriatur?
3524 4342 3685 4410 Quod

2098 4460 2206 4500 non
2222 4453 2332 4499 toto
2344 4444 2479 4499 sacri
2501 4451 2742 4512 tempore
2757 4439 2907 4495 vobis
2919 4438 3058 4494 fores
3073 4436 3346 4493 occludam
3355 4451 3435 4502 us,
3450 4435 3541 4489 sed
3553 4449 3620 4487 an
3629 4443 3687 4488 te

2097 4544 2419 4604 postremam
2456 4533 2746 4604 gratiarum
2775 4533 3038 4585 actionem
3070 4529 3279 4584 resilire
3301 4541 3416 4592 vos,
3431 4526 3682 4581 domum-

2098 4641 2205 4696 que
2230 4625 2409 4681 redire
2431 4625 2715 4694 patiamur,
2747 4622 2890 4693 quod
2919 4631 2973 4676 et
2999 4621 3173 4690 ipsum
3218 4633 3323 4673 non
3352 4617 3683 4671 mediocrem

2099 4725 2464 4786 contemptum
2491 4715 2673 4770 habet.
2710 4714 2846 4780 Quid
2889 4712 3038 4778 facis,
3068 4711 3141 4765 mi
3173 4709 3364 4765 homo?
3407 4707 3689 4764 Pmseute

2097 4807 2331 4873 Christo,
2363 4806 2697 4861 adstantibus
2722 4805 2945 4874 angelis,
2975 4802 3244 4872 proposita
3273 4800 3373 4855 ista
3400 4797 3684 4854 tremenda

2099 4915 2306 4964 mensa,
2334 4899 2460 4952 dum
2490 4897 2664 4952 adhuc
2689 4895 2881 4951 fratres
2902 4895 2974 4948 tui
3000 4893 3270 4964 mysteriis
3297 4892 3596 4956 initiantur,
3621 4898 3683 4943 t

2101 4991 2303 5046 relictis
2329 4990 2434 5044 illis
2459 4989 2738 5043 abscedis?
2781 4989 2938 5056 Atqui
2970 4986 3034 5040 ad
3063 4984 3342 5054 prandium
3376 4982 3591 5052 quidem
3631 4983 3681 5036 si

2098 5093 2320 5137 vocatus
2350 5081 2536 5147 fueris,
2563 5079 2775 5135 tametsi
2806 5079 2952 5147 prius
2978 5085 3248 5130 saturatus
3299 5076 3375 5127 sis
3399 5115 3414 5138 ,
3467 5087 3679 5126 recum-

2101 5176 2348 5232 bentibus
2373 5174 2584 5230 caeteris
2606 5188 2712 5226 non
2743 5170 2910 5226 audes
2936 5178 3060 5222 ante
3107 5166 3308 5219 amicos
3356 5163 3634 5218 discedere
3657 5179 3676 5226 ;

2099 5268 2184 5323 hic
2212 5283 2338 5321 vero
2368 5266 2492 5320 dum
2513 5263 2709 5318 Christi
2734 5260 2983 5331 mysteria
3004 5259 3360 5321 celebrantur,
3381 5254 3508 5309 dum
3553 5267 3673 5306 san~

2100 5370 2241 5414 ctum
2266 5357 2392 5412 illud
2420 5353 2742 5410 sacrificium
2770 5351 2946 5405 adhuc
2975 5350 3265 5419 peragitur,
3294 5346 3538 5403 omniain
3562 5359 3674 5399 me-

2099 5450 2189 5505 dio
2214 5448 2540 5517 derelinqnis
2569 5454 2623 5500 et
2651 5441 2939 5498 abscedis?
2967 5440 3098 5506 Quis
3124 5440 3239 5494 lucc
3277 5437 3486 5493 tandem
3516 5435 3669 5490 venia

2100 5544 2256 5614 digna
2283 5537 2593 5597 censuerit?
2618 5537 2738 5608 quis
2764 5533 3076 5591 defensioue
3099 5531 3370 5602 purgarit?
3399 5527 3564 5582 Vultis
3583 5525 3670 5578 di-

2100 5633 2512 5703 camcujusnam
2539 5645 2674 5701 opus
2701 5627 2980 5698 perﬁciant
3001 5621 3072 5677 illi
3119 5622 3210 5692 qui
3256 5629 3383 5675 ante
3425 5617 3664 5686 comple-

2105 5736 2338 5783 mentum
2383 5724 2647 5793 ﬁnemque
2669 5718 2967 5785 discedunt,
3014 5730 3187 5784 neque
3232 5728 3381 5769 omna
3428 5711 3667 5766 absoluta
