4062 6206
415 216 510 272 371
680 274 700 293 χ
1438 221 1522 277 οι]
1561 221 1980 280 PRODITIONE

2100 226 2241 282 ΒΕ.
2280 260 2350 271 --
2383 230 2717 292 MONITUM.

417 335 708 405 gratiarum
734 341 962 398 actionis
993 343 1219 414 hymnos
1240 347 1504 403 offerunt?
1537 350 1736 407 Durum
1768 351 1996 410 fortasse

370 435 436 454 αἱ,

363 435 388 526 ᾖ
419 426 684 526 videbitur
703 431 846 502 quod
867 447 984 489 sum
1015 434 1275 504 dicturus,
1303 439 1398 495 sed
1432 456 1656 498 necesse
1698 454 1782 499 est
1820 454 1996 502 tamen

418 528 477 576 ut
504 521 574 577 ob
597 523 976 597 plerorumque
1004 529 1376 600 negligentiam
1404 534 1631 592 dicatur.
1659 537 1884 606 Quando
1911 540 1998 595 ul-

419 614 561 668 tima:
585 629 752 671 cteuae
777 621 1187 677 communicavit
1212 623 1376 681 Judas
1407 636 1563 682 nocte
1585 627 1671 683 illa
1702 640 1992 699 postrema,

415 707 628 763 caeteris
656 709 906 766 omnibus
932 716 1370 774 recumbentibus
1390 761 1405 788 ,
1435 720 1549 790 ipse
1592 737 1654 777 se
1701 724 1999 793 proripiens

414 801 665 856 excessit.
699 803 850 858 Illum
887 805 1162 862 imitantur
1204 817 1256 865 et
1301 812 1390 867 isti
1440 813 1530 883 qui
1585 823 1710 870 ante
1757 816 1995 871 ultimam

418 893 710 962 gratiarum
740 897 1004 953 actionem
1023 899 1323 956 discedunt.
1345 902 1454 958 Nisi
1471 905 1612 960 enim
1643 906 1862 961 exiisset
1883 907 1993 972 ille,

418 984 660 1053 proditor
685 984 855 1040 factus
881 1004 986 1044 non
1033 1000 1208 1056 esset;
1258 993 1362 1047 nisi
1407 994 1802 1066 condiscipulos
1841 997 1998 1053 dese-

415 1076 639 1144 ruisset,
676 1094 782 1132 non
816 1081 1096 1148 periisset;
1126 1083 1227 1138 nisi
1257 1085 1492 1154 seipsum
1519 1095 1673 1142 extra
1703 1088 1842 1142 ovile
1870 1104 1997 1158 pro-

415 1165 668 1235 ripuisset
688 1168 703 1199 ¹
724 1208 740 1234 ,
773 1185 877 1223 non
909 1185 1030 1224 eum
1056 1172 1212 1243 lupus
1241 1174 1412 1229 solum
1444 1185 1712 1247 repertum
1739 1177 1996 1233 devoras-

414 1269 530 1324 set;
565 1260 664 1314 uisi
694 1260 928 1331 seipsmn
946 1279 974 1316 a
997 1272 1208 1333 pastore
1229 1276 1586 1338 segregasset,
1612 1267 1799 1323 bellum
1815 1269 1997 1338 przeda

414 1348 586 1406 factus
607 1367 714 1406 non
743 1362 907 1409 esset.
936 1353 1138 1411 idcirco
1165 1357 1418 1412 nimirum
1451 1359 1543 1415 ille
1593 1375 1712 1414 cum
1760 1359 1992 1424 Iudaeis,

414 1441 501 1494 isti
532 1457 659 1496 vero
675 1458 796 1498 cum
829 1444 1055 1501 Domino
1100 1447 1300 1519 hymno
1328 1450 1474 1505 dicto
1522 1452 1788 1506 exierunt.
1834 1451 1996 1508 Vides

415 1545 474 1588 ut
499 1545 732 1591 extrema
772 1538 858 1592 illa
889 1549 1010 1609 post
1036 1542 1354 1598 sacrificium
1401 1544 1571 1599 oratio
1612 1544 1678 1599 ad
1729 1544 1858 1599 illud
1904 1544 1994 1599 fiat

414 1627 757 1697 exemplum?
795 1628 946 1684 Nune
999 1631 1178 1701 igitur,
1230 1633 1599 1700 dilectissimi,
1660 1635 1774 1690 haec
1820 1645 1996 1691 mente

413 1735 708 1785 versemus,
733 1719 848 1775 haec
874 1722 1012 1790 apud
1044 1738 1142 1777 nos
1161 1725 1483 1794 cogitemus,
1525 1735 1578 1780 et
1599 1727 1722 1780 huic
1753 1727 1996 1795 proposi-

414 1822 518 1867 tam
549 1813 738 1868 sceleri
769 1814 1163 1870 damnationem
1210 1815 1644 1872 rcformidemus.
1690 1817 1806 1887 Ipse
1834 1832 1992 1872 suam

412 1907 504 1960 tibi
532 1921 747 1962 carnem
769 1908 1011 1979 largitur,
1042 1917 1098 1964 at
1125 1919 1180 1964 tu
1211 1926 1278 1966 ne
1294 1911 1472 1966 verbis
1501 1912 1716 1983 quidem
1758 1927 1878 1967 eum
1903 1927 1993 1966 re-

3582 242 3695 300 37!

2101 361 2260 430 Atqui
2285 361 2412 415 dum
2434 360 2537 418 hoc
2556 375 2816 432 corporeo
2844 362 3076 418 vesceris
3103 362 3242 424 cibo,
3277 370 3395 431 post
3441 374 3681 415 mensam

2107 452 2174 506 ad
2195 453 2489 508 orationem
2521 461 2573 509 te
2612 455 2878 508 convertis
2906 471 2918 506 :
2943 453 3068 508 dum
3113 468 3241 508 vero
3291 451 3583 524 spiritualis
3626 463 3683 506 et

2104 561 2320 601 onmem
2346 553 2642 600 creaturam
2674 555 2783 599 tum
2815 543 3076 600 visibilem
3107 554 3216 600 tum
3249 542 3565 600 invisibilem
3593 558 3684 598 su-

2103 637 2358 706 perantis,
2377 637 2438 691 fis
2455 637 2739 707 particeps,
2761 636 2968 690 tametsi
2988 636 3146 690 homo
3162 636 3236 690 sis
3255 645 3307 690 et
3320 634 3436 690 vilis
3455 643 3683 698 naturae,

2102 744 2208 783 non
2240 738 2518 798 exspectas
2566 737 2621 783 ut
2667 728 2868 798 gratias
2918 742 3050 798 agas
3093 735 3147 781 et
3191 727 3368 782 verbis
3387 735 3442 782 et
3489 726 3685 781 factis?

2100 819 2238 887 Quid
2255 828 2335 874 est
2363 819 2505 874 aliud
2523 835 2681 890 quam
2710 829 2952 875 extremo
2981 818 3242 888 supplicio
3257 832 3377 873 sese
3396 818 3683 873 obnoxium

2102 912 2366 966 reddere?
2390 913 2514 966 Haec
2539 928 2638 981 ego
2667 911 2788 966 dico
2819 926 2924 965 non
2944 918 3003 964 ut
3032 909 3260 964 laudetis
3281 908 3477 974 solum,
3509 924 3686 979 neque

2103 1015 2160 1058 ut
2192 1004 2581 1058 tumultuemiui
2611 1013 2664 1058 et
2689 1001 2952 1069 clauietis,
2983 1001 3077 1056 sed
3103 1009 3301 1056 utcum
3327 1009 3534 1069 tempus
3555 1015 3683 1055 exe—

2099 1096 2255 1164 gerit,
2286 1095 2476 1150 horum
2505 1109 2772 1150 memores
2800 1094 3084 1148 verborum
3114 1091 3522 1147 convenientem
3563 1105 3683 1144 mo-

2100 1186 2321 1242 destiam
2354 1202 2463 1255 pra:
2488 1186 2637 1241 vobis
2660 1185 2861 1240 feratis.
2912 1183 3160 1255 Mysteria
3206 1190 3261 1237 et
3305 1181 3577 1246 dicuntur,
3631 1190 3682 1234 et

2100 1287 2262 1344 sunt;
2294 1279 2380 1332 ubi
2411 1293 2539 1333 vero
2563 1285 2690 1333 sunt
2714 1275 2992 1348 mysteria,
3023 1275 3248 1329 multum
3277 1274 3545 1329 silentium
3575 1283 3678 1328 est.

2099 1370 2230 1426 Cum
2248 1371 2415 1425 multo
2431 1385 2560 1441 ergo
2585 1370 2816 1435 silentio,
2845 1383 2966 1423 cum
2994 1367 3158 1422 multa
3186 1365 3469 1432 modestia,
3487 1363 3682 1421 decen~

2101 1462 2245 1532 tique
2274 1462 2576 1518 reverentia
2603 1468 2846 1516 sanctum
2863 1459 2966 1514 hoc
2988 1457 3312 1514 sacrificium
3334 1457 3680 1527 attingamus,

2099 1561 2158 1606 ut
2191 1551 2447 1622 majorem
2489 1551 2644 1607 nobis
2695 1551 2791 1606 Dei
2837 1550 3270 1607 benevolentiam
3313 1548 3678 1616 conciliemus,

2099 1653 2153 1699 et
2172 1644 2408 1698 animum
2427 1659 2834 1715 perpurgemus,
2870 1652 3176 1715 mternaque
3217 1643 3356 1699 bona
3380 1656 3680 1712 consequa-

2098 1752 2252 1802 mur;
2283 1751 2402 1804 qure
2427 1749 2523 1791 nos
2543 1750 2732 1790 omnes
2753 1745 2810 1790 ut
2833 1736 3192 1800 obtineamus,
3241 1733 3371 1789 faxit
3412 1734 3582 1805 gratia
3627 1741 3682 1787 et

2097 1825 2396 1896 benignitas
2429 1826 2640 1881 Domini
2670 1827 2840 1881 nostri
2869 1826 2995 1881 Jesu
3021 1825 3238 1892 Christi,
3267 1840 3389 1880 cum
3428 1840 3534 1896 quo
3579 1823 3680 1879 Pa-

2098 1917 2186 1979 tri,
2211 1916 2474 1986 simulque
2497 1917 2715 1987 Spiritui
2753 1926 2940 1972 sancto
2960 1959 2974 1984 ,
3005 1917 3194 1988 gloria,
3250 1915 3566 1987 imperium,
3628 1924 3681 1970 et

412 2000 728 2066 ηιυιιετπίεο
763 2015 935 2072 neque
958 2016 1052 2073 pro
1078 2002 1280 2073 iisquae
1313 2004 1564 2074 accepisti
1592 2004 1791 2076 gratias
1844 2003 1993 2073 agis?
2096 2008 2356 2076 adoratio,
2385 2025 2526 2066 nunc
2557 2018 2943 2081 etsemper,et
2990 2011 3042 2066 in
3101 2009 3295 2065 saecula
3343 2009 3678 2064 saculos-um.

473 2113 489 2144 ³
527 2120 574 2162 In
598 2113 738 2164 Savil.
765 2113 962 2177 legitur,
983 2120 1126 2165 extra
1147 2113 1269 2166 ovile
1289 2114 1414 2166 illud
1435 2130 1626 2167 sacrum
1639 2114 1970 2180 proripuisset.
2097 2104 2138 2156 Α
2154 2118 2292 2158 me".

1773 3013 1790 3027 ·
1858 2989 2228 3052 MONITL'M

432 3291 728 3349 secundam
772 3289 848 3343 De
875 3284 1023 3342 Iuda
1052 3284 1322 3357 proditore
1359 3284 1742 3338 incunctanter
1777 3277 2194 3348 conjiceremus.
2254 3272 2456 3330 Verum
2512 3273 2742 3341 levibus,
2808 3274 2863 3328 ni
2921 3271 3100 3342 fallor,
3140 3274 3474 3345 conjecturis
3539 3274 3683 3332 hanc

434 3404 699 3474 temporis
733 3401 998 3457 rationem
1023 3395 1262 3453 instituit
1290 3391 1694 3457 Tillemontius,
1736 3399 1796 3444 ut
1818 3387 2066 3460 pluribus
2089 3385 2304 3442 dicetur
2334 3386 2390 3441 in
2418 3385 2625 3442 Monito
2659 3386 2728 3442 ad
2768 3385 3022 3443 homilias
3045 3387 3100 3442 in
3127 3385 3393 3443 Genesim.
3445 3387 3570 3443 Haec
3611 3389 3680 3446 de

436 3522 660 3579 homilia
692 3520 932 3577 secunda
964 3518 1121 3588 cujus
1164 3517 1401 3581 initium,
1439 3513 1796 3584 Ἐϐουλόμην,
1825 3511 2001 3580 ἀγαπι

2100 3511 2102 3560 ῐ
2132 3529 2145 3565 :
2187 3510 2254 3565 de
2277 3509 2516 3563 homilia:
2543 3523 2674 3562 vero
2708 3507 2921 3578 primae,
2946 3523 3068 3580 quae
3099 3510 3178 3566 sic
3232 3509 3444 3582 incipit,
3491 3509 3678 3579 Ὀλίγα

432 3639 670 3708 ἀνάγκη,
703 3647 970 3708 tempore,
1001 3637 1140 3691 nihil
1183 3635 1330 3691 aliud
1362 3635 1448 3689 vel
1485 3641 1656 3696 certo,
1694 3631 1781 3687 vel
1816 3629 2108 3685 admodum
2150 3628 2505 3700 probabiliter
2547 3636 2788 3683 statuere
2815 3641 3140 3696 possumus,
3191 3642 3356 3697 quam
3412 3627 3558 3697 quod
3586 3626 3678 3680 illa

433 3748 639 3818 aliquot
662 3758 787 3803 ante
827 3747 1123 3803 secundam
1155 3747 1317 3802 annis
1348 3745 1531 3800 habita
1565 3743 1730 3800 fuerit
1754 3762 1768 3798 :
1795 3755 1971 3812 neque
2000 3757 2129 3798 vero
2171 3741 2461 3798 tacendum
2495 3749 2581 3796 est
2611 3741 2752 3796 hanc
2785 3740 3017 3812 primam
3053 3781 3068 3808 ,
3111 3740 3297 3812 Ὀλίγα
3350 3741 3588 3813 ἀνάγκη,
3623 3743 3678 3798 in

433 3866 756 3936 perantiquo
795 3865 890 3920 illo
931 3861 1195 3931 Catalogo
1231 3860 1550 3929 Augustano
1582 3858 1724 3912 inter
1757 3855 1956 3926 γνησία
1990 3869 2154 3926 opera
2197 3855 2376 3909 locum
2404 3852 2626 3920 habere,
2667 3868 2778 3908 non
2807 3867 2937 3909 vero
2967 3852 3304 3918 secundam;
3346 3855 3474 3924 quia
3524 3853 3675 3910 vide-

435 3986 560 4040 licet
587 3983 740 4038 initio
769 3991 826 4038 et
861 3980 1050 4052 paucis
1079 3977 1201 4033 aliis
1237 3974 1501 4044 exceptis,
1531 3988 1654 4043 qua:
1677 3987 1707 4026 a
1739 3971 2136 4043 Cbrysostomo
2170 3968 2344 4040 ipsam
2398 3976 2732 4022 retractante
2765 3966 2988 4022 inducta
3037 3967 3288 4032 fuerant,
3327 3967 3515 4023 eadem
3564 3970 3679 4038 ipsa

431 4108 547 4152 erat
575 4115 589 4150 :
614 4107 667 4152 et
706 4093 973 4164 alioquin,
1016 4099 1074 4144 ut
1103 4098 1250 4146 recte
1275 4087 1489 4143 monuit
1520 4086 1780 4151 Savilius,
1819 4085 2113 4157 Catalogus
2175 4086 2264 4141 ille
2297 4088 2650 4157 Augustauus
2685 4084 2756 4138 ita
2818 4083 3180 4139 concinnatus
3221 4092 3325 4149 est,
3369 4094 3430 4139 ut
3498 4083 3678 4138 omni.

433 4218 650 4287 quidem
685 4215 973 4287 opuscula,
1004 4229 1127 4286 qua
1157 4211 1213 4265 in
1238 4224 1302 4264 eo
1344 4218 1742 4274 memorantur,
1778 4222 1906 4263 vera
1946 4220 2313 4278 germauaque
2357 4205 2505 4271 sint;
2543 4204 2640 4260 sed
2689 4218 2823 4259 cave
2861 4211 3019 4272 putes
3061 4200 3266 4268 omnia,
3305 4215 3427 4270 quae
3475 4199 3544 4256 ab
3587 4200 3679 4256 illo

433 4329 650 4394 absunt,
681 4345 802 4385 esse
835 4328 1020 4398 spuria
1047 4345 1063 4395 ;
1095 4326 1343 4397 quinimo
1370 4325 1544 4378 multo
1577 4323 1733 4393 plura
1768 4332 1896 4378 sunt
1927 4321 2301 4394 Chrysostomi
2329 4322 2529 4392 γνήσια
2559 4334 2722 4389 opera
2744 4359 2758 4381 ,
2794 4331 2956 4388 quam
2993 4332 3060 4372 ea
3091 4331 3212 4387 qua:
3244 4315 3300 4370 in
3345 4315 3536 4370 eodem
3576 4315 3672 4370 Ca-

437 4431 615 4500 talogo
647 4434 1021 4482 recensentur.
1052 4424 1322 4480 Caeterum
1349 4422 1476 4492 quia
1505 4421 1750 4475 eamdem
1783 4421 2100 4476 concionem
2133 4419 2451 4475 retractavit
2493 4418 2948 4489 Chrysostomus,
2977 4411 3112 4467 etin
3143 4409 3418 4480 plerisque
3459 4409 3532 4463 ita
3569 4424 3688 4464 mn-

435 4546 587 4608 tavit.
621 4553 680 4599 ut
711 4543 846 4598 duas
873 4558 939 4598 ex
976 4555 1085 4597 una
1125 4539 1382 4594 homilias
1419 4537 1677 4603 eﬂ‘ecerit,
1711 4537 1848 4592 nihil
1877 4538 2076 4593 mirum
2108 4539 2154 4595 si
2197 4545 2346 4592 tanta
2400 4536 2471 4592 sit
2531 4536 2585 4591 in
2624 4532 3011 4604 Manuscriptis
3047 4531 3320 4598 varietas;
3373 4546 3496 4584 cum
3556 4543 3684 4583 vero

437 4659 698 4714 lectiones
731 4658 896 4712 varia
923 4655 989 4710 ad
1019 4654 1337 4710 alterutram
1374 4654 1702 4724 pertineant,
1733 4653 1866 4708 satis
1895 4654 2186 4709 habuimus
2228 4661 2515 4722 utramque
2550 4649 2807 4714 edidisse,
2863 4659 2918 4704 et
2976 4663 3006 4702 a
3064 4645 3522 4717 frequentissimis
3575 4644 3684 4700 illis

436 4775 602 4829 variis
624 4771 952 4829 lectionibus
989 4773 1314 4828 annotandis
1352 4769 1738 4826 abstinuimus.
1788 4767 1984 4825 Notatu
2026 4769 2223 4839 dignus
2253 4775 2337 4822 est
2394 4767 2449 4820 in
2484 4774 2715 4834 utraque
2778 4761 3002 4820 homilia
3068 4762 3222 4818 locus
3278 4761 3368 4815 ille
3410 4776 3562 4815 num.
3605 4760 3682 4817 6:

438 4884 599 4936 Adest
627 4890 676 4936 et
709 4898 847 4935 nunc
887 4881 1129 4937 Christus
1163 4898 1394 4936 mensam
1430 4896 1714 4935 exornans.
1741 4877 1927 4950 Neque
1951 4879 2088 4932 enim
2121 4877 2274 4931 homo
2302 4887 2378 4932 est
2411 4878 2480 4941 is,
2515 4877 2603 4947 qui
2631 4876 2759 4946 facit
2789 4885 2843 4930 ut
2881 4876 3150 4946 proposita
3171 4889 3358 4943 corpus
3390 4884 3439 4928 et
3467 4877 3686 4945 sanguis

437 5003 640 5060 Christi
669 5006 982 5075 efﬁciantur.
1023 5003 1286 5074 Figuram
1314 5012 1517 5058 tantum
1560 5003 1782 5072 implens
1815 5010 1922 5058 stat
1961 5002 2205 5057 sacerdos
2243 5013 2292 5058 et
2327 5001 2765 5074 supplicationem
2791 5000 2942 5069 oﬂ'ert
2969 5015 2987 5052 :
3025 4998 3201 5069 gratia
3240 5007 3418 5051 autem
3443 5006 3492 5051 et
3519 4998 3685 5052 virtus

438 5122 534 5177 Dei
562 5132 661 5186 est,
689 5140 807 5195 qua!
834 5124 1014 5178 omnia
1040 5124 1212 5194 eﬁicit.
1247 5119 1361 5178 Hoc
1395 5130 1480 5177 est
1511 5137 1710 5192 corpus
1738 5137 1939 5188 meum,
1968 5121 2181 5190 inquit:
2210 5121 2306 5176 hoc
2343 5121 2555 5177 uerbum
2597 5120 2866 5192 proposita
2900 5116 3272 5186 transformat.
3305 5112 3401 5170 llic
3430 5124 3483 5171 et
3506 5127 3685 5172 trans-

437 5238 812 5291 substantiatio
840 5247 894 5294 et
933 5240 1218 5309 praesentia
1245 5238 1446 5296 Christi
1475 5241 1530 5295 in
1562 5241 1907 5297 Eucharistta
1933 5241 2081 5296 clare
2116 5240 2500 5310 praedicantur,
2533 5249 2593 5296 ut
2617 5238 2864 5311 pluribus
2893 5237 3103 5293 dicetur
3130 5247 3230 5290 suo
3260 5233 3400 5288 loco.

512 5389 667 5459 Quod
699 5407 828 5448 vero
859 5392 914 5448 in
942 5403 1175 5464 utraque
1205 5394 1429 5450 homilia
1457 5395 1591 5452 dicit
1643 5410 1704 5454 se
1730 5397 1843 5466 jam
1873 5405 2070 5468 quarto
2093 5395 2183 5453 die
2209 5396 2278 5453 de
2311 5398 2556 5454 oratione
2589 5413 2688 5466 pro
2739 5394 2978 5452 inimicis
3015 5409 3198 5468 agere,
3259 5393 3463 5451 indicat
3504 5393 3686 5464 utique

438 5504 889 5563 Clirvsostomum
925 5506 979 5562 in
1011 5514 1264 5578 utroque,
1296 5522 1405 5578 quo
1429 5506 1530 5564 has
1554 5507 1811 5566 homilias
1842 5509 2050 5578 habuit,
2084 5527 2230 5568 anno
2266 5511 2516 5569 eumdem
2547 5510 2907 5572 concionandi
2936 5512 3185 5570 ordinem
3203 5512 3474 5568 tenuisse.

517 5658 816 5731 Utriusque
844 5659 1081 5718 homilias
1110 5662 1608 5734 interpretationem
1651 5681 1846 5722 novam
1875 5667 2107 5723 edimus.
