4062 6206
379 194 496 265 si;

1079 198 1136 253 S.
1174 198 1460 256 JOANNIS
1498 202 1994 263 CllllYSOSTOMI
2029 206 2347 267 ARCHIEP.
2390 208 2936 265 CONSTANTINOP.

3531 215 3642 270 574

1503 797 1582 856 ΙΝ
1645 797 2198 860 PRODITIONEM
2258 801 2510 872 JUDZE,

374 1083 450 1126 ΕΤ
493 1085 558 1132 IN
605 1085 874 1141 PASCHA,
927 1085 1121 1140 INQUE
1163 1088 1597 1132 TRADITIONEM
1645 1090 2122 1146 MYSTERIORUM,
2173 1093 2249 1134 AC
2293 1091 2461 1143 QUOD
2496 1090 2626 1134 NON
2671 1092 2993 1136 OPORTEAT
3027 1092 3409 1140 INJURIARUM
3445 1097 3640 1143 MEMI-

1191 1165 1370 1210 NISSE
1397 1196 1411 1221 ,
1454 1165 1521 1210 IN
1563 1167 1796 1212 ssnon
1838 1170 1915 1213 ET
1960 1169 2172 1215 MAGNA
2213 1169 2394 1214 manu
2443 1169 2674 1222 eorum
2715 1153 2818 1234 (a).

1001 1667 1226 1708 ROMILIA
1263 1668 1302 1707 1.

426 1744 614 1800 Paucis
643 1744 801 1798 hodie
828 1758 950 1797 cum
977 1751 1151 1796 vestra
1182 1741 1403 1796 caritate
1431 1748 1658 1795 tractare
1687 1755 1934 1796 necessa-

353 1835 490 1889 rium
531 1844 612 1888 est
645 1852 658 1886 :
687 1844 741 1888 et
777 1833 898 1888 ideo
928 1833 1112 1902 paucis
1133 1874 1147 1897 ,
1187 1847 1292 1885 non
1325 1829 1469 1900 quod
1497 1831 1759 1886 dietorum
1786 1833 1938 1901 copia

351 1926 643 1997 gravemini
678 1942 690 1978 :
720 1925 916 1978 nullam
946 1924 1087 1978 enim
1118 1923 1276 1977 aliam
1297 1923 1566 1978 civitatem
1591 1924 1827 1993 reperire
1857 1932 1941 1977 est

351 2016 738 2072 andiendorum
765 2015 1115 2084 spiritualium
1131 2027 1437 2068 sermonum
1459 2016 1596 2068 adeo
1619 2013 1933 2068 studiosam.

352 2108 469 2163 Non
497 2116 776 2176 propterea
803 2105 960 2174 igitur
990 2119 1151 2174 pauca
1179 2103 1425 2169 dicimus,
1458 2102 1598 2172 quod
1621 2103 1770 2157 vobis
1800 2103 1938 2156 mul-

351 2198 577 2253 titudine
601 2212 912 2252 sermonum
942 2194 1214 2249 fastidium
1247 2196 1514 2264 pariamus
1531 2235 1548 2260 ,
1573 2193 1666 2248 sed
1692 2195 1814 2262 quia
1835 2194 1936 2248 alia

351 2289 642 2345 intervenit
688 2287 847 2343 hodie
873 2287 1148 2342 brevitatis
1189 2300 1369 2340 causa.
1409 2284 1618 2339 Etenim
1647 2284 1841 2338 multos
1862 2284 1938 2337 vi-

351 2382 454 2437 deo
481 2381 664 2436 fideles
688 2380 753 2434 ad
785 2380 1174 2435 horrendorum
1203 2379 1576 2450 mysteriorum
1601 2378 1938 2432 communio-

351 2488 474 2528 nem
502 2472 838 2527 festinantes.
858 2470 930 2526 Ut
955 2471 1112 2540 igitur
1143 2484 1316 2539 neque
1345 2468 1434 2523 illa
1455 2484 1637 2523 mensa
1665 2468 1930 2534 excidant,

353 2579 527 2634 neque
557 2562 657 2618 hac
686 2577 903 2632 prorsus
930 2560 1272 2625 frustrentur,
1303 2575 1526 2614 necesse
1557 2568 1643 2613 est
1689 2559 1935 2614 modera-

349 2665 458 2708 tum
489 2655 663 2708 cibum
693 2668 978 2722 apponere,
999 2653 1340 2720 ututrimque
1369 2651 1520 2705 vobis
1549 2651 1752 2705 lucrum
1781 2667 1935 2706 acce-

349 2744 479 2808 dat,
534 2753 589 2797 et
635 2743 736 2796 hoc
777 2758 874 2797 ceu
919 2741 1174 2796 doctrinae
1205 2741 1399 2795 viatico
1448 2741 1666 2806 muniti,
1698 2741 1774 2794 sic
1812 2755 1933 2794 cum

351 2839 562 2902 timore,
584 2845 815 2891 tremore
837 2877 851 2900 ,
880 2834 1165 2905 debitaque
1190 2834 1487 2890 reverentia
1510 2834 1574 2890 ad
1603 2834 1931 2890 tremendam

348 2928 776 2998 horrendamque
799 2928 1228 2982 communionem
1270 2925 1554 2981 accedatis.

419 3022 648 3092 Lugendi
669 3023 705 3074 ii
740 3022 826 3091 qui
846 3019 980 3074 male
1003 3030 1194 3090 agunt,
1231 3035 1330 3072 non
1360 3019 1444 3090 qui
1486 3020 1621 3073 mala
1649 3020 1932 3088 patiuntur;

352 3112 601 3168 orandum
627 3129 718 3182 pro
742 3111 978 3164 inimicis.
1009 3141 1075 3149 —
1100 3109 1291 3176 llodie,
1319 3108 1519 3175 dilecti,
1547 3109 1802 3164 Dominus
1831 3125 1931 3164 no-

345 3215 457 3260 ster
492 3204 645 3260 Jesus
668 3204 912 3260 Christus
954 3202 1176 3257 traditus
1222 3211 1336 3257 est:
1361 3204 1514 3271 hujus
1558 3219 1784 3273 namque
1825 3203 1929 3258 diei

344 3311 566 3366 veSpcra
597 3294 768 3350 Judzei
798 3295 891 3349 illo
910 3293 1299 3364 comprehenso
1349 3294 1612 3348 abierunt.
1646 3294 1840 3348 Verum
1865 3310 1930 3350 ne

343 3384 674 3439 contristeris
724 3381 944 3437 audiens
999 3381 1268 3436 Christum
1309 3380 1572 3451 proditum
1630 3395 1792 3436 esse:
1823 3381 1931 3436 imo

345 3475 520 3542 potius
533 3473 868 3537 contristare,
885 3480 940 3528 et
956 3473 1147 3528 acerbe
1160 3473 1298 3543 luge,
1317 3487 1419 3527 non
1442 3471 1705 3542 proditum
1721 3472 1924 3540 Jesum,

342 3565 438 3620 sed
459 3564 782 3635 proditorem
803 3563 1011 3619 Judam.
1040 3563 1247 3618 Etenim
1270 3564 1358 3634 qui
1389 3562 1629 3633 proditus
1654 3573 1756 3630 est,
1777 3581 1929 3618 nmn—

341 3657 465 3710 tlum
497 3655 700 3711 salvum
729 3655 872 3718 fecit,
903 3654 1141 3724 proditor
1162 3669 1290 3710 vero
1312 3654 1542 3708 animam
1564 3670 1717 3708 suam
1745 3653 1923 3724 perdi-

340 3747 418 3801 dit
448 3763 462 3800 τ
487 3748 576 3817 qui
620 3747 862 3816 proditus
913 3755 1030 3814 est,
1061 3746 1128 3802 ad
1157 3746 1431 3802 dexteram
1462 3747 1634 3802 Patris
1680 3747 1833 3802 sedet
1871 3746 1924 3801 in

339 3841 501 3905 caelis,
519 3841 757 3910 proditor
786 3841 839 3894 in
871 3839 1080 3895 inferno
1108 3855 1249 3895 nunc
1280 3849 1392 3907 est,
1417 3839 1721 3895 inevitabile
1747 3839 1923 3895 ferens

338 3933 675 4003 supplicium.
696 3931 862 4002 llujus
878 3946 1036 3986 causa
1053 3932 1172 4001 lnge
1193 3940 1246 3986 et
1269 3931 1574 4001 ingemisce,
1589 3929 1744 4001 hujus
1764 3944 1924 3986 causa

338 4024 653 4093 lacrymare,
675 4021 788 4091 ejus
811 4023 1006 4092 quippe
1030 4037 1186 4076 causa
1208 4020 1776 4077 llevitChristus.Nam
1799 4020 1925 4076 Cum

335 4114 536 4168 vidisset
581 4130 692 4167 eum
715 4155 730 4178 ,
766 4113 966 4183 inquit,
1002 4113 1230 4166 turbatus
1273 4123 1378 4179 est,
1405 4122 1452 4165 et
1485 4113 1640 4179 dixit,
1677 4111 1820 4166 Unus
1864 4129 1926 4165 ex

333 4205 470 4258 vobis
500 4204 662 4257 tradet
704 4221 782 4257 me
806 4203 986 4272 (Joan.
1031 4205 1116 4260 15.
1167 4203 1283 4276 2i).
1312 4204 1356 4259 0
1382 4213 1577 4275 quanta
1615 4203 1921 4257 misericor-

331 4297 418 4350 dia
473 4295 717 4350 Domini!
763 4296 1000 4366 proditus
1047 4298 1372 4368 proditorem
1415 4297 1578 4367 luget.
1609 4294 1736 4352 Cum
1764 4296 1919 4351 vidis.

330 4395 402 4440 set
431 4402 565 4450 eum,
594 4387 688 4454 ait,
720 4387 947 4443 turbatus
973 4400 1066 4454 est,
1097 4397 1142 4442 et
1163 4388 1310 4456 dixit,
1339 4387 1484 4442 Unus
1509 4404 1571 4442 ea:
1599 4389 1734 4442 vobis
1759 4388 1920 4442 tradet

330 4494 428 4533 me.
462 4478 638 4544 Quare
666 4489 890 4535 moestus
920 4479 1054 4534 fuit?
1081 4478 1249 4536 Simul
1280 4487 1337 4534 ut
1358 4494 1594 4535 amorem
1615 4479 1920 4536 ostenderet

329 4589 507 4639 suum,
534 4583 588 4628 et
615 4573 712 4629 hos
733 4573 966 4638 doceret,
1000 4590 1104 4629 non
1127 4591 1246 4631 enm
1277 4576 1365 4646 qui
1387 4575 1524 4631 mala
1547 4578 1796 4646 patiatur,
1821 4576 1915 4632 sed

326 4679 472 4731 eum,
496 4665 585 4734 qui
617 4666 754 4720 male
775 4675 914 4735 agat,
934 4679 1145 4735 semper
1166 4668 1451 4738 lugendum
1473 4685 1612 4726 esse.
1641 4670 1754 4727 Hoc
1773 4671 1913 4725 enim

327 4758 421 4810 illo
450 4759 601 4828 pejus
642 4769 762 4824 est;
792 4758 900 4813 imo
927 4758 1104 4828 potius
1149 4761 1199 4814 id
1249 4778 1352 4816 non
1397 4763 1592 4817 malum
1629 4773 1746 4830 est,
1775 4765 1915 4820 male

325 4849 466 4916 pati,
523 4849 614 4904 sed
685 4850 824 4905 male
863 4865 1069 4920 agere,
1128 4850 1180 4904 id
1248 4867 1464 4922 prorsus
1545 4855 1762 4909 malum.
1821 4857 1914 4910 Et-

322 4941 465 4995 enim
514 4941 652 4996 male
680 4943 821 5012 pati,
860 4941 912 4996 id
939 4957 1160 5012 regnum
1197 4944 1446 4999 calorum
1475 4947 1742 5015 conciliat,
1774 4948 1912 5003 male

322 5039 499 5086 autem
556 5047 759 5102 agere,
829 5033 1089 5102 gehennae
1138 5033 1293 5089 nobis
1339 5044 1394 5089 et
1462 5037 1701 5105 supplicii
1751 5054 1909 5091 causa

323 5133 422 5176 est.
454 5125 584 5179 Nam
608 5168 622 5193 ,
645 5126 824 5194 Beati,
874 5127 1076 5200 inquit,
1113 5131 1200 5201 qui
1247 5134 1678 5203 persequutionem
1701 5136 1912 5203 patiun-

384 5215 457 5290 ςςι)
489 5216 665 5290 _Co_lla_ta
686 5233 795 5290 cum
807 5224 1107 5290 htss:_li_e_giis_
1127 5223 1278 5290 2032,
1303 5224 1443 5290 atat,
1467 5225 1607 5290 2429,
1643 5235 1694 5276 et
1715 5227 1905 5277 Coislin.

323 5275 513 5353 ?§§.:Ael.
533 5279 641 5350 50},
671 5289 722 5353 et
744 5282 872 5353 (lolii.
898 5284 985 5353 171
1001 5275 1144 5353 lv,_uhi
1171 5293 1238 5335 tot
1254 5275 1528 5353 :lectiorintn
1542 5275 1814 5338 discrimina
1829 5275 1908 5353 de;

321 5346 537 5410 currunt,
554 5346 633 5410 vis
652 5349 706 5390 ut
730 5346 914 5410 possint
929 5347 1084 5395 omnia
1108 5349 1283 5410 notari.
1304 5356 1350 5396 tn
1364 5350 1574 5399 editione
1587 5358 1748 5399 autem
1763 5352 1904 5400 Savil.

323 5405 450 5475 tanta
465 5405 685 5475 varietas
705 5405 1005 5466 observatur,
1028 5415 1081 5457 ut
1105 5408 1204 5457 bini
1224 5417 1387 5475 textus
1405 5412 1608 5475 edantur
1626 5425 1655 5460 e
1679 5414 1902 5475 regione,

321 5461 368 5536 in
393 5462 572 5536 quibus
595 5461 724 5536 idem
746 5461 1113 5536 argumentum;
1151 5472 1239 5520 sed
1258 5473 1478 5536 ordiendi
1515 5476 1700 5533 modus,
1720 5461 1904 5532 series,

321 5523 470 5573 verba
494 5523 782 5586 plerumque
805 5523 1217 5591 discrepanthua
1240 5533 1302 5582 dc
1322 5547 1380 5585 re
1420 5533 1635 5596 pluribus
1658 5523 1706 5584 in
1729 5523 1902 5586 Monito

318 5599 480 5646 supra.

2050 1751 2134 1793 tur
2177 1747 2384 1809 promer
2411 1737 2946 1808 justitiam,quoniam
2964 1738 3189 1807 ipsorum
3210 1749 3280 1792 est
3305 1756 3508 1810 regnum
3527 1757 3634 1795 car-

2045 1833 2210 1884 lorum
2236 1829 2450 1900 (Matth.
2481 1831 2534 1884 5.
2561 1828 2674 1900 10).
2709 1828 2896 1884 Viden’
2914 1830 3175 1884 malorum
3208 1833 3626 1901 perpessionem,

2046 1919 2102 1973 in
2132 1919 2430 1974 mercedem
2474 1934 2538 1974 ac
2576 1920 2850 1988 praemium
2876 1960 2891 1983 ,
2924 1923 3177 1990 consequi
3212 1937 3431 1992 regnum
3467 1924 3627 1977 αξιο-

2044 2011 2200 2064 rum?
2241 2011 2377 2065 Audi
2429 2011 2695 2080 quomodo
2739 2011 2933 2065 malum
2960 2022 3268 2082 perpetrare
3328 2029 3538 2083 poenam
3577 2027 3634 2070 et

2045 2103 2358 2172 supplicium
2400 2101 2606 2158 aderat.
2635 2101 2768 2157 Cum
2805 2103 2949 2158 enim
2973 2104 3195 2160 dixisset
3229 2105 3424 2160 Paulus
3445 2107 3514 2162 de
3537 2107 3633 2162 Ju—

2041 2195 2192 2262 dtL-is,
2224 2195 2498 2248 Dominum
2527 2195 2835 2262 occiderunt,
2865 2198 3136 2266 prOphetas
3176 2199 3462 2266 persequuti
3508 2211 3629 2254 sunt

2043 2288 2091 2357 (1
2126 2286 2304 2342 Thess.
2332 2288 2386 2341 2.
2432 2289 2519 2358 15)
2544 2328 2557 2352 ,
2586 2287 2790 2353 intulit,
2839 2287 3065 2353 Quorum
3095 2289 3213 2358 ﬁnis
3238 2291 3333 2343 erit
3354 2293 3632 2344 secundum

2042 2395 2197 2446 opera
2216 2396 2390 2434 eorum
2411 2380 2484 2449 (2
2511 2379 2629 2434 Cor.
2663 2381 2752 2434 11.
2785 2381 2897 2449 15).
2929 2379 3114 2434 Viden’
3135 2382 3404 2451 quomodo
3444 2383 3513 2450 ii,
3543 2384 3635 2454 qui

2042 2472 2464 2539 persecutionem
2508 2470 2798 2540 patiuntur,
2831 2487 3050 2541 regnum
3098 2473 3392 2542 accipiant,
3427 2475 3461 2528 ii
3498 2491 3628 2530 vero

2041 2561 2128 2629 qui
2156 2570 2567 2631 persequuntur,
2611 2561 2743 2616 iram
2764 2561 2864 2616 sibi
2891 2562 3114 2632 parent?
3161 2563 3286 2619 llaec
3323 2580 3480 2633 porro
3514 2581 3622 2620 non

2042 2663 2244 2708 temere
2271 2668 2410 2708 nunc
2434 2669 2463 2707 a
2494 2669 2580 2709 me
2606 2653 2747 2709 dicta
2777 2662 2932 2720 sunt,
2965 2655 3060 2710 sed
3087 2664 3144 2710 ut
3168 2671 3272 2710 non
3307 2669 3486 2712 contra
3515 2659 3625 2712 ini-

2041 2746 2208 2800 micos
2245 2747 2554 2812 irascamur,
2592 2747 2686 2801 sed
2727 2747 3074 2802 misereamur
3100 2748 3222 2802 illos
3249 2764 3308 2801 ac
3346 2749 3623 2818 lugeamus

2039 2852 2159 2890 cum
2187 2837 2356 2907 iisque
2381 2837 2678 2892 doleamus.
2702 2837 2776 2891 llli
2803 2836 2944 2892 enim
2971 2847 3116 2902 sunt,
3146 2838 3380 2908 quimale
3407 2840 3622 2908 patiun-

2041 2937 2158 2995 tur,
2208 2943 2400 2998 nempe
2440 2928 2531 2999 qui
2563 2927 2713 2983 nobis
2759 2936 2886 2982 sunt
2922 2927 3143 2983 inimici.
3176 2929 3230 2984 Si
3275 2929 3350 2983 sic
3386 2929 3616 2983 animam

2038 3031 2275 3077 nostram
2321 3030 2678 3091 temperemus
2701 3063 2716 3089 ,
2756 3023 2916 3076 etiam
2962 3037 3060 3092 pro
3085 3023 3213 3092 ipsis
3243 3039 3396 3078 orare
3425 3025 3627 3093 poteri-

2037 3128 2175 3166 mus.
2219 3112 2344 3167 ldeo
2381 3112 2520 3166 enim
2561 3122 2803 3182 quartam
2841 3111 2952 3182 jam
2993 3114 3200 3168 insumo
3237 3114 3378 3168 diem
3423 3114 3621 3168 cohor-

2038 3202 2197 3258 tando
2222 3217 2316 3257 vos
2347 3213 2402 3256 ut
2438 3218 2536 3274 pro
2575 3203 2803 3260 inimicis
2838 3203 3002 3259 oretis
3023 3245 3038 3271 ,
3067 3219 3172 3274 quo
3200 3205 3404 3260 ﬁrmior
3425 3207 3494 3260 sit
3519 3205 3619 3260 do-

2034 3293 2234 3360 ctrina,
2286 3292 2584 3363 frequentia
2627 3293 3004 3350 admonitionis
3041 3297 3296 3350 radicata.
3350 3296 3472 3352 ldeo
3516 3297 3622 3353 fre-

2034 3391 2263 3451 quenter
2283 3383 2620 3439 sermonibus
2661 3384 2802 3440 insto
2821 3426 2837 3451 ,
2863 3394 2918 3440 ut
2951 3385 3046 3440 ira:
3077 3395 3336 3442 tumorem
3367 3403 3621 3444 evacuem

2033 3484 2088 3528 et
2115 3473 2360 3530 ardorem
2389 3490 2755 3546 compescam,
2789 3484 2846 3530 ut
2885 3477 2973 3546 qui
3003 3487 3208 3532 oratum
3240 3478 3384 3533 venit
3414 3479 3492 3534 ira
3525 3496 3625 3534 va-

2036 3581 2169 3621 cuus
2193 3567 2285 3621 sit.
2312 3566 2442 3622 Nam
2473 3568 2718 3623 Christus
2758 3585 2863 3623 non
2905 3569 3237 3624 inimicorum
3266 3580 3468 3624 tantum
3497 3588 3623 3641 gra-

2033 3659 2104 3713 tia
2133 3658 2247 3714 lucc
2273 3660 2581 3714 cohortatus
2624 3669 2741 3727 est,
2771 3659 2864 3715 sed
2909 3661 3070 3716 etiam
3100 3664 3270 3716 nostri
3299 3679 3462 3717 causa
3482 3705 3498 3731 ,
3531 3667 3622 3734 qui

2032 3761 2248 3821 peccata
2274 3751 2378 3806 illis
2415 3751 2767 3806 dimittimus:
2796 3752 2998 3821 majora
3024 3754 3166 3807 enim
3191 3755 3389 3824 accipis
3408 3797 3423 3821 ,
3453 3771 3615 3825 quam

2031 3842 2146 3911 das,
2171 3859 2291 3899 cum
2320 3845 2451 3898 iram
2493 3845 2723 3900 remittis
2749 3845 2984 3900 inimico.
3018 3845 3087 3900 Et
3121 3847 3393 3917 quomodo
3414 3849 3615 3918 majora

2030 3933 2268 4004 accipio,
2301 3935 2546 4005 inquies?
2587 3935 2643 3990 Si
2671 3935 2887 3989 inimico
2929 3947 3140 4005 peccata
3183 3939 3488 4005 remiseris,
3517 3953 3610 3992 re-

2030 4026 2310 4080 mittuntur
2327 4026 2416 4079 tibi
2444 4025 2633 4080 delicta
2671 4036 2856 4080 contra
2881 4025 3164 4081 Dominum
3208 4029 3461 4083 admissa.
3486 4029 3612 4084 Ha-c

2030 4118 2340 4173 insanabilia
2362 4128 2487 4173 sunt
2529 4133 2592 4173 ac
2612 4119 2819 4174 veniam
2847 4133 2952 4174 non
2994 4130 3296 4186 merentur,
3324 4123 3410 4176 illa
3431 4133 3610 4176 autem

2028 4211 2233 4266 veniam
2261 4223 2316 4266 et
2339 4212 2583 4266 solatium
2616 4213 2904 4282 reperiunt.
2934 4213 3071 4268 Audi
3098 4213 3215 4270 Heli
3248 4215 3510 4269 dicentem
3539 4215 3609 4268 fi-

2029 4303 2116 4358 liis
2139 4303 2250 4358 suis
2273 4322 2287 4356 :
2323 4303 2384 4358 Si
2405 4319 2613 4372 peccans
2635 4306 2910 4374 peccauerit
2933 4308 3082 4360 homo
3115 4307 3168 4359 in
3194 4305 3481 4371 hominem,
3513 4324 3603 4375 pro

2024 4396 2115 4450 illo
2162 4396 2375 4449 orabunt
2406 4413 2424 4449 :
2451 4398 2494 4450 si
2546 4413 2660 4450 vero
2702 4398 2755 4451 in
2799 4397 3276 4468 Denuzpeccarerit,
3300 4399 3410 4469 quis
3449 4400 3610 4452 orabit

2025 4504 2117 4557 pro
2145 4503 2202 4542 eo
2233 4489 2283 4560 (l
2311 4489 2442 4560 Reg.
2473 4489 2528 4546 2.
2552 4488 2686 4560 25)?
2720 4489 2796 4544 lta
2822 4499 2878 4542 ut
2904 4491 3094 4544 vulnus
3120 4490 3245 4544 illud
3276 4507 3342 4545 ne
3370 4492 3607 4544 oratione

2022 4579 2234 4649 quidem
2266 4580 2416 4635 facile
2446 4581 2681 4635 solvatur
2701 4581 2969 4636 :oratione
2991 4579 3202 4651 quidem
3230 4597 3334 4634 non
3363 4582 3606 4645 solvitur,

2021 4674 2117 4729 sed
2152 4675 2468 4730 remissione
2512 4684 2847 4744 peccatorum
2884 4676 3108 4743 proximi
3145 4674 3389 4730 solvitur.
3412 4675 3608 4742 Quam-

2021 4767 2206 4824 chrum
2236 4767 2322 4820 illa
2370 4767 2422 4821 in
2465 4767 2746 4822 Dominum
2773 4777 2989 4838 peccata
3011 4767 3194 4822 decem
3225 4766 3390 4820 millia
3412 4765 3605 4819 talenta

2019 4857 2225 4913 vocavit
2257 4856 2527 4924 Christus,
2569 4858 2685 4913 hinc
2709 4873 2835 4914 vero
2873 4867 3086 4914 centum
3115 4858 3361 4912 denarios
3388 4856 3604 4927 (Matth.

2021 4949 2108 5002 18.
2153 4947 2244 5002 25.
2283 4949 2440 5019 sqq.).
2472 4949 2686 5004 Dimitte
2730 4963 2856 5019 ergo
2895 4959 3108 5004 centum
3134 4948 3405 5014 denarios,
3431 4956 3489 5001 ut
3513 4947 3604 5002 de-

2016 5055 2131 5095 cem
2162 5039 2326 5094 millia
2357 5041 2552 5095 talenta
2577 5041 2916 5096 remittantur
2945 5040 3057 5094 tibi.

2083 5131 2140 5185 2.
2168 5131 2272 5186 Sed
2315 5131 2382 5186 de
2409 5133 2650 5187 oratione
2678 5131 2887 5200 quidem
2919 5147 3017 5202 pro
3061 5132 3288 5186 inimicis
3334 5132 3467 5187 satis
3515 5132 3596 5186 lo-

2013 5223 2159 5293 qnuti
2199 5237 2418 5288 sumus;
2445 5224 2553 5292 jam
2575 5263 2589 5289 ,
2609 5224 2652 5276 si
2684 5223 2887 5292 placet,
2928 5223 2996 5277 ad
3023 5223 3376 5292 proditionem
3407 5223 3596 5277 redea-

2014 5331 2152 5378 mus,
2176 5323 2230 5369 et
2254 5315 2524 5369 videamus
2565 5315 2833 5384 quomodo
2862 5315 3116 5369 Dominus
3142 5324 3324 5368 noster
3353 5315 3589 5383 proditus

2011 5405 2101 5460 sit.
2129 5403 2274 5458 Tum:
2298 5404 2420 5457 abiit
2445 5422 2572 5458 unus
2593 5407 2656 5458 de
2692 5405 2956 5459 duodecim
2973 5445 2989 5470 ,
3013 5403 3047 5458 Ι
3053 5405 3181 5458 udas
3218 5402 3491 5458 Iscariotes
3511 5405 3587 5455 di-

2010 5507 2152 5563 ctus,
2209 5497 2276 5550 ad
2319 5497 2570 5568 principes
2606 5499 2950 5562 sacerdotum,
2984 5508 3031 5551 et
3073 5496 3230 5561 dixit,
3267 5496 3403 5562 Quid
3444 5494 3588 5547 vultis

2010 5591 2129 5643 mihi
2160 5590 2300 5658 dare,
2320 5600 2364 5643 et
2392 5607 2479 5662 ego
2505 5590 2638 5646 vobis
2661 5590 2857 5644 tradam
2880 5606 2987 5644 eum
3011 5587 3222 5658 (Matth.
3245 5587 3337 5642 26.
3361 5587 3445 5640 Η.
3479 5584 3587 5655 15))
