4062 6206
492 181 525 236 5
1460 185 1547 239 DE
1587 182 2003 242 PRODITIONE
2038 185 2235 243 ιυῡίΕ
2298 184 2529 242 1103111...
2573 185 2610 242 ι.

3545 186 3655 241 δτι
3688 199 3697 207 ‘

1464 853 1572 908 ΕΙΣ
1604 851 1747 906 ΤΗΝ
1786 852 2168 907 ΠΡΟΔΟΣΙΑΝ
2210 851 2344 904 ΤΟΥ
2387 852 2613 915 ΙΟΥΔΑ,

418 1198 529 1255 Καὶ
574 1198 661 1262 είς
692 1196 756 1251 τὸ
786 1193 1018 1266 Πάσχα,
1049 1195 1146 1249 καί
1183 1197 1267 1261 εις
1309 1193 1422 1263 τήν
1453 1192 1790 1262 παράδοσιν
1817 1189 1934 1243 τῶν
1964 1189 2333 1257 μυστηρίων,
2366 1186 2460 1240 καί
2491 1185 2619 1256 περὶ
2666 1186 2767 1241 τοῦ
2808 1186 2893 1255 μὴ
2932 1189 3350 1257 μνησικακεῖν.
3400 1188 3482 1262 Τῇ
3528 1191 3664 1265 ἁγίᾳ

1689 1281 1785 1336 καὶ
1817 1277 2052 1350 μεγάλῃ
2090 1278 2349 1349 Πέμπτῃ.

1060 1812 1289 1881 ’ομι.ίία
1321 1815 1396 1865 α’.

489 1905 555 1959 α’.
573 1902 753 1974 Ὀλίγα
775 1902 989 1973 ἀνάγκη·
1014 1902 1078 1975 σή
1088 1920 1252 1975 μερον
1273 1901 1409 1975 πρὸς
1432 1899 1527 1974 τὴν
1553 1900 1823 1974 ὑμετέραν
1842 1899 1979 1968 ἀγά-

419 2007 525 2059 πην
565 1990 738 2043 εἰπεῖν
759 2004 773 2019 ⁸
804 1986 957 2055 ὀλίγα
993 1986 1048 2040 δὲ
1080 1987 1293 2059 ἀνάγκη
1333 1989 1526 2052 είπεῖν,
1560 1986 1660 2041 οὐκ
1692 1985 1875 2056 ἐπειδὴ
1907 1983 1984 2054 τῷ

418 2072 609 2143 πλήθει
649 2069 757 2124 τῶν
798 2068 1106 2140 λεγομένοιν
1148 2070 1304 2139 ὑμεῖς
1337 2068 1669 2140 βαρύνεσθε·
1714 2068 1833 2121 οὐδὲ
1875 2066 1983 2138 γάρ

417 2157 564 2209 ἔστιν
597 2154 786 2224 ἑτέραν
824 2152 974 2206 πόλιν
1001 2153 1181 2225 εὑρεῖν
1209 2152 1381 2216 οὕτως
1410 2151 1690 2224 ἐρωτικῶς
1722 2151 1858 2222 πρὸς
1886 2150 1983 2221 τὴν

414 2239 674 2309 ἀκρόασιν
714 2235 821 2288 τῶν
857 2235 1234 2306 πνευματικῶν
1270 2236 1463 2304 λογίων
1497 2234 1862 2304 διακειμένην.
1908 2233 1982 2285 Ού

414 2323 591 2375 τοίνυν
620 2321 709 2374 διὰ
737 2318 896 2372 τοῦτο
924 2318 1080 2386 ὀλίγα
1116 2317 1342 2388 λέγομεν
1361 2358 1375 2382 ,
1406 2317 1590 2388 ἐπειδὴ
1620 2317 1984 2386 ἀποκναίομεν

415 2406 558 2475 ὑμᾶς
588 2404 665 2475 τῷ
691 2403 901 2474 πλήθει,
934 2400 1050 2455 ἀλλ’
1076 2400 1260 2472 ἐπειδὴ
1291 2399 1561 2469 ἀναγκαία
1590 2401 1689 2471 τῆς
1726 2399 1987 2472 βραχυλο-

414 2489 535 2557 γίας
565 2490 800 2557 σήμερον
823 2488 856 2556 ἡ
890 2484 1038 2540 αἰτία
1060 2500 1072 2514 ·
1102 2486 1195 2538 καὶ
1223 2485 1331 2555 γὰρ
1362 2484 1471 2557 ὁρῶ
1501 2484 1724 2547 πολλοὺς
1749 2483 1856 2537 τῶν
1895 2500 1985 2535 πι-

416 2570 555 2623 στῶν
578 2568 962 2639 ἐπειγομένους
984 2567 1118 2638 πρὸς
1146 2566 1243 2639 τὴν
1265 2567 1372 2622 τῶν
1402 2566 1640 2643 φρικτῶν
1672 2566 1984 2643 μυστηρίων

415 2652 714 2706 κοινωνίαν.
754 2652 847 2707 Ἴν⁴
881 2646 974 2708 οῦν
1010 2652 1133 2724 μήτ’
1167 2651 1378 2724 ἐκείνης
1410 2654 1506 2723 τῆς
1537 2655 1815 2726 τραπέζης
1852 2656 1985 2708 ἀπο-

412 2736 634 2806 τύχωσι,
669 2738 804 2809 μήτε
839 2735 1041 2807 ταύτης
1075 2736 1394 2803 ἐκπέσωσιν,
1431 2738 1641 2807 ἀνάγκη
1676 2737 1984 2809 σύμμετρον

414 2822 740 2893 ποιήσασθαι
780 2819 879 2893 τὴν
931 2821 1190 2883 ἑστίασιν.
1245 2823 1310 2875 ἵν’
1357 2821 1691 2892 ἑκατέρωθεν
1745 2823 1873 2892 ὑμῖν
1924 2822 1985 2875 τδ

413 2904 604 2975 κέρδος
636 2906 893 2976 γένηται,
937 2905 1028 2957 καὶ
1068 2902 1221 2976 [577]
1259 2903 1365 2958 ἀπὸ
1408 2904 1609 2973 ταύτης
1650 2904 1986 2972 ἐφοδιασθέν-

412 3004 503 3051 τες
519 2989 611 3041 καὶ
632 2985 739 3041 τῶν
768 2988 896 3058 παρ’
922 2986 1075 3056 ἡμῶν
1102 2986 1274 3055 λόγων
1294 2999 1342 3049 ο,
1368 2984 1537 3049 οὕτως
1568 2986 1858 3057 ἀπέλθητε,
1891 2988 1984 3040 καὶ

415 3069 552 3139 μετά
589 3068 750 3138 φόϐου
786 3069 881 3123 καὶ
909 3069 1110 3139 τρόμου
1149 3068 1370 3135 καὶτῆς
1409 3068 1790 3141 προσηκούσης
1830 3070 1983 3123 εύλα-

412 3152 563 3216 ὄείας
588 3154 653 3222 τῇ
693 3152 898 3223 φοϐερᾷ
922 3151 1015 3205 καὶ
1045 3153 1245 3223 φρικτῇ
1283 3151 1611 3223 προσέλθητε
1638 3155 1910 3225 κοινωνίᾳ.

484 3237 751 3307 Σήμερον,
788 3235 1082 3305 ἀγαπητοὶ,
1115 3236 1142 3287 6
1177 3234 1377 3307 Κύριος
1424 3235 1582 3305 ἡμῶν
1620 3236 1824 3307 Ἰησοῦς
1853 3238 1984 3308 Χρι-

416 3318 536 3382 στὸς
571 3318 845 3389 παρεξόοη
866 3336 879 3348 ·
907 3321 971 3387 τῇ
1011 3316 1119 3389 γὰρ
1165 3317 1394 3390 ἐπιούσῃ
1440 3317 1647 3389 ἑσπέρα
1666 3319 1855 3391 ταύτῃ.
1890 3320 1986 3374 λα-

412 3402 596 3465 ϐόντες
640 3402 821 3466 αὑτὸν,
858 3401 1095 3471 ἀπῆλθον
1122 3402 1173 3454 οἱ
1219 3401 1480 3455 Ἰουδαῖοι.
1522 3402 1680 3456 Ἀλλά
1724 3403 1798 3474 μὴ
1853 3403 1985 3475 γένῃ

415 3485 683 3556 κατηφὴς,
728 3484 965 3548 ἀκούσας
1012 3485 1093 3538 ὅτι
1136 3483 1340 3554 Ἰησοῦς
1384 3484 1685 3555 παρεδόθη·
1714 3484 1912 3555 μᾶλλον
1928 3484 1984 3537 δὲ

413 3568 567 3635 γενοῦ
594 3568 863 3638 κατηφὴς,
909 3569 1000 3621 καὶ
1034 3566 1263 3621 κλαῦσον
1302 3567 1536 3639 πικρῶς,
1558 3568 1694 3621 ἀλλά
1723 3568 1796 3638 μὴ
1843 3568 1984 3638 ὑπὲρ

412 3651 505 3706 τοῦ
558 3651 949 3723 παραδοθέντος
1002 3650 1195 3722 Ἰησοῦ,
1246 3651 1358 3705 ἀλλ’
1411 3653 1549 3721 ὑπὲρ
1586 3651 1678 3705 τοῦ
1726 3651 1981 3724 προδότου

424 3736 611 3788 Ἰούδα.
658 3735 714 3789 Ὀ
739 3735 837 3806 μὲν
875 3736 983 3805 γὰρ
1028 3733 1352 3805 παραδοθεὶς
1380 3734 1476 3806 τὴν
1501 3734 1820 3806 οἰκουμένην
1849 3733 1984 3787 ἔσω-

414 3836 524 3884 σεν,
549 3821 578 3871 6
599 3820 656 3872 δὲ
689 3819 915 3892 προδοὺς
950 3820 1048 3889 τὴν
1085 3816 1278 3871 ἑαυτοῦ
1309 3818 1487 3889 ψυχὴν
1519 3818 1795 3872 ἀπώλεσε*
1831 3819 1922 3872 καὶ
1953 3818 1982 3870 6

415 3902 513 3973 μὲν
545 3901 821 3973 προδοθεὶς
869 3904 926 3954 ἐν
968 3901 1117 3973 δεξιᾷ
1151 3901 1383 3974 κάθηται
1419 3902 1512 3956 τοῦ
1551 3903 1761 3973 Πατρὸς
1786 3902 1843 3956 ἐν
1868 3902 1981 3965 τοῖς

411 3985 677 4056 οὐρανοῖς,
695 3984 793 4039 όδὲ
807 3984 1080 4054 παραδοὺς
1106 3987 1163 4037 ἐν
1192 3984 1319 4055 ᾅδου
1340 3984 1434 4039 νῦν
1463 3987 1599 4051 ἐστι,
1617 3985 1715 4054 τὴν
1746 3983 1983 4055 ἀπαραίο

411 4083 569 4138 τητον
590 4068 871 4137 ἀναμένων
895 4068 1135 4122 κόλασιν.
1171 4067 1271 4121 Διά
1301 4068 1486 4123 τοῦτον
1510 4064 1602 4123 οὖν
1635 4068 1867 4123 κλαῦσον
1889 4070 1980 4123 καὶ

415 4150 684 4214 στέναξον,
710 4150 797 4203 διὰ
828 4149 1016 4204 τοῦτον
1046 4149 1330 4221 πένθησον,
1372 4150 1556 4222 ἐπειδὴ
1588 4151 1682 4205 καὶ
1711 4152 1740 4205 ό
1773 4153 1979 4205 Δεσπό-

409 4248 510 4304 της
551 4233 705 4304 ήμῶν
750 4233 839 4287 διά
874 4232 1061 4288 τοῦτον
1099 4234 1410 4305 ἐδάκρυσεν.
1455 4235 1612 4290 Ἰδὼν
1640 4237 1749 4306 γὰρ
1772 4236 1977 4300 αὐτὸν,

411 4316 595 4386 φησὶν,
615 4316 910 4385 ἐταράχθη
926 4318 1023 4370 καί
1040 4313 1227 4372 εἶπεν·
1249 4313 1354 4384 Εἷς
1368 4318 1437 4383 ἐξ
1454 4316 1621 4388 ὑμῶν
1642 4317 1979 4388 παραδώσει

405 4416 499 4467 με.
532 4399 596 4451 Ὢ
626 4400 765 4470 πόση
788 4399 1157 4470 εύσπλαγχνία
1185 4400 1277 4453 τοῦ
1311 4400 1613 4454 Δεσπότουί
1645 4403 1673 4455 ό
1698 4402 1978 4472 προδοθεὶς

410 4482 551 4552 ὺπέρ
571 4481 663 4535 τοῦ
691 4480 978 4554 προδόντος
1009 4482 1179 4551 ἀλγεῖ.
1214 4483 1505 4555 Ἰδὼνγάρ
1531 4485 1734 4550 αὑτὸν,
1773 4486 1979 4555 ἐταρά-

409 4561 545 4633 χθη,
571 4563 725 4634 φησὶ,
757 4564 855 4620 καὶ
877 4560 1072 4620 εἶπενο
1101 4561 1207 4630 Εἷς
1230 4566 1299 4629 ἐξ
1328 4566 1495 4635 ὑμῶν
1522 4566 1854 4635 παραδώσει
1878 4586 1974 4638 με.

408 4645 562 4710 Τίνος
582 4646 765 4701 ἐνεκεν
796 4646 1104 4718 ἡθύμησενς
1139 4647 1301 4718 Ὁμοῦ
1341 4650 1434 4701 καὶ
1466 4648 1563 4719 τὴν
1599 4649 1976 4721 φιλοστοργίαν

406 4728 505 4800 τὴν
537 4729 730 4782 ἑαυτοῦ
768 4728 1228 4800 ἐπιδεικνύμενος,
1270 4731 1362 4786 καὶ
1398 4732 1662 4787 διδάσκων
1689 4735 1857 4805 ἡμᾶς,
1894 4735 1974 4788 ὅτι

404 4811 468 4863 66
491 4811 581 4864 τὸν
608 4812 883 4883 πάσχοντα
921 4815 1125 4879 κακῶς,
1162 4814 1295 4869 ἀλλά
1337 4818 1427 4869 τὸν
1465 4817 1719 4871 ποιοῦντα
1768 4817 1973 4883 κακῶς,

403 4893 591 4948 τοῦτον
620 4894 835 4968 θρηνεῖν
873 4898 1147 4969 πανταχοῦ
1176 4899 1399 4954 δίκαιον.
1432 4900 1600 4954 Τοῦτο
1633 4902 1740 4973 γάρ
1766 4905 1972 4957 ἐκείνου

404 4979 602 5050 χεῖρον,
632 4981 832 5051 μᾶλλον
862 4981 919 5035 δὲ
950 4985 1125 5037 ἐκεῖνο
1157 4986 1254 5055 μὲν
1278 4986 1339 5038 06
1366 4985 1548 5047 κακὸν,
1581 4985 1643 5039 τὸ
1664 4989 1847 5051 κακῶς
1872 5005 1974 5041 πα-

402 5059 535 5125 θεῖν,
569 5062 737 5117 κακὸν
754 5064 812 5118 δὲ
835 5064 897 5119 τὸ
931 5067 1152 5137 ποιῆσαι
1184 5067 1387 5132 κακῶς.
1419 5068 1492 5121 Τὸ
1524 5069 1624 5140 μὲν
1647 5069 1753 5140 γάρ
1789 5071 1974 5135 κακῶς

404 5144 615 5211 παθεῖν,
646 5146 743 5218 τὴν
772 5147 1046 5215 βασιλείαν
1091 5149 1199 5203 τῶν
1245 5150 1485 5222 οὐρανῶν
1522 5152 1798 5223 προξενεῖ,
1835 5154 1896 5208 τὸ
1916 5155 1972 5209 δὲ

404 5226 586 5293 κακῶς
615 5229 836 5300 ποιῆσαι
864 5231 1034 5285 αῖτιον
1054 5233 1185 5302 ἡμῖν
1203 5231 1301 5303 τῆς
1320 5233 1542 5305 γεέννης
1568 5237 1658 5289 καὶ
1685 5236 1782 5307 τῆς
1812 5237 1971 5292 κολά-

404 5324 540 5373 σεως
565 5311 792 5378 γίνεται.
841 5313 1124 5384 Μακάριοι
1152 5315 1279 5384 γὰρ,
1311 5318 1492 5386 φησιν,
1520 5320 1572 5371 οι
1598 5318 1969 5388 δεδιωγμένοι

399 5390 607 5447 ἕνεκεν
630 5392 1039 5465 δικαιοσύνης,
1069 5398 1157 5451 ὅτι
1197 5397 1395 5454 αὐτῶν
1427 5400 1598 5455 ἐστιν
1620 5403 1658 5473 ἠ
1681 5402 1969 5466 βασιλεία

462 5590 494 5621 ⁸
515 5589 595 5641 Sic
610 5605 725 5643 mss.
755 5594 882 5645 Edit.
909 5610 1023 5646 vero
1042 5598 1212 5659 λογίων

2091 1894 2208 1948 τῶν
2238 1894 2525 1964 οὐρανῶν.
2572 1897 2730 1967 Ὁρᾷς
2765 1897 2879 1963 πῶς
2903 1898 2964 1953 τδ
2992 1899 3178 1964 κακῶς
3205 1900 3393 1957 παθεῖν
3423 1904 3533 1976 ἔχει
3575 1923 3662 1978 μια

2093 1979 2214 2033 σθδν
2245 1981 2337 2033 καὶ
2358 1978 2587 2032 ἔπαθλον
2630 1979 2728 2051 τὴν
2743 1981 3012 2052 βασιλείαν
3035 1984 3144 2037 τῶν
3174 1984 3450 2056 ούρανῶν;
3476 1990 3662 2043 ’Ἄκου-

2092 2080 2183 2117 σον
2211 2062 2326 2124 πῶς
2355 2062 2415 2115 τὸ
2447 2061 2631 2127 κακῶς
2671 2065 2892 2135 ποιῆσαι
2931 2065 3150 2120 κόλασιν
3192 2067 3349 2139 φέρει
3378 2070 3471 2123 καὶ
3494 2088 3664 2141 τιμω-

2094 2146 2232 2215 ρίαν.
2262 2144 2441 2199 Είπὼν
2459 2146 2567 2218 γὰρ
2598 2150 2627 2200 6
2659 2148 2867 2212 Παῦλος
2912 2150 3039 2220 περὶ
3063 2219 3067 2224 ⁸
3092 2149 3202 2203 τῶν
3265 2150 3551 2219 Ἰουδαίων,
3581 2156 3663 2209 ὅτι

2097 2227 2204 2281 Τὸν
2234 2228 2452 2296 Κύριον
2467 2228 2841 2296 ἀπέκτειναν,
2874 2231 2973 2286 καί
3006 2231 3145 2298 τοὺς
3165 2232 3471 2302 προφήτας
3496 2236 3663 2289 ἐδίω-

2090 2312 2223 2375 ξαν,
2248 2312 2524 2381 ἐπήγαγεν
2546 2329 2560 2345 ο
2591 2308 2706 2366 ⁷ον
2729 2314 2794 2369 τὸ
2826 2314 3001 2381 τέλος
3056 2316 3226 2369 ἔσται
3255 2316 3404 2372 κατὰ
3425 2318 3497 2372 τὰ
3519 2318 3663 2388 ἔργα

2089 2394 2305 2450 αὐτῶν.
2348 2392 2503 2460 Εἶδες
2532 2396 2646 2459 πῶς
2675 2400 2722 2451 οί
2769 2399 2865 2469 μὲν
2898 2398 3215 2470 διωκόμενοι
3251 2399 3353 2469 τὴν
3385 2402 3660 2473 βασιλείαν

2088 2478 2155 2531 λα
2161 2476 2473 2553 μϐάνουσιν,
2490 2482 2537 2533 οί
2556 2479 2615 2534 δὲ
2632 2476 2918 2546 διώκοντες
2930 2481 3030 2553 τὴν
3044 2480 3211 2553 ὀργὴν
3234 2481 3627 2558 κληρονομοῦσι
3643 2506 3657 2552 ;

2090 2565 2271 2622 Ταῦτα
2302 2563 2358 2622 δέ
2390 2587 2476 2640 μοι
2509 2569 2605 2639 οὐχ
2657 2568 2841 2633 ἁπλῶς
2874 2567 2965 2622 νῦν
3019 2571 3251 2641 εἴρηται,
3292 2571 3407 2624 ἀλλ’
3455 2572 3542 2625 ῐνα
3586 2572 3661 2643 μὴ

2089 2654 2202 2715 τοῖς
2232 2650 2444 2722 ἐχθροῖς
2476 2649 2845 2723 όργιζῶμεθα,
2874 2652 2991 2706 ἀλλ’
3038 2653 3276 2725 ἐλεῶμεν
3335 2655 3530 2718 αὐτοὺς
3569 2658 3661 2708 καὶ

2091 2733 2377 2805 θρηνῶμεν
2404 2734 2496 2788 καὶ
2533 2734 2884 2805 ωναλγῶμεν
2911 2735 3095 2799 αὐτοῖς
3113 2754 3128 2767 ·
3157 2738 3352 2791 ἐκεῖνοι
3385 2738 3490 2808 γάρ
3526 2739 3662 2792 εἰσιν

2089 2819 2137 2871 οί
2164 2817 2345 2881 κακῶς
2375 2817 2692 2888 πάσχοντες,
2724 2818 2773 2870 οί
2800 2817 3168 2890 ἐχθραίνοντες
3200 2821 3348 2890 ἡμῖν.
3385 2821 3484 2874 Ἂν
3520 2821 3662 2875 οὕτω

2092 2901 2595 2974 παρασκευάσωμεν
2633 2902 2732 2973 τὴν
2770 2900 2945 2973 ψυχὴν
2984 2902 3081 2972 τὴν
3110 2904 3402 2975 ἡμετέραν,
3434 2904 3659 2976 δυνησό-

2094 2983 2232 3053 μεθα
2262 2985 2441 3038 αὐτῶν
2463 2985 2556 3037 καὶ
2588 2983 3002 3055 ύπερεύχεσθαι.
3025 2983 3124 3037 Διά
3152 2985 3260 3056 γὰρ
3288 2985 3446 3039 τοῦτο
3470 2987 3661 3057 τετάρ-

2089 3084 2190 3138 την
2219 3067 2428 3139 ήμέραν
2455 3066 2658 3138 ταύτην
2696 3067 2803 3138 ἔχω
2840 3066 3217 3138 διαλεγόμενος
3255 3069 3382 3139 ύμῖν
3414 3071 3540 3140 περὶ
3572 3072 3663 3123 εύ-

2090 3152 2190 3221 χῆς
2214 3151 2355 3222 ὑπὲρ
2382 3151 2489 3204 τῶν
2514 3149 2739 3222 ἐχθρῶν,
2776 3151 2862 3204 ῖνα
2922 3150 3145 3222 μόνιμος
3192 3153 3412 3224 γένηται
3451 3154 3549 3225 τῆς
3585 3153 3660 3207 δι.

2085 3235 2379 3299 δασκαλίας
2398 3237 2427 3287 6
2464 3234 2639 3302 λόγος,
2674 3236 2740 3305 τῇ
2768 3235 3015 3306 συνεχείᾳ
3044 3234 3145 3305 τῆς
3175 3237 3547 3305 παραινέσεως
3575 3240 3660 3307 ῥι-

2086 3315 2299 3381 ζωθείς.
2334 3316 2431 3369 Διά
2459 3315 2617 3370 τοῦτο
2647 3316 2885 3386 συνεχῶς
2921 3316 3294 3387 ἀπαντλοῦμαι
3335 3320 3448 3382 τοῖς
3476 3320 3658 3389 ῥῆμα·-

2089 3416 2192 3462 σιν,
2244 3398 2383 3453 ὥστε
2435 3400 2495 3453 τὸ
2539 3399 2738 3470 οἴδημα
2784 3403 2883 3471 τῆς
2928 3400 3096 3471 ὀργῆς
3138 3401 3516 3471 ὑπονοστῆσαι,
3564 3406 3657 3457 καὶ

2085 3483 2483 3553 κατασταλῆναι
2520 3483 2619 3553 τὴν
2672 3483 2997 3553 φλεγμονὴν,
3040 3482 3179 3537 ὥστε
3212 3483 3451 3556 καθαρὸν
3488 3486 3656 3556 όργῆς

2084 3559 2222 3618 εἶναι
2253 3565 2344 3618 τὸν
2368 3566 2497 3636 εύχῇ
2547 3566 2854 3637 προσιόντα.
2901 3566 3035 3619 Ούδέ
3058 3565 3167 3637 γὰρ
3198 3569 3227 3621 6
3254 3567 3488 3638 Χριστὸς
3515 3568 3656 3639 ὑπὲρ

2083 3646 2192 3699 τῶν
2219 3647 2427 3718 ἐχθρῶν
2480 3646 2648 3700 ταῦτα
2698 3647 2968 3719 παρῄνεσε
3017 3648 3195 3719 μόνον,
3228 3652 3363 3706 ἀλλά
3394 3654 3487 3706 καὶ
3515 3654 3655 3724 ὑπὲρ

2085 3728 2239 3799 ήμῶν
2265 3729 2373 3782 τῶν
2431 3729 2694 3798 ἀφιέντων
2739 3730 2966 3793 ἐκείνοις
2999 3732 3067 3785 τὰ
3097 3734 3469 3806 ἁμαρτήματα
3488 3751 3501 3766 ⁸
3537 3739 3655 3807 μεί-

2084 3810 2211 3874 ζονα
2231 3811 2339 3881 γὰρ
2376 3811 2671 3883 λαμϐάνεις
2717 3813 2749 3884 ἢ
2801 3814 2977 3878 δίδως,
3015 3815 3194 3884 ἀφιεὶς
3218 3816 3316 3888 τὴν
3349 3817 3518 3890 ὀργὴν
3574 3820 3653 3891 τῷ

2082 3893 2277 3963 ἐχθρῷ.
2341 3894 2449 3946 Καὶ
2512 3894 2628 3958 πῶς
2684 3893 2903 3964 μείζονα
2951 3895 3240 3968 λαμσὸωω;
3292 3900 3475 3971 φησίν.
3528 3902 3652 3956 Ἐὰν

2081 3977 2298 4047 ἀφήσῃς
2326 3976 2395 4029 τά
2414 3979 2492 4040 είς
2522 3978 2612 4030 τὸν
2636 3977 2827 4049 ἐχθρὸν
2857 3981 3251 4053 ἁμαρτήματα.
3292 3987 3651 4055 συγχωρεῖταί

2082 4075 2164 4111 σοι
2199 4059 2269 4112 τὰ
2320 4062 2400 4117 είς
2449 4060 2539 4113 τὸν
2585 4061 2860 4132 Δεσπότην
2907 4063 3371 4137 πλημμελήματα.
3441 4068 3652 4123 Ἐκεῖνα

2079 4141 2272 4195 ἁνίατά
2295 4143 2400 4194 εἰσι
2425 4142 2517 4195 καὶ
2541 4142 2690 4214 [578]
2716 4144 3074 4213 ἀσύγγνωστα
3090 4148 3294 4203 ’ταῦτα
3314 4150 3512 4222 πολλὴν
3536 4151 3649 4223 ἔχει

2084 4225 2432 4296 παραμυθίαν
2457 4227 2550 4280 καὶ
2582 4227 2927 4300 συγγνώμην.
2961 4232 3222 4286 ΙἌκουσον
3251 4233 3381 4302 γοῦν
3400 4235 3493 4289 τοῦ
3532 4237 3650 4291 Ἦλὶ

2082 4307 2327 4377 λέγοντος
2354 4309 2488 4379 πρὸς
2515 4311 2639 4373 τοὺς
2702 4311 2849 4374 υἱοὺς
2887 4312 3049 4367 αὑτοῦ
3075 4329 3089 4343 ·
3129 4316 3271 4369 Ἐὰν
3297 4318 3651 4387 ἁμαρτάνων

2082 4391 2311 4462 ἁμάρτῃ
2348 4392 2654 4461 ἄνθρωπος
2672 4396 2759 4460 είς
2798 4396 3129 4464 ἄνθρωπον,
3154 4400 3249 4453 καί
3281 4405 3647 4470 προσεύξον-

2078 4492 2172 4530 ται
2204 4477 2331 4544 περὶ
2348 4477 2532 4531 αὐτοῦ
2551 4494 2565 4508 ’
2594 4477 2702 4532 ἐὰν
2723 4478 2792 4531 δὲ
2807 4480 2894 4546 είς
2911 4481 3058 4535 θεὸν
3078 4481 3327 4553 ἁμάρτῃ,
3355 4487 3443 4554 τις
3464 4504 3649 4556 προσ·-

2078 4559 2309 4623 εύξεται
2330 4559 2462 4627 περὶ
2512 4560 2697 4615 αὐτοῦ
2714 4576 2734 4624 ;
2761 4562 2923 4617 ’Ὥστε
2956 4565 3129 4619 ἐκεῖνο
3169 4567 3231 4620 :6
3274 4570 3492 4641 τραῦμα
3522 4570 3645 4625 οὔτε

2077 4641 2222 4725 εύχῇγ
2240 4641 2434 4713 ῥᾳδίως
2458 4641 2641 4695 λύεται
2662 4660 2675 4674 ·
2701 4644 2833 4714 εὐχῇ
2867 4647 2968 4715 μὲν
2989 4648 3050 4702 06
3078 4648 3281 4715 λύεται,
3302 4655 3645 4725 συγχωρήσει

2076 4724 2132 4776 δέ
2160 4724 2266 4777 τῶν
2305 4725 2719 4795 ἁμαρτημάτων
2764 4728 2872 4780 τῶν
2925 4731 3005 4794 είς
3035 4731 3126 4785 τὸν
3157 4734 3382 4804 πλησίον
3406 4724 3642 4795 λέλυται.

2076 4805 2167 4890 Διδ
2198 4806 2383 4890 ἐκεῖνα
2417 4807 2517 4877 μὲν
2564 4807 2733 4879 μύρια
2778 4810 3015 4866 τάλαντα
3047 4814 3302 4869 ἐκάλεσεν
3334 4819 3363 4871 6
3387 4820 3643 4890 Χριστὸς,

2075 4888 2144 4942 τά
2180 4890 2259 4953 είς
2292 4888 2382 4943 τὸν
2412 4890 2688 4963 Δεσπότην
2726 4893 3125 4965 ἁμαρτήματα·
3158 4897 3330 4953 ταῦτα
3357 4900 3413 4954 δέ
3441 4888 3644 4957 ήέκατδν

2074 4970 2333 5057 δηνάρια.
2346 4973 2520 5057 Ἄφες
2557 4970 2650 5029 οὖν
2701 4976 2897 5031 ἑκατὸν
2924 4978 3172 5051 δηνάρια,
3220 4980 3307 5035 ἶνα
3347 4983 3518 5057 ἀφεθῇ
3560 5003 3642 5041 σοι

2077 5054 2245 5126 μύρια
2274 5055 2533 5111 τάλαντα.

2144 5181 2389 5271 β’ςΑλλά
2404 5183 2471 5239 τά
2489 5185 2589 5256 μὲν
2604 5202 2669 5271 πε
2679 5186 2731 5271 ρῖ
2743 5186 2841 5271 τῆς
2855 5188 3021 5260 εύχῆς
3034 5190 3134 5261 τῆς
3157 5192 3297 5265 ὑπὲρ
3311 5193 3419 5250 τῶν
3433 5195 3642 5271 ἐχθρῶν

2078 5266 2278 5331 ἱκανῶς
2304 5269 2547 5339 εῖρηται·
2580 5270 2672 5324 ἐπὶ
2716 5264 2773 5324 δὲ
2812 5272 2902 5326 τὸν
2932 5272 3032 5345 τῆς
3055 5264 3361 5347 προδοσίας,
3401 5264 3640 5345 είνδοκεῖ,

2072 5348 2453 5436 ἐπανέλθωμεν
2482 5351 2669 5420 λόγον,“
2690 5353 2784 5407 καὶ
2818 5354 3015 5436 ἴδωμεν
3042 5357 3159 5423 πῶς
3191 5361 3460 5436 παρεδόθη
3480 5365 3641 5435 ἡμῶν

2070 5434 2098 5485 6
2123 5435 2415 5505 Δεσπότης.
2450 5437 2588 5490 Τότε
2630 5440 2941 5507 πορευθείς
2958 5435 3047 5509 εἶς
3073 5441 3191 5497 τῶν
3217 5434 3463 5513 δώδεκα,
3498 5434 3637 5504 Ἰού-

2072 5517 2181 5602 δας
2207 5518 2240 5571 ὁ
2258 5518 2577 5602 λεγόμενος
2593 5519 2978 5591 Ἰσκαριώτης,
2994 5527 3144 5593 πρὸς
3170 5529 3306 5598 τοὺς
3327 5531 3632 5602 ἀρχιερεῖς,

2072 5594 2228 5653 εἶπεν
2258 5599 2318 5654 Τί
2342 5598 2543 5654 θέλετέ
2564 5619 2665 5670 μοι
2697 5602 2926 5672 δοῦναι,
2956 5609 3113 5680 κάγὼ
3142 5594 3636 5683 ὐιιῖιί
