4062 6206
371 171 474 226 ὖἹὸ

366 281 548 338 αὐτόν
570 299 590 348 ;
616 281 726 336 Καὶ
753 281 900 336 δοκεῖ
933 285 1034 352 μὲν
1083 285 1253 351 σαφὲς
1277 279 1493 337 εἶναιτὸ
1512 285 1830 353 λεγόμενον,
1859 282 1954 336 καὶ

375 365 538 437 μηδὲν
568 365 729 419 πλέον
755 365 1086 419 αἰνίττεσθαι
1113 381 1126 395 ·
1157 367 1206 418 εἰ
1239 367 1294 418 δέ
1334 383 1418 428 τις
1453 366 1698 438 ἀκριϐῶς
1730 366 1956 437 ἐξετάσῃ

371 449 429 502 ἓν
454 447 680 501 ἕκαστον
701 446 810 500 τῶν
835 446 1168 519 λεγομένων,
1210 447 1411 518 πολλὴν
1447 448 1555 518 ἕχει
1579 449 1676 518 τὴν
1702 448 1954 518 Θεωρίαν,

369 529 466 585 καὶ
493 529 626 582 πολὺ
686 529 747 583 τὸ
811 530 973 600 βάθος
1017 530 1125 584 τῶν
1177 531 1485 600 νοημάτων.
1520 533 1629 584 Καὶ
1668 531 1900 601 πρῶτον,
1928 533 1956 583 6

373 612 582 685 καιρός.
620 613 693 666 Ού
725 613 833 685 γάρ
861 612 1044 676 ἁπλῶς
1085 613 1247 666 αὑτὸν
1283 615 1704 683 ἐπισημαίνεται
1735 617 1762 666 6
1792 613 1955 680 εύαγ-

371 697 626 766 γελιστής
644 712 657 724 ·
694 698 752 749 οὐ
775 697 881 768 γάρ
911 692 1030 750 εἷπε
1059 687 1596 764 πορευθεὶς’ἀπλῶς,
1625 697 1761 750 ἀλλὰ
1788 715 1956 768 προσ·

371 781 532 848 έθηκε
566 779 628 834 τὸ
653 781 788 833 Τότε
813 780 1142 846 πορευθείς.
1187 781 1323 833 Τότε
1349 797 1364 841 ;
1387 781 1508 833 εἰπέ
1538 797 1648 849 μοι,
1677 781 1835 843 πότε;
1861 780 1954 833 καὶ

365 864 508 926 τίνος
535 864 718 916 ἕνεκεν
745 863 1100 932 ἐπισημαίνει
1130 863 1222 916 τὸν
1239 863 1462 934 χρόνον;
1489 863 1542 915 τί
1579 880 1643 933 με
1663 863 1907 932 βούλεται
1925 875 1950 903 ι

366 945 606 1011 διδάξαις
649 947 721 998 Οὐ
762 945 872 1016 γάρ
930 945 1119 1008 ἁπλῶς
1153 947 1370 1016 εἴρηται
1405 946 1485 1012 τὸ,
1519 947 1675 1010 Τότε,
1717 948 1813 1000 καὶ
1845 949 1953 1017 γάρ

369 1031 646 1099 Πνεύματι
675 1029 1045 1098 φθεγγόμενος
1071 1028 1191 1080 ούδέ
1226 1028 1412 1092 ἁπλῶς
1439 1029 1560 1082 ούδέ
1580 1031 1703 1098 εξκῆ
1730 1029 1954 1098 φθέγγει

367 1131 477 1169 ται.
503 1115 569 1166 Τί
598 1110 690 1167 οὖν
707 1116 823 1166 ἐστι
847 1103 928 1174 τδ,
949 1115 1117 1176 Τότε;
1153 1113 1267 1184 Πρὸ
1299 1112 1464 1166 αὐτοῦ
1494 1114 1589 1166 τοῦ
1615 1115 1828 1186 χρόνου,
1848 1115 1953 1184 πρὸ

368 1197 534 1266 αὐτῆς
565 1197 663 1266 τῆς
705 1195 856 1266 ῶρας
903 1195 1179 1266 προσῆλθε
1229 1197 1423 1267 πόρνη,
1468 1196 1810 1266 άλάδαστρον
1855 1196 1954 1266 μύ-

369 1297 461 1350 ρου
511 1281 729 1348 ἔχουσα,
777 1279 872 1330 καὶ
924 1278 1152 1346 κατέχεε
1195 1277 1257 1330 τὸ
1295 1279 1472 1331 ἔλαιον
1517 1281 1692 1331 ἐκεῖνο
1735 1281 1824 1332 ἐπὶ⁵
1853 1279 1952 1349 τὴν

363 1362 603 1431 κεφαλὴν
626 1362 718 1413 τοῦ
750 1360 974 1432 Κυρίου.
1021 1362 1368 1427 Ἐπεδείξατο
1402 1363 1602 1433 πολλὴν
1631 1363 1948 1432 θεραπείαν,

364 1445 677 1509 ἐπεδείξατο
734 1444 934 1514 πολλὴν
988 1445 1191 1509 πίστιν,
1229 1445 1430 1516 πολλὴν
1468 1447 1717 1517 ὑπακοὴν
1741 1449 1834 1500 καὶ
1864 1449 1952 1500 εύ-

362 1526 584 1581 λάθειαν
609 1543 621 1555 ·
667 1527 971 1598 μετεϐλήθη
1012 1527 1119 1580 ἀπὸ
1153 1527 1247 1580 τοῦ
1279 1529 1544 1599 προτέρου
1573 1529 1710 1598 βίου,
1737 1529 1951 1597 ἐγένετο

368 1611 591 1679 βελτίων
641 1611 737 1664 καὶ
790 1611 1228 1682 σωφρονεστέρα.
1269 1613 1492 1665 Καὶὸτε
1529 1614 1562 1682 ἡ
1605 1613 1776 1684 πόρνη
1822 1630 1949 1682 μετ-

365 1695 606 1766 ενόησεν,
662 1694 752 1748 ὅτε
798 1695 888 1748 τὸν
919 1694 1198 1766 Δεσπότην
1235 1697 1601 1761 ἐπεσπάσατο,
1636 1698 1756 1749 τότε
1783 1698 1811 1747 6
1848 1715 1941 1766 μα-

364 1778 533 1848 θητὴς
579 1779 668 1830 τὸν
720 1777 1039 1830 διδάσκει).ον
1087 1778 1385 1848 προέδωκε.
1444 1778 1541 1830 Διά
1601 1779 1758 1831 τοῦτο
1807 1776 1945 1844 εἷπε,

371 1863 525 1923 Τότε,
559 1863 645 1914 ἵνα
671 1863 746 1930 μὴ
763 1862 1144 1933 κατηγορήσῃς
1168 1861 1262 1913 τοῦ
1290 1862 1612 1914 διδασκάλου
1639 1864 1946 1928 ἀσθένειαν,

359 1948 489 1998 ὅταν
519 1945 634 2014 ἴδῃς
691 1942 782 1996 τὸν
841 1944 1088 2014 μαθητὴν
1123 1944 1443 2013 προδιδόντα
1471 1946 1562 1998 τὸν
1607 1945 1946 2000 διδάσκαλον.

361 2028 610 2097 Τοσαύτη
644 2026 752 2099 γάρ
803 2021 872 2097 ἦν
921 2028 954 2097 ἠ
981 2026 1213 2096 δύναμις
1254 2027 1348 2080 τοῦ
1377 2027 1717 2092 διδασκάλου,
1749 2030 1823 2093 ώς
1855 2030 1951 2084 καὶ

359 2115 566 2186 πόρνας
600 2111 937 2165 ἐπισπᾶσθαι
962 2112 1042 2175 είς
1073 2113 1171 2182 τὴν
1197 2112 1403 2165 οἰκείαν
1436 2113 1701 2185 ὑπακοήν.

431 2199 495 2252 Τί
515 2193 628 2262 οῦν,
660 2198 844 2267 φησὶν,
871 2198 900 2248 6
931 2197 1135 2267 πόρνας
1154 2196 1556 2268 ἐπισπώμενος,
1583 2197 1830 2269 μαθητὴν
1852 2199 1950 2252 ούκ

363 2281 582 2351 ἴσχυσεν
643 2279 1082 2343 ἐπισπάσασθαι;
1130 2281 1345 2349 Ἴσχυεν
1402 2281 1803 2334 ἐπισπάσασθαι
1861 2282 1950 2335 τὸν

363 2365 634 2436 μαθητὴν,
664 2363 778 2417 ἀλλ’
815 2364 915 2417 οὐκ
959 2363 1218 2434 ἠϐούλετο
1262 2364 1475 2437 ἀνάγκῃ
1517 2365 1740 2435 ποιῆσαι
1763 2365 1948 2429 καλὸν,

359 2449 477 2502 ούδέ
519 2448 610 2520 βίᾳ
632 2447 856 2500 ἑλκύσαι
885 2448 1018 2518 πρὸς
1036 2449 1249 2501 ἑαυτόν.
1282 2450 1419 2502 Τότε
1444 2451 1776 2516 πορευθείς.
1795 2449 1949 2520 Ἔχει

359 2550 414 2585 τι
444 2532 539 2585 καὶ
571 2531 730 2584 τοῦτο
753 2531 811 2584 ού
849 2530 1044 2602 μικρὸν
1083 2531 1366 2601 θεώρημα,
1400 2532 1482 2596 τὸ,
1507 2533 1822 2599 Πορευθει’ς
1843 2545 1856 2559 ⁸
1887 2533 1948 2584 οὐ

361 2619 470 2688 γάρ
503 2615 864 2688 μετακληθεὶς
909 2615 1014 2668 ὑπὸ
1049 2613 1158 2667 τῶν
1201 2616 1526 2687 ἀρχιερέων,
1571 2617 1670 2669 οὐκ
1707 2618 1948 2684 ἀναγκα-

363 2701 511 2764 σθεὶς
540 2699 662 2752 οὐδὲ
696 2699 960 2768 βιασθεὶς,
991 2697 1105 2751 ἀλλ’
1139 2700 1299 2760 αὐτὸς
1325 2700 1417 2768 ἀφ’
1453 2701 1644 2752 ἑαυτοῦ
1680 2702 1773 2753 καὶ
1807 2701 1950 2754 οίκο-

359 2784 451 2836 θεν
485 2783 638 2836 ἔτεκε
654 2782 745 2834 τὸν
774 2782 944 2842 δόλον,
963 2785 1058 2836 καὶ⁸
1074 2782 1173 2854 τὴν
1202 2782 1428 2853 γνώμην
1456 2783 1689 2854 ἐξήγαγε
1717 2786 1943 2854 ταύτην,

355 2866 546 2920 ούδένα
585 2865 723 2936 έχων
760 2863 1061 2935 σύμϐουλον
1097 2865 1198 2933 τῆς
1247 2866 1511 2938 πονηρίας
1544 2866 1768 2938 ταύτης.
1813 2869 1948 2922 Τότε

357 2951 668 3019 πορευθεὶς
706 2944 794 3014 εἷς
829 2948 948 3002 τῶν·
972 2948 1220 3004 δώδεκα.
1263 2951 1328 3002 Τί
1362 2952 1531 3014 ἐστιν,
1567 2947 1669 3018 Εἷς
1695 2951 1815 3004 τῶν
1840 2953 1948 3005 δώ-

356 3033 537 3098 δεκα;
572 3035 682 3088 Καὶ
698 3033 856 3086 τοῦτο
877 3035 1143 3105 μεγίστην
1167 3033 1317 3102 αὐτῷ
1354 3034 1623 3088 δείκνυσιν
1655 3031 1819 3090 οὖσαν
1849 3037 1947 3109 τὴν

356 3120 693 3192 κατηγορίαν
747 3117 826 3189 τῷ
875 3120 1072 3184 εἰπεῖν,
1113 3114 1218 3184 Εἷς
1246 3117 1366 3172 τῶν⁹
1403 3119 1650 3174 δώδεκα.
1693 3122 1802 3175 Καὶ
1839 3123 1946 3194 γὰρ

354 3201 496 3274 ἦσαν
541 3203 718 3274 ἐτεροι
771 3201 1010 3272 μαθηταὶ
1073 3201 1151 3271 τῷ
1210 3201 1383 3272 Ἰησοῦ
1442 3203 1811 3274 ἐϐδομήκοντα
1854 3207 1946 3260 τὸν

355 3286 624 3360 ἀριθμόν·
667 3286 782 3339 ἁλλ’
849 3287 1062 3339 ἐκεῖνοι..
1105 3285 1173 3338 τά
1237 3286 1515 3356 δευτερεῖα
1558 3285 1723 3358 εἶχον,
1748 3289 1944 3344 ἐκεῖνοι

354 3373 414 3426 οὐ
444 3371 711 3441 τοσαύτης
741 3371 1009 3424 ἀπέλαυον
1037 3370 1137 3439 τῆς
1167 3371 1352 3441 τιμῆς,
1374 3371 1496 3423 ούδέ
1524 3371 1790 3443 τοσαύτης
1815 3391 1944 3443 μετ-

354 3459 500 3527 εἶχον
533 3456 632 3525 τῆς
690 3454 1026 3526 παρρησίας,
1066 3455 1166 3506 οὐκ
1212 3453 1574 3525 ἐκοινώνησαν
1618 3457 1944 3528 ἀπορρήτων

353 3539 629 3604 τοσοῦτον,
657 3538 732 3598 ώς
777 3539 825 3590 οί
877 3536 1108 3590 δώδεκα.
1153 3529 1312 3589 Οὗτοι
1357 3537 1590 3607 μάλιστα
1633 3534 1773 3609 ἦσαν
1802 3539 1946 3593 δόκι-

357 3642 469 3696 μοι,
509 3624 604 3677 καὶ
635 3625 663 3676 6
694 3623 822 3694 περὶ
848 3622 938 3675 τὸν
981 3621 1205 3692 βασιλέα
1236 3622 1395 3693 χορὸς
1415 3614 1567 3685 οὗτος
1595 3619 1662 3694 ἦν
1681 3641 1693 3652 ·
1736 3623 1872 3696 αὕτη
1907 3629 1939 3696 ἡ

355 3707 634 3778 συμμορία
658 3708 690 3776 ἠ
726 3707 854 3775 περ)⁸
879 3704 970 3757 τὸν
995 3704 1333 3768 διδάσκαλον,
1359 3706 1453 3759 καὶ
1476 3705 1584 3758 ἀπὸ
1605 3706 1810 3778 ταύτης
1855 3709 1942 3773 ἐξ-

352 3791 625 3862 ἐπήδησεν
653 3792 681 3842 6
723 3787 940 3851 Ἰούδας.
970 3789 1066 3841 ”Ιν’
1113 3785 1205 3842 οῦν
1266 3789 1440 3860 μάθῃς
1474 3790 1558 3842 ὅτι
1594 3790 1654 3843 οὑ
1693 3790 1942 3862 μαθητὴς

351 3874 538 3938 ἁπλῶς
563 3873 724 3926 αὐτὸν
752 3871 1086 3944 προῦδωκεν,
1113 3872 1248 3927 ἀλλά
1276 3874 1371 3942 τῆς
1396 3872 1545 3944 [379]
1565 3874 1943 3945 δοκιμωτάτης

349 3956 557 4022 τάξεως
587 3951 690 4022 εἷς,
722 3955 810 4009 διὰ
845 3955 1002 4008 τοῦτὸ
1033 3973 1197 4025 φησιν
1218 3972 1231 3985 ο
1265 3951 1371 4021 Εἷς
1411 3957 1528 4009 τῶν
1553 3955 1800 4013 δώδεκα.
1833 3961 1942 4013 Καὶ

347 4040 450 4094 ούκ
472 4039 782 4109 αἰσχύνεται
802 4040 830 4092 6
847 4037 1018 4091 ταῦτα
1044 4038 1258 4108 γράψας
1279 4037 1574 4102 Ματθαῖος.
1591 4041 1746 4105 Τίνος
1756 4042 1942 4097 ἐνεκεν

350 4125 451 4177 ούκ
502 4121 868 4194 αίσχύνεται;
908 4122 1028 4174 Ἵνα
1082 4121 1280 4194 μάθῃς,
1330 4121 1410 4174 ὅτι
1460 4124 1734 4194 πανταχοῦ
1801 4127 1940 4195 μετά

350 4209 609 4278 ἀληθείας
631 4209 810 4261 πάντα
827 4207 1174 4275 φθέγγονται,
1197 4207 1289 4258 καὶ
1311 4206 1461 4260 οὐδὲν
1477 4208 1938 4280 ἀποκρύπτονται,

350 4291 470 4344 οὐδὲ
493 4291 562 4344 τὰ
583 4291 844 4343 δοκοῦντα
891 4284 1030 4342 εἶναι
1066 4289 1402 4342 ἐπονείδιστα
1441 4290 1490 4342 b.
1522 4291 1708 4346 Ταῦτα
1740 4293 1848 4364 γάρ
1873 4293 1941 4346 τά

350 4373 611 4428 δοκοῦντα
639 4369 780 4424 εἶναι
814 4371 1172 4432 ἐπονείδιστα.
1230 4372 1404 4425 ταῦτα
1443 4373 1682 4427 δείκνυσι
1716 4375 1808 4428 τοῦ
1843 4379 1938 4430 Δεο

353 4457 554 4511 σπότου
588 4457 687 4526 τὴν
710 4455 1120 4526 φιλανθρωπίαν
1146 4471 1157 4484 ·
1191 4457 1270 4508 ὅτι
1297 4457 1388 4511 τὸν
1414 4457 1695 4527 προδότην,
1731 4460 1820 4513 τὸν
1845 4461 1939 4533 λῃ-

350 4542 501 4614 στὴν,
557 4541 646 4594 τὸν
695 4540 959 4612 κλέπτην,
993 4539 1261 4595 τοσούτων
1303 4542 1531 4610 ἠξίωσεν
1573 4544 1814 4612 ἀγαθῶν,
1846 4547 1938 4600 καὶ

351 4625 513 4697 μέχρι
537 4625 634 4695 τῆς
693 4624 927 4694 ἐσχάτης
987 4623 1362 4688 διαδαστάζων
1396 4626 1556 4679 αὐτὸν
1583 4627 1804 4682 διετέλει
1837 4631 1938 4700 τῆς

345 4709 495 4782 ὥρας
518 4727 532 4740 ο
569 4710 665 4763 καὶ
695 4709 803 4780 γάρ
830 4707 1096 4762 ἐνουθέτει
1117 4710 1210 4762 καὶ
1241 4711 1470 4781 παρῄνει
1491 4710 1585 4764 καὶ
1607 4713 1782 4766 πάντα
1809 4716 1936 4786 τρό-

348 4812 446 4848 πον
471 4795 810 4865 ἐπεμελεῖτο.
850 4793 912 4846 Εἰ
960 4793 1018 4846 δὲ
1070 4793 1143 4864 μὴ
1191 4797 1477 4864 προσεῖχεν
1513 4796 1740 4862 ἐκεῖνος,
1779 4799 1876 4870 οὐχ
1907 4802 1935 4852 6

347 4877 544 4948 ,Κύριος
577 4877 748 4942 αἴτιος
767 4895 779 4909 ⁸
812 4877 907 4931 καὶ
929 4875 1136 4947 μάρτυς
1169 4879 1202 4947 ἡ
1225 4879 1396 4948 πόρνη
1422 4897 1435 4908 ·
1469 4878 1605 4950 αῦτη
1631 4881 1739 4951 γὰρ
1769 4899 1936 4952 προσ-

346 4962 545 5032 έχουσα
577 4963 743 5028 ἐαυτῇ
803 4958 1003 5030 ἐσώθη.
1039 4959 1127 5030 Μὴ
1178 4958 1357 5012 τοίνυν
1395 4961 1648 5032 ἀπογνῷς
1681 4963 1933 5028 σεαυτοῦ,

346 5045 484 5115 πρὸς
509 5043 608 5114 τὴν
659 5044 865 5113 πόρνην
916 5041 1155 5096 ἀπιδών·
1203 5042 1338 5112 μηδέ
1379 5043 1662 5116 θαρῥήσῃς
1701 5046 1929 5117 σεαυτῷ,

349 5127 481 5196 πρὸς
509 5126 598 5179 τὺν
633 5126 834 5179 Ἰούδαν
861 5125 1002 5180 ἰδών.
1041 5126 1354 5195 Ἀμφότεροι
1375 5125 1482 5196 γάρ
1498 5128 1670 5180 ταῦτα
1692 5129 1929 5202 ὀλέθρια,

346 5211 440 5262 καὶ
479 5225 540 5262 το
598 5211 840 5279 θαρρεῖν,
893 5209 988 5262 καὶ
1029 5208 1090 5262 τὸ
1129 5208 1562 5276 ἀπογινώσκειν·
1594 5211 1654 5263 τὸ
1700 5213 1797 5282 μὲν
1823 5214 1930 5286 γάρ

347 5295 568 5363 θαρρεῖν
623 5293 712 5345 τὸν
761 5293 1028 5362 ἑστηκότα
1073 5295 1216 5345 ποιεῖ
1250 5295 1455 5353 πεσεῖν,
1485 5292 1544 5346 τὸ
1574 5292 1629 5346 δέ
1663 5295 1933 5364 ἀπογινώ-

345 5391 494 5428 σκειν
508 5374 597 5426 τὸν
614 5375 864 5443 κείμενον
891 5376 989 5429 οὐκ
1019 5377 1242 5446 ἀφίησιν
1263 5376 1576 5448 ἀναστῆναι.
1598 5378 1695 5432 Διὰ
1721 5379 1878 5432 τοῦτο
1906 5383 1933 5434 6

345 5457 553 5520 Παῦλος
584 5457 815 5528 παρῄνει
839 5458 1038 5526 λέγων·
1072 5460 1135 5512 '0
1152 5457 1346 5512 δοκῶν
1370 5459 1932 5527 ἐστόναι,,βλεπέτ‹ι›

405 5564 430 5592 ⁸
457 5563 566 5635 M_ss.
596 5559 772 5634 βούλει,
794 5562 927 5634 quoi,
945 5559 984 5610 si
1005 5559 1310 5635 'repipiagur,
1353 5562 1620 5635 [ﬁgendum
1648 5564 1798 5615 etiam
1826 5566 1926 5616 erit

341 5625 465 5681 τίνος
485 5621 639 5674 ἕνεκεν
661 5642 684 5664 α
699 5621 982 5682 ἑπισημαίνῃ
1001 5641 1023 5662 υ
1043 5623 1331 5684 τὸνίχρὸνον.
1361 5621 1491 5672 Εὑιϊ.

403 5689 432 5730 5
456 5689 551 5737 Alli
575 5686 680 5735 οὐδὲ
708 5687 802 5732 τῶν
823 5684 1086 5733 δοκούντων
1110 5683 1226 5729 εἶναι
1241 5685 1587 5734 ἐπονειδίστων.

1129 167 1510 226 εκιοΑΝΝιε
1547 152 1944 228 CHR'YSOSTC

2072 172 2394 230 ARCHIEP.
2437 173 2988 231 CONSTANTINOP.

3527 179 3646 235 376

2055 282 2143 352 μὴ
2175 284 2360 354 πέσῃ.
2401 287 2583 356 Ἔχεις
2611 287 2936 358 ἀμφοτέρων
2963 289 3032 341 τά
3059 289 3498 360 παραδείγματα,
3527 295 3650 350 πῶς

2059 369 2087 419 6
2122 367 2366 438 μαθητὴς
2394 369 2565 422 δοκῶν
2602 371 2846 435 ἑστάναι,
2895 371 3086 424 ἔπεσε·
3120 374 3214 427 καὶ
3252 375 3367 439 πῶς
3395 377 3429 443 ἡ
3470 375 3644 445 πόρνη

2058 451 2309 523 κειμένη,
2338 453 2560 522 ἀνέστη.
2599 454 2885 507 Εύόλισθον
2925 456 3082 526 ἡμῶν
3112 459 3144 528 ἡ
3172 459 3388 530 γνώμη,
3426 462 3646 534 εύπερί-

2056 538 2343 607 τρεπτονή
2376 539 2696 608 προαίρεσις
2715 556 2726 568 ·
2762 539 2850 592 διὰ
2881 540 3040 593 τοῦτο
3060 543 3286 606 ἑαυτοὺς
3309 545 3648 615 πανταχόθεν

2057 617 2449 698 ἁσφαλίζεσθαι
2504 621 2596 673 καὶ
2633 620 2961 691 τειχίζεσθαι
2995 626 3124 694 χρή.
3163 627 3297 680 Τότε
3330 633 3648 698 πορευθείς

2055 697 2144 768 εἷς
2188 703 2308 757 τῶν
2341 704 2586 770 δώδεκα,
2632 706 2852 771 Ἰούδας
2902 708 3295 776 Ἰσκαριώτης.
3338 713 3500 783 Ὁρᾷς
3537 697 3646 766 άπὸ

2056 787 2212 838 ποίου
2238 787 2398 858 χοροῦ
2427 788 2713 853 ἐξέπεσενς
2754 790 2885 860 ὁρᾷς
2931 790 3089 853 ποίας
3111 791 3461 859 διδασκαλίας
3515 815 3646 850 κατ-

2055 870 2386 940 εφρόνησεν;
2419 875 2551 943 ὁρᾷς
2609 873 2731 926 ὅσον
2778 874 2944 927 κακόν
2980 875 3184 946 ἐστινὴ
3227 876 3468 948 ῥᾳθυμία
3492 881 3586 932 καὶ
3607 884 3643 953 ὴ

2054 953 2342 1025 ὀλιγωρία;
2387 957 2609 1021 Ἰούδας
2629 960 2660 1009 ό
2681 958 3003 1025 λεγόμενος
3042 959 3520 1028 Ἰσκαριώτης.Τί
3551 982 3643 1034 μοι

2053 1037 2233 1106 λέγεις
2264 1040 2428 1093 αὐτοῦ
2479 1041 2576 1111 τὴν
2606 1041 2794 1104 πόλινς
2826 1040 2952 1093 Εἴθε
2987 1041 3060 1112 μὴ
3094 1043 3284 1096 τοῦτον
3320 1044 3643 1113 ἐγίνωσκονι

2067 1123 2293 1188 Ἰούδας
2313 1126 2344 1176 o'
2370 1127 2694 1191 λεγόμενος
2735 1125 3123 1193 Ἰσκαριώτης.
3157 1127 3312 1192 Τίνος
3338 1129 3521 1183 ἕνεκεν
3542 1133 3644 1202 τὴν

2053 1204 2208 1258 πόλιν
2267 1205 2431 1258 αὑτοῦ
2478 1206 2690 1274 λέγεις;
2722 1201 2832 1260 Ἦν
2881 1208 3066 1278 ἕτερος
3110 1210 3310 1274 Ἰούδας
3367 1201 3639 1286 μαθητὴς,

2053 1285 2297 1358 ζηλωτὴς
2343 1290 2787 1361 ἐπικαλούμενος.
2821 1292 2918 1344 Ἵν’
2951 1289 3043 1345 οὖν
3071 1293 3159 1345 διὰ
3193 1294 3292 1365 τῆς
3319 1285 3644 1368 ὁμωνυμίας

2056 1371 2129 1441 μὴ
2163 1373 2384 1444 γένηταί
2411 1392 2494 1437 τις
2518 1375 2716 1445 πλάνη,
2744 1375 2903 1427 διεῖλε
2929 1375 3118 1428 τοῦτον
3155 1377 3248 1430 ἀπ’
3285 1379 3514 1442 ἐκείνου,
3545 1385 3642 1436 καὶ

2053 1458 2257 1510 ἐκεῖνον
2283 1459 2378 1528 μὲν
2403 1459 2509 1511 ἀπὸ
2539 1460 2637 1530 τῆς
2668 1459 2868 1530 ἀρετῆς
2896 1460 3195 1529 ὠνόμασεν,
3239 1462 3440 1526 Ἰούδας
3477 1467 3504 1517 6
3538 1464 3639 1536 ζη-

2052 1539 2227 1612 λωτής
2250 1557 2262 1570 ·
2287 1542 2471 1596 τοῦτον
2510 1542 2564 1595 δέ
2594 1545 2692 1596 οὐκ
2734 1543 3018 1614 ὠνόμασεν
3048 1546 3156 1598 άπὸ
3177 1545 3276 1614 τῆς
3311 1547 3541 1611 κακίαςε
3574 1551 3637 1602 ού

2053 1625 2160 1692 γάρ
2183 1622 2355 1688 εἶπεν,
2395 1627 2590 1691 Ἰούδας
2619 1631 2646 1680 6
2672 1628 2954 1698 προδότης.
2993 1629 3186 1681 Καίτοι
3216 1631 3402 1701 ἐχρῆν,
3446 1632 3639 1704 ῶσπερ

2055 1710 2260 1760 ἐκεῖνον
2287 1709 2394 1761 ἀπὸ
2433 1710 2534 1780 τῆς
2579 1711 2781 1781 ἀρετῆς
2813 1712 3094 1775 ἐκάλεσεν,
3134 1711 3277 1764 οῦτω
3309 1715 3402 1766 καὶ
3445 1714 3636 1768 τοῦτον

2053 1793 2159 1844 ἀπὸ
2191 1793 2289 1862 τῆς
2326 1794 2522 1856 κακίας
2559 1795 3020 1865 προσαγορεῦσαι,
3062 1797 3156 1849 καὶ
3199 1799 3392 1859 εἰπεῖν,
3435 1797 3637 1863 Ἰούδας

2051 1876 2079 1927 6
2101 1875 2363 1947 προδότης
2389 1893 2403 1907 ο
2427 1876 2540 1930 ἀλλ’
2567 1877 2654 1930 ἵνα
2685 1895 2744 1930 σε
2775 1877 3036 1952 παιδεύσῃ
3053 1878 3296 1951 καθαράν
3323 1879 3467 1950 ἔχειν
3498 1900 3633 1935 κατ-

2051 1959 2281 2029 ηγορίας
2324 1959 2423 2030 τὴν
2469 1959 2736 2029 γλῶτταν,
2772 1963 2864 2015 καὶ
2899 1961 3063 2015 αὐτοῦ
3098 1962 3193 2014 τοῦ
3225 1963 3484 2034 προδότου
3516 1965 3635 2033 (ξεί-

2049 2042 2220 2098 δεται.
2267 2045 2587 2111 Πορευθεὶς
2641 2047 2784 2117 γάρ,
2841 2047 3037 2117 φησὶν,
3085 2041 3173 2111 εἷς
3227 2045 3344 2099 τῶν
3384 2046 3638 2114 δώδεκα,

2064 2127 2289 2193 Ἰούδας
2327 2128 2721 2197 Ἰσκαριώτης,
2759 2131 2910 2196 πρὸς
2961 2131 3103 2196 τοὺς
3125 2130 3434 2199 ἀρχιερεῖς,
3465 2128 3639 2186 εἶπεν

2051 2212 2252 2276 αὐτοῖς
2277 2229 2290 2241 ο
2323 2214 2382 2265 Τί
2404 2231 2504 2281 μοι
2559 2214 2762 2267 θέλετε
2803 2214 3034 2279 δοῦναι,
3075 2216 3235 2282 κάγὼ
3268 2216 3407 2284 ὑμῖν
3450 2233 3639 2285 παρα·

2051 2292 2221 2348 δώσω
2243 2297 2428 2349 αὺτόν
2448 2313 2464 2359 ;
2485 2298 2546 2348 Ὠ
2563 2298 2657 2366 τῆς
2687 2299 2888 2368 μιαρᾶς
2910 2299 3125 2367 ἐκείνης
3152 2301 3363 2369 φωνῆςί
3389 2301 3498 2353 Καὶ
3521 2300 3637 2364 πῶς

2051 2379 2348 2449 ἐξεπήδησε
2377 2379 2470 2433 τοῦ
2508 2379 2802 2447 στόματος;
2831 2380 3193 2452 πῶς’ἐκίνησε
3227 2381 3322 2452 τὴν
3345 2381 3633 2451 γλῶσσα-η

2051 2464 2168 2525 πῶς
2199 2465 2299 2517 οὐκ
2336 2463 2632 2535 ἐνάρκησεν
2663 2463 2805 2517 άπαν
2827 2463 2887 2517 τὸ
2929 2465 3089 2534 σῶμα
3113 2482 3125 2528 ;
3151 2464 3265 2528 πῶς
3307 2466 3407 2518 οὐκ
3441 2465 3632 2538 ἐξέστη

2050 2548 2082 2617 ή
2115 2547 2320 2600 διάνοια
2344 2565 2357 2612 ;

2119 2672 2187 2739 γ’.
2235 2673 2294 2724 Τί
2324 2672 2523 2726 θέλετέ
2552 2693 2652 2742 μοι
2687 2675 2917 2737 δοῦναι,
2947 2677 3108 2746 κάγὼ
3137 2679 3279 2747 ὑμῖν
3302 2681 3634 2748 παραδώσω

2049 2756 2232 2807 αὐτόν
2255 2773 2274 2818 ;
2301 2755 2484 2809 Ταῦτά
2508 2774 2565 2808 σε
2593 2759 2909 2812 ἐπαίδευσεν
2935 2764 2961 2815 6
2983 2763 3237 2833 Χριστὸς,
3267 2764 3386 2816 εἰπέ
3409 2782 3536 2834 μοις
3567 2767 3631 2819 ού

2050 2837 2138 2889 διὰ
2159 2837 2315 2890 τοῦτο
2341 2838 2514 2906 ἔλεγε,
2542 2841 2636 2907 Μὴ
2669 2842 2976 2909 κτήσασθε
3027 2846 3287 2915 χρυσόν,
3337 2846 3482 2911 μηδὲ
3523 2849 3633 2916 dp-

2049 2940 2250 2991 γινρον,
2280 2923 2435 2992 μηδὲ
2471 2925 2706 2994 χαλκὸν
2764 2930 2850 2992 εἱς
2885 2928 2990 2994 τὰς
3013 2927 3196 2993 ζώνας
3211 2932 3394 2998 ὑμῶν,
3424 2931 3632 2985 ἄνωθεν

2049 3008 2498 3076 προαναστέλλων
2533 3026 2625 3062 σου
2657 3011 2755 3080 τῆς
2793 3011 3157 3084 φιλαργυρίας
3189 3013 3286 3083 τὴν
3329 3015 3583 3069 ὑπόθεσιν
3613 3035 3628 3081 ;

2047 3090 2107 3143 ού
2133 3090 2306 3144 ταῦτα
2345 3091 2576 3162 παρῄνει
2608 3092 2869 3162 διηνεκῶς
2897 3097 2990 3148 καὶ
3021 3095 3159 3166 μετά
3188 3097 3391 3151 τούτων
3423 3099 3627 3168 ἔλεγεν,

2061 3173 2203 3227 Ἐάν
2222 3176 2312 3240 τίς
2337 3191 2410 3228 σε
2422 3176 2654 3244 ρίιπίσῃ
2676 3179 2760 3242 εἰς
2789 3178 2901 3244 τὴν
2926 3177 3131 3242 δεξιὰν
3161 3183 3434 3251 σιαγόνα,
3461 3182 3632 3251 στρέ-

2045 3261 2169 3326 ψον
2192 3257 2352 3322 αὐτῷ
2393 3259 2489 3310 καὶ
2520 3257 2636 3324 τὴν
2665 3259 2863 3327 ἄλλην
2880 3279 2898 3326 ;
2941 3263 3000 3314 TI
3036 3264 3236 3320 θέλετέ
3268 3282 3372 3335 μοι
3395 3264 3630 3332 δοῦναι,

2046 3342 2208 3412 κάγὼ
2254 3342 2399 3411 ὑμῖν
2445 3341 2778 3409 παραδώσω
2815 3347 3036 3410 αὐτόν;
3079 3347 3142 3399 Ὢ
3189 3364 3290 3416 της
3336 3350 3628 3414 ἀπονοίαςί

2057 3427 2203 3480 Ἀντὶ
2237 3429 2401 3492 τίνος.
2453 3427 2571 3480 εἰπέ
2629 3446 2752 3497 μοις
2806 3430 2858 3482 τί
2895 3431 3144 3501 μικρὺνῆ
3186 3432 3328 3502 μέγα
3379 3434 3631 3501 ἐγκαλεῖν

2046 3510 2205 3582 ἔχων,
2260 3513 2568 3584 παραδίδως
2601 3515 2691 3567 τὸν
2714 3513 3034 3567 διδάσκαλον
3061 3532 3074 3578 ;
3115 3516 3196 3568 ὅτι
3228 3534 3309 3569 σοι
3345 3519 3631 3589 παρέδωκε

2045 3597 2151 3649 τῶν
2180 3595 2616 3667 [58υιδαιμὸνων
2640 3598 2738 3668 τὴν
2760 3598 3038 3662 ἐξουσίαν;
3067 3599 3147 3651 ὅτι
3171 3601 3450 3670 νοσήματα
3479 3601 3631 3653 λύειν

2045 3678 2298 3745 ἐποίησεν
2317 3695 2331 3743 ;
2350 3679 2431 3731 ὅτι
2457 3678 2662 3750 λέπρας
2680 3679 2993 3751 καθαίρειν;
3017 3681 3098 3732 ὅτι
3115 3681 3341 3750 νεκροὺς
3366 3682 3625 3752 ἀνιστᾷν;

2044 3764 2213 3833 ὅτιτῇ
2242 3763 2516 3833 τυραννίδι
2543 3762 2811 3833 ἐπέστησε
2847 3763 2939 3816 τοῦ
2982 3763 3246 3830 θανάτου;
3281 3765 3400 3817 ἀντὶ
3421 3765 3628 3819 τούτων

2043 3845 2150 3897 τῶν
2182 3845 2507 3916 εὐεργεσιῶν
2559 3845 2762 3910 ταύτας
2820 3846 2976 3910 δίδως
3010 3849 3107 3910 τὰς
3137 3847 3400 3917 ἀμοιϐάς;
3443 3849 3504 3902 Τί
3528 3849 3625 3903 θέ-

2045 3928 2182 3981 λετέ
2227 3946 2328 3997 μοι
2375 3927 2604 3992 δοῦναι,
2647 3930 2806 3998 κάγὼ
2858 3929 3000 3998 ὑμῖν
3039 3929 3624 3997 πεφαδώσωαύτόνς

2048 4011 2111 4062 Ὢ
2145 4011 2240 4082 τῆς
2289 4013 2579 4076 ἁπονοίαςί
2635 4013 2832 4084 μᾶλλον
2876 4012 2953 4074 δέ,
2985 4012 3030 4064 ὢ
3076 4014 3169 4084 τῆς
3224 4015 3622 4086 φιλαργυρίαςί

2044 4095 2219 4148 πάντα
2260 4095 2366 4166 γάρ
2413 4097 2593 4167 ἐκείνη
2647 4095 2799 4148 ἔτεκε
2848 4095 2915 4148 τά
2965 4096 3147 4149 κακά’
3209 4097 3422 4167 ἐκείνης
3463 4099 3625 4161 αύτδς

2044 4180 2411 4251 ἐπιθυμήσας,
2440 4180 2720 4252 προύδωκε
2751 4180 2838 4232 τὸν
2874 4179 3211 4234 διδάσκαλον.
3245 4181 3493 4234 Τοιοῦτον
3513 4184 3624 4253 γάρ

2042 4265 2190 4316 ἐστιν
2226 4265 2258 4334 ἡ
2291 4264 2502 4336 πονηρά
2556 4263 2679 4335 ῥίζα
2715 4263 2920 4333 ἐκείνη,
2958 4263 3210 4333 δαίμονος
3245 4263 3622 4336 χαλεπώτερον

2040 4347 2139 4411 τὰς
2177 4348 2409 4410 ἁλούσας
2459 4346 2784 4417 ἐκϐακχεύει
2830 4345 3027 4416 ψυχάς,
3087 4347 3180 4400 καὶ
3228 4351 3372 4400 ποιεῖ
3413 4349 3622 4412 πάντῦῐς

2041 4432 2278 4500 ἀγνοεῖν,
2311 4431 2405 4484 καὶ
2439 4431 2631 4484 ἐαυτὸν
2665 4431 2760 4484 καὶ
2802 4431 2929 4493 τοὺς
2977 4431 3202 4502 πλησίον
3237 4433 3328 4486 καὶ
3359 4435 3483 4496 τοὺς
3521 4436 3620 4502 τῆς

2040 4514 2253 4583 φύσεως
2282 4515 2497 4584 νόμους,
2529 4516 2622 4566 καὶ
2652 4514 2830 4567 αὐτῶν
2865 4513 3112 4566 ἐκϐάλλει
3143 4515 3246 4566 ⁴τῶν
3277 4515 3488 4584 φρενῶν
3525 4519 3619 4569 καὶ

2039 4598 2405 4668 παραπλῆγας
2447 4599 2758 4668 ἐργάζεται.
2785 4599 2924 4668 Ὅρα
2966 4597 3074 4668 γάρ
3105 4599 3248 4652 πόσα
3275 4599 3527 4665 ἐξέῦαλεν
3555 4603 3620 4653 ἐκ

2035 4682 2137 4752 τῆς
2165 4682 2257 4734 τοῦ
2300 4683 2467 4735 Ἰούδα
2498 4682 2675 4753 ψυχῆς
2701 4701 2712 4711 ·
2749 4682 2848 4752 τὴν
2891 4681 3128 4751 ὁμιλίαν,
3166 4682 3262 4752 τὴν
3306 4683 3614 4750 συνήθειαν,

2036 4765 2134 4835 τὴν
2163 4767 2447 4818 κοινωνίαν
2474 4767 2573 4836 τὴν
2603 4767 2660 4818 ἐν
2683 4765 2951 4835 τραπέζῃ,
2970 4764 3036 4816 τά
3061 4764 3336 4836 θαύματα,
3356 4767 3454 4836 τὴν
3475 4766 3619 4820 διδα-

2039 4848 2283 4912 σκαλίαν,
2311 4848 2406 4919 τὴν
2429 4848 2766 4919 παραίνεσιν.
2794 4847 2890 4918 τὴν
2909 4847 3190 4900 νουθεσίαν
3211 4863 3224 4877 ο
3251 4848 3424 4901 ταῦτα
3441 4851 3616 4902 πάντα

2036 4933 2115 4994 εἰς
2172 4931 2342 5002 λήθην
2391 4931 2642 4984 ἐνέϐαλεν
2688 4933 2722 5002 ἡ
2761 4931 3090 5001 φιλαργυρία
3145 4931 3283 4983 τότε.
3335 4933 3431 4984 Διά
3460 4933 3616 4986 τοῦτο

2035 5015 2258 5078 εἰκότως
2284 5017 2311 5067 6
2337 5015 2548 5078 Παῦλος
2572 5015 2778 5084 ἔλεγεν,
2815 5015 2895 5067 ὅτι
2913 5013 3056 5073 Ῥίζα
3087 5013 3327 5067 πάντων
3356 5013 3473 5067 τῶν
3509 5033 3615 5069 κα-

2034 5096 2157 5150 κῶν
2178 5097 2349 5151 ἐστιν
2380 5100 2418 5166 ἠ
2446 5098 2821 5166 φιλαργυρία.
2842 5096 2990 5150 -Τί
3023 5096 3227 5150 θέλετέ
3249 5113 3349 5166 μοι
3379 5097 3610 5158 δοῦναι,

2033 5182 2194 5250 κάγὼ
2225 5181 2365 5250 ὑμῖν
2396 5180 2727 5250 παραδώσω
2757 5181 2960 5234 αὐτόν.
2999 5179 3226 5250 Πολλὴὴ
3260 5180 3492 5235 ἀπόνοια
3520 5181 3610 5234 τοῦ

2034 5268 2294 5337 ῥήματος.
2328 5265 2662 5336 Παραδίδως.
2689 5265 2809 5316 εἰπέ
2844 5281 2952 5333 μοι,
2978 5263 3068 5316 τὸν
3093 5266 3267 5318 πάντα
3284 5265 3609 5336 κρατοῦντα,

2030 5351 2119 5402 τὸν
2152 5349 2419 5420 δαιμόνων
2447 5347 2845 5412 ἐξουσιάζοντα,
2867 5350 2933 5418 τῇ
2967 5345 3202 5419 θαλάττῃ
3233 5348 3610 5413 ἐπιτάττοντα,

2027 5433 2119 5484 τὸν
2174 5433 2274 5500 τῆς
2319 5431 2534 5499 φύσεως
2575 5431 2831 5484 ἁπάντων
2870 5431 3177 5501 Δεσπότην;
3205 5430 3301 5484 Ἰν⁹
3325 5429 3418 5486 οὖν
3447 5434 3610 5487 αὑτοῦ

2030 5516 2356 5585 καταστείλῃ
2391 5515 2489 5586 τὴν
2521 5516 2800 5576 ἀπόνοιαν,
2831 5515 2923 5568 καὶ⁹
2976 5515 3122 5586 δειξῃ
3154 5516 3235 5569 ὅτι
3261 5518 3308 5568 εἰ
3349 5517 3425 5587 μὴ
3456 5517 3610 5571 ἐϐού-

2028 5599 2170 5663 λετο,
2204 5599 2302 5650 οὐκ
2330 5598 2395 5651 ἂν
2419 5599 2709 5670 παρεδόθη,
2755 5599 2984 5652 ἄκουσον
3015 5598 3065 5650 τί
3095 5603 3262 5654 ποιεῖ.
3289 5601 3425 5652 Κατ’
3450 5601 3610 5653 αὐτὸν

2030 5680 2118 5734 τὸν
2142 5683 2330 5750 καιρὸν
2391 5685 2486 5751 τῆς
2541 5682 2848 5752 προδοσίας,
2881 5682 2970 5735 ὅτε
3001 5680 3235 5751 ἐπῆλθον
3283 5681 3452 5752 αὐτῷ,
3482 5683 3611 5749 ξύὶα
