4062 6206
268 176 377 233 373

268 291 335 343 Et
364 289 574 346 videtur
615 290 833 361 quidem
858 292 907 347 id
936 295 1075 364 quod
1104 294 1301 351 dictum
1336 307 1418 352 est
1456 298 1660 353 clarum
1683 315 1802 356 esse
1825 342 1841 366 ,

265 378 507 449 nihilque
550 381 780 452 amplius
826 383 1192 451 subindicare;
1224 386 1317 440 sed
1360 387 1406 441 si
1455 389 1575 457 quis
1602 398 1848 444 accurate

262 471 493 542 singula,
518 489 641 543 qua:
679 473 821 529 dicta
847 484 987 540 sunt,
1017 478 1305 544 examinet,
1338 494 1582 549 magnam
1610 481 1848 551 prmbent

260 565 661 634 contemplandi
684 567 980 631 materiam,
1008 570 1331 640 multamque
1349 586 1604 627 sensuum
1629 571 1850 642 profun-

262 654 506 709 ditatem.
541 655 719 709 l’rimo
742 664 949 726 tempus
970 659 1416 715 considerandum
1437 672 1538 716 est.
1561 661 1677 716 Non
1706 664 1847 718 enim

268 747 585 817 simpliciter
613 748 742 802 illud
785 748 982 804 indicat
1007 751 1367 821 evangelista;
1398 768 1569 822 neque
1595 754 1738 808 enim
1763 753 1847 808 di-

268 839 347 893 xit
374 839 546 894 solum
568 881 583 906 ,
614 838 784 907 Abiit,
811 840 904 895 sed
933 840 1161 910 adjecit,
1193 841 1333 897 Tum:
1375 844 1518 899 abiit.
1543 843 1725 899 Tunc?
1763 844 1849 900 dic

266 936 401 990 mihi
429 933 766 1004 quandonam
791 975 806 1001 ,
836 945 890 989 et
914 951 1139 1005 quanam
1166 937 1232 990 de
1258 952 1416 992 causa
1449 948 1656 1007 tempus
1704 938 1845 993 indi-

266 1026 393 1081 cet?
421 1025 545 1094 quid
573 1041 657 1079 me
677 1025 873 1080 docere
902 1027 1014 1080 vult
1043 1025 1067 1079 ?
1094 1025 1207 1080 Non
1238 1027 1381 1082 enim
1429 1037 1629 1083 temere
1649 1028 1847 1084 dictum

265 1125 354 1171 est
379 1115 507 1170 illud
530 1158 545 1183 ,
574 1123 693 1170 tunc
725 1131 745 1170 :
770 1116 1028 1185 siquidem
1058 1132 1178 1171 cum
1205 1116 1404 1186 Spiritu
1440 1128 1618 1173 motus
1665 1119 1852 1188 loque-

267 1220 440 1273 retur,
469 1223 569 1262 nec
597 1218 796 1262 temere
827 1223 924 1262 nec
945 1208 1134 1262 frustm
1162 1208 1496 1278 loquebatur.
1520 1209 1658 1277 Quid
1690 1209 1851 1280 igitur

267 1308 353 1355 est
384 1299 533 1366 illud,
565 1300 719 1352 tunc?
750 1302 885 1353 Ante
913 1299 1040 1354 illud
1073 1310 1313 1370 tempus,
1341 1311 1465 1356 ante
1494 1302 1634 1356 illam
1661 1302 1847 1357 horam

266 1393 496 1446 accessit
525 1390 773 1444 meretrix
806 1390 1127 1445 alabastrum
1156 1393 1408 1462 unguenti
1434 1392 1657 1459 habens,
1689 1403 1742 1449 et
1766 1393 1848 1448 cf-

270 1482 411 1537 fudit
437 1481 610 1535 oleum
667 1478 793 1534 illud
818 1495 979 1551 super
1003 1491 1161 1551 caput
1208 1482 1438 1537 Domini.
1490 1482 1729 1554 Magnam
1758 1499 1850 1538 cu-

269 1590 389 1628 ram
435 1572 696 1637 ostendit,
728 1572 980 1643 grandem
1010 1573 1165 1629 lidem
1184 1615 1202 1638 ,
1231 1575 1451 1628 multam
1481 1574 1836 1631 obedientiam

268 1681 335 1719 ac
362 1666 633 1737 pietatem;
663 1666 891 1734 priorem
921 1666 1076 1719 vitam
1107 1668 1362 1733 mutavit,
1392 1665 1524 1721 facta
1552 1677 1632 1723 est
1661 1669 1851 1723 melior

268 1765 327 1809 et
395 1754 793 1822 temperantior.
846 1754 913 1808 Et
982 1755 1192 1825 quando
1259 1760 1509 1810 meretrix
1590 1758 1847 1827 resipuit,

268 1850 487 1914 quando
508 1844 606 1899 sibi
634 1845 911 1899 Dmninum
942 1846 1201 1911 attraxit,
1236 1856 1362 1901 tunc
1400 1847 1692 1917 discipulus
1740 1866 1853 1905 ma-

267 1938 496 2007 gistrum
539 1935 791 2005 prodidit.
828 1935 950 1990 Ideo
978 1935 1130 1999 dixit,
1163 1947 1300 2003 tunc,
1333 1952 1400 1992 ne
1442 1938 1749 2008 magistrum
1772 1939 1853 1993 in-

272 2026 543 2081 ﬁrmitatis
592 2041 904 2091 accusares,
955 2027 1041 2081 ubi
1092 2028 1301 2083 videres
1353 2045 1473 2083 eum
1517 2045 1548 2085 a
1595 2030 1852 2100 discipulo

265 2116 448 2189 prodi.
473 2116 637 2170 Tanta
681 2117 820 2171 enim
852 2117 930 2170 vis
958 2128 1067 2171 erat
1098 2119 1370 2188 magistri,
1395 2129 1451 2175 ut
1477 2122 1637 2175 etiam
1678 2137 1853 2176 mere-

269 2208 435 2262 trices
458 2207 525 2261 ad
556 2207 952 2277 obsequendum
979 2209 1081 2263 sibi
1115 2210 1461 2278 pertraheret.

345 2295 486 2351 Deus
510 2314 611 2350 non
632 2298 918 2351 necessitate
937 2299 1179 2366 pertrahit
1199 2300 1267 2353 ad
1290 2301 1473 2355 bonum
1493 2303 1764 2374 agendum.
1784 2333 1855 2345 —

267 2387 414 2454 Quid
441 2387 635 2458 igitur,
666 2386 906 2457 inquies,
931 2387 1021 2458 qui
1050 2388 1357 2445 meretrices
1386 2393 1588 2461 potuit,
1615 2391 1853 2463 discipu-

266 2480 383 2533 lum
410 2476 720 2548 pertrahere
741 2494 845 2532 non
872 2479 1042 2548 potuit
1069 2478 1092 2532 ?
1120 2479 1331 2536 Poterat
1375 2482 1591 2551 quidem
1616 2481 1854 2553 discipu-

267 2569 386 2624 lum
415 2569 743 2639 pertrahere,
774 2567 869 2624 sed
914 2569 1081 2624 noluit
1124 2570 1271 2624 illum
1321 2572 1634 2627 necessitate
1658 2572 1852 2628 bonum

268 2660 473 2725 facere,
501 2675 675 2730 neque
699 2659 750 2713 vi
766 2659 832 2714 ad
856 2675 915 2715 se
944 2660 1270 2730 pertrahere.
1303 2660 1444 2717 Tunc
1462 2663 1650 2718 abiens.
1684 2663 1855 2718 Etiam
1880 2735 1886 2740 .

272 2749 411 2804 illud
430 2790 446 2816 ,
463 2748 632 2803 abiens
646 2791 662 2814 ,
681 2750 909 2820 aliquam
938 2750 1096 2805 habet
1119 2752 1510 2822 contemplandi
1538 2755 1813 2809 materiam
1840 2772 1855 2809 :

270 2854 387 2895 non
418 2841 559 2895 enim
587 2841 788 2895 accitus
820 2856 850 2895 a
874 2840 1198 2912 principibus
1227 2845 1560 2900 sacerdotum
1579 2889 1596 2914 ,
1630 2861 1734 2901 non
1768 2862 1860 2902 ne-

274 2931 535 2985 cessitate
575 2929 848 2999 inductus,
880 2947 985 2987 non
1011 2944 1253 3000 coactus;
1289 2934 1384 2989 sed
1421 2950 1451 2989 a
1484 2938 1660 3007 seipso
1688 2947 1742 2993 ct
1764 2954 1859 2994 sua

270 3032 474 3093 sponte
498 3022 672 3077 dolum
703 3024 928 3094 peperit,
957 3035 1009 3080 et
1034 3024 1170 3080 hanc
1186 3027 1373 3081 extulit
1391 3030 1707 3084 sententiam
1727 3071 1743 3094 ,
1766 3047 1861 3086 ne-

271 3116 427 3170 mine
470 3115 576 3169 alio
613 3116 711 3170 sibi
757 3117 1003 3187 nequitiae
1050 3118 1207 3188 hujus
1253 3129 1488 3177 auctore.
1524 3121 1665 3177 Tunc
1689 3124 1861 3178 abiens

273 3223 410 3260 unus
438 3206 503 3259 de
537 3205 824 3260 duodecim.
849 3207 983 3275 Quid
1011 3217 1113 3277 est,
1140 3208 1284 3264 Unus
1326 3211 1388 3264 de
1415 3211 1673 3266 duodecth
1699 3212 1726 3267 .’
1751 3213 1863 3269 Hoc

273 3296 353 3352 illi
407 3313 603 3366 magno
645 3299 856 3353 crimini
891 3301 1141 3368 vertitur,
1189 3301 1329 3372 quod
1358 3303 1582 3370 dicatur,
1612 3304 1756 3360 Unus
1798 3307 1862 3360 de

268 3385 570 3440 duodecim.
604 3387 815 3444 Etenim
839 3398 994 3444 erant
1026 3399 1079 3446 ct
1106 3392 1195 3446 alii
1217 3391 1338 3446 Jesu
1372 3393 1613 3465 discipuli
1640 3411 1862 3451 numero

269 3478 614 3548 septuaginta
635 3496 649 3532 :
670 3478 764 3533 sed
796 3480 871 3534 illi
898 3480 1159 3537 secundas
1184 3481 1469 3549 habebant,
1493 3485 1571 3539 illi
1593 3501 1697 3540 non
1716 3496 1862 3542 tanto

272 3567 600 3624 fruebantur
641 3571 863 3639 honore,
911 3588 1011 3629 nec
1041 3584 1185 3629 tanta
1231 3587 1383 3631 erant
1411 3578 1614 3646 pnediti
1639 3578 1859 3646 ﬁducia,

273 3675 386 3715 non
414 3669 680 3716 tantorum
706 3674 857 3718 erant
883 3665 1165 3735 participes
1181 3681 1495 3722 arcanorum
1512 3711 1527 3737 ,
1545 3679 1863 3739 qnantorum

267 3752 563 3809 duodecim
594 3756 687 3811 illi.
719 3756 813 3813 llic
840 3758 1069 3814 maxime
1094 3760 1297 3828 probati
1324 3771 1495 3829 erant,
1528 3762 1612 3817 hic
1632 3774 1747 3818 erat
1773 3778 1862 3819 re-

274 3846 402 3915 gius
431 3848 647 3914 chorus;
674 3848 759 3904 hic
786 3865 989 3905 cuneus
1008 3852 1262 3923 magistro
1289 3853 1535 3910 merens:
1563 3856 1629 3910 ab
1656 3855 1755 3911 hoc
1774 3871 1861 3911 re-

270 3937 412 3993 siliit
441 3936 626 3993 Judas.
658 3939 725 3996 Ut
748 3941 904 4011 igitur
931 3943 1104 3999 discas
1130 3959 1234 3998 non
1263 3944 1581 4015 discipulum
1603 3946 1861 4015 simplici-

275 4039 363 4084 tcr
414 4031 587 4100 ipsum
644 4033 973 4103 prodidisse,
1028 4034 1122 4090 sed
1168 4051 1329 4090 unum
1375 4052 1440 4091 ex
1494 4024 1863 4106 probatissimo

275 4121 476 4175 ordine
494 4176 507 4188 ,
534 4123 655 4178 ideo
680 4124 840 4191 dicit,
872 4125 1015 4181 Unus
1036 4129 1098 4182 de
1125 4128 1407 4182 duodecim.
1462 4129 1641 4200 Neque
1668 4132 1862 4187 erubc-

269 4213 386 4267 scit
410 4213 480 4277 is.
502 4214 593 4284 qui
618 4214 732 4272 lucc
756 4218 966 4289 scripsit
992 4218 1289 4275 Matthzens.
1345 4224 1519 4288 Quare
1545 4236 1649 4275 non
1674 4222 1864 4278 erube-

267 4305 379 4359 scit
394 4305 422 4357 ἲ
448 4302 516 4360 Ut
530 4304 703 4361 discas
720 4321 814 4362 eos
840 4322 1054 4379 semper
1075 4324 1194 4364 cum
1216 4311 1436 4366 veritate
1457 4320 1645 4366 cuncta
1661 4312 1858 4380 dicere,

272 4413 385 4452 nec
424 4399 511 4452 vel
554 4414 613 4453 ea
659 4398 855 4464 celare,
877 4416 996 4470 qua:
1025 4400 1124 4455 sibi
1153 4402 1407 4471 probrosa
1432 4403 1695 4457 videntur.
1739 4403 1863 4460 llaec

271 4486 484 4557 quippe
527 4487 638 4557 ipsa
668 4504 786 4559 qua:
811 4489 1056 4544 videntur
1074 4490 1358 4561 probrosa,
1389 4491 1596 4546 Domini
1627 4492 1864 4562 benigni-

266 4586 448 4633 tatem
479 4579 795 4646 ostendunt,
827 4580 966 4650 quod
997 4580 1350 4651 proditorem,
1383 4582 1662 4649 latronem,
1694 4583 1860 4639 furem

258 4671 444 4724 tantis
461 4669 702 4739 dignatus
719 4671 789 4724 sit
812 4669 1052 4738 bonis,et
1071 4685 1238 4741 usque
1262 4671 1328 4726 ad
1353 4683 1649 4727 extremam
1679 4674 1861 4729 horam

262 4761 457 4831 ipsum
503 4762 703 4816 tulerit.
749 4761 956 4816 Etenim
993 4760 1346 4827 admonebat,
1375 4762 1717 4829 hortabatur,
1749 4777 1864 4818 om-

261 4865 518 4921 nemque
561 4866 745 4905 curam
770 4851 991 4922 gerebat
1011 4852 1152 4907 illius
1181 4869 1194 4906 :
1223 4853 1361 4921 quod
1409 4853 1452 4908 si
1494 4853 1582 4907 ille
1621 4869 1724 4907 non
1749 4854 1864 4909 ani-
1914 4899 1917 4902 ‹

259 4957 428 4996 mum
457 4940 717 5008 adhibuit,
747 4956 850 4996 non
880 4943 932 4996 in
959 4956 1115 4997 causa
1137 4950 1253 4997 erat
1288 4943 1559 4999 Dominus.
1586 4943 1756 4999 Testis
1781 4956 1864 5000 est

259 5045 395 5101 Ipsa
446 5032 697 5086 meretrix
726 5050 741 5088 :
772 5033 859 5086 illa
889 5047 1119 5104 namque
1145 5047 1264 5087 cum
1294 5033 1393 5089 sibi
1419 5034 1741 5101 attenderet,
1773 5050 1862 5090 sa-

254 5122 448 5179 lutem
477 5133 627 5177 nacta
656 5132 757 5179 est.
787 5122 866 5179 Ne
894 5123 1073 5193 itaque
1111 5123 1364 5195 desperes
1387 5165 1401 5189 ,
1434 5125 1577 5179 illam
1606 5134 1863 5181 contuens

258 5213 652 5279 meretricem;
675 5231 844 5287 neque
862 5214 1100 5271 conﬁdas
1122 5216 1234 5283 tibi,
1252 5215 1318 5270 ad
1342 5216 1528 5271 Judam
1549 5218 1859 5289 respiciens.

260 5304 581 5377 Utrumque
602 5308 743 5362 enim
768 5307 1121 5378 perniciosum
1143 5317 1294 5364 estet
1313 5308 1580 5366 conﬁdere
1602 5319 1657 5366 et
1674 5311 1863 5380 despe-

255 5411 400 5451 rare
433 5410 450 5449 :
479 5397 799 5454 conﬁdentia
845 5398 986 5454 enim
1015 5409 1241 5455 stantem
1269 5401 1586 5469 prosternit;
1612 5400 1865 5472 despera-

260 5489 347 5541 tio
365 5488 580 5558 lapsnm
606 5503 887 5560 resurgere
913 5505 1019 5545 non
1048 5490 1192 5546 sinit.
1222 5490 1347 5547 Ideo
1374 5490 1566 5546 Paulus
1584 5490 1668 5547 bis
1687 5491 1863 5550 verbis

258 5579 597 5635 hortabatur
626 5598 640 5634 :
671 5579 772 5647 Qui
790 5580 984 5637 videtur
1008 5590 1159 5649 stare,
1184 5580 1347 5637 videas
1374 5598 1438 5638 ne
1459 5582 1610 5638 cadat
1634 5583 1707 5656 (l.
1738 5583 1856 5639 Cor.

1362 197 1452 254 DE
1489 200 1900 259 PRODITIONE
1935 205 2129 261 JUWE
2157 204 2379 260 ΠΟΜΠ..
2415 202 2458 258 1.

3419 195 3525 254 376

1955 304 2044 358 i0.
2075 302 2188 362 l2).
2214 303 2389 357 [labes
2409 301 2682 356 amborum
2711 302 2974 374 exempla,
3001 301 3266 375 quomodo
3295 305 3525 377 discipu-

1950 392 2036 448 lus
2057 406 2177 447 eum
2198 401 2342 446 stare
2369 390 2655 455 videretur,
2685 392 2955 457 ceciderit,
2982 404 3036 449 et
3061 396 3329 465 quomodo
3350 412 3527 452 mere-
3570 404 3579 444 ι

1952 484 2058 540 trix
2073 484 2256 555 jacens
2283 483 2599 539 surrexerit.
2629 482 2710 537 Ad
2735 482 2939 553 lapsum
2968 501 3167 553 pronus
3201 498 3283 542 est
3318 489 3527 542 animus

1950 586 2134 633 noster
2152 618 2166 642 ,
2207 577 2452 632 volubilis
2480 577 2720 630 voluntas
2749 594 2764 632 :
2794 578 3136 646 quamobrem
3164 594 3301 649 opus
3341 589 3426 636 est
3466 592 3527 635 ut

1952 682 2049 721 nos
2092 665 2325 736 undique
2381 667 2683 720 muniamus
2729 666 3121 735 sepiamusque.
3174 669 3313 723 Tunc
3357 672 3529 725 abiens

1949 773 2080 810 unus
2121 756 2184 809 de
2226 756 2507 823 duodecim,
2533 754 2698 809 ludas
2743 755 3030 810 Iscariotes.
3090 756 3276 812 Viden‘
3307 773 3337 812 a
3384 760 3525 829 quali

1952 847 2118 901 choro
2147 846 2444 900 exciderit?
2464 845 2639 901 videu'
2670 861 2826 916 quam
2853 846 3148 900 doctrinam
3178 845 3477 918 despexerit
3505 849 3528 901 ἲ

1951 938 2123 992 viden‘
2162 946 2412 1008 quantum
2456 939 2651 992 malum
2691 938 2759 992 sit
2783 939 3037 1007 segnities
3076 948 3130 992 et
3160 938 3529 1008 negligentia?

1949 1029 1981 1082 J
1991 1028 2116 1083 udas
2143 1029 2229 1100 qui
2251 1028 2506 1082 dicebatur
2534 1027 2824 1083 Iscariotes.
2868 1028 2974 1084 Cur
3003 1030 3132 1083 mihi
3162 1030 3384 1099 patriam
3415 1030 3531 1099 ejns

1951 1134 2215 1174 memoras
2251 1122 2274 1172 ‘l
2303 1118 2513 1174 Utinam
2535 1135 2601 1173 ne
2630 1120 2799 1189 ipsum
2829 1119 3041 1189 quidem
3067 1134 3280 1175 nossem
3317 1122 3332 1175 !
3361 1118 3531 1175 ludas

1950 1210 2037 1280 qui
2070 1208 2328 1262 dicebatur
2352 1207 2642 1262 Iscariotes.
2670 1206 2775 1263 Cur
2800 1208 2915 1277 ejus
2942 1209 3208 1264 civitatem
3237 1210 3479 1263 nominas
3503 1209 3529 1263 ἲ

1951 1301 2100 1356 Alius
2124 1308 2240 1357 erat
2275 1300 2436 1355 Judas
2463 1300 2772 1371 discipulus,
2803 1310 3154 1371 cognomento
3182 1300 3394 1356 Zelotes
3420 1318 3433 1353 :
3461 1316 3530 1356 ne

1952 1392 2109 1462 igitur
2128 1408 2193 1447 ex
2223 1393 2411 1447 eodem
2442 1393 2657 1447 nomine
2706 1407 2859 1448 error
2901 1403 3238 1458 nasceretur,
3271 1393 3411 1448 hunc
3448 1393 3531 1447 di-

1952 1484 2137 1537 Stinxit
2153 1483 2219 1537 ab
2245 1482 2335 1536 illo
2359 1499 2374 1537 :
2396 1494 2447 1537 et
2469 1484 2611 1537 illum
2635 1484 2846 1553 quidem
2864 1499 2894 1537 a
2912 1485 3102 1539 virtute
3128 1484 3418 1539 nominavit
3436 1483 3529 1539 Ju-

1951 1571 2047 1626 das
2079 1572 2317 1638 Zelotes,
2353 1573 2496 1628 hunc
2526 1584 2703 1628 autem
2733 1589 2763 1627 a
2793 1574 3021 1644 nequitia
3050 1589 3154 1629 non
3185 1576 3478 1630 nominavit
3509 1594 3523 1630 :

1953 1679 2125 1732 neque
2175 1664 2315 1717 enim
2345 1664 2500 1731 dixit,
2531 1663 2694 1719 ludas
2721 1665 2977 1735 proditor.
3017 1666 3176 1735 Atqui
3216 1683 3308 1735 par
3332 1676 3448 1721 erat
3473 1675 3530 1721 ut

1952 1754 2100 1809 illum
2127 1771 2155 1807 a
2187 1756 2380 1810 virtute
2408 1756 2729 1823 nominavit,
2774 1757 2914 1811 hunc
2933 1758 3092 1812 etiam
3118 1773 3150 1812 a
3180 1758 3408 1827 nequitia
3435 1774 3529 1829 ap-

1955 1845 2153 1914 pellare
2177 1861 2241 1900 ac
2266 1846 2464 1909 dicere,
2494 1846 2658 1902 Judas
2685 1847 2962 1916 proditor:
2992 1863 3175 1902 verum
3206 1857 3266 1901 ut
3292 1857 3344 1902 te
3368 1849 3530 1904 doce-

1956 1944 2038 1989 ret
2062 1936 2289 2007 linguam
2313 1937 2648 1992 accusatione
2676 1952 2859 2007 puram
2887 1951 3102 1993 servare
3127 1978 3142 2004 ,
3169 1939 3251 1992 vel
3282 1937 3381 2009 ipsi
3411 1954 3531 2008 pro-

1954 2026 2111 2081 ditori
2142 2028 2329 2097 parcit.
2358 2027 2542 2082 Abiens
2556 2029 2719 2093 enim,
2745 2028 2931 2099 inquit.
2958 2028 3126 2082 ludas
3164 2027 3438 2083 Iscariotcs
3464 2029 3532 2083 ad

1955 2120 2205 2187 principes
2230 2119 2544 2174 sacerdotum
2566 2161 2580 2185 ,
2604 2121 2674 2173 ait
2712 2121 2814 2174 illis
2833 2137 2853 2173 :
2891 2121 3026 2186 Quid
3050 2120 3198 2175 uultis
3223 2121 3346 2173 milii
3372 2120 3528 2187 dare,

1955 2220 2002 2265 et
2046 2226 2137 2281 ego
2182 2211 2317 2265 vobis
2370 2210 2567 2263 tradam
2605 2226 2721 2263 eum
2747 2212 2774 2265 .9
2810 2209 2853 2265 0
2881 2210 3259 2265 exsecrandum
3296 2225 3479 2265 vocem
3510 2212 3526 2265 l

1958 2301 2226 2370 quomodo
2251 2316 2315 2356 ex
2338 2317 2431 2356 ore
2455 2301 2681 2367 exsiliit,
2727 2301 2990 2371 quomodo
3038 2301 3271 2370 linguam
3317 2301 3530 2356 movit?

1955 2391 2222 2462 quomodo
2248 2401 2415 2446 totum
2433 2406 2626 2462 corpus
2649 2407 2752 2447 non
2770 2391 3039 2461 obtorpuit
3054 2392 3078 2446 ?
3092 2391 3358 2462 quomodo
3378 2406 3530 2446 meus

1956 2498 2062 2537 non
2087 2483 2362 2539 excessit?

2029 2572 2083 2626 5.
2118 2572 2253 2639 Quid
2277 2572 2424 2627 vultis
2460 2573 2583 2627 mihi
2609 2573 2762 2639 dare,
2786 2582 2832 2626 et
2861 2590 2952 2644 ego
2985 2572 3121 2627 vobis
3145 2574 3343 2627 uadum
3374 2590 3488 2628 eum
3506 2572 3532 2626 ι

1958 2662 2204 2717 Ῑῖιεοοίιιθ
2234 2671 2285 2717 te
2310 2663 2489 2717 docuit
2511 2662 2775 2731 Christus,
2801 2663 2887 2718 dic
2909 2663 3037 2717 mihi
3062 2662 3086 2716 ’ἶ
3113 2679 3289 2718 nonne
3315 2664 3434 2718 ideo
3453 2664 3535 2718 di-

1958 2752 2112 2807 cebat
2130 2766 2150 2806 :
2182 2749 2355 2805 Nolite
2379 2753 2635 2822 possidere
2657 2769 2840 2805 aurum
2876 2768 3034 2819 neque
3056 2763 3351 2823 argentum,
3379 2766 3536 2822 neque

1959 2862 2028 2901 ws
2051 2846 2104 2900 in
2131 2845 2272 2900 zonis
2301 2846 2475 2900 vestris
2513 2845 2720 2915 (Matth.
2755 2845 2840 2900 10.
2869 2844 2957 2916 9),
2990 2853 3048 2900 ut
3086 2845 3360 2899 avaritiam
3390 2845 3535 2899 illaut

1964 2937 2076 3008 jam
2102 2937 2229 2991 olim
2256 2937 2308 2991 in
2340 2945 2389 2991 te
2408 2937 2783 3007 comprimeret
2804 2938 2829 2990 Υ
2850 2951 3025 2990 nonne
3046 2935 3159 2989 haec
3183 2934 3392 2989 assidue
3422 2936 3537 2988 hor-

1962 3029 2191 3096 tabatur,
2210 3043 2272 3083 ae
2300 3038 2558 3097 praeterea
2587 3028 2795 3083 dicebat
2828 3044 2842 3080 :
2877 3027 2939 3083 Si
2960 3028 3085 3096 ,quis
3106 3037 3153 3079 te
3173 3026 3465 3094 percusserit
3484 3026 3537 3079 in

1960 3118 2218 3174 dexteram
2239 3118 2516 3181 maxillam,
2543 3129 2674 3173 verte
2707 3119 2787 3173 illi
2818 3128 2865 3172 et
2889 3117 3044 3171 aliam
3070 3115 3279 3186 (Matth.
3302 3117 3355 3172 5.
3382 3115 3448 3171 59
3475 3114 3538 3187 )‘t

1966 3208 2099 3274 Quid
2119 3208 2265 3262 vultis
2285 3208 2409 3261 mihi
2437 3210 2592 3275 dare,
2620 3216 2665 3262 et
2688 3224 2779 3277 ego
2815 3207 2957 3262 vobis
2973 3201 3542 3273 tradameuthattlt.

1960 3297 2052 3352 26.
2079 3298 2145 3353 15
2169 3299 2190 3368 )
2212 3297 2236 3351 ?
2260 3296 2305 3354 Ο
2329 3299 2604 3354 stultitiam
2633 3298 2648 3353 l
2681 3297 2785 3354 Pro
2815 3312 2915 3368 qua
2937 3312 3017 3361 re,
3044 3310 3244 3366 quaeso,
3270 3310 3428 3364 quam
3456 3294 3536 3349 vel

1963 3404 2181 3460 parvam
2209 3390 2292 3444 vel
2336 3404 2581 3459 magnam
2625 3389 3019 3444 accusationem
3057 3385 3299 3459 proferre
3323 3386 3536 3451 valens,

1964 3481 2277 3550 magistrum
2308 3479 2488 3550 prodis
2513 3478 2538 3533 ἲ
2566 3494 2632 3533 an
2663 3480 2786 3549 quia
2811 3487 3127 3549 potestatem
3156 3477 3250 3533 tibi
3277 3477 3422 3532 dedit
3441 3477 3538 3531 ad-

1964 3585 2149 3626 versus
2186 3569 2500 3624 daemonas?
2528 3585 2596 3623 an
2625 3569 2747 3639 quia
2786 3569 3000 3625 morbos
3039 3583 3230 3623 curare
3272 3566 3428 3634 fecit,
3455 3567 3538 3621 vel

1963 3661 2163 3730 lepratn
2190 3659 2449 3715 mundare
2467 3660 2491 3714 ?
2506 3675 2572 3713 an
2598 3659 2721 3730 quia
2745 3669 2982 3713 mortuos
3005 3659 3378 3713 suscitarent:
3396 3657 3537 3728 quod

1964 3758 2150 3805 contra
2202 3750 2387 3804 mortis
2427 3749 2759 3822 tyrannidem
2811 3757 2865 3804 te
2906 3749 3178 3804 constituit
3215 3749 3240 3803 ?
3284 3748 3539 3803 hanccine

1965 3842 2264 3899 mercedem
2320 3858 2418 3913 pro
2458 3852 2533 3897 tot
2584 3841 2857 3897 beneficiis
2898 3840 3192 3911 rependis?
3218 3841 3353 3906 Quid
3392 3840 3541 3895 vultis

1965 3934 2088 3988 mihi
2111 3934 2252 3999 dare,
2284 3944 2330 3988 et
2349 3951 2438 4005 ego
2466 3933 2602 3988 vobis
2622 3950 2736 3988 eum
2757 3933 2953 3987 tradam
2975 3934 3000 3987 ?
3022 3932 3066 3988 0
3091 3933 3369 3988 Stultitiam
3395 3936 3410 3988 l
3436 3934 3544 3989 into

1966 4027 2171 4095 potius,
2202 4040 2235 4080 ο
2259 4025 2532 4079 avaritiam
2561 4024 2575 4078 !
2608 4039 2728 4078 nam
2757 4022 2870 4078 hmo
2896 4035 2971 4078 tot
3001 4023 3139 4078 mala
3167 4024 3369 4094 peperit
3397 4041 3411 4077 :
3444 4024 3544 4078 hu-

1961 4119 2048 4190 jus
2070 4118 2157 4173 ille
2171 4117 2599 4186 concupiscentia
2616 4116 2926 4187 magistrum
2947 4114 3197 4185 prodidit.
3218 4114 3363 4170 Talis
3382 4115 3538 4185 quipo

1967 4223 2034 4281 pe
2057 4207 2243 4264 estilla
2270 4207 2408 4262 mala
2439 4206 2617 4273 radix;
2647 4222 2779 4277 quas
2806 4207 3221 4261 invaditanimas
3248 4208 3367 4277 plus
3385 4220 3545 4276 quam

1965 4303 2177 4358 daemon
2197 4302 2249 4356 in
2277 4301 2509 4356 furorem
2532 4301 2719 4368 vertit,
2743 4299 2976 4354 omnium
3007 4298 3358 4367 ignorantiam
3387 4296 3543 4368 parit,

1967 4404 2025 4450 et
2043 4395 2122 4449 sui
2151 4405 2204 4449 et
2232 4392 2458 4464 proximi
2489 4401 2544 4449 et
2562 4392 2883 4446 naturalium
2907 4389 3195 4460 legum;ab
3225 4391 3336 4459 ipsa
3369 4399 3547 4446 mente

1965 4487 2232 4542 excedere
2258 4483 2411 4553 facit,
2434 4494 2489 4540 et
2509 4484 2741 4539 furiosos
2762 4482 2947 4538 efﬁcit.
2981 4482 3114 4537 Vide
3143 4490 3337 4552 quanta
3361 4497 3425 4535 ex
3454 4480 3548 4535 Ju-

1966 4575 2047 4630 da:
2073 4574 2251 4629 animo
2277 4574 2493 4644 ejecerit
2512 4616 2528 4642 ,
2550 4573 3008 4627 conversationem
3028 4614 3044 4637 ,
3067 4570 3504 4625 consuetudinem
3524 4608 3541 4633 ,

1966 4682 2164 4722 mensa:
2190 4665 2497 4721 societatem
2518 4706 2532 4730 ,
2562 4664 2838 4730 miracula,
2866 4662 3164 4718 doctrinam
3184 4704 3199 4728 ,
3222 4661 3547 4716 cohortatio-

1965 4775 2118 4826 nem,
2139 4759 2553 4814 admonitionem
2587 4776 2601 4814 :
2635 4757 2685 4811 in
2714 4756 2905 4812 borum
2944 4757 3183 4809 omnium
3223 4753 3541 4808 oblivionem

1970 4863 2098 4907 tunc
2124 4851 2353 4921 conjecit
2373 4866 2495 4906 eum
2516 4850 2761 4905 avaritia.
2794 4848 2917 4905 ideo
2936 4848 3130 4903 Paulus
3149 4846 3267 4916 jure
3294 4844 3539 4898 dicebat:

1966 4941 2139 4996 Radix:
2165 4941 2389 4995 omnium
2427 4940 2677 4994 malorum
2713 4950 2785 4993 est
2827 4937 3037 4993 auaritia
3065 4936 3085 5008 (
3114 4938 3162 4992 ι.
3189 4934 3319 4990 Tim.
3343 4934 3396 4989 6.
3427 4933 3540 5005 l0).

1970 5032 2106 5100 Quid
2129 5031 2277 5086 vultis
2306 5031 2427 5085 mihi
2442 5030 2592 5095 dare,
2614 5040 2660 5084 et
2676 5046 2767 5100 ego
2794 5029 2929 5083 vobis
2947 5044 3063 5083 eum
3087 5026 3281 5080 tradam
3309 5024 3335 5079 2
3359 5024 3541 5095 Magna

1966 5123 2090 5178 dicti
2122 5123 2363 5178 stultitia.
2387 5122 2678 5187 Tradisne,
2710 5135 2910 5191 quaeso,
2944 5134 3069 5173 eum
3107 5116 3195 5187 qui
3221 5115 3397 5170 omnia
3425 5129 3545 5169 cou-

1967 5215 2132 5284 tiuet,
2165 5215 2497 5271 daemonibus
2526 5216 2787 5285 imperat,
2814 5214 2946 5268 mari
2976 5211 3251 5283 prmcipit,
3283 5212 3545 5265 universa:

1967 5320 2172 5365 natura:
2197 5309 2479 5365 Dominum
2500 5310 2525 5362 ἲ
2560 5308 2628 5364 Ut
2658 5308 2817 5377 igitur
2840 5306 2959 5376 ejus
3003 5305 3364 5374 arrogantiam
3406 5319 3547 5359 com-

1966 5401 2252 5471 primeret,
2301 5408 2357 5456 et
2392 5398 2695 5454 ostenderet
2718 5413 2778 5453 se
2800 5439 2815 5459 .
2843 5396 2888 5452 si
2937 5395 3227 5459 noluisset,
3260 5409 3547 5466 numquam

1967 5492 2214 5548 traditum
2246 5491 2331 5557 iri,
2353 5490 2474 5546 audi
2494 5489 2619 5561 quid
2649 5487 3041 5544 faciatzeodem
3068 5485 3384 5558 proditionis
3411 5496 3548 5542 tem-

1970 5600 2122 5656 pore,
2151 5600 2269 5639 cum
2302 5583 2472 5654 ipsum
2506 5578 2836 5645 invaderent,
2870 5594 2990 5635 cum
3020 5576 3268 5643 lustibus,
3293 5573 3542 5647 lampadi-
