4062 6206
533 205 638 258 3'77

539 317 636 368 ltus
653 327 708 369 et
727 315 950 382 lumine,
969 316 1096 370 dicit
1121 316 1242 370 iliis.
1265 317 1426 381 Qum
1445 320 1666 382 tramitis
1693 318 1876 372 (Im.
1901 319 1988 372 l8.
2013 321 2042 373 ι
2069 321 2122 388 )3

537 419 592 458 et
623 408 932 474 igrmbant
957 425 1114 477 quem
1145 425 1340 478 capere
1367 411 1642 463 deberent-
1669 411 1896 463 Tantum
1921 411 2122 476 aberat,

539 507 598 548 ut
631 513 754 550 eum
803 496 968 552 ludas
1015 501 1228 553 tradere
1273 511 1484 568 posset,
1511 511 1570 554 ut
1597 519 1770 570 neque
1799 515 2126 570 pra-sentem

539 599 788 640 (emeret
815 605 938 642 eum
957 631 970 644 .
997 606 1156 658 quem
1197 592 1486 643 traditurus
1505 603 1620 644 erat
1639 633 1656 656 ,
1691 593 1814 645 licet
1837 608 1958 646 cum
1993 593 2126 646 Ism-

543 683 768 748 pad‘.bus
789 695 842 735 et
869 683 1068 736 lumine
1097 693 1280 736 tanto:
1309 683 1410 736 hoc
1445 685 1786 737 subindicans
1805 685 2124 752 evangefida

543 775 690 834 dicit,
723 775 1000 840 lampades
1027 775 1290 827 Ita-[ebant
1323 785 1378 828 et
1405 777 1582 828 lumen
1605 818 1618 842 ,
1647 787 1702 830 et
1729 791 1834 828 non
1879 777 2128 828 videbant

549 879 664 916 enm
695 864 854 916 t'lbid.
883 867 964 918 εἴν.

617 956 794 1009 Liber:
817 961 996 1009 bonum
1021 975 1310 1026 operantur,
1337 976 1434 1012 non
1459 961 1766 1012 necessitate.
1789 989 1860 999 ——-
1879 960 2130 1025 Quotidie

545 1048 790 1100 Christus
831 1065 954 1101 eum
995 1049 1504 1104 commonefaciehat
1545 1059 1654 1104 tum
1693 1052 1974 1118 operibtts,
2019 1060 2130 1102 tum

547 1141 722 1194 verbis
747 1141 1032 1195 ostendens
1053 1182 1068 1202 ,
1099 1143 1240 1210 quod
1269 1159 1392 1196 eum
1423 1159 1526 1195 non
1559 1143 1724 1196 latere
1753 1152 1928 1210 [sesset
1955 1143 2132 1210 prodi-

549 1243 698 1284 turus
729 1249 746 1284 :
779 1247 948 1299 neque
991 1234 1160 1301 palam
1201 1248 1324 1288 amt
1367 1237 1718 1303 prmsentibus
1759 1235 2006 1287 omnibus
2041 1249 2130 1286 ar-

547 1323 756 1391 guebat,
783 1337 850 1375 ne
869 1325 946 1376 sic
973 1323 1418 1391 impudentiorem
1441 1326 1710 1390 redderet,
1735 1341 1906 1393 neque
1929 1325 2136 1378 tacebat

547 1417 710 1468 etiam
729 1457 746 1480 ,
777 1431 844 1469 ne
869 1417 912 1468 si
942 1416 1108 1469 latere
1133 1433 1192 1470 se
1221 1427 1496 1484 putasset,
1535 1419 1650 1469 sine
1679 1429 1820 1470 metu
1857 1417 1924 1470 ad
1951 1416 2136 1485 prodi-

551 1511 748 1562 tionem
769 1509 972 1562 veniret
1003 1527 1016 1560 :
1045 1509 1136 1562 sed
1165 1508 1472 1578 frequenter
1495 1509 1726 1572 dicebat,
1753 1507 1896 1562 L'nus
1921 1521 2136 1560 restrain

549 1601 712 1652 tradet
735 1615 856 1662 me;
883 1615 1056 1668 neque
1081 1609 1256 1653 tamen
1289 1615 1408 1652 eum
1451 1602 1624 1669 palant
1655 1601 1960 1653 declarabat
1995 1599 2136 1652 mul-

549 1701 632 1744 tos
659 1691 728 1744 de
765 1691 1004 1760 gehenna
1037 1705 1314 1744 sermones
1341 1691 1682 1756 instituebat,
1715 1692 1910 1744 multos
1947 1691 2014 1743 de
2047 1705 2136 1744 re-

549 1799 656 1850 gno
679 1801 696 1835 :
719 1797 978 1850 suamque
999 1783 1050 1834 in
1073 1783 1172 1836 hac
1199 1791 1420 1851 utraque
1443 1799 1500 1836 re
1521 1801 1574 1852 pr
1593 1785 1808 1836 tentiam
1829 1783 2134 1846 exhibebat,

551 1875 664 1926 sire
683 1875 734 1924 in
757 1873 1026 1940 puniendo
1047 1884 1378 1940 peccatores,
1401 1875 1512 1926 sive
1537 1874 1588 1926 in
1613 1873 1924 1928 honorando
1945 1875 2136 1942 iustos.

553 1960 750 2015 Verum
785 1967 896 2016 ha-e
925 1965 1102 2014 omnia
1133 1963 1224 2016 ille
1249 1961 1490 2032 despein
1509 2007 1526 2024 ,
1559 1965 1698 2018 Deus
1735 1975 1910 2018 autem
1939 1967 1988 2018 vi
2015 1981 2136 2019 eum

553 2071 658 2108 non
701 2055 936 2108 attraxit.
983 2054 1114 2121 Quia
1157 2055 1298 2108 enim
1343 2067 1398 2110 et
1439 2057 1734 2120 malorum,
1779 2065 1836 2110 et
1877 2057 2136 2111 bonorum

551 2161 772 2214 operum
801 2146 1074 2200 electionis
1103 2162 1202 2200 nos
1221 2146 1464 2200 dominos
1489 2147 1630 2212 fecit,
1657 2164 1754 2202 nos
1781 2151 1946 2202 libere
1971 2150 2140 2204 bonos

551 2239 664 2290 volt
691 2253 832 2292 esse.
865 2237 988 2290 Ideo
1015 2239 1058 2290 si
1089 2237 1420 2292 uoluerimus
1443 2281 1456 2302 ,
1489 2255 1594 2292 non
1631 2241 1808 2308 cogit,
1839 2255 2010 2308 neque
2039 2255 2138 2292 ne—

551 2331 852 2384 ces-.itatem
885 2329 1044 2384 infert
1073 2349 1088 2384 :
1119 2346 1240 2384 nam
1265 2341 1510 2386 coactum
1539 2347 1660 2386 esse
1691 2333 1884 2384 bonum
1903 2375 1920 2396 ,
1949 2333 2000 2384 id
2031 2348 2138 2385 non

549 2431 634 2474 est
669 2436 788 2476 esse
831 2423 1050 2476 bonum.
1099 2421 1360 2488 Quoniam
1405 2423 1566 2492 igitur
1601 2433 1656 2476 et
1693 2423 1782 2478 ille
1813 2423 2018 2476 arbitrii
2059 2424 2138 2477 sui

549 2513 798 2565 dominus
825 2523 940 2567 erat
959 2555 974 2576 ,
1001 2523 1054 2566 et
1081 2513 1132 2564 in
1157 2515 1276 2581 ejus
1305 2523 1566 2582 potestate
1595 2523 1710 2567 erat
1745 2528 1850 2567 non
1879 2513 2138 2583 obsequi,

551 2615 602 2658 et
631 2605 698 2656 ad
723 2605 998 2658 avaritiam
1027 2621 1132 2658 non
1157 2607 1424 2660 declinare
1447 2648 1462 2672 ,
1493 2607 1614 2660 ideo
1641 2618 1818 2660 mente
1843 2617 2140 2660 exczccatus

549 2705 654 2756 est,
679 2705 732 2748 et
757 2695 982 2748 Salutem
1009 2711 1158 2748 suam
1189 2697 1420 2764 prodidit
1451 2714 1464 2747 :
1489 2707 1542 2750 et
1563 2697 1658 2760 ait,
1685 2697 1822 2762 Quid
1849 2700 1996 2751 ruitis
2017 2699 2142 2750 mihi

551 2785 676 2837 dare
693 2827 706 2849 ,
737 2795 782 2838 et
810 2803 900 2854 ego
925 2786 1062 2838 tabis
1085 2803 1198 2838 cum
1225 2787 1420 2839 tradant
1441 2789 1468 2840 .’
1489 2786 1680 2840 Mentis
1713 2787 1872 2856 igitur
1897 2789 2012 2857 ejus
2035 2804 2142 2842 ca:-

549 2877 762 2930 citatem
789 2887 844 2930 et
871 2877 1130 2930 insaniam
1159 2893 1386 2947 arguens
1413 2879 1734 2947 evangelista
1763 2881 1868 2944 ait,
1899 2891 2140 2947 tempore

551 2966 842 3022 inv-adonis
877 2967 1068 3022 ludam
1113 2985 1280 3039 prope
1325 2983 1420 3024 eos
1463 2971 1710 3036 stetisse,
1753 2971 1898 3024 illum
1935 2973 2140 3026 scilicet

549 3059 638 3128 qui
673 3057 880 3111 dixerat
909 3077 922 3112 :
953 3059 1088 3124 Quid
1119 3061 1266 3114 cultis
1307 3061 1432 3113 mihi
1469 3062 1618 3128 dare,
1651 3073 1696 3114 et
1735 3078 1826 3131 ego
1863 3063 1998 3116 vobis
2023 3081 2140 3116 eam

549 3151 790 3202 tradam?
815 3149 1000 3219 Neque
1029 3151 1152 3204 hinc
1181 3153 1354 3204 solum
1383 3163 1620 3221 potestas
1649 3153 1844 3207 Christi
1871 3155 2138 3223 conspici-

549 3249 656 3306 tur,
679 3241 774 3296 sed
795 3241 954 3294 etiam
979 3242 1120 3311 quod
1149 3241 1266 3311 ipso
1287 3258 1468 3296 vocem
1491 3245 1788 3310 emittente,
1819 3247 2140 3300 recesserint

549 3333 624 3386 illi
649 3343 704 3387 ct
729 3333 1020 3388 ceciderint
1065 3333 1118 3387 in
1161 3345 1378 3388 terram.
1419 3335 1552 3400 Quia
1593 3351 1724 3389 vero
1765 3351 1938 3405 neque
1966 3337 2042 3390 sic
2071 3336 2140 3390 ab

549 3425 872 3494 impudentia
899 3427 1250 3492 destiterunt,
1279 3427 1494 3480 demunt
1529 3429 1762 3497 scipsum
1799 3427 2048 3496 tradidit,
2077 3445 2140 3484 ac

547 3517 592 3570 si
623 3515 844 3570 dixisset
877 3535 890 3570 :
921 3515 1072 3584 Quod
1109 3533 1288 3572 meum
1317 3527 1432 3572 erat
1471 3526 1638 3571 totum
1677 3517 1812 3582 feci,
1847 3521 2136 3587 potentiam

547 3609 812 3662 declaravi
853 3625 1024 3664 meam
1050 3651 1066 3676 ,
1095 3610 1302 3665 ostendi
1345 3628 1440 3666 vos
1481 3628 1544 3666 ea
1587 3613 1834 3682 aggredi,
1865 3630 1984 3684 qua:
2025 3615 2136 3668 fieri

549 3711 835 3772 nequeant.
867 3701 1124 3756 Volebam
1161 3705 1450 3772 nequitiam
1478 3713 1708 3759 vestram
1737 3707 2090 3775 comprimere
2119 3723 2134 3760 :

545 3795 760 3864 quando
785 3805 962 3848 autem
989 3813 1084 3850 vos
1111 3797 1376 3862 noluistis,
1405 3798 1498 3852 sed
1521 3799 1572 3852 in
1599 3800 1802 3853 insania
1831 3817 2140 3870 persevcra-

549 3885 648 3948 tis,
683 3885 942 3955 meipsutn
973 3885 1154 3956 utique
1191 3887 1359 3940 trado.
1403 3887 1528 3942 Ilico
1563 3905 1722 3958 porro
1751 3890 1892 3958 dixi,
1925 3907 1992 3945 ne
2021 3893 2138 3961 qui-

545 3975 668 4027 dam
705 3975 976 4030 Christum
1021 3988 1370 4044 accusarent,
1399 3995 1462 4033 ac
1499 3981 1772 4048 dicerent,
1801 3982 1907 4036 Cur
1945 3982 2134 4036 Judam

549 4085 654 4124 non
685 4073 940 4126 mutavit?
971 4087 1068 4126 cur
1099 4089 1220 4127 cum
1265 4081 1650 4142 temperantem
1701 4077 2136 4144 moderatumque

549 4179 654 4216 non
697 4163 864 4218 fecit?
907 4165 1186 4231 Quomodo
1237 4181 1358 4222 cum
1409 4167 1740 4221 moderatum
1787 4168 2000 4222 efﬁcere
2041 4183 2136 4236 par

545 4257 696 4306 erat?
725 4257 1112 4312 necessitatem:
1131 4299 1146 4322 ,
1175 4275 1242 4310 an
1275 4259 1538 4312 arbitrio?
1567 4259 1622 4312 Si
1649 4259 1864 4328 quidem
1895 4261 2133 4315 necessi-

549 4351 658 4396 tate
677 4385 692 4408 ,
723 4359 894 4412 neque
919 4345 998 4399 sic
1027 4347 1217 4399 melior
1247 4347 1456 4400 iuturus
1483 4356 1634 4411 erat;
1665 4347 1841 4402 nullus
1867 4349 2008 4402 enim
2038 4366 2134 4404 ne—

545 4435 793 4488 cessitate
833 4435 1022 4490 melior
1061 4437 1322 4492 cl'liciatur
1353 4456 1366 4490 :
1406 4439 1450 4492 si
1491 4439 1712 4493 arbitrio
1745 4448 1800 4494 et
1839 4441 2132 4506 electione,

546 4525 724 4580 omnia
751 4541 1098 4596 quazcumque
1126 4529 1400 4583 arbitrium
1429 4539 1480 4584 et
1511 4531 1830 4586 electionem
1865 4535 2134 4601 corrigere

545 4625 826 4686 poterant,
875 4617 1066 4672 intulit.
1113 4618 1169 4673 Si
1209 4629 1384 4674 autem
1427 4621 1514 4676 ille
1553 4621 1850 4677 remedium
1887 4625 2134 4692 accipere

545 4707 750 4772 noluit,
781 4723 886 4761 non
919 4707 1019 4762 l'uit
1045 4709 1234 4764 medici
1265 4712 1452 4781 culpa,
1481 4713 1574 4767 sed
1605 4713 1720 4783 ejus
1747 4714 1838 4783 qui
1869 4715 2131 4770 medelam

545 4799 760 4868 repulit.
785 4797 918 4854 Vide
945 4800 1102 4869 igitur
1121 4811 1316 4871 quanta
1341 4803 1525 4858 fecerit
1545 4813 1603 4858 ut
1621 4821 1742 4860 eum
1761 4807 1828 4860 ad
1855 4807 2129 4862 meliorem

543 4891 748 4959 frugem
779 4897 834 4944 et
865 4891 1094 4945 salutent
1127 4891 1448 4948 reduceret:
1475 4910 1688 4950 onmem
1731 4911 1852 4950 cum
1897 4897 2130 4965 philoso-

545 4981 722 5048 phiam
743 4981 924 5035 docuit
949 4982 1198 5052 operibus
1225 4983 1374 5052 ipsis,
1395 4995 1553 5056 atque
1580 4987 1776 5052 verbis,
1800 4989 2132 5044 danuonibus

542 5071 876 5138 superiorem
907 5071 1068 5138 fecit,
1100 5073 1404 5129 facultatem
1431 5075 1576 5130 dedit
1601 5087 1659 5131 ut
1686 5078 1849 5132 multa
1877 5077 2130 5134 ntiracula

542 5164 744 5232 ederet,
775 5163 1034 5234 gcltcnnte
1059 5167 1474 5222 comminatione
1499 5171 1704 5236 terruit,
1731 5170 1878 5240 regni
1905 5173 2132 5240 prornis-

1305 205 1362 256 ς.
1405 205 1678 260 ΙΟᾹῘΧΙΞ
1713 205 2190 264 ειπιῖςοετοιεε
2231 205 2540 264 AitﬁlﬂEi'.
2581 203 3112 262 CON‘TAXTIXOP.

2149 5239 2196 5257 ἢ

542 5254 694 5308 sione
723 5255 1032 5311 cohortatus
1057 5265 1140 5312 est
1157 5297 1174 5324 ,
1199 5273 1390 5312 arcana
1419 5258 1534 5326 ejus
1560 5261 1777 5314 consilia
1803 5262 2014 5316 assidue
2043 5277 2130 5316 ar-
2161 5291 2182 5298 -

541 5345 683 5412 guit,
725 5363 824 5402 nec
867 5351 1139 5419 arguendo
1183 5353 1390 5422 publica
1441 5353 1591 5420 fecit,
1625 5353 1789 5422 pedes
1830 5355 1944 5426 ejus
1987 5367 2042 5410 ut
2075 5365 2131 5410 ct

541 5436 765 5491 aliorum
806 5439 1006 5507 abluit,
1040 5458 1238 5498 mensa:
1266 5453 1319 5498 et
1344 5445 1584 5499 ciborunt
1615 5447 1924 5517 participem
1956 5447 2078 5502 fecit
2108 5465 2122 5503 :

541 5525 672 5581 nihil
698 5539 788 5582 aut
815 5543 1032 5598 parvum
1056 5543 1148 5587 aut
1177 5551 1426 5606 magnum
1453 5546 1594 5593 retro
1617 5539 1827 5610 reliquit
1853 5559 1865 5594 :
1891 5539 1980 5594 ille
2001 5556 2126 5595 vero

541 5618 712 5676 libens
757 5621 870 5678 sine
909 5624 1282 5682 emendatione
1324 5631 1534 5684 mansit.
1573 5631 1636 5685 Et
1670 5639 1724 5684 ut
1757 5633 1928 5700 discas
1959 5647 2078 5688 cum
2105 5673 2118 5700 ,

3725 204 3838 260 δτιι

2233 336 2352 374 cum
2383 321 2574 375 mutari
2603 331 2800 390 posset,
2825 323 3084 388 arrisisse,
3107 322 3202 376 sed
3227 337 3296 376 ex
3333 323 3448 391 ejus
3477 323 3722 391 segnitie
3753 333 3842 376 to-

2231 423 2344 465 tum
2391 414 2688 482 prsdiisse.
2731 414 2874 466 atrii.
2917 414 3052 467 Cum
3093 415 3238 468 enim
3283 414 3614 482 prodidisset
3665 430 3794 468 cum
3821 457 3836 474 ,

2233 505 2454 571 pr-jeeit
2497 505 2706 572 triginta
2749 515 3058 572 argenteos,
3099 513 3154 557 et
3193 506 3268 557 ait
3303 525 3316 557 :
3359 504 3584 558 Pet-cati
3625 507 3840 558 (vadens

2231 597 2520 661 sat“
2561 596 2752 661 jungat
2793 611 2808 658 ξ
2829 593 3014 645 H:t:lt.
3053 595 3144 646 Ξῖ.
3185 597 3260 662 4).
3295 595 3434 663 Quid
3465 595 3572 648 hoc
3603 597 3686 649 rei
3715 599 3836 648 est?

2233 684 2362 736 Cum
2393 685 2640 736 miracu'a
2673 697 2966 752 intrante—ut
2993 685 3200 739 videres
3221 729 3234 746 ,
3265 702 3374 739 non
3411 687 3668 748 dicebas,
3699 685 3836 740 Pec-

2235 777 2344 826 ca't'
2371 777 2570 828 tradens
2605 777 2900 844 sanguinem
2933 779 3168 846 justum;
3197 779 3290 832 sed
3311 821 3326 834 .
3357 779 3500 846 Quid
3531 781 3686 833 nullis
3711 781 3840 833 mihi

2235 867 2386 930 dare,
2429 877 2476 918 rt
2517 884 2606 936 rgo
2651 869 2786 919 ret-is
2821 870 3020 920 tradant
3059 869 3216 921 cura?
3257 869 3358 924 L'bi
3399 883 3582 924 autem
3629 873 3840 924 malum

2237 958 2456 1009 ulterius
2483 959 2758 1025 processit,
2789 969 2840 1010 et
2871 960 3098 1027 proditio
3125 961 3288 1014 linem
3329 962 3518 1014 sortita
3549 971 3658 1024 est,
3695 979 3834 1031 pce-

2237 1061 2516 1115 c.et-unt_ue
2543 1061 2960 1103 crmsnrzznzatum
2987 1062 3068 1104 est
3091 1094 3106 1113 ,
3135 1063 3258 1105 tunc
3287 1063 3566 1120 peccatum
3603 1057 3846 1122 agnovi-

2239 1143 2320 1192 s:i.
2355 1141 2488 1206 Quid
2521 1142 2678 1210 igitur
2719 1144 2840 1196 hinc
2879 1143 3166 1196 discimus?
3207 1144 3470 1198 Nimirum
3512 1147 3740 1215 quando
3791 1149 3846 1199 in

2243 1235 2466 1301 segnitie
2501 1234 2744 1302 (legimus
2769 1277 2782 1296 ,
2825 1235 2954 1287 nihil
2995 1251 3092 1286 nos
3135 1235 3558 1290 admonitionem
3603 1237 3842 1305 iuvare;

2241 1327 2452 1396 quindo
2493 1339 2668 1380 autem
2711 1327 2946 1381 studiose
2983 1329 3188 1396 agimus
3211 1369 3228 1392 ,
3259 1329 3420 1381 etiam
3457 1343 3488 1380 a
3529 1329 3850 1382 nnbiSntct-

2243 1421 2368 1486 ipsis
2411 1435 2506 1471 nos
2547 1420 2752 1486 erigere
2793 1433 2968 1486 posse.
3009 1419 3448 1488 Quandoquidem
3487 1428 3541 1472 et
3583 1419 3678 1472 hic
3713 1435 3848 1473 cunt

2241 1512 2492 1578 m-g'ster
2527 1509 2874 1574 admoneret,
2905 1525 3008 1561 non
3047 1511 3282 1574 audivit;
3317 1525 3440 1563 cum
3477 1526 3614 1564 vero
3661 1512 3850 1566 nullus

2243 1613 2504 1664 lerD‘rCI,
2533 1603 2646 1668 ejus
2677 1603 2886 1670 propria
2919 1601 3242 1654 conscientia
3281 1613 3552 1655 commota
3581 1611 3674 1656 est
3699 1619 3714 1666 ;
3753 1619 3852 1656 rte-

2243 1693 2490 1760 miro-que
2517 1692 2738 1746 doctore
2767 1707 2884 1746 sese
2911 1694 3134 1744 mutavit
3157 1735 3174 1758 ,
3201 1692 3406 1746 facinus
3431 1708 3588 1746 suum
3613 1693 3850 1746 damna-

2245 1785 2336 1844 vit,
2369 1786 2578 1850 triginta
2605 1793 2886 1850 argenteus
2917 1783 3160 1851 projecit.
3193 1783 3330 1848 Quid
3357 1785 3506 1837 ruitis
3537 1785 3666 1836 mihi
3693 1787 3850 1846 dare,

2241 1885 2288 1924 ct
2315 1891 2402 1941 ego
2431 1873 2564 1925 rubis
2601 1875 2798 1924 tradam
2827 1873 2980 1924 aut?
3011 1871 3076 1924 Et
3105 1874 3470 1926 constituerunt
3509 1875 3586 1939 ei,
3631 1875 3850 1944 inquit,

2243 1967 2446 2032 lr'ginla
2487 1974 2768 2032 πραπίδας.
2817 1963 3052 2017 Pretium
3101 1975 3516 2018 numeraveram
3559 1969 3850 2036 sanguinis

2245 2059 2468 2126 prrli-tm
2495 2073 2600 2110 non
2631 2057 2894 2110 habentis.
2921 2056 3032 2110 Cur
3057 2058 3256 2126 accipis
3284 2058 3496 2127 triginta
3529 2069 3852 2128 argenteos,

2245 2167 2276 2198 υ
2301 2147 2502 2199 muas?
2521 2146 2700 2201 Gratis
2729 2147 2876 2199 venit
2899 2144 3144 2200 Christus
3169 2148 3482 2216 sanguinem
3511 2163 3612 2216 pro
3641 2149 3854 2203 mundo

2243 2239 2526 2296 clltmtrus,
2553 2253 2650 2306 pro
2675 2252 2784 2304 quo
2813 2247 2870 2290 tu
2903 2237 3230 2306 impudentia
3259 2247 3410 2306 pacta
3435 2249 3492 2292 et
3519 2241 3846 2294 conventio-

2245 2345 2340 2384 nes
2365 2332 2566 2383 statuis.
2591 2330 2728 2396 Quid
2751 2329 3110 2398 impudentius
3137 2329 3236 2384 hac
3265 2332 3512 2398 pactione
3529 2332 3554 2383 ’Ξ

2315 2422 2368 2474 .t.
2393 2419 2536 2473 Tunc
2557 2431 2868 2473 accesserant
2889 2420 3220 2488 discipuli—
3237 2419 3386 2474 Tune
3411 2439 3425 2474 :
3447 2422 3804 2491 quandonant
3825 2425 3848 2477 ἓ

2245 2513 2374 2567 Cum
2403 2513 2520 2566 haec
2549 2513 2736 2566 tierent
2757 2555 2772 2576 ,
2801 2528 2924 2566 cum
2953 2512 3184 2581 proditio
3209 2521 3569 2578 statueretur,
3597 2530 3724 2568 cunt
3755 2529 3848 2568 se-

2245 2609 2416 2677 ipsunt
2455 2607 2620 2662 ludas
2665 2607 2924 2676 perdidit,
2963 2607 3288 2660 Accesserant
3330 2607 3400 2659 ad
3441 2624 3558 2661 eum
3597 2610 3851 2678 discipuli

2245 2704 2484 2766 dfcentcs,
2515 2701 2614 2755 ι’ὺὶ
2639 2702 2712 2754 ris
2739 2717 2972 2770 parentur
2997 2701 3087 2752 tibi
3107 2701 3364 2754 comedere
3391 2699 3596 2754 Pascha
3623 2702 3852 2774 (Matth.

2243 2791 2332 2846 9.6.
2363 2793 2446 2846 l7.
2473 2803 2520 2845 et
2551 2791 2672 2862 ll)?
2701 2791 2888 2846 Vidisti
2915 2790 3270 2860 discipulum?
3297 2791 3468 2844 vidisti
3493 2792 3856 2861 discipulos?

2247 2885 2336 2938 Ille
2365 2885 2540 2953 prodit
2565 2883 2870 2946 Dominum,
2899 2881 2952 2935 hi
2981 2883 3050 2937 de
3077 2881 3336 2937 Paschate
3359 2891 3545 2936 curant
3577 2903 3590 2937 :
3623 2885 3722 2938 ille
3755 2901 3856 2954 pa-

2245 2985 2326 3029 cta
2353 2976 2472 3040 init,
2503 2976 2556 3028 hi
2585 2973 2653 3028 ad
2681 2973 3036 3028 ministerium
3061 2984 3341 3043 apparant.
3369 2973 3560 3028 Iisdem
3589 2984 3644 3027 et
3673 2974 3774 3028 hic
3801 2985 3856 3030 et

2247 3066 2320 3119 illi
2365 3065 2640 3119 miraculis
2679 3064 3014 3124 claruerant,
3055 3063 3242 3116 cadent
3284 3063 3534 3118 doctrina
3577 3064 3854 3130 instituti,

2243 3157 2428 3211 eadem
2463 3165 2724 3224 potestate
2749 3154 2956 3224 praediti
2983 3173 2996 3207 :
3021 3156 3286 3208 undeuam
3315 3156 3578 3208 mutatio?
3605 3155 3687 3208 Ex
3723 3172 3856 3224 pro-

2245 3249 2436 3318 posito.
2479 3248 2604 3301 Ha'c
2643 3247 2882 3302 omnium
2927 3246 3124 3316 ubique
3168 3263 3326 3300 causa
3377 3257 3434 3302 et
3477 3247 3750 3302 bonorum
3799 3261 3857 3305 et

2243 3341 2528 3395 malorum.
2571 3339 2668 3395 [bi
2697 3341 2768 3394 ris
2795 3357 3032 3408 paranti:
3057 3341 3146 3393 tibi
3171 3341 3434 3396 comedere
3461 3339 3716 3398 Pascha?
3745 3345 3858 3398 Ilo-

2243 3434 2428 3486 dicrna
2473 3433 2586 3486 hace
2623 3447 2846 3502 vespera
2887 3443 3012 3486 tunc
3051 3441 3168 3486 erat
3198 3449 3211 3486 :
3241 3433 3364 3501 quia
3395 3433 3559 3502 igitur
3589 3434 3859 3489 Dominus

2243 3525 2460 3578 dottmm
2483 3541 2590 3578 non
2615 3525 2864 3588 habebat,
2891 3523 3012 3578 ideo
3035 3523 3218 3577 dicunt
3243 3523 3316 3577 illi
3345 3542 3358 3576 :
3385 3523 3486 3578 Ubi
3511 3526 3586 3578 vis
3609 3543 3858 3595 paremus

2243 3617 2330 3668 tibi
2357 3617 2616 3669 comedere
2645 3614 2848 3668 Pascha
2867 3615 2892 3667 Ρ
2919 3615 3035 3668 Non
3063 3615 3320 3670 habemus
3349 3615 3720 3670 diversorium
3751 3617 3856 3672 de-

2245 3707 2470 3774 ﬁnitum,
2503 3723 2610 3761 non
2639 3707 3060 3770 tabernaculum,
3085 3724 3190 3762 non
3225 3709 3468 3763 domum.
3495 3711 3720 3766 Discant
3753 3713 3856 3776 illi,

2242 3799 2330 3866 qui
2357 3798 2660 3868 Splendidas
2687 3808 3004 3852 construunt
3027 3800 3236 3860 domos,
3269 3801 3404 3854 latas
3437 3805 3706 3870 porticus,
3731 3807 3862 3858 Ion-

2240 3907 2304 3960 ga
2353 3901 2536 3959 septa,
2581 3890 2848 3944 Christum
2895 3907 3000 3944 non
3047 3891 3299 3946 habuisse
3345 3893 3432 3946 ubi
3477 3904 3639 3962 caput
3691 3911 3860 3949 suum

2243 3981 2526 4036 reclinaret
2547 3981 2756 4050 (Matth.
2785 3983 2838 4036 8.
2859 3983 2976 4052 20).
2999 3983 3356 4050 Quamobrem
3385 3985 3728 4054 interrogant
3753 3988 3858 4050 illi,

2247 4075 2343 4129 ι’ὺί
2367 4077 2439 4132 vis
2465 4095 2697 4147 paremus
2725 4077 2812 4130 tibi
2841 4077 3098 4130 comedere
3125 4076 3326 4130 Pascha
3347 4079 3373 4131 ἔ)
3399 4078 3572 4145 Quale
3599 4079 3820 4136 Pascha
3837 4084 3864 4134 ἲ

2243 4167 2355 4221 Non
2389 4168 2488 4222 hoc
2517 4179 2790 4234 nostrum,
2817 4169 2910 4222 sed
2933 4169 3146 4224 interim
3185 4169 3484 4224 Judaicum.
3519 4170 3661 4224 Illud
3701 4175 3862 4226 enim

2241 4261 2482 4330 discipuli
2515 4273 2864 4329 paraverunt,
2895 4261 2996 4316 hoc
3023 4278 3152 4317 vero
3177 4271 3412 4317 nostrum
3441 4263 3556 4331 ipse
3587 4267 3814 4331 paravit
3845 4285 3860 4316 :

2242 4370 2412 4424 neque
2441 4355 2611 4408 solum
2645 4355 2759 4425 ipse
2783 4357 3016 4426 paravit,
3049 4355 3140 4410 sed
3171 4356 3330 4409 etiam
3362 4355 3476 4423 ipse
3513 4355 3737 4410 Pascha
3767 4359 3862 4410 ef-

2239 4445 2410 4498 fectus
2433 4455 2534 4499 est.
2564 4444 2662 4500 Ubi
2687 4447 2760 4500 eis
2785 4463 3016 4515 paremus
3041 4447 3129 4499 tibi
3155 4447 3411 4500 comedere
3439 4445 3688 4502 Pascha?
3711 4449 3860 4503 Illud

2239 4536 2516 4591 Judaicum
2557 4535 2760 4592 Pascha
2802 4545 2918 4592 crat
2937 4580 2952 4604 ,
2981 4537 3108 4591 illud
3147 4539 3202 4592 in
3233 4536 3468 4608 Egypto
3497 4537 3716 4594 initium
3747 4539 3862 4593 Ita-

2239 4627 2446 4682 bucrat.
2489 4627 2600 4696 Qua
2647 4643 2776 4698 ergo
2813 4629 2880 4682 de
2925 4643 3082 4682 causa
3112 4629 3356 4682 Christus
3395 4629 3526 4682 illud
3569 4631 3864 4685 comedit?

2237 4720 2370 4787 Quia
2393 4721 2578 4790 lcgalia
2601 4721 2778 4775 omnia
2805 4721 3064 4790 implevit.
3093 4721 3302 4774 Etenim
3323 4735 3444 4774 eum
3469 4720 3862 4790 baptizabatur

2237 4811 2442 4864 dicebat
2476 4829 2488 4863 :
2519 4811 2610 4866 Sic
2634 4813 2766 4866 enim
2793 4811 3018 4864 convenit
3049 4811 3190 4864 nobis
3217 4811 3427 4880 implere
3455 4827 3657 4864 onmem
3677 4813 3862 4881 justi-

2239 4903 2360 4954 tiam
2389 4901 2596 4972 (.llatth.
2629 4904 2681 4957 5.
2713 4901 2822 4971 15).
2855 4901 2988 4957 Veni
3025 4901 3296 4957 hominem
3323 4901 3598 4956 redimere
3623 4919 3690 4957 ex
3719 4919 3858 4956 nta-

2237 4993 2428 5048 ledicto
2467 4993 2602 5062 legis
2636 5011 2650 5046 :
2679 5008 2802 5048 nam
2835 4991 2974 5048 Deus
3001 4992 3194 5046 Filium
3219 5009 3369 5046 suum
3395 4993 3534 5047 misit
3571 5005 3752 5047 natant
3783 5013 3858 5048 ea:

2235 5085 2460 5150 muliere,
2495 5086 2684 5155 factum
2709 5085 2801 5138 sub
2825 5085 2951 5156 lege,
2979 5093 3031 5136 tu
3057 5101 3140 5139 eos
3165 5084 3254 5152 qui
3277 5085 3368 5137 sub
3393 5083 3504 5154 lege
3525 5094 3670 5138 erant
3699 5087 3860 5138 redi-

2235 5184 2386 5228 meret
2427 5173 2622 5245 (Galat.
2663 5175 2718 5230 4.
2757 5176 2810 5230 4.
2841 5176 2920 5246 5),
2951 5184 3004 5230 et
3033 5175 3201 5245 legem
3227 5175 3537 5246 abrogaret.
3571 5176 3648 5230 Nc
3673 5177 3862 5245 igitur

2234 5267 2351 5336 quis
2373 5266 2594 5330 diceret,
2615 5266 2738 5321 Ideo
2759 5265 3056 5336 abrogavit,
3077 5266 3197 5334 quia
3223 5267 3445 5334 implere
3467 5281 3574 5320 non
3599 5275 3860 5334 poterat,

2236 5369 2419 5429 utpote
2463 5375 2722 5429 gravem,
2764 5373 3046 5414 onerosam
3090 5373 3152 5412 ac
3189 5357 3506 5420 difﬁcilem;
3549 5366 3862 5428 postquam

2235 5467 2298 5504 ea
2322 5493 2338 5514 ,
2370 5465 2488 5519 quat
2525 5451 2592 5504 ad
2639 5451 2804 5520 ipsam
2849 5451 3154 5520 spectabant
3183 5491 3198 5516 ,
3236 5451 3414 5504 omnia
3461 5449 3820 5519 iutplevisset
3845 5493 3868 5520 ,

2239 5555 2362 5597 tunc
2387 5544 2544 5598 solvit
2573 5545 2734 5598 illaut.
2769 5543 2894 5598 Ideo
2923 5543 3121 5598 Pascha
3152 5543 3294 5609 fecit,
3327 5543 3460 5613 legis
3493 5543 3632 5596 enim
3655 5541 3868 5610 iussio

2237 5636 2436 5692 Pascha
2459 5647 2592 5691 erat.
2619 5637 2724 5690 (Zur
2757 5637 2835 5690 lex
2869 5635 3068 5690 Pascha
3093 5634 3374 5690 comedere
3401 5633 3595 5704 jussit?
3623 5632 3870 5703 Ingrati
