4062 6206
274 185 369 242 5⁸27
1298 187 1386 241 ΒΕ
1422 178 1838 246 ΡΠΟΒΙΤΙΟΝΕ

1969 188 2068 244 DA:
2132 187 2364 247 HOMIL.
2403 191 2445 244 1.

277 305 484 372 ἔχοντες
540 298 635 355 xci
663 296 957 373 λαμπάδας
988 305 1081 359 καὶ
1107 308 1239 373 φῶς,
1261 304 1408 371 λέγει
1436 304 1619 365 αὐτοῖς
1639 318 1654 332 ⁸
1701 304 1840 358 Τίνα

278 385 527 455 ζητεῖτε;
559 383 650 435 καὶ
691 386 919 454 ἠγνόουν
941 387 998 440 ὃν
1026 386 1256 458 ἡμελλον
1300 386 1711 457 συλλαμϐάνειν.
1742 385 1843 440 Το-

274 469 459 524 σοῦτον
507 468 698 538 ἀπεῖχε
750 470 846 522 τοῦ
885 469 1177 541 δυνηθῆναι
1220 470 1552 541 παραδοῦναι
1608 470 1768 523 αὐτὸν
1817 472 1847 523 6

284 552 499 616 Ἰούδας,
557 552 640 607 ὅτι
687 553 809 607 ούδέ
847 553 995 624 ἐώρα
1040 553 1301 626 παρόντα,
1336 554 1395 606 ὃν
1428 553 1628 624 ἤμελλε
1672 571 1847 625 παρα-

272 636 477 700 δώσειν,
520 637 613 690 καὶ
665 636 836 690 ταῦτα
883 638 1180 709 λαμπάδων
1215 636 1388 690 οὐσῶν
1435 637 1531 690 καὶ⁴
1560 637 1735 707 φωτὸς
1760 655 1847 691 το-

280 718 484 772 σούτου.
501 720 622 773 Ὀτι
646 718 755 789 γὰρ
778 720 935 774 τοῦτο
961 720 1180 792 ῂνίξατο
1208 722 1236 773 6
1259 720 1666 790 εύαγγελιστὴς,
1691 721 1843 792 φησί·

279 801 585 873 Λαμπάδας
611 798 754 872 εἶχον
786 802 880 856 καὶ
902 803 1035 871 φῶς,
1059 803 1149 855 καὶ
1177 803 1275 872 ούχ
1303 801 1489 873 ἐώρων
1521 802 1705 855 αὐτόν.

343 887 453 939 Καὶ
478 884 600 938 καθ’
631 885 867 953 ἑκάστην
891 885 948 938 δέ
975 885 1137 938 αὑτὸν
1172 886 1589 955 ὑπεμίμνησκεν
1614 883 1845 955 ἡμέραν,

277 969 367 1021 καὶ
388 968 455 1022 δι’
480 967 676 1038 ἔργων,
731 968 824 1021 καὶ
859 967 947 1022 διὰ
998 968 1276 1039 ῥημάτων,
1305 968 1517 1032 δεικνὺς
1550 968 1632 1020 ὅτι
1668 968 1728 1020 ού
1758 967 1851 1036 λή-

278 1071 428 1106 σεται
466 1051 768 1124 προδιδούς.
825 1052 935 1105 Καὶ
974 1051 1097 1105 οὔτε
1146 1050 1395 1122 φανερῶς
1429 1050 1589 1106 αὐτὸν
1623 1050 1850 1121 ἤλεγχεν

252 1142 367 1194 -ἐπὶ
399 1140 636 1204 πάντων,
660 1138 802 1192 ὥστε
856 1141 930 1210 μὴ
971 1139 1451 1209 ἀναισχυντότερον
1485 1137 1647 1192 αὑτὸν
1686 1138 1851 1208 ἐργά-

280 1222 473 1277 σασθαι
493 1239 507 1252 ·
529 1220 653 1275 οὔτε
687 1220 1031 1292 παρεσιώπα,
1066 1222 1154 1274 ἴνα
1186 1219 1261 1291 μὴ
1288 1220 1521 1292 νομίζων
1548 1220 1849 1287 λανθάνειν,

276 1305 443 1368 ἀδεῶς
476 1306 725 1375 ἐπιχειρῇ
759 1303 858 1373 τὴν
882 1303 1190 1373 προδοσίαν,
1223 1302 1357 1357 ἀλλά
1384 1302 1620 1374 συνεχῶς
1643 1303 1848 1370 ἔλεγεν,

279 1385 383 1455 Εἷς
413 1388 482 1453 ἐξ
512 1387 678 1457 ὑμῶν
709 1386 1051 1454 παραδώσει
1100 1404 1208 1456 με’
1268 1387 1329 1440 οὐ
1383 1387 1564 1458 μέντοι
1622 1385 1853 1456 φανερὸν

281 1473 437 1526 αὑτὸν
471 1469 722 1542 καθίστη.
762 1468 997 1532 Πολλοὺς
1033 1469 1090 1522 δέ
1136 1469 1231 1523 καὶ
1264 1469 1392 1540 περὶ
1422 1470 1644 1539 γεέννης
1672 1467 1854 1537 διῆλθε

278 1557 486 1626 λόγους,
518 1553 743 1617 πολλοὺς
768 1554 861 1607 καὶ
888 1554 1014 1625 περὶ
1048 1552 1344 1623 βασιλείας,
1376 1554 1468 1606 καὶ
1490 1552 1587 1624 τὴν
1616 1552 1699 1621 ἐφ’
1729 1552 1855 1605 ἐκά-

281 1658 410 1711 τερα
440 1638 668 1710 δύναμιν
720 1636 1051 1703 ἐπεδείξατο,
1100 1636 1202 1708 τὴν
1247 1638 1304 1689 ἐν
1334 1636 1410 1707 τῷ
1450 1636 1698 1709 κολάζειν
1731 1637 1856 1699 τοὺς

280 1722 710 1792 ἁμαρτάνοντας,
763 1719 858 1772 καὶ
900 1719 1001 1792 τὴν
1052 1719 1108 1771 ἐν
1150 1716 1229 1788 τῷ
1275 1719 1441 1789 τιμᾷν
1484 1720 1611 1782 τοὺς
1658 1734 1856 1787 κατορ-

282 1803 526 1867 θοῦντας.
566 1802 724 1856 Ἀλλά
762 1800 935 1855 ταῦτα
975 1801 1154 1855 πάντα
1191 1802 1396 1864 ἐκεῖνος
1425 1800 1855 1873 παρεκρούσατο,

281 1888 311 1939 6
358 1886 415 1938 δὲ
449 1885 592 1949 θεὸς
624 1885 715 1956 βίᾳ.
763 1886 863 1955 οὐχ
907 1884 1175 1937 εἵλκυσεν.
1223 1882 1440 1953 Ἐπειδὴ
1488 1883 1597 1954 γὰρ
1638 1883 1859 1952 κυρίους

280 1970 427 2040 ἡμᾶς
458 1969 680 2039 ἐποίησε
702 1968 797 2021 καὶ
820 1968 916 2037 τῆς
946 1967 1054 2019 τῶν
1070 1965 1289 2036 φαύλων
1340 1967 1435 2018 καὶ
1461 1966 1558 2034 τῆς
1581 1965 1690 2018 τῶν
1720 1966 1859 2033 ἀγα-

285 2050 394 2104 θῶν
444 2051 691 2121 πράξεων
727 2051 1011 2121 αἱρέσεως,
1058 2051 1151 2103 καὶ
1179 2050 1404 2111 ἐκόντας
1449 2044 1584 2101 εἶναι
1615 2047 1860 2118 βούλεται

280 2134 513 2198 καλούςο
545 2134 633 2188 διά
683 2134 862 2198 τοῦτο,
897 2134 963 2187 ἂν
1009 2132 1084 2204 μὴ
1141 2131 1482 2203 βουλοίμεθα,
1528 2132 1588 2184 ού
1617 2131 1861 2202 βιάζεται

281 2219 391 2273 οὐδ’
423 2217 724 2287 ἀναγκάζει
741 2233 754 2246 ·
786 2218 847 2271 τὸ
869 2216 977 2287 γὰρ
1004 2215 1291 2286 βιασθέντα
1316 2210 1453 2269 εἶναι
1476 2216 1731 2286 χρηστὸν,
1763 2215 1863 2268 οὐκ

283 2303 427 2357 ἐστιν
457 2298 597 2355 εἶναι
630 2300 886 2372 χρηστόν.
936 2299 1087 2353 Ἐπεὶ
1114 2295 1207 2353 οὖν
1228 2300 1481 2362 κάκεῖνος
1514 2297 1740 2371 γνώμης
1763 2297 1864 2351 κύ-

286 2404 398 2459 ριος
436 2381 525 2456 ἦν,
566 2384 661 2437 καὶ
692 2385 751 2437 ἐν
784 2384 1000 2455 ἐξουσίᾳ
1025 2382 1119 2435 τοῦ
1159 2383 1234 2455 μὴ
1273 2381 1581 2452 πεισθῆναι,
1607 2382 1700 2435 καὶ¹
1728 2382 1864 2452 πρὸς

283 2468 644 2540 φιλαργυρίαν
697 2467 773 2538 μὴ
830 2467 1144 2532 ἀποκλῖναι,
1184 2463 1274 2518 διὰ
1306 2464 1465 2519 τοῦτο
1501 2464 1864 2533 ἀπετυφλώθη

282 2554 383 2623 τὴν
406 2553 662 2612 διάνοιαν,
697 2551 790 2603 καὶ
820 2550 918 2622 τὴν
937 2548 1209 2620 σωτηρίαν
1227 2547 1322 2618 τὴν
1340 2546 1531 2599 ἑαυτοῦ
1558 2548 1833 2617 προέδωκε
1848 2563 1861 2574 ·

286 2636 379 2690 καί
403 2651 564 2706 φησι,
599 2635 660 2687 Ti
681 2632 885 2687 θέλετέ
931 2650 1030 2702 μοι
1061 2630 1290 2693 δοῦναι,
1327 2629 1487 2698 κάγὼ
1509 2628 1650 2699 ὑμῖν
1682 2645 1868 2697 παρα-

285 2719 456 2772 δώσω
487 2718 704 2780 αὑτόν;
756 2715 1020 2785 Ἐλέγχων
1049 2713 1227 2767 τοίνυν
1272 2712 1365 2765 τοῦ
1398 2712 1514 2776 νοὸς
1565 2712 1733 2766 αὐτοῦ
1767 2713 1866 2783 τὴν

231 2820 237 2825 ·
284 2801 557 2870 τύφλωσιν
589 2799 683 2853 καὶ
732 2798 828 2868 τὴν
879 2798 1136 2851 ἀπόνοιαν
1173 2798 1202 2849 ὁ
1237 2795 1643 2865 εύαγγελιστὴς,
1681 2794 1864 2866 φησίν·

298 2887 388 2939 Ἕν
415 2885 494 2955 τῷ
522 2882 698 2954 καιρῷ
717 2883 816 2952 τῆς
842 2881 1029 2951 ἐφόδου
1050 2882 1078 2934 6
1108 2879 1307 2943 Ἰούδας
1326 2880 1567 2949 εἱστήκει
1583 2879 1749 2948 ἐγγὺς
1773 2877 1870 2931 αύο

283 2969 417 3032 τῶν,
442 2970 644 3030 ἐκεῖνος
676 2968 703 3019 6
751 2964 949 3018 εἰπών’
983 2963 1044 3018 Τί
1079 2963 1283 3017 θέλετέ
1316 2979 1418 3031 μοι
1450 2960 1681 3024 δοῦναι,
1708 2959 1871 3031 κάγὼ

286 3051 433 3120 ὑμῖν
465 3049 794 3118 παραδώσω
823 3048 1010 3102 αὐτόν
1031 3065 1051 3113 ;
1069 3047 1183 3101 Οὐκ
1221 3044 1470 3099 ἐντεῦθεν
1498 3044 1555 3097 δὲ
1576 3044 1734 3115 μόνον
1756 3044 1869 3097 ἐστι

287 3133 583 3187 θεάσασθαι
602 3131 700 3203 τὴν
733 3130 959 3200 δύναμιν
985 3128 1077 3183 τοῦ
1102 3127 1363 3201 Χριστοῦ,
1386 3127 1500 3181 ἀλλ’
1526 3127 1608 3180 ὅτι
1636 3127 1730 3180 καὶ
1759 3144 1872 3196 φω-

290 3217 383 3288 νὴν
417 3215 646 3283 ἀφέντος
679 3212 830 3285 1581]
862 3213 1043 3282 ψιλὴν,
1062 3211 1306 3281 ἀπῆλθον
1335 3211 1429 3264 καὶ
1452 3210 1645 3264 ἔπεσον
1675 3211 1868 3281 χαμαί.

313 3297 533 3368 Ἐπειδὴ
567 3296 624 3349 δὲ
664 3295 782 3349 ούδέ
813 3295 985 3358 οὕτως
1019 3296 1313 3364 ἀφίσταντο
1340 3295 1437 3365 τῆς
1473 3293 1870 3363 ἀναισχυντίας,

286 3380 474 3435 λοιπὸν
503 3380 690 3433 ἐαυτὸν
718 3379 1070 3448 παραδίδωσι,
1106 3377 1385 3449 μονονουχὶ
1409 3377 1609 3446 λέγων·
1640 3376 1781 3444 Ἐγὼ
1813 3379 1874 3432 τὸ

290 3463 528 3536 ἐμαυτοῦ
568 3463 686 3516 ὅλον
724 3463 974 3532 ἐποίησα,
1023 3462 1122 3532 τὴν
1163 3460 1392 3532 δύναμιν
1438 3457 1743 3529 ἐξεκάλυψα
1775 3460 1875 3531 τὴν

289 3546 549 3618 ἐμαυτοῦ,
572 3544 749 3611 ἔδειξα
776 3546 859 3598 δτι
884 3544 1164 3606 ἀδυνάτοις
1186 3545 1509 3614 ἐπιχειρεῖτε
1537 3544 1872 3615 πράγμασιν.

303 3629 639 3702 Ἧϐουλήθην
673 3626 1022 3681 καταστεῖλαι
1062 3627 1214 3697 ὑμῶν
1242 3626 1338 3696 τὴν
1374 3624 1659 3696 πονηρίαν·
1690 3625 1875 3695 ἐπειδὴ

288 3712 349 3767 δέ
378 3713 538 3784 ὑμεῖς
569 3712 670 3764 οὐκ
696 3710 1056 3782 ἡϐουλήθητε,
1082 3709 1195 3762 ἀλλ’
1225 3707 1509 3777 ἐπιμένετε
1540 3707 1877 3779 παραπαίον-

288 3812 404 3859 τες,
431 3796 538 3848 ίδοὺ
568 3793 912 3864 παραδίδωμι
935 3793 1192 3864 ἐμαυτόν.
1233 3790 1417 3844 Ταῦτα
1446 3790 1502 3843 δέ
1536 3808 1623 3861 μοι
1644 3790 1875 3863 εἴρηται,

291 3879 381 3933 ἴνα
406 3878 481 3950 μὴ
504 3876 850 3949 κατηγορῶσί
878 3893 1023 3938 τινες
1064 3874 1155 3928 τοῦ
1197 3873 1452 3945 Χριστοῦ,
1487 3873 1755 3942 λέγοντες·
1782 3874 1880 3927 Διά

288 3962 347 4015 τί
374 3962 436 4013 ού
469 3959 730 4029 μετέϐαλε
781 3959 873 4011 τὸν
901 3956 1097 4012 Ἰούδαν
1123 3974 1137 4017 ;
1182 3957 1269 4011 διὰ
1302 3957 1355 4008 τί
1383 3957 1482 4009 οὐκ
1504 3956 1757 4027 ἐποίησεν
1781 3957 1881 4010 αύ-

287 4044 384 4097 τδν
416 4042 666 4112 σώφρονα
696 4042 795 4095 καὶ
824 4043 1079 4112 ἐπιεικῆ;
1116 4040 1239 4103 Πῶς
1272 4041 1378 4093 ἔδει
1406 4040 1623 4109 ἐπιεικῆ
1658 4040 1881 4110 ποιῆσαι

290 4127 488 4193 αὐτόν;
516 4126 799 4197 ἀνάγκῃ,ἦ
826 4124 1020 4196 γνώμῃ
1046 4143 1060 4191 ;
1093 4126 1154 4177 Εἰ
1190 4125 1288 4194 μέν
1323 4124 1559 4194 ἀνάγκῃ,
1580 4123 1689 4176 οὐδ’
1710 4122 1883 4187 οὕτως

292 4210 526 4280 ἔμελλεν
562 4209 782 4261 ἔσεσθαι
814 4207 1038 4277 βελτίων
1059 4224 1071 4237 ·
1099 4208 1273 4270 οὐδεὶς
1315 4206 1423 4278 γάρ
1454 4205 1665 4277 ἀνάγκῃ
1685 4206 1881 4276 γένοιτ’

293 4293 364 4347 ἂν
386 4292 587 4361 ἀγαθός
607 4309 621 4324 ο
663 4294 713 4345 εί
745 4293 803 4345 δέ
854 4290 1051 4364 γνώμῃ
1102 4291 1195 4344 κα)⁵
1240 4291 1578 4361 προαιρέσει,
1611 4289 1790 4344 πάντα
1815 4290 1885 4344 τὰ

291 4377 564 4446 δυνάμενα
608 4375 901 4445 διορθῶσαι
964 4374 1285 4444 προαίρεσιν
1337 4374 1432 4425 καὶ
1495 4371 1719 4444 γνώμην
1774 4376 1886 4427 εἰσ-

290 4461 544 4531 ήνεγκεν.
584 4458 647 4510 Εἰ
678 4457 733 4510 δὲ
788 4457 861 4528 μὴ
902 4456 1166 4527 ἐϐουλήθη
1199 4454 1450 4521 δέξασθαι
1478 4454 1538 4507 τὸ
1566 4456 1880 4525 φάρμακον,

290 4544 356 4597 ού
384 4544 477 4596 τοῦ
506 4541 692 4613 ἰατροῦ
738 4540 800 4594 τὸ
850 4538 1122 4610 ἔγκλημα,
1173 4538 1309 4591 ἀλλὰ
1337 4537 1429 4590 τοῦ
1463 4538 1560 4608 τὴν
1591 4538 1884 4607 θεραπείαν

290 4624 783 4696 διακρουσαμένου.
816 4624 959 4693 Ὅρα
988 4619 1079 4676 οὖν
1105 4623 1205 4676 ὅσα
1249 4621 1524 4691 ἐποίησεν,
1555 4617 1695 4672 ὥστε
1722 4620 1883 4673 αὐτὸν

291 4707 711 4779 ἀνακτήσασθαι
735 4706 831 4759 καὶ
852 4705 1139 4758 διασῶσαι.
1188 4704 1496 4757 Ἐδίδασκεν
1520 4703 1681 4756 αὐτὸν
1707 4705 1885 4756 πᾶσαν

291 4791 615 4862 φιλοσοφίαν
651 4789 739 4843 διὰ
790 4789 1155 4862 πραγμάτων,
1181 4786 1268 4840 διά
1304 4787 1584 4858 ῥημάτων,
1615 4785 1886 4857 ἀνώτερον

290 4876 461 4930 αὑτὸν
507 4874 616 4926 τῶν
652 4874 921 4945 δαιμόνων
969 4871 1219 4942 ἐποίησε,
1262 4870 1517 4941 θαύματα
1561 4868 1885 4941 ἐργάξεσθαι

290 4958 473 5013 πολλά
493 4957 932 5029 παρεσκεύασεν,
958 4956 1191 5024 ἐφόϐησε
1208 4956 1273 5025 τῇ
1301 4953 1397 5024 τῆς
1420 4953 1641 5024 γεέννης
1663 4952 1882 5024 ἀπειλῇ,

288 5041 675 5113 προετρέψατο
704 5043 771 5112 τῇ
823 5041 921 5111 τῆς
975 5035 1251 5109 βασιλείας
1295 5034 1630 5106 ἐπαγγελία*
1693 5035 1885 5107 ἤλεγξε

287 5124 562 5194 διηνεκῶς
609 5125 678 5177 τὰ
710 5123 999 5195 ἀπόρρητα
1054 5118 1219 5175 αὐτοῦ
1256 5117 1618 5188 βουλεύματα,
1651 5117 1886 5189 ἐλέγχων

285 5208 352 5262 δὲ
376 5209 480 5260 ούκ
504 5207 818 5278 ἐδημοσίευε
844 5222 858 5237 ⁸
878 5207 1007 5268 τοὺς
1036 5205 1201 5267 πόδας
1222 5200 1388 5256 αὑτοῦ
1411 5199 1549 5271 μετά
1580 5200 1688 5253 τῶν
1713 5202 1886 5255 ἄλλων

286 5291 502 5361 ἔνιψεν,
533 5290 677 5344 ἀλῶν
707 5286 1264 5361 αύτῷκαὶτραπέζης
1291 5283 1646 5353 ἐκοινώνησεν
1665 5299 1678 5312 ·
1710 5283 1881 5350 οὐδὲν,

288 5376 358 5428 οὐ
397 5373 664 5446 μικρὸν,ἢ
696 5375 839 5445 μέγα
864 5372 1137 5426 ἐνέλιπεν·
1170 5372 1199 5424 ὁ
1223 5370 1279 5423 δὲ
1301 5368 1441 5423 ἑκὼν
1465 5366 1677 5437 ἔμεινεν
1705 5368 1886 5438 ἀδιόρ-

288 5462 491 5522 θωτος.
533 5461 642 5513 Καὶ
668 5460 754 5511 ἵνα
787 5457 986 5530 μάθῃς,
1009 5456 1092 5509 ὅτι
1121 5453 1346 5517 δυνατὸς
1379 5451 1453 5506 ῶν
1486 5451 1886 5524 μεταϐαλέσθαι

286 5546 397 5596 οὐκ
424 5542 711 5612 ἠθέλησεν,
747 5541 884 5594 άλλά
913 5541 1014 5609 τῆς
1039 5537 1207 5592 αὑτοῦ
1244 5535 1513 5607 ῥᾳθυμίας
1530 5536 1592 5589 τὺ
1623 5537 1729 5589 πᾶν
1763 5535 1889 5602 ἐγέ-

286 5642 438 5691 νετο,
470 5626 717 5681 ἄκουσον.
761 5623 978 5695 Ἐπειδὴ
995 5622 1102 5696 γὰρ
1127 5622 1442 5693 παρέδωκεν
1463 5619 1643 5686 αὑτὸν,
1686 5616 1876 5691 ἔρριψε

3407 194 3515 250 378

1944 305 2013 359 τά
2036 304 2325 375 τριάκοντα
2350 304 2609 376 ἀργύρια.
2641 306 2732 359 καί
2773 319 2959 377 φησιν*
3003 308 3296 377 Ἥμαρτον
3335 325 3520 378 παγκα-

1942 386 2089 453 δοὺς
2116 383 2260 455 αἷμα
2292 388 2545 442 δίκαιον.
2594 389 2659 441 Τί
2703 388 2962 457 γέγονενς
3000 392 3128 445 Ὅτε
3180 392 3523 463 θαυματουρ-

1945 470 2143 539 γοῦντα
2180 467 2335 533 εἶδες,
2365 471 2465 524 οὐκ
2506 470 3013 541 ἐλεγες,Ἦμαρτον
3049 476 3352 544 παραδοὺς
3379 472 3523 548 αἷμα

1946 553 2168 611 ἀθῶον·
2220 554 2376 618 ἀλλὰ,
2430 556 2490 608 Τί
2533 555 2736 611 θέλετέ
2770 573 2872 625 μοι
2921 556 3151 625 δοῦναι,
3194 562 3355 630 κάγὼ
3381 561 3526 630 ὑμῖν

1948 634 2278 708 παραδώσω
2293 638 2515 697 αὐτόν;
2546 638 2758 708 Ἐπειδὴ
2784 638 2918 691 δὲτὸ
2944 641 3112 694 κακὸν
3144 642 3520 714 προεχώρησε,

1948 721 2041 772 καὶ
2074 722 2106 788 ἡ
2137 720 2393 790 προδοσία
2415 721 2564 782 τέλος
2588 720 2735 790 ἔσχε,
2766 720 2860 774 καὶ
2879 723 2909 791 ή
2929 722 3175 793 ἁμαρτία
3195 725 3520 795 ἀπήρτιστο,

1948 804 2069 856 τότε
2102 804 2343 872 ἐπέγνως
2377 804 2474 874 τὴν
2524 804 2817 874 ἁμαρτίαι.
2858 805 2922 857 Τί
2962 801 3054 859 οὖν
3105 806 3353 859 ἐντεῦθεν
3387 826 3524 878 μαν-

1950 886 2214 957 θάνομεν;
2253 887 2373 939 Ὅτι
2415 886 2540 939 ὅταν
2591 887 2690 956 μὲν
2726 887 3077 957 ρᾳθυμῶμεν,
3112 889 3233 941 οὐδὲ
3262 897 3524 961 παραίνε-

1952 987 2034 1033 σις
2061 970 2207 1039 ἡμᾶς
2260 968 2493 1038 ώφελεῖλ
2546 968 2671 1022 ὅταν
2700 967 2755 1022 δὲ
2804 969 3213 1040 σπουδάξωμεν,
3241 972 3334 1024 καὶ
3374 973 3529 1026 αὐτοὶ

1950 1053 2042 1122 ἀφ’
2073 1052 2278 1106 ἐαυτῶν
2306 1053 2654 1122 διαναστῆναι
2696 1053 2989 1123 δυνάμεθα.
3029 1055 3137 1107 Καὶ
3175 1054 3282 1126 γάρ
3323 1058 3419 1109 καὶ
3440 1053 3529 1110 οὖς

1950 1155 2062 1200 τος,
2091 1138 2180 1190 ὅτε
2202 1135 2434 1207 παρῄνει
2470 1138 2567 1207 μὲν
2595 1139 2624 1190 6
2647 1137 2985 1202 διδάσκαλος,
3032 1138 3132 1191 ούκ
3180 1139 3403 1209 ἤκουεν·
3438 1142 3529 1194 ὅτε

1951 1219 2008 1272 δὲ
2034 1219 2205 1282 οὐδεὶς
2232 1214 2302 1289 ἦν
2331 1220 2360 1270 6
2408 1219 2710 1289 παραινῶν,
2750 1219 2810 1272 τὸ
2842 1221 3039 1273 οίκεῖον
3076 1222 3313 1284 συνειδὸς
3357 1223 3527 1275 ἐπάν-ο

1953 1302 2106 1372 έστη.
2148 1303 2240 1354 καί
2273 1301 2498 1371 μηδενὸς
2531 1301 2683 1365 ὄντος
2708 1301 3024 1357 διδασκάλου
3059 1304 3400 1373 μετεϐάλετο,
3436 1307 3531 1359 καὶ

1956 1385 2200 1452 κατέγνω
2215 1383 2322 1437 τῶν
2350 1384 2786 1456 τετολμημένων,
2811 1385 2906 1438 καὶ
2936 1385 3126 1457 ἔρριψε
3149 1386 3219 1438 τὰ
3238 1387 3529 1457 τριάκοντα

1955 1468 2211 1539 ἀργύρια.
2255 1469 2316 1521 Τί
2341 1468 2545 1523 θέλετέ
2574 1486 2677 1537 μοι
2718 1467 2947 1531 δοῦναι,
2978 1468 3141 1538 κάγὼ
3172 1469 3316 1537 ὑμῖν
3344 1487 3531 1539 παρα-

1955 1552 2126 1605 δώσω
2161 1554 2379 1616 αὺτόν;
2410 1553 2519 1607 Καὶ
2573 1552 2867 1619 ἔστησαν,
2925 1555 3110 1621 φησὶν,
3163 1552 3323 1618 αὺτῷ
3374 1554 3532 1621 τριὰι

1957 1651 2140 1688 κοντα
2191 1636 2459 1704 ἀργύρια.
2518 1634 2694 1705 Τιμὴν
2743 1634 3041 1688 κατέϐαλον
3093 1635 3320 1704 αἵματος
3364 1637 3532 1707 τιμὴν

1957 1717 2056 1769 ούκ
2089 1717 2320 1786 ἔχοντος.
2368 1717 2432 1770 Τί
2486 1717 2783 1787 λαμϐάνεις
2833 1717 3126 1788 τριάκοντα
3177 1717 3433 1789 ἀργύρια,
3486 1719 3533 1772 ὦ

1972 1801 2170 1865 Ίούδα;
2229 1802 2444 1872 Δωρεάν
2495 1795 2660 1871 ἦλθεν
2695 1801 2723 1852 ὁ
2760 1800 2995 1871 Χριστὸς
3041 1801 3224 1870 ἐκχέαι
3274 1801 3341 1854 τὸ
3393 1796 3534 1871 αἷμα

1959 1882 2115 1935 τοῦτο
2142 1884 2280 1954 ὑπὲρ
2330 1882 2429 1952 τῆς
2481 1881 2823 1952 οίκουμένης,
2887 1883 3026 1953 ὑπὲρ
3072 1878 3132 1936 οὒ
3166 1882 3429 1952 σύμφωνα
3469 1887 3533 1938 σὺ

1961 1969 2131 2029 ποιεῖς
2145 1967 2236 2019 καὶ
2260 1967 2679 2036 συναλλάγματα
2702 1966 2912 2036 ἀναιδῆ.
2942 1966 3006 2019 Τί
3031 1967 3138 2039 γὰρ
3160 1967 3535 2037 ἀναιδέστερον

1960 2048 2052 2101 τοῦ
2079 2048 2523 2120 συναλλάγματος
2554 2048 2741 2102 τούτου
2763 2064 2777 2115 ;

2030 2214 2092 2268 δ’.
2132 2215 2273 2269 Τότε
2298 2214 2654 2283 προσῆλθον
2670 2219 2723 2269 οἱ
2741 2216 3017 2285 μαθηταί.
3047 2215 3201 2269 Τότε·
3225 2216 3384 2282 πότε;
3407 2218 3534 2271 Ὅτε

1961 2298 2131 2352 ταῦτα
2179 2299 2414 2366 ἐγένετο,
2472 2299 2562 2351 ὅτε
2600 2301 2631 2365 ἡ
2666 2297 2922 2367 προδοσία
2979 2298 3401 2370 προεχώρησεν,
3444 2301 3535 2353 ὅτε

1965 2382 2155 2436 ἐαυτὸν
2187 2381 2464 2434 ἀπώλεσεν
2488 2383 2516 2434 6
2539 2380 2759 2443 Ἰούδας,
2790 2380 3145 2448 Προσῆλθον
3165 2382 3327 2446 αὐτῷ
3365 2386 3539 2452 οἶμαι·

1965 2464 2132 2532 θηταὶ
2145 2463 2578 2534 λέγοντες·Ποῦ
2594 2464 2787 2529 θέλεις
2802 2463 3205 2539 ἑτοιμάσωμέν
3217 2482 3314 2519 σοι
3330 2467 3541 2535 φαγεῖν

1966 2548 2029 2600 τὸ
2060 2547 2313 2615 Πάσχα;
2348 2544 2498 2610 Εἶδες
2528 2547 2775 2617 μαθητήν
2796 2544 2964 2612 ;εἷδες
2984 2548 3264 2617 μαθητάς;
3305 2550 3541 2611 Ἐκεῖνος

1970 2628 2122 2702 [382]
2153 2630 2441 2701 προδίδωσι
2469 2630 2559 2682 τὸν
2592 2629 2890 2699 Δεσπότην,
2928 2624 3074 2682 οὗτοι
3111 2631 3240 2699 περὶ
3268 2630 3327 2682 τὸ
3349 2630 3543 2699 Πάσχα

1974 2711 2322 2783 μεριμνῶσιν·
2340 2713 2544 2774 ἐκεῖνος
2558 2709 2821 2779 σύμφωνα
2835 2714 2994 2771 ποιεῖ,
3017 2704 3161 2764 οὗτοι
3179 2712 3313 2781 πρὸς
3340 2713 3544 2782 ὑπηρε-

1973 2795 2092 2848 σίαν
2147 2794 2572 2868 παρεσκεύαζον.
2621 2794 2738 2847 Τῶν
2755 2792 2934 2846 αὐτῶν
2956 2793 3266 2847 ἀπέλαυσαν
3296 2797 3546 2856 κάκεῖνος

1970 2879 2060 2933 καὶ
2095 2873 2240 2932 οὗτοι
2291 2879 2601 2950 θαυμάτων,
2653 2877 2761 2929 τῶν
2826 2876 3003 2930 αὐτῶν
3051 2877 3415 2948 διδαγμάτων,
3447 2880 3545 2947 τῆς

1971 2963 2138 3032 αὐτῆς
2183 2961 2429 3026 ἐξουσίας
2452 2977 2465 2990 ·
2519 2960 2681 3013 πόθεν
2736 2956 2830 3011 03v
2863 2960 2896 3029 ἡ
2930 2960 3231 3030 μεταϐολή;
3284 2961 3414 3013 ’Λπδ
3446 2962 3545 3030 τῆς

1972 3045 2344 3115 προαιρέσεως
2364 3060 2376 3070 δ
2417 3042 2556 3112 αὕτη
2590 3042 2808 3095 πάντων
2837 3042 2987 3095 αίτία
3022 3043 3297 3112 πανταχοῦ
3325 3044 3546 3097 καὶτῶν

1972 3128 2189 3195 ἀγαθῶν
2223 3128 2316 3180 κα)⁸
2358 3126 2467 3182 τῶν
2507 3126 2710 3180 κακῶν.
2757 3126 2882 3180 Ποῦ
2919 3127 3114 3192 θέλεις
3146 3127 3549 3197 ἑτοιμάσωμέν

1973 3228 2071 3266 σοι
2103 3211 2314 3281 φαγεῖν
2342 3210 2410 3265 τὸ
2440 3211 2691 3278 Πάσχα;
2726 3210 2791 3263 Ἠ
2841 3211 3049 3281 ἑσπέρα
3096 3210 3233 3280 αὕτη
3272 3207 3339 3280 ἦν
3383 3213 3503 3264 τότε
3531 3229 3546 3243 .

1976 3296 2095 3349 ἐπεὶ
2121 3292 2214 3349 οὖν
2242 3295 2415 3348 οἰκίαν
2446 3295 2545 3347 οὐκ
2571 3292 2714 3364 εἶχεν
2734 3295 2763 3347 6
2781 3295 3079 3365 Δεσπότης,
3111 3292 3202 3347 διὰ
3225 3294 3383 3347 τοῦτο
3400 3295 3549 3364 αύτῷ

1974 3379 2224 3446 λέγουσι·
2269 3378 2393 3432 Ποῦ
2426 3378 2620 3443 θέλεις
2653 3376 3058 3446 ἑτοιμάσωμέν
3103 3394 3201 3432 σοι
3235 3377 3447 3446 φαγεῖν
3481 3381 3549 3432 τὸ

1975 3462 2224 3531 Πάσχα;
2277 3461 2389 3513 Ούκ
2434 3460 2629 3530 ἔχομεν
2680 3459 3021 3527 καταγώγιον
3073 3461 3396 3532 ὡρισμένον,
3450 3462 3551 3515 ούκ

1975 3545 2168 3616 ἔχομεν
2219 3543 2443 3613 σκηνὴν,
2475 3542 2594 3595 οὐδὲ
2638 3542 2833 3595 οἰκίαν.
2884 3542 3319 3598 Μανθανέτωσαν
3359 3545 3409 3598 οἱ
3452 3544 3552 3609 τὰς

1976 3626 2234 3698 λαμπρὰς
2259 3624 2659 3695 οἰκοδομοῦντες
2681 3624 2877 3688 οἰκίας,
2897 3626 2989 3678 καὶ
3011 3624 3108 3688 τάς
3129 3626 3346 3697 εὐρείας
3368 3629 3553 3696 στοάς,

1978 3712 2072 3764 καὶ
2116 3710 2240 3772 τοὺς
2290 3708 2533 3778 μακροὺς
2561 3707 2903 3777 περιϐόλους,
2929 3709 3011 3761 ὅτι
3056 3708 3156 3761 οὐκ
3191 3704 3334 3779 εἶχεν
3362 3712 3390 3763 6
3418 3708 3553 3781 Χρι-

1982 3794 2103 3857 στδς
2136 3792 2237 3845 πού
2270 3790 2369 3862 τὴν
2395 3791 2636 3862 κεφαλὴν
2671 3791 3010 3846 κατακλῖναι.
3052 3792 3143 3845 Διὸ
3171 3793 3446 3865 ἐρωτῶσιν
3472 3789 3555 3848 οὗ·

1982 3893 2085 3930 τοι·
2116 3874 2238 3930 Ποῦ
2272 3874 2464 3939 θέλεις
2502 3873 2906 3943 ἑτοιμάσωμέν
2938 3889 3035 3929 σοι
3071 3876 3283 3945 φαγεῖν
3323 3877 3391 3931 τὸ
3435 3877 3554 3930 Πά-

1980 3975 2136 4029 σχα;
2172 3960 2328 4011 Ποῖον
2361 3959 2585 4027 Πάσχα;
2635 3958 2769 4026 Ούχὶ
2802 3958 2958 4012 τοῦτο
2990 3958 3051 4012 τὸ
3090 3960 3374 4030 ἡμέτερον,
3420 3962 3555 4015 ἀλλὰ

1980 4045 2041 4096 τὸ
2078 4040 2366 4096 Ἰουδαϊκὸν
2396 4039 2561 4102 τέως’
2604 4040 2778 4092 ἐκεῖνο
2808 4041 2906 4110 μὲν
2937 4040 3047 4112 γὰρ
3073 4044 3122 4093 οί
3156 4042 3394 4112 μαθηταὶ
3418 4062 3556 4115 παρ-

1982 4124 2303 4186 εσκεύασαν,
2337 4120 2495 4174 τοῦτο
2534 4121 2590 4174 δέ
2618 4122 2679 4174 τὸ
2704 4122 2972 4193 ἡμέτερον
3006 4124 3169 4187 αὐτὸς
3214 4126 3555 4181 κατεσκεύα-

1986 4227 2104 4262 σεν·
2134 4210 2194 4262 οὐ
2230 4207 2386 4278 μόνον
2415 4206 2471 4258 δέ
2503 4205 2664 4270 αὐτὸς
2696 4206 2827 4259 αὐτὸ
2860 4206 3280 4286 κατεσκεύασεν,
3305 4209 3442 4263 ἀλλά
3463 4211 3557 4265 καί

1983 4294 2143 4356 αὐτὸς
2170 4293 2359 4362 Πάσχα
2396 4291 2638 4359 ἐγένετο.
2670 4290 2790 4344 Ποῦ
2813 4290 3007 4357 θέλεις
3030 4292 3437 4363 ἑτοιμάσωμέν
3456 4312 3558 4350 σοι

1984 4375 2195 4447 φαγεῖν
2217 4374 2284 4429 τὸ
2316 4374 2573 4444 Πάσχα;
2607 4372 2811 4426 Ἐκεῖνο
2842 4374 3128 4428 Ἰουδαϊκὸν
3160 4371 3228 4446 ἦν
3250 4376 3312 4430 τὸ
3346 4378 3555 4449 Πάσχα,

1987 4462 2161 4512 ἐκεῖνο
2190 4460 2244 4511 ἐν
2274 4457 2533 4528 Αἰγύπτῳ
2561 4457 2660 4528 τὴν
2685 4456 2858 4528 ἀρχὴν
2881 4456 3061 4512 ἔλαϐε.
3077 4458 3233 4522 Τίνος
3258 4455 3351 4513 οὖν
3373 4460 3559 4515 ἕνεκεν

1986 4543 2185 4614 τρώγει
2207 4542 2339 4594 αὐτὸ
2366 4544 2394 4594 6
2425 4536 2689 4611 Χριστός;
2722 4541 2845 4593 Ὅτι
2875 4539 3053 4594 πάντα
3078 4541 3146 4594 τὰ
3176 4543 3370 4613 νομικά
3393 4544 3559 4616 ἐπλή-

1988 4641 2151 4696 ρωσε.
2177 4623 2285 4676 Καὶ
2328 4622 2436 4694 γάρ
2475 4624 2563 4676 ὅτε
2599 4621 2939 4689 ἐϐαπτίζετο,
2984 4623 3168 4692 ἔλεγεν
3193 4640 3207 4653 ·
3245 4625 3408 4678 Οὕτω
3447 4629 3558 4696 γὰρ

1986 4706 2216 4775 πρέπον
2259 4705 2431 4758 ἐστὶν
2470 4704 2616 4774 ἡμῖν
2654 4706 2967 4772 πληρῶσαι
3002 4704 3211 4762 πᾶσαν
3251 4707 3556 4761 δικαιοσύ-

1984 4785 2328 4857 νηνΪΗλθον
2372 4791 2436 4841 ἐκ
2481 4787 2581 4857 τῆς
2612 4786 2705 4840 τοῦ
2736 4788 2902 4858 νόμου
2946 4790 3192 4861 κατάρας
3230 4790 3555 4861 ἐξαγοράσαι

1985 4871 2075 4925 τὸν
2106 4870 2406 4942 ἄνθρωπον.
2425 4870 2478 4922 '0
2509 4872 2617 4940 γὰρ
2648 4869 2793 4937 Θεὸς
2826 4870 2935 4925 τὸν
2963 4872 3180 4925 ἑαυτοῦ
3216 4872 3354 4925 Υίὸν
3378 4872 3557 4942 ἐπεμ-

1986 4957 2066 5023 ψε
2100 4952 2470 5024 γεννώμενον
2501 4953 2571 5006 ὲκ
2603 4952 2912 5021 γυναικὸς.
2950 4954 3273 5022 γενόμενον
3305 4956 3421 5009 ὑπὸ
3458 4957 3557 5009 νόο

1981 5054 2119 5107 μον,
2161 5037 2261 5090 ἵνα
2305 5035 2441 5101 τοὺς
2488 5034 2608 5090 ὐπὸ
2649 5037 2831 5105 νόμον
2866 5035 3230 5105 ἐξαγοράσῃ,
3264 5039 3356 5090 καὶ
3395 5039 3559 5093 αὐτὸν

1986 5119 2274 5193 ἀναπαύσῃ
2317 5119 2407 5173 τὸν
2440 5119 2745 5189 νόμον.Ἷνα
2786 5114 2879 5172 οὖν
2930 5120 3003 5189 μή
3038 5136 3121 5181 τις
3151 5118 3301 5191 λέγῃ,
3345 5120 3428 5175 ὅτι
3469 5121 3559 5178 διὰ

1984 5201 2142 5255 τοῦτο
2170 5201 2331 5255 αὑτὸν
2359 5203 2726 5273 κατήργησεν,
2755 5205 2850 5255 ἐπε
2861 5200 2941 5272 ιδή
2969 5200 3252 5272 πληρῶσαι
3276 5204 3437 5258 αὐτὸν
3458 5206 3560 5260 οὐκ

1986 5286 2236 5357 ἠδύνατο,
2270 5286 2345 5349 ώς
2386 5286 2641 5357 φορτικὸν
2670 5287 2765 5339 καὶ
2790 5286 3002 5358 ἐπαχθῆ
3044 5286 3138 5340 καὶ
3180 5286 3558 5361 δυσκατόρθω-

1984 5387 2075 5423 τον
2099 5369 2247 5436 ὅντα,
2283 5370 2498 5442 πρῶτον
2529 5370 2694 5423 αύτοῦ
2720 5369 3014 5441 πληρώσας
3039 5372 3273 5440 ἅπαντα,
3292 5374 3412 5428 τότε
3431 5392 3563 5431 κατ-

1987 5452 2163 5506 έλυσε.
2192 5452 2291 5505 Διά
2320 5451 2476 5505 τοῦτο
2512 5452 2606 5506 καὶ
2647 5453 2708 5506 τὸ
2752 5454 2943 5523 Πάσχα
2966 5454 3220 5526 ἐποίησεο
3255 5456 3421 5529 νόμου
3455 5460 3563 5531 γάρ

1984 5531 2053 5607 ἦν
2082 5536 2361 5604 ἐπίταγμα
2388 5536 2447 5588 τὸ
2478 5537 2689 5605 Πάσχα.
2722 5538 2829 5590 Καὶ
2860 5537 3005 5601 τίνος
3030 5538 3217 5591 ἕνεκεν
3241 5542 3269 5593 6
3291 5543 3452 5613 νόμος
3474 5544 3565 5593 ἐ-τ-

1989 5619 2141 5684 έταξε
2173 5621 2231 5673 τὸ
2266 5621 2454 5689 Πάσχα
2502 5620 2735 5685 ἐσθίειν;
2779 5620 3114 5692 Ἀγνώμονες
3147 5617 3287 5689 ἦσαν
3316 5626 3441 5693 περὶ
3469 5623 3562 5679 τὸν
