4062 6206
193 319 301 375 379

194 448 318 503 ergo
344 431 662 488 beneﬁcium
690 444 844 490 erant
867 434 1035 492 Judaei
1059 478 1075 502 ,
1104 445 1161 493 et
1196 439 1373 494 statim
1409 449 1530 509 post
1566 447 1786 509 accepta

196 521 454 579 beneﬁcia
498 527 747 594 praecepti
788 526 957 582 divini
995 527 1469 585 obliviscebantur.
1502 529 1636 585 Nam
1664 546 1786 585 eum

194 618 395 685 egressi
436 626 561 672 sunt
606 633 670 672 ex
714 618 986 690 IEgypto,
1031 630 1311 692 postquam
1354 638 1505 678 mare
1540 622 1790 678 viderunt

193 709 420 763 scissum
451 718 503 763 et
534 725 720 764 rursus
747 712 1057 767 coalescens
1080 753 1096 778 ,
1128 714 1339 784 aliaque
1367 714 1646 770 innumera
1687 717 1789 770 mi-

195 800 397 863 racula,
431 800 678 856 dicebant
710 820 725 856 :
757 801 1033 858 Faciamus
1057 803 1198 858 nobis
1216 806 1357 872 deos,
1387 807 1475 876 qui
1503 807 1788 876 ρνωεεάαηι

194 905 287 944 nos
314 888 511 962 (Exod.
536 890 626 946 52.
656 891 733 963 Ι).
760 891 894 960 Quid
921 892 1091 947 dicis?
1119 895 1372 950 miracula
1395 896 1571 951 adhuc
1596 896 1648 951 in
1676 912 1789 950 ma-

196 978 352 1037 nibus
396 990 550 1046 sunt,
593 990 650 1037 et
686 982 796 1051 jam
837 982 1064 1039 beneﬁci
1102 985 1302 1042 oblitus
1339 987 1438 1043 es?
1463 988 1596 1057 Quia
1631 990 1789 1057 igitur

195 1085 361 1142 usque
379 1071 516 1127 adeo
541 1073 735 1140 stupidi
758 1082 814 1129 et
838 1074 1025 1145 ingrati
1052 1085 1224 1143 erant,
1253 1077 1601 1133 festivitatem
1626 1095 1788 1151 argu-

197 1173 375 1217 mento
407 1163 548 1218 Deus
577 1163 841 1220 donorum
876 1169 1443 1225 commemorationem
1468 1170 1783 1236 adstrinxit,

196 1253 422 1324 ideoque
454 1255 655 1310 Pascha
686 1256 966 1311 immolare
994 1257 1153 1328 jussit
1182 1276 1202 1315 :
1233 1259 1335 1326 Ut,
1363 1263 1409 1315 si
1433 1271 1480 1315 te
1507 1263 1788 1334 interroga-

196 1346 345 1411 verit,
377 1346 576 1416 inqttit,
603 1348 741 1415 filius
769 1358 915 1414 tuus,
940 1348 1077 1417 Quid
1106 1359 1189 1406 est
1216 1350 1319 1406 hoc
1343 1353 1587 1408 Pascha?
1608 1353 1782 1421 dicas,

199 1436 325 1504 Quia
367 1438 489 1507 agni
534 1440 796 1509 sanguine
837 1440 1032 1510 januas
1074 1454 1343 1500 unxerunt
1386 1446 1510 1501 olim
1557 1447 1787 1517 majores

199 1530 364 1585 nostri
403 1533 458 1585 in
501 1530 768 1602 Egypto,
802 1548 872 1589 ne
911 1544 1151 1590 vastator
1192 1538 1414 1608 angelus
1450 1540 1671 1594 veniens
1705 1541 1785 1594 vi-

199 1622 435 1693 densque
457 1625 715 1679 insultare
733 1625 974 1691 auderet,
996 1636 1051 1681 et
1075 1628 1284 1700 plagam
1308 1629 1571 1700 indigeret
1591 1631 1782 1701 (Exod.

200 1714 288 1768 12.
330 1714 445 1784 27).
492 1716 721 1785 Eratque
761 1716 1013 1787 deinceps
1054 1717 1250 1773 festum
1298 1732 1551 1790 perpetua
1596 1722 1787 1775 salutis

198 1808 650 1863 commemoratio.
682 1807 793 1864 lmo
827 1824 958 1865 vero
989 1826 1095 1865 non
1127 1809 1179 1865 id
1210 1811 1381 1866 solum
1424 1813 1783 1875 lucrabantur,

201 1899 337 1969 quod
364 1900 446 1955 eis
480 1900 819 1970 antiquorum
859 1901 1239 1958 beneﬁcion
1279 1905 1590 1959 memoriam
1629 1922 1785 1960 revo-

201 2001 378 2058 caret,
409 1992 504 2048 sed
530 2004 584 2048 et
608 1994 750 2048 aliud
779 1994 950 2065 majus
974 2037 988 2063 ,
1021 1996 1162 2067 quod
1193 1996 1365 2054 futura
1399 1996 1785 2067 prmﬁgurarct.

202 2082 294 2139 Ille
319 2084 511 2154 quippe
538 2098 707 2155 agnus
733 2084 899 2155 ﬁgura
928 2094 1044 2141 erat
1077 2086 1296 2142 alterius
1324 2086 1443 2155 agni
1475 2086 1783 2155 spiritualis,

199 2183 255 2229 et
273 2174 384 2229 ovis
408 2188 565 2230 ovem
594 2174 942 2245 prtenotabat.
970 2176 1148 2247 Atque
1178 2176 1308 2231 illud
1337 2176 1549 2246 quidem
1579 2176 1785 2241 umbra,

205 2267 304 2323 hoc
326 2267 522 2322 veritas
542 2275 678 2321 erat.
699 2266 835 2322 Cum
866 2276 1046 2323 autem
1073 2268 1410 2337 apparuisset
1431 2266 1522 2322 Sol
1545 2267 1782 2336 justitiar.

204 2357 387 2412 umbra
413 2359 643 2413 cessavit
671 2375 686 2413 :
709 2359 915 2413 oriente
940 2357 1137 2428 quippe
1176 2357 1291 2411 sole
1327 2356 1551 2410 solvitur
1577 2356 1783 2411 umbra.

207 2450 326 2507 hleo
353 2452 405 2505 in
437 2451 622 2507 eadem
660 2451 776 2523 ipsa
806 2467 988 2508 mensa
1020 2462 1305 2522 utrumque
1334 2451 1538 2507 Pascha
1581 2453 1788 2524 perlici-

207 2552 311 2603 tur,
337 2551 391 2597 et
415 2542 525 2613 typi
545 2551 603 2597 et
626 2542 879 2598 veritatis.
903 2542 1360 2610 Quemadmodum
1390 2543 1533 2599 enim
1559 2544 1790 2615 pictores

208 2632 258 2687 io
284 2631 470 2688 eadem
497 2632 609 2702 ipsa
642 2632 818 2688 tabula
853 2642 909 2689 et
948 2633 1122 2688 lineas
1149 2633 1558 2691 circumducunt
1583 2643 1639 2689 et
1667 2651 1788 2689 nm-

206 2726 351 2780 bram
393 2725 717 2797 depingunt,
763 2733 997 2796 tuncque
1032 2727 1272 2781 colorum
1310 2727 1586 2782 veritatem
1626 2742 1820 2798 appo-.

208 2824 338 2871 aunt
364 2832 380 2869 :
408 2815 488 2871 sic
521 2824 577 2872 et
616 2815 861 2872 Christus
902 2814 1028 2871 fecit
1064 2833 1077 2870 :
1122 2816 1175 2871 in
1215 2817 1402 2873 eadem
1449 2817 1563 2888 ipsa
1604 2833 1789 2873 mensa

208 2907 435 2979 typicum
465 2906 667 2963 Pascha
693 2906 1009 2977 descripsit,
1037 2915 1092 2962 et
1120 2921 1302 2962 verum
1337 2906 1558 2962 addidit.
1594 2906 1693 2962 Ubi
1718 2907 1791 2963 vis

208 3014 441 3068 paremus
475 2997 563 3052 tibi
602 2997 861 3053 comedere
902 2996 1145 3053 Pascha?
1174 2998 1323 3053 Tunc
1360 2996 1637 3053 Judaicum
1675 3007 1793 3053 erat

210 3087 409 3143 Pascha
428 3127 445 3152 ,
474 3087 566 3143 sed
594 3090 841 3145 veniente
869 3089 981 3144 sole
1007 3131 1022 3157 ,
1055 3090 1274 3145 lucerna
1298 3104 1366 3146 ne
1395 3090 1568 3147 luceat
1594 3108 1607 3143 :
1634 3104 1790 3146 acce-

209 3181 365 3236 dente
390 3179 636 3244 veritale,
663 3192 838 3237 cesset
861 3180 1055 3237 deinde
1080 3181 1290 3237 umbra.

278 3273 331 3329 5.
346 3274 535 3328 Contra
552 3272 782 3329 Indicos.
801 3274 822 3346 (
840 3272 964 3328 Vide
986 3276 1038 3328 in
1068 3273 1308 3330 llomiliis
1321 3283 1497 3329 contra
1518 3274 1691 3338 cos,'l‘.
1712 3274 1789 3346 l.)

209 3393 280 3406 -—
305 3364 427 3420 Hcce
449 3363 649 3421 Judaeis
674 3364 818 3431 dico,
847 3365 969 3435 quia
999 3364 1245 3420 videntur
1269 3364 1473 3420 Pascha
1496 3365 1790 3431 celebrem,

207 3456 328 3527 quia
353 3455 644 3525 impudenti
669 3456 893 3512 consilio
913 3471 1097 3527 azyma
1124 3455 1381 3526 objiciunt
1408 3455 1482 3510 illi
1510 3455 1796 3511 incircum-

208 3547 305 3602 eisi
325 3547 509 3603 corde.
536 3546 838 3616 Quomodo,
855 3562 1058 3618 qua‘so,
1082 3547 1281 3602 Pascha
1302 3547 1560 3613 celebras,
1577 3546 1792 3602 Judtee?

208 3638 487 3709 Templum
513 3640 744 3694 dirutum
774 3647 894 3706 est,
925 3638 1093 3694 altare
1121 3638 1385 3694 sublatum
1411 3680 1427 3704 ,
1455 3646 1638 3693 sancta
1667 3652 1792 3692 san-

208 3738 412 3785 ctorum
434 3729 761 3794 conculcata,
780 3744 938 3783 omne
960 3728 1206 3784 sacriﬁcii
1231 3743 1398 3800 genus
1418 3728 1646 3784 solutum
1667 3736 1749 3784 est
1776 3742 1791 3781 :

212 3837 307 3879 cur
326 3838 454 3894 ergo
469 3823 632 3879 audes
658 3823 772 3878 hme
792 3810 1063 3892 illegitim'a
1093 3824 1440 3895 perpetrare?
1468 3822 1793 3895 Babylonem

207 3913 490 3986 aliquando
508 3915 817 3970 concessisti
841 3957 857 3981 ,
885 3925 1044 3986 atque
1074 3914 1180 3971 illic
1204 3915 1451 3970 dicebant
1472 3958 1488 3981 ,
1510 3916 1599 3986 qui
1627 3923 1678 3970 te
1702 3929 1795 3970 ca-

210 4005 412 4076 ptivum
464 4004 795 4061 adduxerant
818 4048 834 4072 ,
872 4005 1084 4061 Cantatc
1124 4005 1271 4061 nobis
1308 4006 1372 4060 de
1409 4007 1616 4061 canticis
1666 4006 1795 4062 Sion

208 4096 392 4167 (Psal.
417 4097 539 4153 156.
569 4096 641 4167 '5)
677 4114 691 4150 :
723 4108 775 4153 et
802 4108 855 4153 ιιι
876 4098 1158 4153 renuebas.
1193 4098 1315 4152 Haec
1338 4112 1496 4167 porro
1516 4097 1796 4153 declarans

154 4214 161 4219 σ
212 4189 378 4245 David
401 4190 611 4246 dicebat
640 4208 655 4244 :
685 4189 855 4258 Super
878 4191 1095 4261 ﬂumina
1118 4188 1415 4261 Babylonis,
1447 4189 1555 4243 illic
1577 4190 1795 4244 sedimus

210 4289 258 4334 et
284 4279 511 4350 ﬂeuimus
533 4296 552 4334 :
573 4281 628 4335 in
654 4280 892 4334 salicibus
917 4281 971 4334 in
998 4280 1163 4334 medio
1188 4280 1300 4346 eius
1325 4279 1681 4349 suspendimus
1705 4294 1796 4332 or-

211 4387 346 4441 gana
374 4380 550 4425 nostra
576 4370 747 4443 (Ibid.
773 4387 823 4424 ν.
854 4372 904 4425 t.
930 4369 1025 4442 2),
1056 4370 1108 4425 id
1135 4379 1237 4437 est,
1271 4370 1598 4440 psalterium,
1626 4368 1800 4424 citha-

209 4479 325 4519 ram
347 4503 363 4527 ,
386 4464 584 4535 lyram,
613 4473 669 4519 et
696 4474 908 4519 cetera.
942 4464 1033 4519 llis
1059 4464 1202 4519 enim
1232 4463 1361 4517 olim
1391 4463 1678 4519 utebantur
1699 4503 1714 4523 ,
1744 4474 1801 4518 et

210 4556 298 4611 his
322 4557 556 4626 psalmos
580 4557 843 4613 canebant
868 4576 881 4612 :
906 4557 1126 4627 haecque
1157 4557 1209 4611 in
1237 4556 1598 4624 captivitatem
1627 4554 1797 4609 abdu-

207 4647 281 4703 eti
301 4663 485 4705 secum
515 4648 764 4714 tulerant,
789 4661 846 4703 ιιι
872 4657 1274 4705 monumentum
1303 4647 1486 4718 patriae
1510 4655 1797 4702 consuetu-

206 4738 351 4794 diuis
378 4739 635 4796 haberent
652 4781 668 4807 ,
692 4756 798 4796 non
826 4750 884 4796 ut
925 4741 989 4796 iis
1014 4749 1309 4796 uterentur.
1341 4739 1457 4794 Illic
1481 4739 1622 4794 enim
1646 4780 1662 4805 ,
1690 4740 1796 4805 ait,

206 4832 641 4904 interrogaverunt
669 4850 762 4889 nos
784 4875 797 4897 .
825 4834 909 4904 qui
946 4834 1168 4904 captivos
1212 4831 1465 4886 duxerunt
1492 4846 1585 4885 nos
1606 4872 1622 4897 ,
1653 4829 1803 4884 verba

204 4926 504 4979 cantionum
535 4923 707 4996 (Ibid.
733 4941 780 4979 It.
812 4923 908 4996 5).
940 4925 1006 4981 Et
1040 4924 1304 4990 diximus,
1337 4922 1604 4989 Quomodo
1627 4935 1803 4977 conta-

204 5016 377 5070 bimus
410 5017 663 5071 canticum
702 5007 909 5071 Domini
947 5017 1002 5071 in
1042 5026 1179 5071 terra
1213 5014 1425 5069 aliena?
1460 5014 1598 5082 Quid
1624 5014 1800 5069 dicis?

204 5106 481 5162 canticum
503 5106 717 5163 Domini
736 5122 841 5164 non
867 5116 1050 5164 cantas
1071 5106 1123 5162 in
1146 5116 1286 5162 terra
1308 5106 1501 5173 aliena,
1524 5115 1578 5161 et
1598 5106 1799 5162 Pascha

205 5197 423 5253 Domim
445 5199 689 5256 celebras
711 5201 765 5256 in
791 5209 930 5257 terra
957 5200 1168 5256 aliena?
1191 5199 1377 5255 Viden‘
1398 5200 1661 5271 ingratum
1682 5201 1801 5254 ani-

205 5290 402 5344 mum?
429 5291 605 5346 viden’
632 5291 1002 5362 iniquitatem?
1030 5292 1162 5348 Cum
1187 5292 1384 5348 inimici
1412 5301 1566 5347 erant
1588 5292 1681 5363 qui
1707 5307 1802 5347 co-

204 5392 427 5451 gerent,
456 5398 523 5437 ne
553 5382 813 5452 psalmum
841 5384 1055 5454 quidem
1081 5383 1261 5439 dicere
1287 5383 1554 5440 audebant
1580 5385 1632 5438 in
1659 5393 1804 5440 terra

1280 323 1366 380 DE
1403 324 1823 385 PRODITIONE
1859 329 2057 385 JUDAS
2122 332 2348 391 HOMIL.
2393 337 2436 393 Ι.

3380 334 3484 390 580

1896 439 2130 511 daicum,
2158 445 2253 500 sed
2280 461 2422 502 nunc
2442 446 2674 502 solutum
2700 454 2811 507 est.
2842 447 3163 518 advenitque
3199 445 3484 517 Spiritnale

1895 533 2120 602 Pascha,
2149 536 2292 606 quod
2322 546 2448 592 tunc
2490 536 2708 592 tradidit
2731 536 2998 592 Christus.
3032 538 3136 593 Illis
3169 539 3310 593 enim
3337 555 3488 592 man-

1891 625 2207 681 ducantibus
2242 642 2306 682 ac
2351 628 2688 694 bibentibus,
2738 627 2946 698 inquit,
2989 629 3255 697 accipiens
3292 644 3483 700 panem

1893 715 2048 787 fregit
2084 726 2139 771 et
2166 717 2297 772 dixit
2332 737 2346 773 :
2378 718 2492 773 Hoc
2518 730 2587 773 cst
2614 736 2799 790 corpus
2828 734 2995 771 meum
3015 760 3029 783 ,
3061 719 3198 788 quod
3230 735 3323 789 pro
3349 721 3486 775 vobis

1890 807 2145 877 frangitur
2168 809 2219 863 in
2255 811 2603 864 remissionem
2631 820 2952 879 peccatorum
2979 809 3201 881 (Matth.
3229 808 3320 867 26.
3347 808 3418 865 26

1890 899 2073 953 Sciunt
2097 899 2151 965 ii,
2174 900 2263 969 qui
2288 901 2474 955 initiati
2499 910 2643 967 sunt,
2673 902 2757 956 illa
2783 918 2901 972 quae
2927 902 3197 966 dicuntur,
3223 910 3278 956 et
3301 916 3488 957 rursus

1890 988 2109 1043 calicem
2140 989 2325 1046 dicens
2355 1006 2370 1044 :
2400 989 2501 1044 Hic
2528 1002 2601 1044 est
2636 992 2844 1062 sanguis
2869 1008 3041 1056 meus,
3077 991 3167 1061 qui
3191 1007 3285 1061 pro
3313 990 3486 1045 multis

1891 1080 2167 1148 c/funditur
2189 1084 2243 1136 in
2272 1084 2611 1138 remissionem
2639 1095 2954 1155 peccatorum
2984 1084 3041 1153 (l
3049 1086 3153 1141 bid.
3181 1084 3294 1155 23)
3343 1083 3488 1140 Ade-

1891 1182 1973 1227 rat
2000 1172 2165 1228 Judas
2195 1173 2311 1229 hmc
2335 1174 2550 1229 Christo
2577 1175 2809 1231 dicente.
2840 1176 2953 1230 lloc
2981 1185 3061 1231 est
3092 1192 3308 1246 corpus,
3341 1173 3485 1247 quod

1890 1264 2211 1331 vendidisti,
2239 1264 2372 1321 Juda
2395 1306 2411 1330 ,
2444 1266 2656 1337 triginta
2686 1268 2988 1337 argenteis;
3018 1266 3106 1323 hic
3129 1278 3208 1321 est
3228 1267 3442 1337 sanguis
3465 1307 3481 1324 .

1890 1368 1990 1424 pro
2014 1372 2118 1426 quo
2145 1373 2312 1428 nuper
2333 1366 2482 1427 pacta
2513 1358 2850 1428 impudenter
2873 1359 3044 1413 inibas
3072 1375 3193 1413 cum
3228 1358 3485 1428 improbis

1891 1445 2194 1504 Pharismis.
2217 1449 2261 1503 Ο
2278 1448 2477 1503 Christi
2501 1450 2876 1520 benignitatem
2896 1451 2910 1503 l
2939 1466 2971 1503 ο
2991 1450 3141 1505 Jutlm
3157 1449 3480 1504 dementiam

1890 1547 1945 1591 et
1974 1538 2267 1593 insaniam!
2303 1540 2396 1595 Ille
2436 1555 2664 1610 namque
2690 1540 2931 1594 vendidit
2965 1541 3109 1594 illum
3139 1543 3356 1611 triginta
3382 1539 3483 1597 de-

1893 1634 2078 1698 nariis,
2097 1633 2340 1689 Christus
2355 1649 2482 1689 vero
2507 1643 2687 1703 postea
2719 1651 2824 1687 non
2850 1634 3120 1688 recusavit
3144 1634 3286 1688 hunc
3309 1634 3483 1702 ipsum

1891 1726 2200 1794 sanguinem
2239 1724 2510 1778 venditum
2551 1724 2801 1778 vendenti
2845 1724 2974 1778 dare
3014 1724 3066 1778 in
3110 1724 3484 1779 remissionem

1893 1824 2255 1885 peccatorum,
2280 1815 2540 1885 siquidem
2563 1816 2847 1871 voluisset.
2878 1816 3075 1870 Aderat
3099 1815 3284 1878 ludas,
3316 1826 3373 1872 et
3393 1831 3486 1871 sa-

1894 1920 1999 1960 crm
2035 1920 2232 1961 mensae
2260 1908 2525 1976 particeps
2559 1917 2692 1961 erat.
2721 1906 2871 1962 Sicut
2897 1907 3041 1961 enim
3073 1907 3237 1977 pedes
3262 1906 3380 1977 ejus
3406 1906 3486 1961 la-

1890 1996 1989 2057 vit,
2017 2005 2075 2050 ut
2102 2007 2156 2052 et
2183 1997 2409 2052 aiiorum
2448 1998 2831 2065 discipulorum
2853 2039 2869 2065 ,
2902 1998 2971 2053 ita
3011 2009 3063 2054 ct
3094 2014 3261 2054 sacra:
3288 2012 3489 2054 mensa:

1886 2086 2159 2158 particeps
2183 2088 2274 2142 ille
2304 2087 2398 2143 fuit
2423 2129 2437 2152 ,
2467 2098 2527 2143 ut
2552 2089 2755 2144 nullum
2784 2088 3146 2144 excusationis
3177 2089 3350 2144 locum
3381 2089 3479 2143 ha-

1891 2181 2065 2247 beret,
2082 2180 2129 2234 si
2147 2178 2200 2234 in
2218 2180 2451 2249 nequitia
2476 2190 2862 2251 perseveraret.
2884 2179 3074 2236 Omnia
3090 2180 3232 2235 enim
3255 2195 3377 2250 quae
3396 2194 3491 2250 pe-

1895 2284 1993 2327 nes
2019 2285 2078 2327 se
2110 2280 2264 2327 erant
2291 2272 2550 2330 Dominus
2586 2272 2902 2328 exhibuerat
2935 2281 2990 2326 et
3029 2271 3324 2341 protulerat
3351 2286 3366 2323 :
3396 2271 3489 2327 ille

1894 2378 2025 2419 vero
2051 2365 2104 2420 in
2131 2364 2274 2421 malo
2298 2379 2397 2420 suo
2422 2366 2697 2436 proposito
2721 2365 2936 2419 mansit.

1965 2457 2019 2511 6.
2065 2454 2225 2510 Panis
2249 2458 2643 2527 transformatur
2669 2455 2721 2509 in
2752 2451 3097 2520 Eucharistia,
3125 2462 3172 2508 ct
3197 2454 3256 2523 ﬁt
3282 2454 3488 2523 sacrifi-

1894 2548 2027 2601 cium
2046 2551 2343 2617 perfectum.
2365 2576 2440 2587 —-
2462 2544 2570 2602 Sed
2600 2545 2806 2615 tempus
2826 2544 3043 2600 demum
3072 2551 3154 2599 est
3172 2543 3239 2599 ad
3261 2544 3454 2599 horren
3470 2579 3488 2590 -

1894 2636 2018 2692 dam
2056 2637 2191 2691 hanc
2231 2653 2471 2693 mensam
2518 2636 2831 2692 accedendi.
2870 2636 3070 2691 Omnes
3113 2636 3288 2705 itaque
3331 2650 3489 2691 acce-

1895 2727 2085 2784 damus
2123 2743 2245 2784 cnm
2289 2728 2600 2799 congruenti
2650 2727 3002 2797 temperantia
3048 2741 3113 2781 ac
3154 2727 3424 2797 vigilantia
3471 2744 3485 2781 :

1897 2818 2073 2874 nullus
2098 2819 2233 2873 ultra
2263 2817 2429 2874 Judas
2456 2827 2608 2884 esto,
2638 2818 2815 2872 nullus
2845 2816 3122 2888 improbus
3142 2858 3157 2880 ,
3194 2816 3372 2871 nullus
3395 2831 3490 2871 ve-
3568 2856 3581 2866 .

1897 2925 2039 2965 neno
2064 2908 2309 2975 infectus,
2337 2923 2511 2978 neque
2534 2909 2634 2962 alia
2662 2908 2713 2962 in
2734 2922 2828 2962 ore
2851 2921 3091 2970 versans,
3114 2907 3214 2960 alia
3238 2906 3290 2961 in
3312 2916 3493 2962 mente

1897 3001 2153 3057 retinens.
2185 3000 2351 3056 Adest
2379 2999 2624 3056 Christus
2642 3041 2656 3065 ,
2685 3008 2739 3055 et
2767 3014 2909 3054 nunc
2938 3001 3002 3064 is,
3036 2999 3127 3069 qui
3158 3014 3395 3054 mensam
3424 3000 3491 3054 il-

1899 3094 2003 3149 lam
2023 3093 2318 3164 apparavit,
2340 3092 2431 3148 bic
2456 3093 2569 3163 ipse
2594 3091 2732 3146 hanc
2758 3105 2900 3146 nunc
2928 3100 3174 3146 exornat.
3204 3090 3320 3146 Non
3345 3091 3489 3147 enim

1898 3185 2060 3241 homo
2083 3193 2165 3241 est
2184 3226 2203 3252 ,
2225 3184 2314 3255 qui
2343 3182 2473 3239 facit
2504 3191 2560 3239 ut
2585 3181 2857 3254 proposita
2881 3181 3182 3237 efﬁciantur
3205 3196 3402 3251 corpus
3435 3191 3494 3236 et

1898 3276 2113 3346 sanguis
2140 3275 2336 3331 Christi
2360 3315 2377 3341 ,
2404 3273 2499 3330 sed
2524 3274 2639 3344 ipse
2664 3272 2908 3328 Christus
2935 3273 3026 3343 qui
3055 3287 3155 3342 pro
3180 3272 3335 3327 nobis
3363 3287 3492 3327 cru.

1898 3368 2087 3422 cilixus
2115 3374 2218 3421 est.
2245 3366 2492 3436 Figuram
2525 3365 2751 3435 implens
2776 3374 2883 3420 stat
2907 3363 3160 3419 sacerdos
3198 3363 3359 3419 verba
3401 3363 3492 3419 illa

1901 3458 2180 3529 proferens
2213 3475 2227 3511 :
2257 3459 2426 3513 virtus
2471 3468 2651 3513 autem
2695 3467 2750 3512 et
2787 3458 2956 3527 gratia
2998 3456 3089 3511 Dei
3133 3466 3235 3511 est.
3270 3454 3383 3510 Hoc
3417 3466 3494 3512 est

1899 3565 2084 3621 corpus
2120 3565 2287 3603 meum
2308 3589 2323 3614 ,
2355 3549 2546 3619 inquit.
2589 3547 2702 3603 Hoc
2738 3547 2958 3603 verbum
3006 3549 3346 3602 transformat
3386 3563 3495 3615 ea,

1899 3657 2019 3713 quo:
2040 3642 2308 3712 proposita
2333 3649 2478 3694 sunt.
2505 3641 2580 3695 Ac
2605 3638 3053 3710 quemadmodum
3076 3654 3177 3693 vox
3208 3640 3293 3693 illa
3326 3656 3340 3693 :
3372 3638 3491 3694 Cre-

1899 3734 2041 3799 scite,
2075 3742 2121 3787 et
2149 3731 2575 3803 multiplicamini,
2607 3741 2655 3784 et
2679 3730 2865 3801 replete
2890 3738 3075 3783 terram
3097 3728 3251 3800 (Gen.
3284 3731 3334 3785 Ι.
3360 3729 3452 3802 28)
3473 3771 3490 3793 .

1901 3823 2069 3880 semel
2099 3822 2311 3894 quidem
2366 3821 2568 3891 prolata
2616 3830 2732 3887 est,
2771 3819 2919 3874 omni
2954 3834 3083 3875 vero
3119 3828 3361 3890 tempore
3396 3833 3496 3874 na.

1905 3926 2035 3971 tunc
2066 3924 2263 3968 nostra:
2288 3913 2394 3967 vim
2423 3910 2622 3983 praebet
2664 3910 2732 3966 ad
2764 3909 2993 3965 ﬁliorum
3025 3911 3449 3979 procreationem
3474 3928 3490 3977 ;

1902 4009 1974 4064 ita
2000 4015 2055 4064 et
2082 4023 2182 4061 vox
2225 4005 2340 4061 hare
2376 4003 2542 4060 semel
2582 4005 2784 4075 prolata
2825 4003 2878 4057 in
2918 4003 3175 4058 Ecclesiis
3209 4003 3274 4058 ad
3308 4017 3496 4057 unam-

1902 4114 2169 4173 quamque
2198 4111 2437 4153 mensam
2462 4136 2479 4162 ,
2508 4095 2576 4151 ab
2606 4095 2699 4151 illo
2724 4094 2790 4150 ad
2822 4094 3134 4150 hodierumn
3166 4108 3333 4163 usque
3359 4102 3496 4147 tem-

1904 4206 2003 4263 pus
2022 4199 2078 4245 et
2097 4203 2266 4258 usque
2286 4186 2355 4241 ad
2380 4186 2671 4242 adventum
2697 4184 2832 4255 ejus,
2857 4184 3179 4239 sacriﬁcium
3202 4183 3494 4254 perfectum

1903 4283 2084 4340 efﬁcit.
2118 4280 2305 4336 Nullus
2330 4279 2489 4350 igitur
2513 4278 2790 4332 simulatus
2829 4275 3070 4342 accedat,
3103 4276 3280 4330 nullus
3309 4274 3498 4345 nequi-

1906 4376 1974 4430 tia
2005 4374 2220 4445 plenus,
2249 4373 2425 4428 nullus
2451 4381 2712 4426 venenata
2742 4379 2925 4425 mente
2950 4411 2964 4433 ,
2997 4384 3064 4423 ne
3089 4368 3142 4422 in
3165 4368 3496 4424 condemna-

1906 4468 2101 4523 tionem
2125 4469 2390 4538 particeps
2421 4465 2707 4521 efﬁciatur.
2735 4463 2886 4518 Tunc
2912 4463 3054 4518 enim
3083 4471 3202 4532 post
3219 4473 3497 4534 acceptam

1904 4558 2227 4614 oblationem
2246 4599 2260 4621 ,
2284 4557 2526 4611 diabolus
2564 4554 2748 4610 insiliit
2782 4553 2836 4607 in
2869 4553 3060 4608 Judatn
3082 4594 3097 4616 ,
3128 4571 3233 4608 non
3263 4553 3500 4608 Domini-

1904 4664 2025 4704 cum
2047 4663 2240 4719 corpus
2254 4646 2672 4717 despiciens,sed
2692 4645 2881 4700 Judam
2899 4645 2968 4699 oh
2982 4644 3361 4714 impudentiam
3378 4659 3498 4698 con-

1909 4750 2183 4807 temnens;
2212 4750 2271 4795 ut
2289 4740 2464 4794 discas
2494 4739 2548 4794 in
2576 4754 2670 4794 eos
2693 4737 2947 4802 maxime,
2979 4739 3066 4807 qui
3092 4738 3267 4793 divina
3300 4744 3501 4808 myste-

1906 4834 1984 4890 ria
2013 4832 2223 4903 indigne
2261 4831 2615 4903 participant,
2646 4828 2954 4899 frequenter
2989 4829 3190 4883 insilire
3217 4838 3273 4882 et
3298 4827 3499 4881 irrum-

1908 4940 2034 4997 pere
2052 4924 2343 4988 diabolum,
2370 4930 2425 4977 ut
2450 4933 2576 4977 tunc
2598 4920 2750 4977 Judae
2770 4921 3012 4990 contigit.
3038 4919 3246 4975 Etenim
3265 4917 3499 4973 honores

1908 5033 2001 5073 eos
2021 5017 2109 5086 qui
2148 5015 2293 5086 digni
2336 5024 2459 5069 sunt
2499 5013 2719 5084 juvant,
2753 5028 2849 5068 eos
2877 5026 3004 5067 vero
3045 5011 3137 5080 qui
3180 5009 3394 5079 indigne
3434 5010 3501 5064 iis

1911 5110 2176 5173 fruuntur,
2210 5108 2264 5163 in
2290 5108 2464 5176 majus
2491 5106 2809 5178 supplicium
2847 5103 3158 5173 conjiciunt.
3188 5101 3315 5157 llaec
3338 5114 3502 5169 porro

1912 5217 2016 5255 non
2045 5208 2102 5255 ut
2132 5215 2230 5254 vos
2253 5198 2580 5253 terrefaciam
2598 5197 2736 5260 dico,
2768 5196 2862 5250 sed
2886 5203 2943 5249 ut
2961 5194 3232 5249 cautiores
3251 5192 3496 5248 reddam.

1909 5292 2079 5350 Nemo
2100 5293 2276 5363 itaque
2304 5292 2374 5346 sit
2398 5291 2582 5357 Judas,
2609 5303 2770 5345 nemo
2796 5287 3122 5357 ingrediatur
3142 5286 3389 5356 nequitia:
3410 5299 3504 5339 ve-

1915 5399 2052 5440 neno
2077 5382 2322 5439 infectus.
2354 5382 2485 5439 Nam
2525 5380 2840 5436 sacriﬁcium
2878 5386 2962 5433 est
2997 5376 3286 5448 spiritualis
3307 5375 3499 5433 cibus:

200 5473 420 5538 aliena;
448 5489 587 5530 nunc
611 5484 791 5531 autem
816 5490 911 5531 sua
940 5485 1131 5546 sponte
1154 5519 1168 5539 ,
1192 5476 1407 5532 nemine
1428 5486 1651 5547 cogente
1669 5518 1684 5543 ,
1714 5492 1811 5533 ne-
1912 5492 1977 5534 ac
1999 5472 2449 5548 quemadmodum
2486 5472 2638 5527 cibus
2664 5484 2956 5541 corporeus
2979 5510 2995 5534 ,
3026 5483 3148 5523 cum
3178 5467 3230 5521 in
3260 5476 3503 5522 ventrem

206 5567 362 5622 mine
382 5566 488 5621 vim
511 5569 790 5635 inferente,
810 5568 1007 5624 bellum
1030 5568 1265 5626 inferunt
1286 5569 1413 5625 Deo.
1438 5568 1625 5625 Viden‘
1643 5585 1804 5641 quam

202 5657 426 5727 impura
449 5660 555 5714 sint
576 5660 805 5731 azyma?
831 5676 990 5730 quam
1018 5661 1350 5733 illegitimum
1384 5661 1575 5718 festum
1596 5662 1622 5714 ἲ
1648 5677 1805 5733 quam

198 5762 343 5806 \cre
370 5766 473 5808 non
501 5752 573 5807 sit
597 5751 798 5808 Pascha
828 5753 1146 5810 Judaicnm?
1178 5753 1301 5810 Erat
1336 5756 1461 5811 olim
1496 5754 1695 5811 Pascha
1724 5755 1808 5810 Ju-

1914 5569 2097 5641 pravis
2120 5567 2436 5623 humoribus
2464 5564 2727 5634 repletum
2756 5562 3025 5626 inciderit,
3052 5569 3211 5630 auget
3233 5559 3501 5626 morbum,

1917 5678 2021 5715 non
2069 5668 2253 5715 natura
2298 5672 2392 5713 sua
2416 5697 2433 5724 ,
2472 5655 2568 5711 sed
2598 5654 2798 5709 ventris
2846 5652 3152 5709 inlimtitate
3186 5670 3200 5707 :
3230 5652 3300 5706 ita
3341 5649 3502 5705 etiam

1919 5751 2176 5823 contingit
2204 5751 2254 5804 in
2277 5748 2638 5822 spiritualibus
2669 5746 2972 5819 mysteriis;
3003 5758 3124 5798 nam
3155 5757 3276 5798 cum
3304 5741 3356 5794 in
3383 5737 3501 5796 ani-
