4062 6206
543 316 640 370 5111

546 444 685 484 suam
713 425 995 481 inciderint
1017 421 1246 490 nequitia
1274 421 1502 489 plenam,
1527 417 1669 471 illam
1699 415 1866 483 magis
1884 429 2120 468 corrum-

548 535 678 589 punt
703 528 756 572 et
789 516 1140 579 labefactant,
1177 527 1280 566 non
1324 521 1508 564 natura
1541 523 1666 572 sua,
1696 505 1790 560 sed
1820 504 2125 573 recipientis

546 613 738 664 animo:
783 608 1114 663 inﬁrmitate.
1164 605 1332 658 Nemo
1375 603 1531 672 igitur
1575 598 1742 652 malas
1779 596 2125 665 cogitationes

549 705 689 756 intus
712 701 924 765 habeat,
952 698 1048 752 sed
1077 705 1310 750 mentem
1342 705 1625 761 purgemus
1658 707 1671 741 :
1701 689 1894 742 ctenim
1926 686 1991 739 ad
2025 701 2125 754 pti-

548 809 664 846 rum
693 791 1009 844 sacriﬁcium
1054 787 1388 846 accedimus;
1421 791 1658 836 sanctam
1698 778 1982 833 reddamus
2006 777 2127 830 ani-

547 899 686 937 niam
713 901 725 936 :
752 883 852 935 hoc
872 882 1012 935 enim
1038 879 1122 932 vel
1152 894 1256 930 unn
1284 876 1368 929 die
1397 872 1574 943 perﬁci
1607 879 1796 940 potest.
1825 868 2122 935 Quomodo,

545 990 646 1042 qua
682 972 923 1028 ratione?
966 971 1020 1025 Si
1051 969 1176 1038 quid
1213 968 1408 1020 habeas
1445 973 1628 1019 contra
1659 962 1927 1015 inimicum
1952 1001 1967 1023 ,
2001 960 2125 1013 tolle

547 1067 700 1129 iram,
725 1065 928 1134 plagam
951 1061 1094 1114 illam
1121 1073 1267 1121 cura,
1295 1057 1442 1110 solve
1468 1053 1814 1113 inimicitiam,
1841 1060 1892 1104 ut
1919 1067 1947 1103 a
1974 1065 2125 1104 meu-

545 1171 602 1206 sa
627 1153 885 1206 medelam
914 1151 1142 1218 accipias
1167 1168 1180 1201 :
1207 1147 1270 1200 ad
1302 1145 1624 1200 horrendum
1650 1143 1790 1197 enim
1813 1151 1866 1196 et
1885 1150 2124 1196 sanctum

545 1244 863 1297 sacriﬁcium
892 1241 1116 1295 accedis.
1151 1240 1454 1292 lievereare
1486 1236 1640 1303 hujus
1668 1233 1950 1287 oblationis
1969 1247 2126 1300 argu-

547 1346 804 1400 mentum,
837 1334 1045 1390 occisus
1081 1333 1226 1400 jacet
1255 1330 1518 1383 Christus.
1550 1327 1712 1395 Cujus
1737 1341 1862 1379 vero
1885 1340 2044 1379 causa
2073 1333 2127 1378 et

547 1442 712 1495 quare
733 1426 940 1479 occisus
963 1424 1080 1478 est?
1109 1421 1177 1477 Ut
1202 1420 1510 1475 ccelestibus
1535 1417 1693 1471 simul
1719 1425 1771 1470 et
1792 1416 2015 1469 terrenis
2037 1430 2128 1483 pa-

545 1535 660 1572 cem
693 1519 936 1582 aﬁ'erret,
967 1526 1024 1569 ut
1050 1527 1101 1569 te
1127 1514 1430 1581 angelorum
1463 1512 1620 1565 etiam
1652 1509 1879 1562 amicum
1908 1507 2122 1572 faceret,

545 1621 603 1663 ut
619 1620 670 1664 te
695 1625 812 1664 cum
840 1610 946 1663 Deo
969 1608 1335 1660 universorum
1361 1601 1744 1666 reconciliaret,
1766 1609 1824 1653 ut
1843 1609 1893 1653 te
1919 1600 2124 1654 hostem

543 1713 597 1755 et
639 1700 1000 1754 adversarium
1042 1698 1270 1750 anticum
1315 1695 1535 1748 faceret.
1571 1692 1663 1746 llle
1704 1692 1935 1744 animam
1974 1703 2126 1743 suam

544 1793 688 1845 dedit
713 1807 809 1860 pro
831 1791 916 1853 iis,
940 1790 1027 1858 qui
1055 1803 1112 1840 se
1133 1787 1389 1850 oderant;
1421 1794 1475 1837 tu
1503 1798 1626 1836 vero
1654 1781 1979 1835 inimicitiam
2008 1794 2124 1834 ser-

542 1897 638 1936 v:is
681 1891 865 1934 contra
906 1877 1263 1932 censervum?
1306 1885 1361 1929 et
1402 1889 1506 1943 quo
1547 1881 1702 1941 pacto
1739 1872 1887 1926 adire
1928 1872 2125 1940 poteris

543 1989 780 2027 mensam
805 1972 984 2041 pacis?
1010 1980 1064 2025 et
1096 1971 1184 2024 ille
1210 1984 1278 2022 ne
1303 1967 1438 2021 mori
1465 1965 1680 2034 quidem
1710 1979 1804 2034 pro
1837 1973 1888 2017 te
1909 1977 2124 2017 recusa-

545 2064 635 2126 vit,
669 2071 720 2115 tu
750 2077 876 2115 vero
915 2062 1044 2114 iram
1075 2074 1334 2114 conservo
1377 2059 1447 2110 tui
1481 2057 1644 2125 ipsius
1669 2069 1826 2108 causa
1853 2054 2126 2107 remittere

541 2155 767 2208 abnuis?
797 2169 960 2223 ecqua
989 2152 1102 2206 haec
1142 2152 1291 2205 venia
1329 2150 1486 2218 digna
1516 2147 1681 2202 sunt?
1721 2147 1842 2200 Mihi
1873 2147 2124 2199 damnum

545 2245 740 2308 intulit,
773 2244 980 2312 inquies
1005 2284 1019 2308 ,
1049 2250 1103 2296 et
1144 2241 1430 2294 admodum
1464 2254 1548 2292 me
1579 2238 1736 2291 laesit.
1776 2237 1844 2290 Et
1868 2236 1992 2303 quid
2022 2236 2122 2291 hoc

541 2336 654 2388 est?
683 2335 1033 2388 Pecuniarum
1062 2343 1144 2386 est
1172 2331 1423 2385 damnum
1454 2347 1466 2382 :
1501 2329 1736 2385 nondum
1765 2329 1907 2383 enim
1935 2329 2123 2383 vulne-

543 2428 675 2480 ravit
697 2427 836 2478 sicut
863 2425 1132 2478 Christum
1161 2423 1358 2487 ludas;
1389 2431 1621 2476 attamen
1653 2421 1766 2489 ipse
1790 2419 2122 2488 sanguinem,

540 2518 630 2586 qui
659 2516 858 2570 eﬁ‘usus
887 2525 990 2580 est,
1016 2515 1067 2568 in
1098 2515 1356 2584 ipsorum’,
1387 2512 1476 2582 qui
1509 2511 1867 2568 eﬁ‘undebant.
1899 2510 2124 2564 salutem

539 2610 704 2663 dedit.
728 2609 862 2673 Quid
885 2609 1006 2660 huic
1028 2607 1102 2660 rei
1129 2621 1224 2674 par
1235 2605 1412 2659 dicere
1433 2604 1645 2659 valeas?
1668 2604 1843 2659 Sinon
1861 2603 2124 2658 dimiseris

539 2703 770 2764 inimico,
794 2714 898 2752 non
922 2699 1067 2751 illum
1094 2698 1264 2761 lzedis,
1291 2697 1383 2750 sed
1414 2697 1660 2765 teipsum.
1689 2697 1837 2749 Illum
1863 2693 2122 2764 siquidem

538 2807 682 2862 smpe
717 2792 768 2845 in
820 2791 918 2846 hac
944 2792 1049 2844 vita
1095 2790 1276 2844 lazsisti
1301 2830 1316 2855 ,
1362 2790 1586 2858 tcipsum
1630 2804 1759 2842 vero
1790 2787 1941 2842 venia
1982 2787 2120 2840 indi—

539 2898 701 2951 gnum
733 2881 1046 2946 reddidisti,
1077 2881 1128 2934 in
1162 2881 1365 2935 actione
1393 2879 1553 2933 futuri
1579 2879 1786 2948 judicii.
1813 2877 1951 2932 Nihil
1979 2878 2120 2932 enim

540 2975 608 3025 ita
642 2973 779 3025 Deus
807 2973 917 3025 odit
947 2981 1002 3025 ut
1045 2971 1312 3026 hominem
1361 2970 1674 3038 injuriarum
1703 2984 1992 3023 memorem
2017 3011 2032 3031 ,
2067 2977 2123 3022 ut

538 3079 632 3119 cor
655 3073 863 3117 tumens
890 3073 944 3117 et
972 3065 1204 3116 animum
1233 3067 1308 3116 ira
1336 3063 1630 3117 ardentem.
1657 3062 1794 3116 Audi
1821 3061 1976 3130 igitur
1994 3061 2120 3130 quid

537 3156 680 3210 dicat
716 3172 728 3208 :
757 3152 881 3208 Cum
909 3153 1145 3206 obtuleris
1172 3169 1354 3206 munus
1382 3163 1522 3205 tuum
1550 3153 1617 3205 ad
1651 3154 1811 3206 altare
1835 3193 1850 3217 ,
1880 3164 1924 3205 et
1955 3151 2022 3204 ibi
2042 3168 2120 3204 re-

535 3249 772 3301 cordatus
811 3247 966 3316 fueris
995 3246 1204 3299 adstans
1241 3245 1424 3309 altari,
1455 3245 1588 3312 quod
1613 3249 1769 3314 frater
1799 3254 1912 3296 tuus
1941 3243 2127 3296 habeat.

535 3337 728 3408 aliquid
755 3338 1018 3390 adversum
1046 3346 1091 3389 te
1122 3351 1140 3389 :
1169 3335 1390 3404 relinque
1427 3351 1608 3387 munus
1651 3344 1789 3386 tuum
1827 3334 1893 3385 ad
1918 3334 2078 3386 altare
2100 3375 2114 3400 ,

535 3436 581 3480 et
618 3429 787 3482 abiens
824 3428 1149 3480 reconciliare
1196 3427 1343 3496 fratri
1390 3437 1474 3479 tuo
1499 3469 1512 3489 ,
1553 3437 1600 3478 et
1631 3435 1748 3479 tunc
1785 3426 1910 3491 offer
1936 3442 2118 3478 munus

536 3531 676 3572 luunt
708 3519 935 3591 (Hattlt.
981 3520 1035 3574 5.
1080 3519 1170 3574 25.
1200 3519 1327 3590 21).
1361 3519 1498 3585 Quid
1540 3519 1672 3573 dicis
1693 3560 1706 3584 ,
1739 3519 2116 3573 Dimittamne?

1238 318 1294 373 S.
1335 313 1611 371 JOANNIS
1648 305 2118 365 CllRYSOSTOMI
2161 304 2476 363 ARCIIIEP.
2516 300 3041 362 CONSTANTINOP.

3727 299 3835 352 382

2230 410 2424 477 Etiam,
2449 410 2637 479 inquit.
2664 409 2733 464 ob
2755 423 2938 478 pacem
2971 408 3113 463 enim
3144 424 3266 464 cum
3295 410 3459 465 fratre
3487 421 3581 464 tuo
3611 412 3718 468 hoc
3742 431 3834 479 sa-

2226 503 2480 556 crilicium
2499 501 2790 554 institutum
2811 499 2979 554 est.Si
3012 500 3172 568 igitur
3195 501 3265 554 ob
3283 515 3468 570 pacem
3501 517 3628 556 cum
3663 491 3836 560 fratre

2227 599 2320 646 tuo
2343 590 2654 645 servandam
2694 592 2795 644 hoc
2824 588 3144 644 sacriﬁcium
3177 590 3479 645 institutum
3506 603 3615 659 est,
3649 603 3703 648 tu
3733 611 3829 649 au-

2228 692 2336 736 tem
2363 697 2547 750 pacem
2593 697 2698 734 non
2743 681 2845 734 inis
2866 722 2880 744 ,
2913 681 3106 735 frustra
3137 683 3461 736 sacriﬁcium
3488 686 3786 754 participas
3816 704 3831 740 :

2229 772 2412 826 inutile
2450 786 2675 840 namque
2715 771 2810 824 tibi
2852 771 2952 826 hoc
2991 786 3128 840 opus
3169 771 3419 826 efﬁcitur.
3464 773 3600 828 Illud
3651 778 3835 845 itaque

2232 866 2460 934 primum
2490 864 2682 930 facito,
2715 880 2810 934 pro
2849 879 2954 933 quo
2998 863 3320 918 sacriﬁcium
3351 865 3593 920 oblatum
3625 878 3711 921 est
3733 910 3750 932 ,
3782 879 3838 924 et

2230 966 2355 1009 tunc
2381 957 2470 1009 illo
2501 954 2723 1024 pulchre
2763 955 2979 1010 frueris.
3021 953 3146 1012 Ideo
3182 954 3462 1009 descendit
3494 956 3666 1011 Filius
3693 959 3836 1024 Dei,

2228 1058 2285 1100 ut
2307 1057 2546 1100 naturam
2573 1055 2806 1100 nostram
2834 1046 3058 1099 Domino
3083 1060 3184 1100 suo
3204 1047 3578 1102 reconciliaret
3609 1065 3622 1100 :
3651 1064 3837 1118 neque

2229 1140 2348 1194 ideo
2367 1140 2537 1193 solum
2560 1139 2723 1205 venit,
2742 1138 2837 1192 sed
2865 1139 3026 1191 etiam
3059 1147 3117 1191 ut
3146 1153 3266 1204 nos,
3301 1138 3346 1192 si
3372 1154 3487 1192 rem
3513 1138 3840 1209 bujusmodi

2227 1230 2544 1294 faceremus,
2572 1245 2681 1284 sua:
2699 1229 3072 1298 appellationis
3098 1230 3382 1299 participes
3402 1227 3666 1283 efﬁceret.
3693 1231 3840 1286 Nam

2228 1322 2391 1386 Beati,
2420 1322 2606 1390 inquit,
2630 1321 2850 1390 pacifici,
2877 1322 3116 1384 quoniam
3141 1321 3238 1389 ipsi
3265 1319 3361 1387 ﬁlii
3386 1320 3482 1374 Dei
3514 1324 3842 1376 vocabuntur

2229 1417 2246 1485 (
2271 1414 2455 1467 Matth.
2483 1414 2537 1467 5.
2565 1413 2652 1482 9).
2685 1413 2836 1478 Quod
2863 1412 3004 1464 enim
3035 1411 3159 1466 fecit
3183 1412 3484 1480 unigenitus
3513 1413 3684 1466 Filius
3713 1413 3835 1478 Dei,

2229 1507 2280 1561 id
2313 1516 2366 1559 tu
2400 1520 2493 1574 pro
2522 1505 2660 1558 virili
2691 1513 2778 1557 tua
2808 1502 2969 1556 facito
2992 1543 3006 1566 ,
3040 1513 3097 1556 ut
3125 1503 3270 1571 pacis
3299 1503 3616 1556 conciliator
3646 1514 3703 1556 et
3739 1505 3837 1558 tibi

2227 1599 2302 1652 sis
2330 1607 2383 1652 et
2404 1597 2543 1655 aliis.
2571 1595 2694 1650 Ideo
2734 1604 2784 1650 te
2813 1595 3126 1664 paciﬁcum,
3153 1594 3317 1648 ﬁlium
3349 1595 3441 1648 Dei
3468 1606 3629 1649 vocat
3661 1613 3676 1648 :
3709 1597 3836 1652 ideo

2229 1701 2470 1759 tempore
2495 1689 2745 1743 sacriﬁcii
2785 1687 2986 1740 nullum
3016 1686 3158 1739 aliud
3187 1695 3511 1755 praeceptum
3539 1697 3834 1753 memorat,

2226 1799 2382 1852 quam
2430 1781 2916 1835 reconciliationem
2955 1796 3079 1834 eum
3122 1779 3324 1844 fratre,
3358 1779 3656 1836 ostendens
3698 1783 3834 1837 illud

2226 1873 2463 1927 omnium
2509 1873 2796 1925 maximum
2838 1887 2979 1926 esse.
3029 1871 3280 1926 Volebam
3327 1872 3674 1940 prolixiorem
3737 1875 3835 1927 ha—

2227 1963 2352 2017 bere
2377 1977 2716 2026 sermonem,
2751 1963 2843 2016 sed
2886 1963 2948 2015 iis
2991 1963 3077 2030 qui
3118 1961 3219 2016 sibi
3258 1960 3542 2014 attendunt
3571 1961 3692 2018 ιιωο
3717 1966 3834 2020 sola

2227 2052 2518 2114 sufﬁciunt,
2552 2052 2595 2103 si
2621 2053 2930 2106 memoriam
2961 2052 3238 2105 retineant.
3268 2049 3468 2104 Horum
3497 2051 3715 2121 itaque‘,
3748 2053 3835 2108 di-

2228 2145 2384 2210 lecti,
2423 2145 2701 2199 verborum
2747 2159 2960 2212 semper
2999 2143 3372 2208 recordemur,
3419 2159 3519 2197 nec
3563 2159 3674 2199 non
3706 2161 3834 2201 san-

2227 2246 2434 2291 ctorum
2489 2237 2831 2303 osculorum,
2875 2237 3242 2308 tremendique
3292 2239 3616 2310 amplexus,
3663 2256 3828 2310 quem

2234 2339 2418 2385 mutuo
2444 2329 2651 2382 damus.
2699 2328 2810 2383 Hoc
2837 2329 3033 2398 quippe
3057 2331 3284 2384 ~auimas
3313 2332 3532 2400 colligat
3573 2341 3830 2396 nostras,

2231 2432 2285 2478 et
2313 2438 2500 2478 omnes
2538 2437 2703 2476 unum
2744 2437 2938 2491 corpus
2981 2421 3182 2485 efﬁcit,
3214 2423 3650 2493 quandoquidem
3683 2433 3738 2478 et
3765 2424 3832 2478 de

2233 2532 2338 2571 uno
2365 2530 2588 2584 Corpore
2617 2529 2805 2569 omnes
2847 2515 3246 2584 participamus.
3285 2515 3394 2570 Nos
3419 2532 3550 2585 ergo
3579 2517 3632 2570 in
3662 2533 3832 2571 unum

2230 2618 2284 2662 et
2315 2608 2453 2661 idem
2499 2622 2693 2675 corpus
2730 2607 3099 2661 coalescamus
3133 2623 3146 2660 :
3178 2623 3284 2662 nou
3326 2623 3552 2675 corpora
3590 2610 3830 2662 commi-

2229 2710 2459 2761 scentcs,
2493 2699 2583 2752 sed
2614 2697 2825 2751 animas
2853 2709 3039 2752 mutuo
3066 2699 3304 2752 caritatis
3330 2699 3538 2752 vinculo
3563 2700 3832 2768 capulari-

2231 2801 2327 2845 tes.
2353 2792 2439 2844 Sic
2457 2791 2747 2860 poterimus
2768 2790 2868 2845 hae
2888 2806 3071 2846 mensa
3095 2807 3218 2846 cum
3240 2791 3423 2845 ﬁducia
3443 2793 3544 2844 frui
3566 2811 3581 2845 :
3605 2793 3836 2848 etiarnsi

2228 2886 2368 2934 enim
2397 2882 2669 2935 sexcentis
2699 2880 3032 2936 abundemus
3067 2881 3288 2951 iustitia:
3327 2882 3594 2951 operibus,
3636 2884 3690 2936 si
3740 2883 3835 2938 in-

2225 2973 2483 3041 juriarum
2518 2975 2829 3027 memoriam
2869 2973 3216 3039 retineamus,
3246 2974 3422 3027 omnia
3450 2973 3505 3026 in
3533 2989 3742 3028 vanum
3775 2986 3835 3028 et

2229 3065 2420 3118 frustra
2451 3063 2679 3128 cedunt,
2713 3079 2776 3118 ac
2806 3065 3011 3118 nullum
3053 3064 3176 3119 inde
3215 3064 3442 3118 fructum
3482 3064 3550 3117 ad
3590 3066 3835 3120 salutem

2227 3169 2513 3222 excerpere
2540 3154 2850 3224 poterimus.
2881 3155 3006 3209 llmc
3036 3156 3210 3226 itaque
3237 3156 3418 3220 docti,
3451 3171 3668 3209 omnem
3713 3158 3836 3211 sol-

2227 3259 2412 3298 vanius
2442 3246 2595 3310 iram,
2627 3255 2952 3315 purgatath
2975 3247 3320 3311 conscientia,
3352 3261 3475 3300 cum
3500 3257 3833 3302 mansuetu-

2225 3335 2348 3390 dine
2384 3345 2438 3391 et
2476 3335 2734 3390 modestia
2769 3338 2917 3390 omni
2947 3337 3262 3392 accedamus
3286 3337 3355 3390 ad
3385 3353 3631 3393 mensam
3657 3339 3832 3394 Chri-

2225 3427 2312 3492 sti,
2337 3442 2458 3481 eum
2489 3443 2594 3496 quo
2621 3426 2762 3481 Patri
2787 3428 2975 3497 gloria,
3007 3428 3195 3494 honor,
3229 3429 3535 3498 imperium,
3561 3445 3668 3484 una
3697 3445 3831 3486 cum

2225 3527 2411 3572 sancto
2440 3519 2660 3588 Spiritu,
2692 3535 2834 3574 nunc
2855 3530 2910 3574 et
2929 3535 3161 3590 semper,
3193 3532 3298 3576 etc.

536 3776 597 3818 ΙΝ
641 3775 909 3821 υιγιΝΑΜ
954 3774 1034 3815 ΕΤ
1076 3771 1394 3814 MYSTICAM
1439 3771 1686 3814 COENAM
1729 3768 2131 3822 SALVATORIS.
2176 3769 2257 3812 ET
2299 3771 2380 3811 DE
2425 3771 2806 3814 PRODITIONE
2850 3773 3029 3814 JUDE
3060 3774 3074 3813 Ξ
3109 3773 3172 3816 [Ν
3217 3773 3453 3817 PASCHA
3501 3776 3688 3831 ITEM,
3740 3780 3833 3822 ΕΤ

612 3875 676 3916 ΙΝ
721 3872 1259 3916 υιειιΕΝεΑτιοΝΕΜ
1309 3869 1671 3916 DIVINORUM
1713 3867 2195 3926 MYSTERIORUM,
2243 3870 2322 3912 ΕΤ
2366 3871 2447 3911 DE
2491 3871 2827 3914 OBLIVIONE
2898 3873 3316 3920 INJURIABUM.
3389 3877 3628 3921 ΗΑΒΙΤΔ
3705 3882 3834 3923 EST

613 3973 880 4015 HOMILIA
923 3972 986 4015 IN
1029 3971 1264 4014 SANCTA
1298 3971 1378 4011 ET
1407 3969 1625 4012 MAGNA
1652 3970 1843 4012 FEBIA
1875 3968 2133 4020 QUINTA.

1154 4086 1376 4125 IIOMILIA
1411 4085 1473 4128 ΙΙ.

605 4168 658 4221 1.
688 4165 718 4217 J
727 4165 852 4218 udas
880 4165 1045 4234 potius
1069 4180 1220 4236 quam
1260 4161 1431 4225 Iesus,
1460 4171 1506 4215 et
1540 4163 1814 4232 generatim
1838 4202 1854 4226 ,
1895 4161 2027 4215 male
2053 4178 2115 4213 a-

536 4271 701 4329 gentes
727 4261 890 4328 potius
910 4273 1071 4327 quant
1092 4255 1236 4310 mala
1252 4254 1618 4326 passilugendi
1653 4263 1789 4307 sunt.
1840 4283 1910 4293 -
1946 4253 2107 4308 Vole-

539 4351 681 4412 bam,
715 4348 915 4412 dilecti,
935 4349 1003 4401 de
1025 4347 1322 4416 patriarcha
1351 4359 1537 4398 rursus
1561 4358 1861 4398 sermonem
1891 4343 2104 4409 habere,

535 4445 589 4490 et
618 4436 741 4488 inde
771 4437 921 4490 vobis
972 4435 1247 4504 spirituale
1296 4434 1597 4488 convivium
1652 4449 1920 4503 apponere
1968 4435 2110 4489 :sed

537 4528 778 4597 ingratus
821 4527 1104 4596 proditoris
1134 4527 1342 4580 animus
1385 4526 1449 4579 ad
1499 4526 1636 4580 illius
1685 4526 2108 4594 pertractandum

535 4620 734 4673 facinus
765 4619 995 4689 linguam
1020 4630 1252 4674 nostram
1273 4618 1548 4688 pertrahit,
1576 4628 1630 4673 ct
1656 4617 1763 4673 diei
1789 4620 2107 4689 opportuni-

532 4724 634 4779 tas,
664 4721 721 4766 ut
741 4711 808 4765 de
835 4713 1032 4766 insania
1064 4713 1278 4766 sceleris
1304 4711 1419 4781 ejus
1460 4726 1676 4781 agamus
1699 4753 1712 4776 ,
1742 4727 1838 4765 nos
1863 4711 2109 4766 cohorta-

532 4814 638 4858 tur.
672 4803 841 4858 llodie
884 4804 1081 4874 quippe
1123 4804 1378 4857 Dominus
1426 4812 1608 4857 noster
1633 4803 1788 4857 Jesus
1813 4801 2052 4857 Christus
2076 4817 2108 4857 a

533 4897 750 4965 proprio
764 4896 1023 4964 discipulo
1038 4894 1341 4949 Judazorum
1370 4894 1613 4948 manibus
1633 4894 1855 4948 traditus
1875 4901 1977 4948 est.
2001 4892 2107 4948 Ve-

531 5003 647 5040 rmu
679 4998 732 5041 ttt
777 4987 876 5041 hoc
905 4987 1122 5040 audiens
1145 5027 1161 5053 ,
1191 4985 1466 5039 carissime
1485 5024 1501 5050 ,
1532 5001 1597 5038 ne
1620 4984 1786 5039 tristis
1811 4995 1928 5038 esto
1950 5025 1965 5049 ,
2006 4998 2106 5038 nec

532 5079 770 5145 graviter
799 5077 958 5143 feras,
993 5076 1132 5146 quod
1163 5076 1416 5129 Dominus
1447 5076 1667 5129 traditus
1714 5076 1783 5128 sit
1815 5092 1827 5126 :
1860 5075 1972 5128 imo-
2012 5088 2107 5142 po—

535 5170 636 5224 tius
667 5169 951 5239 iugcniisce
992 5178 1046 5222 et
1089 5168 1140 5221 in
1178 5166 1334 5220 ﬂetus
1358 5181 1599 5234 erumpe,
1633 5181 1736 5218 non
1763 5165 1830 5218 ob
1857 5164 2102 5218 traditum

531 5258 734 5325 .lesum,
763 5259 853 5314 sed
874 5261 943 5313 ob
974 5259 1278 5312 traditorem
1309 5257 1518 5313 ludam.
1541 5256 1670 5310 Nam
1696 5256 1914 5310 traditus
1950 5255 2104 5310 Jesus

532 5351 786 5404 mundum
816 5353 1066 5417 servavit,
1088 5351 1326 5420 proditor
1350 5365 1479 5405 vero
1507 5349 1670 5404 ludas
1699 5348 1928 5402 animam
1953 5363 2102 5402 suam

532 5441 791 5509 perdidit;
821 5445 1057 5511 proditus
1079 5444 1234 5500 Jesus
1272 5445 1337 5499 ad
1369 5444 1639 5499 dexteram
1677 5443 1847 5497 Patris
1875 5441 2024 5496 sedet
2051 5443 2102 5496 in

528 5533 694 5597 ext-lis,
721 5534 956 5603 proditor
983 5536 1145 5590 Judas
1172 5539 1222 5590 in
1257 5537 1459 5592 inferno
1488 5551 1628 5590 nunc
1654 5545 1752 5600 est,
1769 5544 1926 5604 atque
1955 5533 2103 5588 iude-

532 5625 793 5694 precabile
815 5638 1176 5696 aeternumque
1197 5637 1466 5696 exspectat
1495 5628 1830 5696 supplicium.
1873 5625 1996 5679 ideo
2025 5625 2104 5678 iu-

526 5716 760 5785 gemisce
782 5759 797 5787 ,
831 5715 949 5772 ideo
981 5718 1030 5772 in
1085 5718 1239 5774 tletus
1279 5733 1495 5788 erumpe
1529 5735 1541 5770 :
1574 5717 1997 5788 quandoquidem
2047 5726 2100 5772 et

2227 4163 2338 4231 ipse
2356 4162 2610 4216 Dominus
2637 4171 2817 4218 noster
2841 4162 2996 4218 Jesus
3019 4163 3260 4218 Christus
3276 4164 3462 4218 videns
3478 4165 3670 4220 ludam
3699 4177 3832 4224 tur—

2223 4253 2379 4306 batus
2395 4261 2544 4306 estet
2571 4251 2734 4307 ﬂevit.
2786 4252 2973 4306 Videas
3001 4255 3144 4308 enim
3173 4271 3286 4307 eum
3313 4296 3328 4318 ,
3369 4256 3556 4325 inquit,
3579 4257 3833 4312 turbatus

2219 4355 2308 4410 est,
2339 4354 2385 4397 ct
2409 4344 2537 4397 dixit
2560 4386 2575 4410 ,
2613 4343 2755 4398 Unus
2784 4357 2998 4398 vestrum
3031 4347 3190 4398 tradet
3217 4362 3294 4398 me
3325 4346 3345 4412 (
3383 4346 3543 4400 Joan.
3585 4349 3669 4402 15.
3690 4349 3762 4403 2|
3782 4353 3824 4414 ).

2220 4437 2397 4501 Quare
2427 4435 2668 4489 turbatus
2688 4437 2814 4491 est?
2839 4435 3088 4504 Cogitans
3123 4438 3344 4502 scilicet,
3374 4453 3491 4490 eum
3522 4449 3650 4507 post
3689 4450 3830 4494 tan-

2219 4538 2326 4582 tam
2366 4528 2702 4593 doctrinam,
2736 4538 2854 4598 post
2893 4538 2998 4581 tam
3049 4529 3247 4583 multas
3272 4530 3680 4586 adhortationes
3710 4576 3727 4598 ,
3766 4536 3826 4589 in

2217 4631 2472 4689 quantum
2499 4636 2620 4676 sese
2642 4621 2990 4690 prmcipitium
3017 4633 3216 4693 ageret,
3250 4639 3354 4677 non
3381 4626 3828 4693 prescntiscere.

2218 4713 2415 4769 Videas
2441 4714 2598 4784 igitur
2623 4714 2877 4768 Dominus
2899 4713 3140 4784 discipuli
3168 4715 3425 4769 insaniant
3448 4758 3464 4783 ,
3493 4726 3550 4771 et
3587 4719 3828 4775 miseri-

2215 4803 2394 4858 cordia
2428 4805 2478 4858 in
2509 4820 2629 4858 eum
2653 4815 2846 4870 motus,
2865 4804 3106 4860 turbatus
3132 4814 3212 4860 est
3240 4817 3294 4860 et
3323 4806 3488 4861 ﬂevit.
3517 4808 3636 4862 Hoc
3665 4815 3830 4866 enini

2216 4893 2357 4946 ultro
2385 4895 2626 4962 citroque
2653 4904 2951 4948 memorant
2985 4895 3319 4965 evangelista:
3342 4937 3359 4959 ,
3403 4907 3459 4950 ttt
3485 4904 3828 4956 meonomizc

2213 4983 2420 5037 veritati
2450 4983 2606 5039 ﬁdem
2649 4985 2861 5039 faciant.
2911 4986 3176 5042 Turbatus
3203 4987 3380 5057 itaque
3421 4999 3504 5043 est
3546 4991 3829 5048 Dominus

2211 5074 2452 5143 discipuli
2500 5076 2735 5130 animum
2765 5091 3103 5145 summopere
3149 5078 3409 5148 ingratum
3451 5081 3702 5148 intuitus,
3761 5097 3827 5140 ut

2214 5181 2311 5220 nos
2335 5165 2527 5220 doceat
2557 5166 2675 5220 illos
2716 5167 2947 5221 maxime
2989 5167 3246 5236 lugendos
3291 5185 3409 5224 esse
3437 5172 3529 5240 qui
3574 5173 3724 5227 male
3755 5191 3827 5229 a-

2209 5267 2362 5328 gunt,
2402 5274 2507 5312 non
2557 5269 2735 5312 autem
2787 5274 2880 5312 eos
2918 5260 3006 5328 qui
3043 5261 3179 5314 mala
3212 5262 3499 5330 patiuntur.
3550 5264 3684 5318 Nam
3717 5272 3827 5338 qui

2212 5347 2407 5416 injusta
2430 5358 2484 5402 et
2528 5348 2740 5417 indigna
2793 5350 3098 5417 patiuntur,
3129 5350 3274 5421 digni
3317 5352 3498 5420 potius
3536 5366 3658 5408 sunt
3713 5361 3828 5428 qui

2211 5439 2349 5494 beati
2415 5441 2789 5508 praedicantur.
2844 5441 3177 5512 Quapropter
3225 5443 3437 5500 dicebat
3478 5446 3741 5502 Christus
3811 5471 3831 5508 :

2207 5530 2352 5585 Beati
2379 5532 2465 5602 qui
2495 5534 2932 5601 perscquutionem
2981 5540 3245 5606 patiuntur
3288 5548 3494 5608 propter
3510 5540 3830 5611 justitiam,

2207 5623 2441 5692 quoniam
2468 5623 2690 5691 ipsorum
2714 5634 2784 5678 est
2797 5642 3006 5695 regnum
3035 5628 3273 5682 caelorum
3290 5628 3500 5694 (Matth.
3519 5630 3836 5701 5.10).\’i-

2207 5715 2325 5770 den‘
2350 5723 2606 5788 quantum
2631 5731 2748 5772 esse
2779 5719 2982 5773 lucrum
3023 5721 3252 5776 ostendit
3286 5738 3470 5776 eorum
3496 5763 3508 5786 ,
3540 5724 3628 5789 qui
3661 5732 3837 5782 male
