4062 6206
268 279 370 335 585

268 392 578 467 patiuntur?
606 390 737 447 Vide
769 403 976 444 rursum
1014 388 1120 441 alio
1170 387 1222 442 in
1267 387 1388 441 loco
1415 384 1554 440 male
1583 382 1849 453 agentium

271 483 568 541 inevitabile
595 481 911 552 supplicium
953 499 965 534 :
1012 480 1136 533 audi
1187 480 1248 533 Β.
1281 478 1502 532 Paulum
1553 476 1851 531 dicentem:

280 577 377 633 Vos
396 585 588 643 autem,
622 579 826 646 fratres,
877 572 1153 626 imitatores
1180 572 1303 643 facti
1349 572 1467 625 estis
1517 570 1857 624 Ecclesiarum

272 670 383 735 Dei,
414 684 527 738 quis
553 677 670 721 sunt
698 667 752 719 in
770 664 955 721 ludam
984 681 1002 729 ;
1031 667 1269 735 quoniam
1294 665 1468 719 eadem
1512 664 1646 733 passi
1670 664 1785 717 estis
1812 672 1857 715 et

272 780 353 818 vos
381 780 411 815 a
440 761 663 832 propriis
717 758 1077 813 contribulibus
1099 800 1113 822 ,
1147 756 1574 827 quemadmodum
1614 764 1660 808 et
1701 756 1801 823 ipsi
1826 770 1857 805 a

272 856 483 919 luditis,
510 853 596 923 qui
620 860 667 905 et
698 849 970 905 Dominum
1000 850 1290 903 occiderunt
1319 848 1515 914 Jesum,
1544 857 1591 902 et
1621 848 1854 918 proprios

272 965 387 1002 suos
408 946 699 1017 prophetas,
727 952 773 997 et
820 944 1153 1012 impedierunt
1213 960 1306 996 nos
1335 943 1470 1013 loqui
1518 941 1746 1013 gentibus
1765 983 1779 1003 ,
1804 949 1857 992 ut

277 1040 424 1094 salva:
452 1039 576 1107 ﬁant
595 1078 610 1101 ,
639 1045 694 1089 ut
732 1035 974 1100 impleant
1018 1046 1222 1102 peccata
1252 1051 1345 1087 sua
1373 1051 1391 1087 :
1435 1033 1657 1102 pervenit
1691 1041 1858 1085 autent

277 1124 351 1177 ira
378 1124 469 1177 Dei
489 1136 641 1191 super
663 1121 777 1173 illos
800 1121 1020 1190 usquein
1039 1121 1188 1188 ﬁnem
1215 1120 1289 1188 (Ι.
1316 1116 1498 1171 Thess.
1516 1118 1572 1171 2.
1622 1116 1787 1173 14-16
1817 1115 1856 1185 ).

280 1213 465 1268 Viden‘
484 1227 579 1267 eos
608 1212 839 1265 maxime
869 1226 964 1278 par
989 1224 1108 1263 esse
1130 1210 1309 1278 lugere
1337 1216 1392 1262 et
1430 1208 1556 1261 fletu
1589 1206 1858 1276 prosequi,

283 1308 370 1376 qui
421 1304 557 1358 mala
613 1303 966 1374 perpetrant?
1027 1303 1362 1371 Quapropter
1413 1300 1863 1356 clementissimus

284 1396 563 1463 Dominus,
595 1410 717 1450 cum
765 1394 974 1449 videret
1010 1394 1255 1463 discipuli
1305 1392 1527 1458 facinus,
1557 1391 1864 1445 turbabatur

276 1498 331 1544 et
374 1486 566 1553 flebat,
605 1485 1124 1540 commiserationem
1163 1499 1292 1554 erga
1351 1483 1667 1553 discipulum
1713 1497 1861 1536 suam

275 1576 556 1633 ostendens
576 1617 591 1641 ,
626 1574 1073 1645 benignitatisque
1101 1590 1211 1629 suae
1256 1573 1672 1644 magnitudinem
1703 1572 1863 1625 exhi-

281 1668 426 1730 bens,
460 1667 598 1737 quod
622 1666 703 1721 vel
748 1681 918 1735 usque
946 1665 1013 1719 ad
1044 1667 1210 1734 ipsam
1241 1665 1593 1734 proditionem
1625 1662 1862 1731 discipuli

281 1759 639 1816 emendationi
670 1758 979 1828 prospicere
1028 1772 1131 1811 non
1162 1766 1421 1810 cessaret.
1462 1755 1688 1824 Propter
1726 1754 1868 1807 hunc

282 1851 440 1922 igitur
467 1850 643 1919 potius
672 1849 866 1903 acerbe
892 1849 1012 1917 luge
1033 1856 1086 1903 et
1115 1847 1425 1916 ingemisce,
1450 1846 1572 1915 quia
1605 1845 1863 1899 Dominus

280 1946 420 2000 illius
449 1959 611 1997 causa
643 1952 869 1998 moestus
914 1940 1030 1995 fuit.
1074 1939 1331 1993 Turbatus
1357 1949 1451 2003 est,
1474 1939 1672 2007 inquit,
1694 1936 1864 2001 Jesus,

278 2047 323 2090 et
348 2036 495 2101 dixit,
529 2033 674 2089 Unus
701 2044 919 2087 vestrum
971 2032 1135 2085 tradet
1180 2047 1259 2084 me
1285 2030 1303 2100 (
1327 2031 1484 2083 Joan.
1528 2030 1617 2083 15.
1659 2029 1720 2082 21
1756 2029 1796 2093 ).
1826 2026 1870 2080 0

279 2138 526 2199 quantam
550 2126 1005 2181 misericordiam!
1039 2132 1291 2194 quantum
1317 2122 1523 2176 Domini
1552 2121 1865 2176 bonitatem!

280 2220 378 2287 Qui
427 2218 674 2288 proditur
722 2216 1010 2285 proditoris
1048 2215 1217 2285 gratia
1270 2213 1439 2267 dolet.
1486 2211 1684 2266 Videns
1727 2211 1868 2264 enim

284 2326 403 2364 eum
434 2310 486 2362 in
515 2308 748 2378 nequitia
781 2308 1157 2361 immorautem
1177 2347 1192 2371 ,
1221 2304 1471 2359 Turbatus
1508 2312 1582 2357 est
1609 2313 1655 2356 et
1690 2302 1819 2356 dixit
1852 2344 1867 2367 ,

285 2402 429 2457 Unus
456 2410 681 2456 vestrum
721 2399 884 2454 tradet
927 2416 1025 2453 me.
1073 2398 1228 2464 Vide,
1259 2406 1508 2467 quantam
1538 2396 1700 2450 animi
1742 2396 1873 2450 tole-

285 2493 508 2547 rantiam
542 2492 556 2545 l
587 2500 838 2561 quantam
881 2489 1304 2544 humanitatem!
1340 2486 1609 2558 quomodo
1666 2486 1873 2556 ingrato

288 2586 475 2655 parcit,
505 2599 605 2639 nec
635 2583 746 2637 vult
771 2598 891 2637 eum
920 2580 1383 2651 impudentissime
1411 2592 1602 2648 agere:
1636 2576 1731 2632 sed
1754 2592 1872 2631 0m-

290 2691 385 2731 ncs
412 2674 702 2745 discipulos
733 2674 784 2728 in
819 2673 1063 2727 timorem
1095 2681 1149 2725 et
1172 2672 1495 2726 anxietatem
1524 2669 1741 2725 deducit
1767 2711 1783 2735 ,
1816 2678 1876 2723 ut

291 2769 368 2823 illi
418 2782 601 2821 ansam
633 2766 869 2836 praebeat
910 2764 1260 2834 resipisccndi
1290 2765 1357 2819 ab
1390 2764 1615 2819 insania.
1648 2762 1716 2817 At
1754 2764 1874 2816 cum

286 2861 460 2914 anima
492 2860 636 2913 omni
668 2860 890 2913 dimisso
932 2872 1092 2912 sensu
1142 2872 1326 2912 semen
1356 2857 1565 2926 pictatis
1604 2871 1710 2910 non
1736 2856 1876 2910 acci-

287 2953 382 3022 pit,
422 2966 530 3005 non
557 2949 970 3005 admonitionem
994 2989 1010 3012 ,
1040 2963 1147 3003 non
1177 2948 1456 3002 consilium
1484 2947 1749 3011 admittit,
1783 2945 1876 2999 sed

291 3041 490 3096 affectu
517 3040 677 3094 animi
706 3039 1053 3095 obtenebrata
1087 3054 1179 3108 per
1209 3036 1496 3107 prmcipitia
1522 3037 1648 3093 abit.
1682 3037 1880 3104 Quam-

288 3134 477 3188 obrem
506 3147 676 3202 neque
716 3131 801 3185 hic
825 3146 890 3185 ex
918 3138 1063 3185 tanta
1094 3128 1295 3183 Christi
1324 3127 1575 3197 patientia
1606 3126 1878 3197 quidpiam

288 3225 520 3279 lucratus
540 3232 642 3277 est.
677 3222 821 3277 Unus
850 3232 1068 3275 vestrum
1095 3220 1254 3274 tradet
1282 3236 1379 3287 me,
1411 3221 1599 3290 inquit.
1629 3219 1738 3274 Cur
1768 3228 1881 3273 tur-

288 3317 443 3371 batus
487 3327 543 3371 et
584 3330 818 3370 mmrore
860 3316 1084 3369 affectus
1109 3314 1238 3369 est?
1276 3313 1345 3368 Ut
1370 3328 1524 3368 suum
1549 3313 1706 3368 simul
1730 3328 1879 3367 amo-

289 3424 401 3462 rem
431 3406 758 3469 ostenderet,
790 3420 995 3475 nosque
1023 3405 1273 3468 doceret,
1306 3420 1400 3460 eos
1435 3404 1666 3459 maxime
1695 3404 1881 3474 lugen-

291 3500 390 3553 dos
421 3499 665 3567 essc,qui
695 3506 882 3552 contra
911 3497 1215 3566 proximum
1246 3496 1384 3549 mala
1422 3504 1748 3564 perpetrant.
1791 3496 1885 3549 Et-

292 3592 436 3646 enim
458 3592 531 3645 illi
550 3592 680 3645 iram
706 3601 891 3645 contra
913 3590 1120 3660 seipsos
1136 3589 1388 3644 excitant.
1416 3588 1731 3658 Neutiquam
1761 3603 1882 3642 eum

291 3686 382 3755 qui
411 3684 550 3738 male
570 3690 786 3753 patitur,
816 3682 909 3737 sed
940 3698 1064 3737 cum
1105 3683 1195 3752 qui
1220 3682 1355 3735 mala
1380 3690 1666 3751 perpetrat,
1689 3682 1887 3750 ubique

295 3778 484 3846 lugere
514 3792 608 3846 par
637 3785 737 3830 est.
766 3776 897 3829 Nam
926 3778 969 3829 si
1002 3776 1139 3830 male
1167 3776 1428 3843 patiamur
1451 3816 1467 3840 ,
1508 3775 1558 3829 id
1602 3775 1756 3829 nobis
1799 3790 1887 3829 re-

298 3884 462 3937 gnum
494 3870 754 3923 caelorum
786 3867 1141 3936 adipiscitur;
1185 3867 1266 3920 sin
1303 3867 1440 3920 male
1469 3867 1696 3936 cuipiam
1730 3866 1890 3920 facia-

300 3976 448 4023 mus,
472 3958 524 4015 id
582 3958 632 4011 in
680 3972 837 4013 causa
875 3966 957 4012 est
984 3968 1035 4011 ut
1071 3959 1121 4010 in
1151 3957 1449 4026 gehennam
1475 3968 1530 4011 et
1572 3957 1887 4025 supplicium

297 4052 593 4107 mittamur.
622 4049 752 4103 Nam
781 4048 945 4114 Beati,
999 4049 1194 4117 inquit,
1219 4048 1306 4111 qui
1334 4048 1765 4117 persequutionem
1792 4065 1888 4115 pa-

300 4147 499 4200 tiuntur
530 4157 741 4216 propter
752 4144 1050 4217 justitiam(
1084 4142 1269 4197 Matth.
1301 4144 1354 4198 5.
1384 4142 1452 4197 10
1480 4146 1522 4213 ).
1546 4142 1731 4196 Viden’
1756 4158 1891 4213 quo-

300 4238 463 4292 modo
493 4236 635 4293 male
666 4238 771 4307 pati
793 4238 846 4291 in
872 4236 1173 4291 mercedem
1205 4244 1258 4290 et
1289 4234 1567 4304 praemium
1597 4234 1784 4289 afferat
1809 4250 1895 4287 re-

298 4344 463 4399 gnum
491 4329 780 4383 caelorum?
812 4327 948 4382 Audi
979 4326 1251 4397 quomodo
1274 4327 1411 4381 mala
1441 4335 1753 4396 perpetrare
1775 4340 1891 4395 poe-

301 4434 429 4473 nam
458 4428 511 4473 et
532 4419 853 4489 supplicium
872 4418 1060 4472 afferat
1084 4436 1097 4470 :
1130 4434 1250 4471 cum
1277 4418 1421 4472 enim
1444 4418 1668 4471 dixisset
1698 4417 1896 4471 Paulus

302 4508 448 4578 quod
476 4508 644 4564 Judmi
675 4509 959 4563 Dominum
1000 4507 1343 4568 occidissent,
1372 4517 1427 4561 et
1455 4507 1742 4577 pr0phetas
1772 4523 1896 4575 per-

302 4601 519 4669 sequuti
548 4607 733 4654 essent
752 4641 768 4666 ,
819 4600 1013 4669 adjecit
1041 4615 1055 4652 :
1100 4598 1331 4666 Quorum
1360 4598 1479 4666 finis
1518 4606 1589 4651 est
1620 4597 1897 4651 secundum

304 4709 466 4761 opera
493 4709 665 4746 eorum
692 4692 771 4760 (2.
800 4692 920 4747 Cor.
950 4693 1040 4747 11.
1066 4692 1181 4762 15).
1213 4690 1398 4745 Viden’
1422 4689 1691 4759 quomodo
1714 4690 1779 4755 ii,
1807 4688 1899 4759 qui

310 4785 783 4855 persequutionem
819 4785 1110 4854 patiuntur,
1141 4797 1365 4852 regnum
1403 4782 1657 4835 ca-lorutn
1687 4781 1901 4835 lucren-

316 4888 412 4933 tur
443 4895 457 4942 ;
490 4877 524 4931 ii
552 4893 681 4932 vero
711 4919 727 4943 ,
749 4878 837 4947 qui
867 4884 1275 4946 persequuntur,
1305 4875 1437 4929 iram
1480 4874 1571 4928 Dei
1600 4873 1653 4928 in
1676 4871 1903 4927 haeredi-

310 4978 482 5024 tatem
504 4970 763 5038 accipiant
788 4970 812 5023 ἲ

391 5059 657 5114 Orandum
700 5077 790 5131 pro
824 5060 1059 5114 inimicis.
1090 5088 1162 5099 —
1188 5059 1313 5115 llaec
1357 5073 1518 5127 porro
1561 5072 1666 5111 non
1704 5065 1908 5111 temere

306 5151 456 5220 apud
477 5152 750 5205 caritatem
769 5161 997 5206 vestram
1023 5150 1302 5220 agitamus,
1327 5149 1419 5203 sed
1447 5158 1505 5204 ut
1530 5149 1798 5203 discamus
1814 5147 1909 5201 ad-

310 5255 510 5297 versus
536 5241 780 5297 inimicos
806 5253 1015 5297 nostros
1032 5258 1134 5297 non
1166 5242 1357 5307 irasci;
1392 5242 1485 5296 sed
1514 5242 1687 5310 potius
1714 5250 1771 5294 ut
1810 5240 1909 5295 mi-

308 5335 613 5390 sericordia
651 5350 776 5406 erga
818 5335 936 5389 illos
978 5348 1326 5399 moveamur,
1380 5333 1696 5403 illorumque
1741 5332 1908 5401 gratia

308 5444 610 5485 matrorem
637 5437 694 5485 et
722 5429 989 5498 planctum
1028 5440 1382 5482 assumamus.
1424 5425 1499 5480 Illi
1540 5426 1737 5495 quippe
1770 5424 1910 5479 male

310 5522 614 5593 patiuntur,
631 5523 721 5592 qui
739 5522 855 5577 sine
866 5535 1026 5575 causa
1043 5520 1197 5575 nobis
1212 5518 1587 5573 adversantur.
1602 5518 1658 5574 Si
1674 5517 1911 5572 animum

314 5625 570 5670 nostrum
602 5614 674 5669 ita
698 5626 1094 5684 comparemus,
1128 5618 1187 5666 ut
1204 5626 1309 5666 non
1336 5609 1644 5673 irascamur,
1676 5607 1770 5664 sed
1792 5606 1911 5662 illo-

316 5726 445 5766 rum
471 5710 638 5781 gratia
657 5708 955 5771 doleamus,
982 5706 1139 5760 etiam
1167 5704 1457 5773 poterimus
1476 5702 1765 5760 secundum
1799 5703 1905 5757 Do-

653 5811 923 5870 Pa'rnoa.
969 5810 1084 5870 Gn.
1138 5808 1357 5869 XLIX.

1298 273 1383 329 DE
1426 266 1833 327 l’RODl'I‘lONE
1872 266 2096 325 IUD/E.
2132 268 2361 324 "0M"...
2407 269 2468 323 ll.

3436 273 3538 328 με

1967 379 2097 434 mini
2123 395 2305 435 vocem
2336 398 2433 451 pro
2463 382 2567 436 illis
2589 397 2762 447 orare,
2792 384 2991 454 illoque
3017 387 3175 440 modo
3198 386 3418 441 multam
3450 406 3543 441 un.

1964 471 2044 527 bis
2076 487 2233 542 opem
2262 474 2464 527 ca-litus
2492 473 2795 529 conciliare.
2819 474 2938 528 ldeo
2958 486 3144 545 quarta
3168 478 3277 547 jam
3300 479 3387 532 die
3407 481 3549 549 apud

1960 578 2056 618 vos
2083 578 2383 618 sermonem
2416 565 2588 619 habeo
2615 565 2683 620 de
2702 568 2943 621 oratione
2964 582 3059 635 pro
3090 570 3337 636 inimicis,
3367 581 3422 625 ut
3452 573 3516 626 ad
3537 603 3549 611 -

1964 658 2271 711 monitionis
2297 658 2593 728 frequentia
2625 660 2829 714 firmior
2853 660 2922 714 sit
2946 660 3187 715 doctrina
3210 705 3224 729 ,
3259 674 3313 717 ut
3343 664 3552 719 radices

1964 759 2085 817 agat
2116 751 2165 801 in
2199 749 2388 807 animis
2438 751 2647 804 vestris.
2685 750 2912 821 Ideoque
2943 751 3245 820 frequenter
3283 755 3421 823 apud
3458 772 3551 808 vos

1964 841 2305 896 sermonibus
2336 842 2615 901 instamus.
2649 852 2704 896 ut
2734 843 2826 896 ira:
2867 852 3132 898 tumorem
3166 845 3410 897 tollamus
3436 886 3451 909 ,
3497 855 3554 899 et

1967 931 2227 986 fervorem
2250 932 2522 997 sedemus,
2545 942 2704 1001 utque
2728 933 2841 1003 puri
2865 934 2929 988 ad
2946 934 3241 988 orationem
3262 934 3560 1003 accedatisa

1965 1022 2148 1094 Neque
2177 1024 2317 1078 enim
2343 1022 2588 1078 Christus
2617 1025 2950 1079 inimicorum
2980 1034 3183 1079 tantum
3212 1026 3381 1095 gratia
3407 1025 3473 1080 ad
3502 1024 3555 1079 id

1976 1115 2240 1179 hortatur,
2273 1116 2365 1169 sed
2393 1117 2552 1169 etiam
2582 1116 2752 1169 nostri
2776 1131 2935 1170 causa
2964 1118 3053 1185 qui
3085 1117 3188 1172 illis
3233 1128 3446 1185 peccata
3478 1132 3557 1172 τοι

1968 1208 2251 1261 mittimus.
2304 1208 2460 1261 Plura
2490 1208 2629 1261 enim
2661 1208 2858 1276 accipis
2879 1248 2893 1271 ,
2925 1223 3081 1277 quam
3113 1208 3209 1261 das
3259 1224 3378 1262 cum
3420 1208 3554 1262 iram

1970 1309 2112 1354 tuam
2137 1300 2351 1353 inimico
2375 1300 2616 1353 dimittis.
2638 1299 2917 1365 Quomodo
2942 1300 3059 1368 plus
3072 1299 3512 1370 accipio,inquics
3533 1300 3558 1352 ἲ

1969 1395 2199 1447 Attende
2230 1394 2533 1463 diligenter.
2567 1393 2623 1447 Si
2653 1393 2869 1447 inimico
2897 1402 3113 1463 peccata
3139 1393 3375 1448 dimittas
3400 1435 3413 1457 ,
3458 1393 3557 1447 de-

1972 1484 2091 1537 licta
2145 1494 2232 1537 tua
2274 1485 2327 1538 in
2372 1483 2644 1538 Christum
2698 1493 3003 1553 perpetrata
3059 1484 3397 1538 ditnittuntur
3441 1484 3554 1538 tibi.

1972 1575 2097 1629 [lare
2124 1591 2283 1644 porro
2304 1577 2387 1630 vix
2419 1576 2612 1630 dimitti
2642 1586 2694 1631 et
2716 1577 2918 1631 veniam
2950 1575 3147 1631 habere
3176 1584 3420 1646 possunt,
3469 1576 3559 1630 illa

1971 1685 2097 1724 vero
2118 1670 2327 1723 veniam
2358 1680 2411 1724 et
2431 1669 2676 1723 solatium
2706 1669 2930 1723 multum
2958 1669 3249 1738 reperiunt.
3272 1668 3409 1722 Audi
3441 1667 3560 1722 lleli

1974 1763 2097 1815 filiis
2128 1762 2240 1816 suis
2265 1761 2529 1817 dicentem
2562 1803 2576 1825 ,
2612 1760 2671 1814 Si
2701 1777 2911 1831 peccans
2932 1762 3202 1829 peccaverit
3226 1760 3374 1813 homo
3394 1761 3447 1812 in
3470 1761 3564 1811 ho-

1972 1855 2177 1917 minem,
2210 1852 2443 1906 sacerdos
2464 1852 2624 1905 orabit
2665 1870 2755 1921 pro
2775 1868 2863 1913 eo;
2885 1853 2930 1905 si
2956 1867 3071 1904 vero
3099 1853 3151 1904 in
3183 1851 3347 1903 Deum
3382 1866 3561 1921 pecca-

1973 1947 2116 2008 verit,
2150 1946 2262 2014 quis
2301 1962 2392 2016 pro
2423 1945 2512 1999 illo
2559 1945 2719 1998 orabit
2765 1946 2839 2016 (1.
2864 1945 2990 2015 Reg.
3015 1943 3070 1997 9..
3094 1944 3208 2015 25).
3238 1944 3417 2013 Itaque
3448 1958 3565 1996 ma-

1972 2053 2135 2108 gnum
2159 2046 2243 2091 est
2270 2038 2461 2090 vulnus
2488 2036 2635 2101 illud,
2668 2050 2838 2105 neque
2866 2035 3018 2089 facile
3041 2035 3279 2088 oratione
3303 2033 3561 2094 solvitur;

1975 2130 2082 2182 imo
2125 2144 2193 2183 ne
2231 2128 2472 2182 oratione
2517 2127 2730 2197 quidem
2781 2125 3005 2180 solvitur
3034 2125 3137 2179 tale
3167 2123 3442 2188 delictum,
3472 2123 3567 2176 sed

1975 2236 2073 2290 per
2114 2220 2321 2275 veniam
2368 2231 2701 2289 peccatorum
2763 2217 2976 2271 inimico
3026 2231 3337 2271 concessam
3387 2214 3565 2269 statim

1976 2314 2220 2368 solvitur.
2251 2311 2378 2367 Ideo
2410 2312 2495 2366 illa
2525 2310 2739 2380 quidem
2769 2311 2954 2364 decem
2993 2308 3157 2363 millia
3189 2307 3382 2362 talenta
3411 2294 3571 2359 voca-

1975 2403 2050 2458 vit
2075 2404 2233 2465 Deus.
2268 2418 2457 2470 nempe
2485 2402 2674 2457 delicta
2705 2401 2759 2455 in
2788 2401 3101 2463 Dominum;
3134 2400 3248 2454 haec
3271 2414 3398 2453 vero
3435 2413 3570 2452 ceno

1977 2506 2089 2551 tum
2115 2496 2363 2551 denarios
2387 2495 2597 2565 (Matth.
2643 2495 2729 2550 19.
2763 2495 2853 2549 25.
2885 2492 3040 2564 sqq.),
3060 2509 3193 2564 quos
3211 2494 3257 2549 si
3281 2492 3570 2561 dimiseris,

1977 2589 2308 2645 dimittentur
2337 2588 2429 2643 tibi
2464 2588 2650 2642 decem
2682 2587 2846 2642 millia
2874 2586 3087 2640 talenta.

2049 2682 2103 2735 2.
2146 2681 2346 2736 Verum
2374 2681 2443 2736 de
2468 2681 2709 2735 oratione
2734 2679 2881 2733 Satis.
2912 2676 2970 2732 Si
3003 2677 3172 2745 placet
3198 2685 3396 2743 autem,
3419 2691 3575 2747 repc-

1983 2776 2077 2830 tito
2103 2774 2263 2845 paulo
2291 2773 2446 2828 altius
2471 2785 2737 2837 sermone,
2775 2769 2839 2824 ad
2873 2768 3226 2839 proditionem
3267 2767 3569 2829 redeamus,

1981 2868 2358 2935 videamusque
2394 2864 2664 2934 quomodo
2694 2862 2946 2916 Dominus
2988 2872 3172 2914 noster
3197 2858 3434 2929 proditus
3481 2858 3571 2912 sit.

1983 2958 2055 3015 Ut
2081 2974 2207 3013 vero
2239 2967 2403 3011 totam
2437 2954 2721 3025 proditoris
2746 2951 3004 3007 insaniam
3034 2951 3353 3015 ediscamus,
3386 2948 3578 3002 simul-

1982 3065 2086 3120 que
2114 3050 2377 3117 ingratum
2405 3045 2646 3114 discipuli
2677 3044 2910 3098 animum
2936 3053 2991 3098 et
3020 3041 3229 3096 Domini
3252 3040 3576 3095 ineﬂ‘abilcm

1983 3139 2321 3195 clementiam
2368 3150 2737 3208 agnoscamus,
2786 3134 3063 3189 audiamus
3105 3132 3375 3203 quomodo
3410 3145 3576 3186 evan-

1984 3232 2170 3303 gelista
2213 3230 2366 3285 nobis
2394 3230 2509 3299 ejus
2534 3227 2738 3282 facinus
2767 3236 2997 3282 enarret.
3034 3225 3196 3290 Tunc,
3242 3226 3431 3295 inquit,
3459 3226 3582 3277 abiit

1986 3341 2117 3378 unus
2157 3324 2219 3377 de
2248 3322 2532 3385 duodecim,
2574 3319 2741 3373 ludas
2765 3319 2926 3372 dictus
2967 3317 3254 3381 Iscariotes,
3291 3317 3359 3369 ad
3385 3316 3580 3385 princi-

1989 3433 2075 3485 pes
2103 3414 2442 3476 sacerdotum,
2468 3422 2513 3465 et
2538 3412 2667 3465 dixit
2708 3412 2777 3464 eis
2799 3427 2818 3463 .'
2847 3409 2983 3474 Quid
3012 3409 3157 3462 vultis
3202 3408 3326 3461 mihi
3354 3407 3492 3471 dare,
3535 3414 3584 3458 et

1988 3523 2079 3575 ego
2123 3504 2259 3559 vobis
2304 3503 2502 3556 tradant
2550 3518 2663 3555 eum
2703 3500 2915 3569 (Matth.
2950 3500 3041 3553 26.
3084 3501 3165 3554 N.
3200 3497 3313 3567 15).
3361 3496 3587 3552 Videtur

1989 3597 2201 3667 quidem
2231 3595 2283 3650 id
2313 3594 2454 3665 quod
2484 3593 2681 3648 dictum
2709 3605 2790 3646 est
2820 3594 3019 3646 clarum
3047 3608 3165 3646 esse
3196 3592 3433 3661 nihilque
3463 3606 3583 3645 am-

1992 3688 2127 3758 plius
2169 3686 2535 3748 subindicare;
2588 3684 2681 3739 sed
2722 3685 2766 3738 si
2814 3684 2933 3753 quis
2979 3684 3221 3752 singula,
3275 3700 3393 3753 qum
3443 3685 3582 3738 dicta

1994 3789 2152 3843 sunt,
2181 3778 2477 3840 examinet,
2520 3791 2764 3846 magnam
2794 3775 3030 3844 prmbcnt
3053 3775 3446 3843 contemplandi
3474 3790 3587 3828 ma-

1996 3869 2535 3937 tcriam,multamque
2550 3881 2801 3922 sensuum
2822 3865 3436 3933 profunditatem.Primo
3454 3874 3589 3918 tem-

1996 3979 2095 4032 pus
2126 3959 2568 4016 considerandum
2613 3966 2717 4013 est.
2757 3957 2872 4012 Non
2908 3957 3049 4012 enim
3105 3956 3414 4026 simpliciter
3458 3956 3587 4011 illud

1996 4054 2197 4109 indicat
2249 4052 2607 4121 evangelista;
2662 4066 2834 4119 neque
2856 4050 2997 4104 enim
3034 4048 3167 4103 dixit
3210 4049 3401 4113 solum,
3435 4047 3589 4112 abiit;

1996 4148 2088 4203 sed
2131 4146 2354 4216 adjecit,
2407 4145 2548 4198 Tunc
2576 4144 2716 4198 abiit.
2763 4143 2942 4206 Tunc,
2982 4141 3361 4212 quandonam?
3411 4142 3590 4211 Ecqua

1998 4239 2066 4293 de
2090 4253 2249 4292 causa
2273 4247 2480 4306 tempus
2503 4235 2732 4290 indicat?
2753 4233 2867 4289 Non
2894 4234 3009 4287 sine
3026 4248 3184 4288 causa
3211 4231 3361 4286 nobis
3384 4241 3593 4301 tempus

2000 4329 2261 4399 significat
2285 4328 2608 4398 evangelista
2634 4342 2697 4381 ex
2725 4326 2923 4395 Spiritu
2962 4334 3147 4379 sancto
3168 4324 3391 4395 loquens
3422 4340 3437 4377 :
3470 4338 3593 4377 nam

2001 4422 2089 4491 qui
2135 4437 2201 4476 ex
2251 4420 2451 4491 Spiritu
2498 4421 2753 4491 loquitur.
2781 4419 2914 4474 nihil
2944 4418 3059 4474 sine
3097 4433 3253 4473 causa
3280 4418 3363 4473 vel
3395 4428 3597 4472 temere

2004 4514 2257 4583 loquitur.
2304 4512 2441 4580 Quid
2468 4511 2626 4582 igitur
2651 4519 2733 4566 est
2758 4510 2907 4576 illud,
2971 4511 3128 4563 tunc!
3153 4512 3290 4564 Ante
3316 4507 3445 4563 illud
3463 4518 3597 4563 tem-

2006 4618 2134 4672 pus,
2180 4614 2304 4657 ante
2348 4603 2493 4657 illam
2537 4602 2722 4657 horam
2770 4601 2995 4655 accessit
3039 4600 3210 4669 puella
3252 4598 3452 4653 habens
3480 4598 3596 4650 ala-

2006 4695 2242 4749 bastrum
2273 4692 2568 4763 unguenti,
2622 4701 2679 4747 et
2722 4691 2905 4747 effudit
2930 4691 3106 4746 oleum
3136 4688 3263 4744 illud
3304 4702 3465 4757 super
3500 4701 3596 4740 ca-

2007 4798 2103 4859 put
2153 4786 2383 4842 Domini.
2439 4786 2655 4840 Multam
2704 4784 2862 4839 fidem
2909 4784 3143 4840 ostendit
3182 4783 3410 4849 mulier,
3452 4781 3599 4836 mul-

2008 4892 2115 4935 tam
2144 4878 2478 4935 ministrandi
2501 4894 2705 4945 curam,
2734 4878 3115 4942 obedientiam,
3143 4876 3392 4946 pietatem
3422 4890 3436 4927 :
3482 4888 3602 4928 mu-

2011 4981 2119 5026 tata
2149 4978 2285 5026 esta
2330 4971 2550 5039 pristina
2597 4970 2739 5033 vita,
2774 4969 3065 5038 meliorque
3113 4981 3175 5021 ac
3216 4965 3602 5036 temperantior

2010 5062 2197 5117 effecta
2225 5072 2329 5117 est.
2357 5062 2426 5116 Et
2471 5077 2592 5117 cum
2650 5061 2901 5116 meretrix
2951 5058 3193 5127 resipuit,
3240 5072 3360 5112 cum
3414 5056 3603 5109 Domi-

2016 5169 2141 5207 num
2196 5153 2439 5223 agnovit,
2502 5162 2627 5207 tunc
2663 5151 2951 5219 discipulus
3005 5150 3315 5218 magistrum
3345 5147 3601 5218 prodidit.

2014 5242 2185 5309 Tunc,
2230 5243 2609 5313 quandonam?
2656 5257 2776 5297 cum
2828 5241 3081 5296 meretrix
3119 5240 3398 5303 accedens,
3429 5237 3605 5293 effusa

2016 5350 2176 5401 super
2210 5334 2372 5403 pedes
2410 5332 2539 5388 Iesu
2586 5330 2837 5402 unguenti
2864 5332 3166 5395 alabastro,
3212 5329 3441 5400 propriis
3484 5327 3607 5382 illos

2015 5425 2224 5494 capillis
2252 5425 2539 5490 abstersit,
2562 5424 2893 5493 multumque
2929 5422 3284 5477 ministerium
3323 5419 3602 5486 exhibuit,

2019 5532 2114 5586 per
2139 5516 2442 5586 hujusmodi
2468 5514 2863 5572 confessionem
2892 5524 3081 5570 cuncta
3106 5513 3361 5584 prmteriti
3400 5520 3605 5579 tempo-

2020 5612 2094 5666 ris
2133 5618 2347 5679 peeeats
2390 5609 2596 5666 deleas.
2646 5608 2797 5663 Tunc
2852 5608 3059 5678 itaque,
3104 5620 3227 5661 cum
3273 5605 3416 5661 illam
3474 5597 3610 5653 vidit

2024 5710 2227 5762 tantum
2254 5701 2487 5760 officium
2514 5701 2766 5770 magistro
2790 5699 3150 5760 exhibentem.
3166 5705 3296 5838 t2ch
3320 5698 3406 5751 ille
3420 5688 3608 5749 adiui-
