4062 6206
459 239 564 292 585

459 369 617 421 quam
643 350 1000 422 proditionem
1051 349 1330 405 festinavit.
1363 349 1428 404 Et
1473 347 1560 402 illa
1583 345 1793 416 quidem
1824 359 1888 399 ex
1927 342 2044 411 ipso

461 443 709 514 nequitiae
758 442 922 498 lutido
966 443 1015 496 in
1061 441 1230 511 ipsum
1268 441 1455 495 caelum
1505 437 1773 500 ascendit;
1809 436 1891 488 hic
1918 449 2044 488 vero

460 547 575 606 post
605 538 880 592 innumera
931 535 1182 590 miracula
1219 543 1275 589 et
1315 533 1486 602 signa,
1532 539 1650 602 post
1697 540 1894 584 tantam
1942 527 2042 582 do-

459 628 724 692 ctrinam,
783 635 901 697 post
953 624 1274 680 ineffabilem
1300 625 1442 676 illam
1484 622 1687 676 [tornini
1727 630 2046 688 attempera~

461 721 682 784 tionem,
732 720 784 773 in
850 718 1029 772 tartari
1079 718 1298 772 fundum
1343 715 1557 770 decidit.
1592 714 1818 768 Tantum
1849 715 2044 767 malum

458 820 540 865 est
589 809 830 864 socordia
864 818 922 864 et
949 819 1197 878 corrupta
1234 807 1497 861 voluntas.
1531 806 1884 874 Quamobrem
1911 805 2046 858 Pau-

463 905 545 955 lus
577 901 932 968 dicebatzQui
948 901 1142 954 videtur
1165 907 1317 966 stare,
1348 899 1508 951 videat
1539 914 1600 950 ne
1628 900 1777 950 cadat
1806 898 1884 964 (l.
1918 894 2040 951 Cor.

463 979 550 1048 1'0.
585 994 671 1061 η)
702 1011 714 1046 :
759 1003 813 1048 et
867 991 1124 1062 propheta
1158 991 1419 1044 clamabat
1464 989 1588 1042 olim
1618 1008 1631 1044 :
1684 988 1933 1058 Numqui
1962 1005 2049 1041 ca-

460 1089 554 1148 dit,
588 1102 687 1138 non
729 1083 997 1153 resurget?
1037 1093 1084 1136 et
1134 1083 1218 1153 qui
1269 1081 1442 1134 avertit
1486 1097 1571 1145 se,
1622 1097 1723 1134 non
1779 1090 2048 1133 revertetur

462 1174 671 1240 (Jl'l't’nl.
700 1174 752 1228 8.
776 1175 872 1242 4)?
927 1173 996 1228 Ut
1037 1187 1208 1240 neque
1268 1173 1312 1225 is
1355 1171 1442 1236 qui
1486 1181 1590 1224 stat
1635 1170 1898 1233 eonlidat.
1952 1169 2046 1224 sed

462 1281 675 1333 semper
702 1263 955 1318 certando
992 1264 1278 1327 consistat;
1310 1278 1407 1317 nec
1453 1263 1541 1332 qui
1571 1263 1805 1328 decidit,
1853 1262 2049 1330 despe-

461 1368 562 1411 ret.
585 1357 753 1411 'l‘anta
779 1358 920 1412 enim
950 1357 1029 1410 vis
1059 1365 1174 1411 erat
1196 1356 1451 1425 magistri,
1472 1367 1528 1408 ut
1554 1355 1711 1409 etiam
1740 1354 2048 1409 meretrices

461 1459 512 1502 et
547 1449 853 1516 publicanos
880 1447 1214 1517 pertraheret
1245 1448 1312 1500 ad
1338 1447 1607 1517 propriam
1626 1446 2048 1516 obsequentium.

534 1537 674 1593 Deus
704 1555 803 1592 non
843 1539 1133 1593 necessitate
1169 1539 1414 1608 pertraliit
1451 1539 1520 1590 ad
1558 1538 1742 1591 bonum
1776 1537 2046 1608 agendum.

461 1660 531 1672 —-
577 1631 714 1698 Quid
757 1647 924 1700 ergo,
972 1632 1212 1701 inquies,
1257 1632 1345 1701 qui
1394 1633 1705 1686 meretrices
1753 1632 2046 1701 pertraxit,

462 1723 781 1794 discipulum
824 1739 928 1777 non
973 1725 1142 1792 potuit
1187 1723 1535 1792 pertrahere?
1576 1723 1743 1777 Etiam
1788 1723 1958 1792 potuit
1996 1732 2052 1777 et

462 1815 780 1884 discipulum
809 1815 1156 1884 pertrahere;
1185 1815 1278 1868 sed
1314 1815 1481 1868 noluit
1523 1814 1695 1883 ipsum
1732 1815 2050 1868 necessitate

463 1909 639 1960 lacere
662 1907 856 1960 lionum
883 1946 897 1970 ,
929 1921 1099 1975 neque
1123 1906 1173 1959 vi
1205 1905 1352 1958 illum
1375 1905 1440 1959 ad
1462 1906 1693 1975 seipsum
1719 1906 2049 1974 pertrahere.

464 1997 587 2051 ldeo
613 1997 937 2068 evangelista
966 1998 1117 2052 nobis
1142 2011 1204 2052 ea
1234 2012 1458 2051 narrans
1481 2037 1496 2061 ,
1527 2011 1647 2066 qua)
1679 1997 1745 2051 ad
1786 1997 2049 2066 ingratum

463 2087 778 2156 discipulum
819 2087 1168 2158 spectabant,
1214 2087 1389 2141 dixit:
1435 2086 1578 2141 Tunc
1627 2088 1789 2155 abiit,
1835 2087 1887 2142 id
1928 2096 2050 2155 est,

464 2196 569 2233 non
599 2179 667 2234 ab
691 2180 807 2234 aliis
837 2189 1054 2234 vocatus
1077 2221 1092 2246 ,
1127 2195 1301 2250 neque
1338 2189 1556 2235 coaetus
1583 2179 1652 2234 ab
1687 2181 1794 2234 alio
1817 2221 1832 2246 ,
1877 2196 2052 2250 neque

462 2273 569 2326 alio
593 2286 651 2326 se
686 2270 970 2337 hortante;
1017 2271 1112 2325 sed
1153 2279 1344 2342 suapte
1383 2281 1528 2326 motu
1565 2273 1631 2326 ad
1671 2271 1723 2326 id
1761 2287 2054 2328 conversus

463 2373 583 2428 est,
615 2364 903 2418 ostendens
934 2379 990 2417 se
1029 2378 1124 2418 sua
1153 2371 1342 2432 sponte
1376 2373 1431 2418 et
1471 2363 1686 2434 proprio
1725 2363 1944 2418 arbitrio
1985 2363 2054 2418 ad

464 2457 702 2525 iniquum
752 2453 878 2509 illud
925 2454 1134 2510 facinus
1202 2470 1556 2525 properasse,
1605 2455 1748 2509 nulla
1806 2465 2054 2511 movente

463 2565 662 2613 causa;
707 2547 801 2602 sed
840 2563 870 2602 a
915 2548 1149 2617 nequitia
1186 2548 1328 2602 intus
1375 2547 1698 2603 scaturiente
1737 2547 1805 2602 ad
1846 2547 2054 2603 Domini

466 2640 804 2695 traditionem
855 2640 1089 2708 seipsqu
1139 2641 1363 2710 impulit.
1398 2641 1536 2694 Tunc
1590 2641 1762 2696 abiens
1813 2657 1943 2695 unus
1991 2642 2055 2695 de

463 2730 751 2784 duodecim.
777 2729 893 2784 Non
923 2745 1141 2799 parvum
1164 2732 1366 2786 crimen
1390 2731 1518 2786 illud
1549 2741 1632 2786 est
1659 2732 1802 2802 quod
1824 2731 2048 2799 dicatur,

469 2820 693 2876 Uuusde
713 2821 998 2876 duodecim.
1030 2821 1162 2889 Quia
1189 2823 1330 2878 enim
1360 2833 1512 2878 erant
1531 2834 1585 2879 et
1609 2825 1696 2878 alii
1724 2825 2054 2896 septuaginta

467 2913 754 2982 discipuli,
788 2913 910 2968 ideo
938 2913 1109 2979 dixit,
1143 2913 1286 2969 Unus
1310 2916 1374 2970 de
1399 2917 1702 2981 duodecim;
1743 2917 1795 2972 id
1837 2928 1954 2982 est,
1987 2935 2053 2974 ex

463 3004 680 3060 selectis
703 3044 718 3069 ,
749 3004 840 3074 qui
867 3005 1103 3073 quotidie
1130 3021 1250 3060 cum
1278 3008 1368 3062 illo
1396 3009 1746 3064 versabantur
1768 3052 1784 3077 ,
1816 3011 1904 3080 qui
1937 3026 2054 3064 ma-

469 3113 571 3166 gna
627 3098 818 3155 ﬁducia
865 3099 1194 3157 fruebantur.
1242 3102 1310 3159 Ut
1353 3104 1509 3174 igitur
1546 3105 1721 3159 discas
1765 3106 1940 3176 ipsum
1988 3121 2054 3160 ex

469 3192 752 3262 prmcipuis
777 3193 1054 3264 discipulis
1085 3195 1249 3250 fuisse
1270 3237 1284 3261 ,
1331 3197 1442 3262 ait,
1489 3195 1632 3252 Unus
1661 3198 1724 3252 de
1765 3198 2051 3252 duodecim.

465 3279 649 3353 Neque
679 3283 731 3338 id
763 3292 900 3338 tacet
935 3287 1257 3355 evangelista
1283 3329 1297 3350 ,
1328 3297 1382 3340 ut
1414 3296 1466 3340 tu
1497 3289 1687 3343 credas
1709 3329 1725 3354 ,
1757 3289 1869 3343 Inec
1891 3331 1905 3353 ,
1935 3305 2054 3358 quae

466 3373 713 3429 videntur
740 3376 997 3446 probrosa
1024 3391 1143 3432 esse
1168 3417 1184 3443 ,
1219 3379 1427 3432 Domini
1463 3396 1587 3449 erga
1617 3394 1712 3433 nos
1739 3381 2055 3436 sollicitudi-

469 3479 591 3519 nem
637 3466 964 3532 ostendere,
1001 3467 1142 3538 quod
1189 3468 1390 3524 scilicet
1426 3470 1746 3540 proditorem
1789 3479 1843 3526 et
1883 3470 2054 3528 furem

467 3567 546 3612 tot
582 3558 736 3614 bonis
771 3559 1053 3630 dignatus,
1098 3571 1151 3616 et
1191 3577 1355 3631 nsilue
1392 3562 1459 3616 ad
1499 3563 1738 3617 ultimam
1779 3579 2055 3634 vesperam

466 3653 776 3709 cohortatus
805 3653 894 3708 sit.
931 3653 1172 3709 Vidistin'
1201 3657 1576 3721 meretricem,
1620 3671 1739 3726 qua:
1771 3657 2052 3726 abluerat,

468 3745 692 3798 salutem
726 3755 936 3799 nactam
967 3761 1088 3802 esse
1111 3787 1128 3813 ,
1158 3747 1478 3816 discipulum
1511 3763 1637 3804 vero
1664 3789 1680 3814 ,
1717 3750 1840 3819 quia
1877 3752 2058 3819 segnis

470 3834 642 3888 fuerat
665 3875 680 3899 ,
706 3833 1010 3890 decidisse?
1028 3836 1108 3892 Ne
1136 3836 1293 3908 igitur
1313 3837 1382 3893 de
1402 3847 1454 3893 te
1473 3837 1727 3907 desperes
1751 3879 1766 3904 ,
1794 3839 1861 3894 ad
1885 3856 2059 3894 inere-

470 3926 657 3980 tricem
675 3927 1000 3996 respiciens;
1026 3943 1203 3998 neque
1214 3929 1474 3997 confidas,
1498 3930 1564 3986 ad
1584 3930 1826 4000 discipuli
1854 3931 2057 3986 facinus

468 4017 656 4073 oculos
689 4029 1052 4074 convertens:
1087 4020 1245 4075 ambo
1283 4022 1426 4076 enim
1467 4022 1763 4091 perniciosa
1803 4032 1946 4077 sunt.
1974 4025 2055 4079 Ad

471 4109 676 4178 lapsum
703 4111 846 4165 enim
886 4111 1134 4181 proclivis
1177 4122 1260 4168 est
1290 4112 1505 4167 animus
1544 4124 1764 4180 noster,
1810 4115 2056 4170 volubilis

468 4201 752 4256 voluntas:
783 4204 1132 4272 quamobrem
1175 4203 1407 4273 undique
1440 4219 1539 4259 nos
1568 4207 1869 4261 muniamus
1896 4223 2056 4276 opor-

471 4301 564 4346 tet.
601 4292 741 4347 Tunc
774 4294 944 4348 abiens
972 4313 1102 4349 unus
1135 4297 1199 4350 de
1235 4296 1497 4349 duodecim
1519 4337 1534 4362 ,
1565 4296 1731 4351 ludas
1760 4298 2050 4354 Iscariotes.

472 4383 660 4440 Viden‘
685 4401 750 4441 ex
777 4396 974 4456 quanto
1008 4388 1175 4443 choro
1216 4389 1455 4444 decidit?
1491 4391 1664 4446 viden'
1700 4403 1895 4462 quanta
1935 4409 2054 4450 sese

470 4475 748 4546 disciplina
781 4479 1004 4548 privavit
1025 4478 1047 4532 ?
1071 4478 1246 4535 viden’
1270 4489 1523 4550 quantum
1555 4484 1625 4538 sit
1655 4483 1852 4538 malum
1877 4486 2056 4556 segni-

473 4569 617 4624 ties?
643 4567 810 4622 ludas
829 4609 842 4632 ,
868 4569 1047 4638 inquit
1072 4612 1086 4636 ,
1121 4569 1388 4626 lscariotes
1411 4614 1427 4639 ,
1458 4575 1580 4644 quia
1607 4574 1743 4629 alius
1781 4585 1896 4631 erat
1934 4575 2058 4632 huic

468 4661 803 4730 cognominis
827 4702 843 4729 ,
873 4662 961 4731 qui
983 4662 1258 4719 dicebatur
1279 4663 1483 4720 Jacobi.
1512 4666 1694 4723 Viden’
1715 4671 2056 4739 evangelich

470 4753 786 4824 sapientiam
811 4795 824 4818 ,
860 4754 949 4823 qui
980 4754 1128 4808 illum
1155 4769 1258 4809 non
1283 4771 1313 4809 a
1337 4756 1572 4812 facinore
1595 4799 1610 4824 ,
1642 4759 1734 4814 sed
1763 4775 1791 4814 a
1819 4761 1936 4816 loco
1963 4777 2061 4815 no-

471 4855 584 4900 tum
615 4846 768 4901 nobis
793 4845 924 4901 facit
944 4886 960 4911 ,
987 4846 1075 4916 qui
1102 4846 1262 4902 alium
1290 4864 1395 4903 non
1425 4865 1456 4903 a
1499 4850 1616 4906 loco
1639 4893 1654 4920 ,
1696 4851 1790 4906 sed
1822 4869 1850 4906 a
1893 4855 2059 4923 patris

473 4937 687 4991 iiornine
726 4937 1153 5008 cognoscendum
1194 4939 1348 4994 nobis
1394 4943 1614 5010 praebet.
1662 4943 1820 5013 Atqui
1866 4959 2056 4999 conse-

470 5038 700 5096 quenter
724 5032 949 5087 dixisset
975 5033 1164 5088 .ludam
1195 5034 1519 5104 proditorem
1545 5051 1558 5100 ;
1597 5047 1960 5092 verumtamen
2004 5048 2059 5093 ut

473 5135 571 5174 nos
597 5121 814 5179 doceret
843 5125 1075 5196 linguam
1099 5141 1316 5182 servare
1357 5141 1387 5181 a
1422 5129 1793 5185 criminatione
1833 5145 2056 5200 puram,

472 5228 502 5266 a
533 5215 820 5283 proditoris
849 5219 1066 5274 nomine
1101 5219 1351 5275 abstinet.
1383 5220 1659 5276 Discamus
1687 5222 1846 5292 igitur
1884 5223 2061 5278 inimi-

474 5317 658 5358 corum
701 5308 968 5363 neminem
1007 5324 1130 5365 cum
1174 5311 1418 5368 convicio
1457 5328 1774 5369 memorare.
1815 5312 1872 5369 Si
1916 5314 2058 5369 enim

476 5394 662 5450 beatus
689 5396 774 5451 hic
804 5400 883 5453 vir
908 5401 1232 5469 proditorem
1259 5404 1429 5460 noluit
1450 5405 1720 5460 criminari
1745 5447 1760 5471 ,
1801 5421 1921 5461 eum
1959 5407 2060 5462 hoc

476 5483 713 5556 iniquum
744 5485 946 5544 facinus
969 5502 1283 5561 enarraret,
1311 5495 1406 5551 sed
1435 5497 1535 5552 hoc
1557 5496 1770 5566 quidem
1799 5499 1960 5552 tacuit
1984 5539 1998 5563 .
2026 5513 2057 5553 a

474 5582 592 5636 loco
621 5592 799 5640 autem
835 5583 977 5641 unde
1015 5589 1287 5657 prodierat
1329 5601 1512 5646 notum
1554 5591 1700 5647 illum
1753 5591 1915 5646 fecit:
1953 5609 2054 5664 qua

470 5675 670 5732 eritnus
699 5679 850 5734 venia
877 5677 1018 5749 digni
1045 5720 1059 5746 ,
1089 5695 1208 5736 cum
1241 5685 1538 5752 proximum
1562 5686 1906 5742 criminamur
1933 5733 1945 5752 ,
1995 5707 2054 5744 ac

1181 231 1237 286 S.
1277 229 1555 288 JOANNIS
1593 230 2071 287 CllllYSOSTOMl
2112 231 2432 291 ARClllEP.
2473 235 3008 319 CONSTANTINQP.

3634 237 3742 292 38¢

2157 354 2300 410 ria-pe
2328 358 2433 397 non
2461 344 2632 398 solum
2662 345 2903 401 inimicos
2945 362 3066 400 cum
3109 349 3428 404 contumelia
3471 365 3742 406 memora-

2159 448 2277 486 mus
2301 476 2316 498 ,
2338 435 2430 487 sed
2452 436 2610 490 ctiam
2639 452 2732 490 eos
2757 477 2772 501 ,
2798 438 2887 504 qui
2916 453 3038 506 erga
3069 454 3166 492 nos
3195 440 3333 493 bene
3359 441 3532 495 allecti
3561 443 3748 495 viden-

2161 533 2264 577 tur.
2294 524 2372 578 Ne
2396 567 2412 591 ,
2441 540 2622 592 quaeso
2648 568 2662 592 ,
2697 527 2747 580 id
2787 543 3025 597 agamus.
3075 529 3128 582 ld
3173 539 3225 582 et
3266 530 3460 585 Paulus
3506 534 3752 601 praecipit

2158 615 2341 670 dicens
2370 635 2382 668 :
2423 616 2597 672 Omnis
2626 635 2785 671 sermo
2830 620 2992 672 malus
3030 622 3092 672 de
3130 638 3216 674 ore
3252 633 3413 675 vestro
3443 639 3506 675 ne
3533 626 3750 691 prodeat

2161 705 2395 777 (Ep/tes.
2434 709 2467 761 4
2493 751 2508 774 ,
2555 710 2688 777 29).
2740 708 2863 764 ldeo
2905 711 2973 764 ab
3012 710 3313 781 hnjusmodi
3358 714 3545 768 tuorbo
3591 715 3755 784 plane

2161 813 2325 867 purus
2355 799 2540 854 beatus
2567 800 2842 855 Matthqu
2870 803 3080 856 dicebat
3110 821 3123 855 :
3160 802 3297 857 Tunc
3323 805 3497 858 abiens
3526 821 3658 858 unus
3690 807 3757 857 de

2163 890 2462 956 duodecim,
2489 892 2577 958 qui
2602 893 2860 946 dicebatur
2877 893 2907 945 J
2917 895 3044 946 udas
3064 893 3332 948 Iscariotes
3357 936 3371 958 ,
3397 896 3466 948 ad
3491 898 3756 964 principes

2160 983 2476 1034 sacerdotum
2503 983 2631 1035 dixit
2657 1024 2670 1046 ,
2713 983 2848 1046 Quid
2879 983 3028 1037 vultis
3076 986 3198 1037 milii
3234 985 3375 1049 dare,
3403 994 3447 1038 ct
3486 1002 3579 1056 ego
3619 987 3761 1040 robis

2162 1072 2361 1124 trudam
2386 1089 2499 1126 eum
2523 1073 2610 1126 ?0
2635 1074 3015 1127 exsecrandum
3041 1090 3222 1128 vocem
3249 1074 3262 1128 !
3286 1092 3319 1128 o
3341 1077 3588 1129 insanum
3615 1077 3751 1128 faei-

2162 1179 2260 1217 nus
2287 1165 2298 1218 !
2333 1167 2464 1218 Dum
2496 1167 2607 1219 haec
2627 1167 2801 1236 cogito
2828 1207 2843 1232 ,
2872 1177 3044 1222 tremo
3067 1209 3081 1234 ,
3106 1168 3306 1222 dilecti.
3328 1168 3609 1235 Quomodo
3632 1168 3759 1221 talis

2163 1271 2269 1310 vox
2300 1271 2365 1311 ex
2396 1271 2489 1312 ore
2519 1259 2756 1312 exsiliit?
2795 1260 3062 1328 quomodo
3104 1261 3336 1329 linguam
3377 1262 3584 1315 movit?
3615 1277 3759 1330 quo—

2163 1350 2323 1403 modo
2348 1350 2526 1404 anima
2552 1365 2582 1404 a
2611 1365 2836 1420 corpore
2863 1367 2967 1406 non
2993 1353 3294 1406 abscessit?
3320 1353 3590 1422 quomodo
3616 1353 3765 1408 labia

2164 1458 2271 1496 non
2301 1443 2735 1512 obtorpuerunt?
2762 1446 3029 1514 quomodo
3060 1461 3165 1499 non
3195 1456 3375 1498 mente
3401 1447 3673 1500 exceSsit‘l

2171 1522 2178 1529 ’
2232 1536 2286 1589 5.
2329 1536 2464 1600 Quid
2489 1537 2635 1590 vultis
2660 1539 2784 1590 milii
2810 1539 2950 1602 dare,
2975 1550 3020 1591 et
3036 1554 3126 1608 ego
3142 1539 3278 1591 vobis
3302 1539 3500 1591 tradam
3524 1555 3638 1591 eum
3657 1536 3763 1592 7-

2163 1625 2256 1681 Dic
2281 1627 2409 1680 mihi
2436 1669 2450 1693 ,
2478 1627 2613 1682 Juda
2633 1671 2649 1696 ,
2696 1628 2929 1685 lueeeine
2963 1631 3216 1699 magister
3257 1639 3402 1684 tanto
3431 1641 3674 1699 tempore
3705 1641 3763 1686 te

2163 1717 2386 1773 docuit?
2415 1720 2557 1774 itane
2584 1720 2638 1774 in
2665 1721 2990 1776 oblivionem
3033 1721 3390 1790 frequentium
3430 1722 3762 1775 admonitio-

2160 1827 2289 1866 num
2319 1811 2509 1866 venisti
2535 1811 2557 1864 ?
2583 1828 2760 1866 nonne
2787 1812 2908 1866 ideo
2941 1812 3110 1877 dixit,
3162 1811 3338 1866 Nolite
3376 1814 3634 1882 possidere
3655 1831 3759 1865 au-

2163 1921 2278 1958 rum
2298 1946 2315 1968 ,
2346 1921 2505 1974 neque
2527 1916 2786 1976 argentum
2815 1905 2835 1975 (
2865 1904 3048 1958 Matth.
3075 1904 3141 1959 l0
3160 1945 3175 1971 ,
3205 1905 3303 1973 9),
3335 1915 3393 1958 ut
3413 1904 3524 1975 jam
3571 1905 3692 1960 inde
3723 1922 3760 1959 εδ

2163 1997 2428 2067 principio
2457 2008 2604 2052 tuum
2634 2013 2758 2067 erga
2790 1998 3048 2068 pecunias
3074 1996 3306 2052 furorem
3336 1999 3761 2068 comprimeret?

2163 2106 2342 2146 nonne
2384 2091 2696 2146 hortabatur
2737 2091 2964 2147 dicens:
3013 2093 3075 2146 Si
3117 2093 3227 2162 quis
3273 2104 3322 2146 te
3363 2096 3660 2163 percusserit
3701 2096 3759 2147 in

2164 2186 2426 2239 maxillam
2451 2187 2708 2240 dexteram
2732 2227 2748 2251 ,
2769 2196 2906 2239 certe
2929 2186 3006 2239 illi
3025 2195 3071 2239 et
3097 2187 3250 2239 aliam
3284 2185 3504 2258 (Matth.
3535 2188 3568 2241 5
3589 2230 3608 2253 ,
3630 2187 3761 2254 59)?

2172 2275 2279 2331 Cur
2297 2318 2313 2344 ,
2343 2294 2524 2347 quaeso
2547 2319 2563 2343 ,
2605 2280 2915 2349 magistrum
2943 2278 3166 2348 prodis?
3194 2293 3261 2334 an
3289 2281 3408 2350 quia
3440 2289 3761 2350 potestatem

2167 2366 2264 2421 tibi
2290 2367 2439 2422 dedit
2464 2367 2721 2423 adversus
2747 2368 3006 2422 daemonia
3033 2409 3048 2433 ,
3079 2370 3148 2422 ita
3170 2379 3226 2422 ut
3253 2370 3467 2424 morbos
3495 2385 3711 2424 curares
3736 2411 3758 2434 ,

2163 2462 2405 2530 leprosos
2433 2461 2720 2516 mundares
2741 2504 2758 2528 ,
2789 2471 2844 2517 et
2872 2463 2972 2516 alia
3003 2456 3169 2517 multa
3199 2463 3453 2516 miracula
3479 2473 3756 2532 perpetra:

2165 2554 2299 2608 res?
2328 2569 2424 2623 pro
2452 2553 2605 2609 hisne
2629 2554 2903 2609 beneficiis
2930 2554 3044 2608 hmo
3088 2555 3161 2608 illi
3199 2555 3415 2624 praamia
3461 2555 3710 2609 retribuis
3734 2556 3763 2604 7

2163 2643 2208 2700 0
2234 2643 2469 2699 furorem
2494 2685 2509 2710 ,
2541 2646 2648 2700 imo
2669 2649 2846 2715 potius
2871 2687 2886 2712 ,
2914 2647 3188 2699 avaritiam
3213 2648 3226 2700 !
3273 2645 3382 2698 haec
3421 2647 3566 2699 enim
3614 2647 3760 2701 mala

2165 2736 2340 2789 omnia
2369 2737 2588 2790 avaritia
2615 2739 2857 2806 peperit,
2884 2737 3031 2790 radix
3062 2736 3149 2790 illa
3174 2738 3424 2790 malorum
3451 2777 3464 2798 ,
3494 2752 3617 2804 qua:
3637 2739 3755 2790 ani-

2167 2839 2282 2880 mas
2311 2835 2521 2881 nostras
2545 2827 2858 2881 obtenebrat
2881 2867 2897 2889 ,
2921 2842 3128 2881 necnon
3156 2827 3289 2896 ipsos
3317 2827 3458 2896 leges
3489 2837 3701 2880 natura-
3728 2869 3746 2890 ,

2163 2934 2282 2988 qua!
2311 2918 2362 2973 id
2391 2920 2586 2985 efﬁcit,
2622 2931 2678 2974 ut
2707 2929 2886 2974 mente
2907 2920 3222 2974 excedamus
3245 2961 3260 2986 ,
3286 2935 3460 2987 neque
3481 2921 3747 2988 permittit

2169 3019 2226 3064 ut
2255 3011 2337 3065 vel
2365 3011 2611 3066 amicitia:
2635 3053 2651 3076 ,
2697 3012 2781 3065 vel
2809 3012 3137 3081 cognationis
3160 3053 3174 3077 ,
3220 3012 3305 3065 vel
3332 3011 3546 3064 alterius
3575 3011 3759 3079 cujus-

2163 3103 2303 3172 piam
2349 3102 2692 3156 recordemur
2722 3121 2734 3157 :
2767 3102 2860 3156 sed
2893 3103 3062 3157 semel
3103 3116 3379 3156 exercearis
3400 3101 3577 3155 oculos
3601 3118 3759 3154 meno

2165 3193 2234 3247 tis
2263 3203 2460 3247 nostra:
2479 3233 2495 3259 ,
2523 3208 2622 3247 nos
2654 3193 2707 3246 in
2736 3193 2971 3248 tenebris
2999 3193 3245 3248 incedere
3271 3191 3413 3246 facit.
3446 3192 3510 3245 Et
3547 3200 3604 3246 ut
3647 3191 3754 3246 hoc

2169 3286 2313 3340 clare
2366 3286 2580 3348 discas,
2624 3285 2743 3339 vide
2786 3297 2982 3355 quanta
3023 3294 3149 3338 tunc
3199 3285 3420 3354 ejeeerit
3462 3299 3528 3338 ex
3573 3283 3754 3336 anima

2165 3379 2333 3434 ludo).
2361 3377 2715 3447 Subingressa
2757 3377 2944 3430 lSlllch
2970 3377 3193 3431 avaritia
3219 3417 3234 3442 ,
3275 3374 3538 3444 colloquia
3568 3416 3582 3439 ,
3629 3390 3762 3428 con-

2164 3471 2500 3526 suetudinem
2526 3513 2540 3537 ,
2564 3471 2996 3524 communionem
3015 3510 3028 3532 ,
3057 3467 3351 3521 mirabilem
3382 3467 3522 3521 illam
3552 3465 3762 3519 doctri-

2167 3581 2325 3628 nam,
2353 3565 2529 3619 omnia
2557 3607 2571 3630 ,
2623 3565 2836 3633 inquam
2863 3603 2878 3629 ,
2924 3562 3010 3616 illa
3049 3562 3101 3615 in
3147 3560 3465 3614 oblivionem
3505 3558 3747 3612 adduxit.

2169 3656 2397 3711 Pulchre
2436 3655 2646 3710 dicebat
2685 3655 2900 3718 Paulus,
2944 3653 3114 3706 Radix
3144 3652 3367 3705 omnium
3397 3651 3651 3703 medorum
3686 3658 3762 3701 est

2165 3747 2379 3801 avaritia
2418 3747 2491 3816 (l.
2518 3744 2654 3799 Tim.
2676 3746 2730 3810 6,
2752 3744 2872 3815 l0).
2909 3743 3044 3811 Quid
3070 3743 3214 3796 vultis
3248 3741 3372 3794 mihi
3409 3741 3552 3802 dare,
3577 3749 3624 3792 ct
3667 3754 3760 3808 ego

2163 3841 2297 3894 vobis
2339 3841 2537 3892 tradam
2584 3838 2750 3892 eum?
2793 3837 3014 3903 Tradis,
3055 3833 3228 3898 Juda,
3273 3849 3395 3889 eum
3441 3833 3535 3904 qui
3577 3833 3756 3887 omnia

2167 3935 2405 3988 continet
2433 3932 2638 3987 verbo?
2667 3930 2852 3985 vendis
2895 3927 3481 3998 incomprehensibilem
3505 3967 3518 3987 ,
3548 3934 3600 3979 et
3641 3926 3759 3994 opi-

2167 4026 2322 4079 ﬁcem
2351 4025 2467 4079 caeli
2501 4033 2556 4078 et
2583 4033 2740 4078 terra:
2764 4063 2780 4088 ,
2811 4031 3107 4076 creatorem
3154 4028 3356 4072 natura:
3383 4026 3580 4070 nostra:
3605 4056 3620 4080 ,
3667 4016 3761 4084 qui

2167 4118 2332 4173 verbo
2359 4125 2415 4172 et
2441 4127 2574 4171 nutu
2613 4115 2790 4170 omnia
2831 4112 3152 4168 constituit?
3201 4110 3266 4165 Ut
3311 4109 3469 4180 igitur
3511 4107 3761 4162 ostendat

2167 4209 2308 4281 quod
2338 4209 2528 4262 lubens
2557 4207 2782 4261 traditus
2811 4205 2880 4258 sit
2904 4245 2918 4269 ,
2950 4203 3071 4258 audi
3100 4201 3226 4272 quid
3254 4200 3428 4256 faciat.
3471 4200 3589 4269 Ipso
3618 4213 3751 4268 pro-

2165 4299 2384 4354 ditionis
2410 4307 2650 4366 tempore
2674 4338 2688 4360 ,
2721 4295 2934 4366 quando
2965 4296 3274 4348 invaserunt
3317 4307 3438 4347 eum
3475 4305 3594 4345 cum
3638 4289 3757 4358 gla-

2171 4391 2275 4446 diis
2303 4398 2358 4444 et
2387 4389 2540 4458 lignis
2563 4429 2578 4453 ,
2611 4387 2944 4457 lampadibus
2966 4394 3022 4439 et
3067 4384 3286 4438 lalernis
3317 4382 3556 4436 instructi
3586 4424 3600 4445 ,
3629 4381 3764 4434 dicit

2165 4482 2246 4537 eis
2274 4499 2286 4536 :
2339 4479 2500 4546 Quem
2535 4479 2756 4550 quieritis
2800 4478 2818 4547 (
2847 4475 3004 4530 Joan.
3035 4474 3102 4530 l8
3126 4517 3141 4541 ,
3173 4475 3207 4529 4
3239 4473 3296 4544 )?
3339 4474 3408 4528 Et
3442 4473 3767 4541 ignorabant

2172 4588 2293 4629 eum
2321 4613 2335 4638 ,
2379 4588 2536 4644 quem
2582 4570 2785 4641 capturi
2825 4578 2996 4624 erant.
3045 4568 3270 4622 Tantum
3315 4566 3499 4621 aberat
3537 4576 3597 4620 ut
3638 4581 3764 4619 enim

2169 4667 2396 4737 prodere
2441 4673 2660 4735 posset,
2690 4663 2778 4733 qui
2825 4677 2995 4730 neque
3033 4671 3353 4731 przesentem
3405 4676 3528 4716 eum
3579 4660 3766 4714 videre

2167 4769 2414 4830 poterat,
2444 4773 2604 4828 quem
2633 4756 2920 4810 traditurus
2959 4763 3075 4808 erat
3100 4796 3114 4818 ,
3165 4754 3266 4807 etsi
3311 4763 3387 4806 tot
3426 4751 3767 4820 lampadibus

2168 4851 2560 4920 luminibusque
2589 4850 2896 4903 instructus.
2920 4846 3072 4912 Quod
3097 4846 3240 4900 enim
3266 4845 3378 4898 huic
3401 4844 3767 4898 subindicaret

2166 4958 2288 4998 cum
2343 4943 2477 4996 dixit
2519 4958 2614 4996 eos
2655 4950 2708 4995 et
2752 4937 3023 5008 lampades
3076 4944 3132 4990 et
3174 4936 3406 4990 laternas
3460 4934 3719 4988 habuisse
3746 4975 3762 4996 .

2167 5050 2341 5105 neque
2369 5037 2447 5088 sic
2474 5049 2594 5088 eum
2624 5031 2888 5086 invenisse
2914 5071 2928 5094 ,
2968 5028 3019 5083 id
3050 5029 3223 5082 innuit
3249 5042 3369 5081 cum
3399 5028 3472 5079 ait
3494 5067 3510 5089 ,
3547 5023 3615 5077 Et
3656 5025 3764 5076 Ju-

2166 5128 2260 5182 das
2289 5126 2451 5180 stabat
2475 5141 2587 5178 cum
2612 5123 2714 5177 illis
2739 5162 2753 5188 ,
2785 5123 2829 5175 is
2859 5121 2944 5190 qui
2973 5120 3218 5182 dixerat;
3250 5115 3362 5188 Ego
3389 5117 3526 5170 vobis
3553 5114 3758 5168 tradam

2165 5239 2300 5276 cum.
2331 5221 2528 5275 Eorum
2554 5218 2748 5287 quippe
2769 5223 3004 5269 mentem
3024 5212 3310 5268 excaecavit
3331 5251 3344 5275 .
3377 5218 3432 5263 ut
3459 5210 3756 5278 potentiam

2166 5328 2315 5368 suam
2345 5309 2689 5374 ostenderet,
2714 5318 2768 5361 et
2799 5307 2872 5360 illi
2893 5305 3160 5360 discerent
3179 5317 3241 5356 ea
3269 5317 3329 5356 se
3352 5299 3572 5369 aggredi
3597 5341 3612 5361 ,
3635 5313 3757 5367 qua:

2166 5407 2279 5462 ﬁeri
2313 5421 2416 5460 nou
2447 5411 2684 5474 possent.
2730 5399 2932 5453 Deinde
2966 5397 3144 5452 audita
3181 5395 3296 5465 ejus
3335 5409 3466 5448 voce
3511 5393 3754 5446 abierunt

2166 5497 2377 5568 supini,
2408 5505 2463 5552 et
2486 5494 2791 5551 ceciderunt
2818 5491 2873 5545 in
2904 5501 3120 5546 terram.
3150 5485 3342 5542 Vidisti
3380 5483 3646 5556 quomodo
3676 5496 3750 5535 ne

2167 5606 2350 5647 vocem
2371 5589 2584 5660 quidem
2614 5588 2752 5642 ferre
2782 5593 3104 5655 potuerunt,
3132 5580 3226 5635 sed
3251 5579 3502 5650 prolapso
3532 5577 3759 5632 infirmi-

2170 5698 2331 5744 tatem
2373 5699 2522 5740 suam
2565 5677 3038 5737 demonstrarunt?
3091 5671 3223 5728 Vide
3272 5671 3483 5727 Domini
3519 5671 3752 5725 clemen-
