4062 6206
292 282 403 338 585

292 399 547 451 ἐσπευσε.
576 396 818 466 Κάκείνη
863 397 961 468 μὲν
1000 396 1092 450 ἀπ’
1137 395 1300 451 a6106
1341 396 1435 451 106
1478 396 1751 468 πυθμένος
1782 397 1879 465 τῆς

292 480 491 544 κακίας
514 482 594 544 εἰς
619 476 780 535 αὐτὸν
805 480 897 533 τὸν
924 481 1153 552 οὐρανὸν
1182 480 1412 551 ἀνῆλθεν
1429 498 1444 513 ο
1474 472 1631 544 οὗτος
1651 480 1708 533 δέ
1744 481 1881 551 μετά

294 564 466 638 μυρία
511 563 770 635 θαύματα
811 564 906 618 καὶ
939 567 1159 635 σημεῖα,
1191 569 1329 634 μετά
1367 563 1467 635 τὴν
1503 563 1770 635 τοσαύτην
1800 564 1880 617 δι-

291 645 609 707 δασκαλίαν,
636 647 774 716 μετά
804 646 902 718 τὴν
930 647 1135 716 ἄφατον
1167 646 1597 716 συγκατάϐασιν,
1618 647 1699 709 είς
1720 647 1881 700 αὐτὸν

291 733 386 787 10v
419 730 669 803 πυθμένα
699 731 808 785 τῶν
838 731 1123 803 ταρτάρων
1152 734 1444 787 κατέπεσε.
1475 729 1741 784 Τοσοῦτόν
1768 729 1880 782 ἐστι

296 815 540 888 ῥᾳθυμία
580 813 749 869 κακὸν
797 815 891 867 καὶ
931 811 1079 886 [589]
1132 815 1448 887 προαίρεσις
1488 812 1878 886 διεφθαρμένη.

292 898 387 952 Διὸ
422 898 517 951 καὶ
558 896 768 961 Παῦλος
819 895 1032 965 ἐλεγεν·
1074 897 1137 949 '0
1178 895 1375 951 δοκῶν
1418 895 1688 962 ἑστάναι,
1730 896 1879 959 ,βλε-

293 984 453 1038 πέτω
474 982 557 1055 μὴ
584 981 745 1052 πέσῃ
766 1001 780 1014 ·
811 983 904 1037 καὶ
933 985 962 1036 0
996 983 1283 1054 προφήτης
1319 983 1487 1037 πάλαι
1530 983 1688 1037 ἐϐόα·
1718 981 1814 1050 Μὴ
1849 984 1882 1036 ό

294 1069 533 1122 πίπτων
572 1068 684 1121 οὐκ
731 1066 1088 1130 ἀνίσταται;
1145 1065 1183 1133 ἢ
1238 1069 1270 1119 ὁ
1325 1064 1720 1134 ἀποστρέφων
1770 1066 1883 1119 οὐκ

291 1150 679 1219 ἐπιστρέφου
712 1149 798 1202 ἵνα
833 1154 970 1220 μήτε
1009 1150 1038 1202 0
1086 1147 1257 1213 ἑστὼς
1281 1148 1479 1222 θαρρῇ,
1511 1149 1625 1202 ἀλλ’
1671 1147 1879 1217 ἐναγώο

293 1231 466 1306 νιος
493 1230 778 1305 διηνεκῶς,
808 1232 947 1302 μήτε
987 1232 1015 1284 0
1048 1230 1376 1285 καταπεσὼν
1406 1230 1627 1303 ἀπογνῷ
1663 1229 1878 1284 ἐαυτοῦ.

293 1315 542 1386 Τοσαύτη
567 1314 676 1386 γάρ
700 1314 733 1384 ἠ
770 1313 998 1385 δύναμις
1028 1314 1122 1367 τοῦ
1152 1314 1492 1378 διδασκάλου,
1518 1314 1594 1378 ώς
1618 1314 1713 1368 καὶ
1743 1313 1879 1385 πόρ-

295 1413 392 1458 νας
416 1395 504 1451 καὶ
531 1397 769 1460 τελώνας
796 1397 1205 1451 ἐπισπάσασθαι
1232 1397 1370 1469 πρὸς
1390 1398 1489 1471 τὴν
1516 1395 1722 1452 οίηίαν
1751 1397 1883 1451 ὐπο-

293 1482 471 1553 ταγήν

367 1600 436 1653 Τί
453 1594 547 1655 οὖν
573 1616 774 1671 φησιν;
815 1601 873 1655 ὀ
906 1602 1109 1674 πόρνας
1137 1603 1606 1674 ἐπισπασάμενος,
1629 1601 1881 1675 μαθητὴν

293 1683 401 1736 οὐκ
437 1682 652 1754 ῑσχυσεν
687 1685 1137 1751 ἐπισπάσασθαι;
1180 1687 1309 1751 Ναὶ,
1353 1686 1539 1757 ἴσχυεν
1568 1687 1881 1740 ἐπισπάσα-

298 1767 426 1821 σθαι
475 1767 570 1821 καὶ
619 1767 710 1821 τὸν
763 1767 1013 1841 μαθητήν
1038 1785 1054 1801 ⁸
1107 1769 1222 1823 ἀλλ’
1273 1770 1375 1823 οὐκ
1408 1769 1663 1823 ἐϐούλετο
1718 1770 1879 1823 αὑτὸν

295 1850 515 1923 ἀνάγκη
541 1852 768 1921 ποιῆσαι
806 1851 992 1916 καλὸν,
1026 1852 1145 1906 οὐδὲ
1184 1852 1275 1924 βίᾳ
1302 1852 1529 1908 ἑλκύσαι
1557 1853 1720 1907 αὐτὸν
1745 1852 1881 1924 πρὸς

297 1934 513 1988 ἑαυτόν.
545 1934 646 1988 Διά
669 1933 828 1989 τοῦτο
864 1937 893 1989 0
924 1935 1703 2008 εύαγγελιστὴς“διηγούμενος
1750 1938 1881 2007 ἡμῖν

295 2019 368 2071 τά
401 2020 545 2072 κατά
586 2018 682 2072 10v
735 2018 986 2091 μαθητὴν
1028 2019 1120 2073 10v
1147 2019 1443 2089 ἀγνώμονα
1488 2020 1678 2089 ἐλεγε’
1738 2020 1881 2076 Τότε

297 2102 631 2172 πορευθείς,
675 2105 974 2170 τουτέστιν,
1009 2106 1109 2176 οὐχ
1141 2105 1231 2175 ὑφ’
1254 2106 1457 2177 ἐτέρων
1487 2104 1730 2175 κληθεὶς,
1755 2103 1879 2159 οὔτε

298 2186 544 2257 βιασθεὶς
575 2186 707 2259 παρ’
723 2188 908 2255 ἄλλου,
933 2189 1057 2243 ούδέ
1086 2189 1217 2262 παρ’
1252 2189 1440 2261 ἐτέρου
1468 2188 1761 2260 δεξάμενος
1781 2191 1882 2261 τὴν

297 2271 652 2343 προτροπὴν,
709 2272 827 2326 ἀλλ’
890 2272 1105 2327 οἴκοθεν
1185 2273 1507 2344 κινούμενος
1569 2274 1662 2327 ἐπὶ
1723 2274 1883 2327 τοῦτο

295 2354 537 2425 ἐτράπη,
563 2354 777 2419 δεικνὺς
797 2355 880 2410 ὃτι
907 2356 1250 2428 αὐτομάτως,
1291 2356 1385 2410 καὶ
1413 2355 1474 2421 ἐξ
1498 2355 1705 2419 οἰκείας
1738 2354 1880 2424 γνὼ-

300 2452 410 2508 μης
456 2438 549 2489 ἐπὶ
577 2436 638 2490 10
681 2437 999 2510 παράνομον
1046 2438 1205 2493 τοῦτο
1228 2439 1486 2510 τῶμημα
1514 2439 1794 2510 ὥρμησεν,
1820 2437 1880 2505 ἐξ

297 2519 557 2590 οὐδεμιᾶς
577 2520 758 2584 αἰτίας
778 2521 1119 2593 κινούμενος,
1146 2523 1262 2577 ἀλλ’
1276 2522 1381 2576 ὑπὸ
1394 2523 1495 2593 τῆς
1526 2521 1880 2593 πηγαξούσης

297 2601 512 2655 ἔνδοθεν
545 2603 744 2667 κακίας
770 2605 862 2657 ἐπὶ
892 2606 993 2677 τὴν
1014 2605 1304 2677 προδοσίαν
1331 2603 1426 2658 τοῦ
1456 2604 1728 2658 Δεσπότου
1758 2606 1882 2658 ἐαυ-

296 2685 390 2739 τὸν
426 2685 648 2757 ώθήσας
668 2704 682 2718 ο
722 2688 862 2741 Τότε
898 2687 1210 2755 πορευθείς
1233 2684 1322 2754 εἷς
1345 2685 1465 2741 τῶν
1494 2685 1742 2740 δώδεκα.
1772 2686 1883 2739 Kal

297 2768 457 2822 τοῦτο
483 2771 544 2822 ού
565 2769 763 2841 μικρὸν
791 2769 1043 2841 ἔγκλημα
1058 2771 1120 2824 10
1148 2772 1345 2837 εἰπεῖν,
1365 2765 1471 2837 Είς
1485 2769 1604 2823 τῶν
1629 2766 1878 2823 δώδεκα.

311 2850 531 2924 Ἐπειδή
562 2852 674 2924 γάρ
698 2847 842 2924 ἦσαν
865 2854 964 2907 καὶ
991 2854 1173 2925 ἐτεροι
1200 2853 1574 2924 ἐϐδομήκοντα
1614 2852 1879 2924 μαθηταὶ,

293 2932 388 2988 διὰ
415 2934 576 2987 τοῦτο
604 2931 778 3001 εἶπεν,
838 2930 943 3002 Εἷς
992 2934 1113 2989 τῶν
1156 2934 1408 3002 δώδεκα,
1460 2934 1730 2999 τουτέστι,
1769 2933 1881 2988 τῶν

295 3016 593 3088 ἐγκρίτων,
620 3018 730 3073 τῶν
753 3019 851 3072 καὶ
883 3018 1005 3074 καθ’
1030 3018 1270 3090 ἑκάστην
1323 3017 1475 3090 αὐτῷ
1513 3034 1878 3089 συναναστρε-

296 3101 577 3174 φομένων,
603 3102 713 3156 τῶν
744 3102 947 3173 πολλῆς
978 3102 1361 3157 ἀπολαυόντων
1400 3103 1501 3174 τῆς
1543 3102 1878 3173 παρρησίας.

297 3184 421 3239 ’Ὶνα
446 3180 538 3239 οὖν
566 3184 745 3259 μάθῃς
774 3187 857 3240 ὅτι
884 3186 1134 3259 μαθητὴς
1164 3182 1233 3258 ἦν
1260 3184 1370 3241 τῶν
1399 3184 1661 3256 δοκίμων,
1692 3184 1877 3255 φησιν’

294 3262 402 3336 Εἷς
427 3267 548 3322 τῶν
571 3268 823 3324 δώδεκα.
863 3271 977 3323 Kal
995 3270 1057 3324 οὐ
1086 3269 1418 3341 παρασιωπᾷ
1449 3267 1625 3322 ταῦτα
1653 3267 1880 3339 γράφων

295 3353 327 3406 0
341 3351 758 3425 εὐαγγελιστής,
775 3352 861 3406 ἵνα
881 3353 946 3406 σὺ
974 3351 1219 3417 πεισθεὶς
1244 3353 1328 3406 ὅτι
1348 3350 1520 3405 ταῦτα
1535 3351 1604 3405 τὰ
1620 3349 1882 3405 δοκοῦντα

298 3438 641 3491 ἐπονείδιστα
690 3434 831 3491 εἶναι
885 3436 1125 3492 δείκνυσι
1159 3435 1255 3490 τοῦ
1289 3436 1560 3491 Δεσπότου
1609 3436 1709 3506 τὴν
1744 3434 1881 3506 πρὸς

297 3522 448 3592 ἡμᾶς
494 3520 838 3593 κηδεμονίαν,
886 3520 969 3573 ὃτι
1018 3519 1111 3573 τὸν
1160 3519 1451 3590 προδότην,
1498 3518 1595 3572 τὸν
1640 3518 1881 3589 κλέπτην

295 3602 571 3658 τοσούτων
605 3603 837 3674 ἠξίωσεν
886 3601 1133 3672 ἀγαθῶν,
1181 3604 1279 3656 καὶ⁵
1320 3603 1487 3676 μέχρι
1514 3604 1615 3674 τῆς
1642 3603 1882 3673 ἐσχάτης

297 3688 542 3759 ἑσπέρας
590 3689 843 3761 παρῄνει.
867 3682 1024 3751 Εἶδες
1069 3687 1188 3751 πῶς
1230 3689 1264 3759 ἠ
1311 3688 1489 3759 πόρνη
1525 3687 1625 3758 μὲν
1666 3686 1880 3758 ἐσώθη,

297 3773 492 3846 ἐπειδή
518 3772 701 3843 ἔνιψεν
723 3789 737 3803 ’
770 3775 799 3826 0
849 3772 1098 3845 μαθητὴς
1135 3772 1192 3825 δέ
1221 3772 1549 3844 ρᾳθυμήσας
1576 3770 1878 3839 κατέπεσε;

296 3856 393 3929 Μὴ
411 3856 593 3910 τοίνυν
622 3855 879 3926 ἀπογνῷς
903 3855 1097 3909 ἐαυτοῦ
1118 3855 1257 3926 πρὸς
1284 3854 1381 3925 τὴν
1409 3854 1617 3926 πόρνην
1638 3852 1881 3923 ἀφορῶν,

303 3941 443 4016 μηδέ
478 3939 761 4011 θαρσήσῃς
795 3938 960 3992 πάλιν
987 3938 1127 4010 πρὸς
1152 3938 1254 4008 τὴν
1281 3937 1375 3991 τοῦ
1410 3936 1655 4009 μαθητοῦ
1675 3937 1884 4009 τόλμαν

295 4022 507 4079 ἀπιδών
522 4040 537 4055 ·
564 4024 850 4094 ἀμφότερα
876 4023 987 4095 γάρ
1010 4021 1252 4093 ὀλέθρια.
1287 4021 1578 4086 Εύόλισθος
1596 4022 1707 4094 γάρ
1725 4021 1885 4093 ἡμῶν

295 4112 334 4181 ἠ
362 4108 582 4182 γνώμη,
606 4107 1032 4180 εὐπερίτρεπτος
1072 4109 1107 4177 ἠ
1137 4107 1459 4179 προαίρεσις
1479 4122 1492 4136 ’
1514 4106 1596 4162 διὸ
1619 4107 1883 4163 πάντοθεν

298 4191 697 4263 άοφαλίζεσθαι
735 4192 866 4263 χρή.
907 4190 1044 4244 Τότε
1088 4190 1401 4260 πορευθείς
1428 4185 1518 4257 εἷς
1558 4190 1678 4244 τῶν
1707 4190 1884 4245 δώδε-

299 4292 401 4343 κα,
455 4274 684 4342 Ἰούδας
726 4278 758 4329 ό
800 4272 1195 4342 Ἰσκαριώτης.
1229 4274 1395 4347 Ὁρᾷς
1425 4273 1579 4327 ποίου
1605 4273 1764 4347 χοροῦ
1794 4273 1883 4340 ἐξ-

302 4361 536 4423 έπεσεν;
585 4361 719 4430 ὁρᾷς
758 4357 918 4421 ποίας
948 4356 1296 4421 διδασκαλίας
1328 4359 1519 4412 ἐαυτὸν
1544 4359 1839 4432 ἐστέρησεν
1866 4375 1881 4426 ;

299 4447 437 4518 δρᾷς
486 4444 652 4498 πόσον
706 4443 875 4497 κακὸν
924 4444 959 4513 ἠ
1008 4441 1286 4514 ρᾳθυμία;
1350 4442 1583 4507 Ἰούδας,
1622 4446 1818 4515 φησιν,
1856 4445 1886 4497 0

315 4530 688 4603 Ἰσκαριώτης,
726 4528 916 4601 ἐπειδὴ
967 4529 1152 4599 ἕτερος
1200 4524 1269 4599 ἦν
1317 4527 1493 4599 τούτῳ
1532 4526 1821 4599 ὁμώνυμος
1857 4530 1886 4580 0

300 4616 595 4688 λεγόμενος
637 4613 915 4670 Ἰακώϐου.
968 4614 1132 4687 Ὁρᾷς
1185 4612 1279 4667 τοῦ
1336 4611 1730 4681 εὐαγγελιστοῦ
1784 4613 1886 4683 τὴν

303 4701 523 4773 σοφίαν,
554 4701 640 4756 ὃτι
669 4701 771 4756 οὐκ
800 4700 911 4756 ἀπὸ
940 4701 1036 4755 τοῦ
1068 4699 1443 4771 τολμήματος.
1487 4698 1603 4753 ἀλλ’
1643 4699 1751 4753 ἀπδ
1791 4699 1885 4752 τοῦ

299 4787 493 4853 τόπου,
518 4785 677 4857 δῆλον
716 4788 851 4857 ἡμῖν
877 4784 1041 4841 αὐτὸν
1076 4786 1240 4846 ποιεῖ,
1270 4786 1481 4837 ἐκεῖνον
1504 4783 1605 4837 οὐκ
1634 4782 1744 4836 ἀπὸ
1788 4781 1884 4836 τοῦ

299 4873 494 4935 τόπου,
525 4871 641 4925 ἀλλ’
672 4870 911 4941 ἀπὺθτῆς
942 4869 1337 4940 πατρωνυμίας
1379 4866 1654 4939 γνώριμον
1682 4867 1884 4932 ποιῶν;

301 4960 501 5017 Καίτοι
555 4973 619 5027 γε
669 4955 960 5011 ἀκόλουθον
1006 4953 1076 5027 ἦν
1128 4955 1322 5020 εἰπεῖν,
1380 4954 1576 5009 Ἰούδαν
1624 4953 1717 5007 10v
1748 4968 1885 5025 προ·

301 5046 466 5116 δότην
485 5063 501 5079 ·
532 5042 648 5098 ἀλλ’
691 5043 780 5098 ἵνα
812 5042 959 5114 ἡμᾶς
997 5041 1262 5114 παιδεύσῃ
1307 5040 1554 5113 καθαράν
1588 5040 1730 5113 ἔχειν
1759 5057 1889 5094 κατ-

302 5128 538 5203 ηγορίας
589 5126 690 5198 τήν
745 5125 1000 5195 γλῶσσαν
1026 5164 1042 5190 ,
1096 5124 1191 5179 καί⁵
1246 5124 1380 5179 αὐτὸ
1433 5124 1497 5177 10
1541 5125 1716 5178 εἰπεῖν
1757 5141 1889 5195 προ-

304 5213 463 5270 δότου
521 5212 781 5284 φείδεται.
841 5208 1233 5281 Παιδευώμεθα
1284 5209 1464 5263 τοίνυν
1523 5210 1727 5282 μηδένα
1781 5210 1888 5266 τῶν

306 5297 523 5371 ἐχθρῶν
580 5296 768 5362 κακῶς
822 5293 1153 5367 μεμνῆσθαι.
1223 5294 1287 5347 El
1345 5293 1455 5365 γάρ
1523 5296 1553 5347 0
1621 5296 1887 5367 μακάριος

303 5377 463 5446 οὖτος
495 5380 592 5436 τοῦ
643 5379 904 5452 προδότου
934 5379 1037 5433 οὐκ
1088 5377 1349 5448 ἠνέσχετο
1380 5380 1789 5450 κατηγορῆσαι,
1831 5380 1892 5434 10

306 5469 630 5539 παράνομον
676 5464 836 5519 τοῦτο
866 5465 1123 5536 τόλμημα
1155 5461 1531 5534 διηγούμενος,
1586 5464 1744 5520 τοῦτο
1793 5466 1893 5537 μέν

308 5550 717 5621 ἀπεσιώπησεν,
742 5547 849 5603 ἀπὺ
871 5547 929 5602 δέ
963 5546 1057 5602 τοῦ
1087 5547 1274 5614 τόπου,
1310 5546 1430 5602 ὅθεν
1453 5546 1697 5621 ὥρμητο,
1734 5550 1893 5622 δῆλον

308 5636 474 5692 αὐτὸν
504 5637 649 5689 ποιεῖ
667 5651 680 5665 ο
717 5634 875 5697 ποίας
902 5633 970 5686 ἂν
1000 5632 1191 5706 είημεν
1211 5635 1372 5705 ἡμεῖς
1396 5634 1537 5701 ἀξιοι
1564 5640 1894 5706 συγγνώμης

311 5721 439 5787 τοὺς
468 5719 695 5794 πλησίον
723 5718 1159 5791 κακηγοροῦντες
1180 5735 1193 5785 ;
1216 5720 1325 5773 Kal
1351 5719 1612 5785 πολλάκις
1638 5720 1701 5773 οὐ
1730 5718 1889 5791 μόνον

1351 280 1441 335 DE
1478 278 1898 336 X’RODITIONE
1937 279 2154 338 JIID/E.
2201 281 2434 339 HOMIL.
2476 282 2540 335 ll.

3458 288 3564 339 56

1994 395 2145 471 [390]
2179 398 2285 452 τῶν
2311 397 2523 469 ἐχθρῶν
2561 396 2884 468 μεμνήμεθα
2909 395 3026 465 μεθ’
3065 395 3293 467 ὕϐρεως,
3314 397 3451 453 ἀλλά
3478 397 3567 451 καὶ

1990 481 2098 535 τῶν
2122 482 2423 536 δοκούντων
2453 480 2588 553 πρὸς
2614 481 2764 551 ἡμᾶς
2801 480 2944 549 ἔχειν
2960 480 3218 535 διάθεσιν.
3246 480 3357 553 Μὴ,
3387 485 3568 555 παρα·

1992 563 2163 617 καλῶ.
2194 562 2366 618 Τοῦτο
2379 565 2472 617 καὶ
2490 563 2701 626 Παῦλος
2729 565 2983 633 παραινεῖ
3010 562 3182 632 λέγων
3202 580 3214 594 ο
3239 564 3366 633 Πᾶς
3386 567 3570 635 λόγος

1990 647 2225 716 σαπρὸς
2255 648 2324 701 ἐκ
2349 648 2454 703 τοῦ
2486 650 2785 718 στόματος
2810 645 2977 718 ὑμῶν
2998 647 3086 715 μὴ
3132 650 3567 718 ἐκπορευέσθω.

1990 730 2087 784 Διά
2140 729 2301 785 τοῦτο
2353 731 2556 795 παντὸς
2611 730 2855 785 τοιούτου
2916 729 3123 794 πάθους
3177 732 3496 805 καθαρεύων
3538 735 3569 788 0

1994 813 2261 885 μακάριος
2284 813 2562 878 Ματθαίος
2587 813 2773 883 ἐλεγεο
2816 815 2955 868 Τότε
2984 816 3300 882 πορευθείς
3331 812 3419 883 εἷς
3450 815 3569 870 τῶν

1990 896 2235 963 δώδεκα,
2265 900 2298 951 ό
2321 899 2644 967 λεγόμενος
2682 897 2912 964 Ἰούδας
2935 900 2968 951 ό
2998 896 3399 967 Ἰσκαριώτης,
3420 900 3569 966 πρὸς

1990 979 2132 1047 τοὺς
2170 980 2463 1050 ἀρχιερεῖς
2492 977 2643 1035 εἶπε·
2678 982 2740 1034 Τί
2766 980 2970 1035 θέλετέ
3006 999 3108 1052 μοι
3146 981 3378 1045 δοῦναι,
3408 981 3570 1052 κάγὼ

1989 1062 2133 1132 ὑμῖν
2180 1063 2511 1133 παραδώσω
2571 1064 2788 1128 αὐτόν;
2848 1065 2914 1117 Ὦ
2978 1067 3181 1138 μιαρᾶς
3246 1065 3470 1136 φωνῆςί
3524 1065 3572 1118 ὣ

1988 1146 2195 1217 τόλμης
2232 1148 2415 1203 ἄνοιαί
2448 1147 2852 1220 ἐνθυμούμενος
2869 1148 3083 1220 τρέμω,
3113 1150 3415 1221 ἀγαπητοὶ.
3450 1149 3572 1213 πῶς

1988 1228 2287 1302 ἐξεπήδησε
2334 1231 2429 1285 τοῦ
2475 1232 2742 1302 στόματος
2769 1233 2803 1303 ἠ
2834 1232 3005 1301 φωνὴ,
3043 1232 3166 1296 πῶς
3195 1232 3296 1304 τὴν
3324 1231 3572 1302 γλῶτταν

1988 1315 2228 1385 ἐκίνησε,
2267 1314 2385 1378 πῶς
2417 1315 2518 1369 ούκ
2554 1316 2765 1385 ἀπέστη
2798 1314 2893 1369 τοῦ
2916 1315 3167 1387 σώματος
3197 1319 3231 1387 ή
3271 1316 3572 1387 ψυχὴ,πῶς

1988 1400 2090 1453 οὐκ
2136 1399 2449 1473 ἐνάρκησαν
2494 1400 2564 1456 τά
2595 1401 2771 1472 χείλη,
2800 1401 2918 1464 πῶς
2962 1401 3063 1455 οὐκ
3111 1400 3304 1473 ἐξέστη
3352 1404 3418 1473 τῇ
3454 1401 3572 1454 δια-

1988 1482 2126 1539 νοία.

2058 1640 2130 1709 γ’.
2170 1641 2232 1695 Τί
2259 1640 2461 1697 θέλετέ
2474 1660 2575 1713 μοι
2605 1641 2836 1709 δοῦναι,
2877 1642 3040 1714 κάγὼ
3062 1642 3206 1713 ὑμῖν
3239 1641 3570 1712 παραδώσω

1988 1725 2212 1787 αύτόν;
2238 1725 2370 1779 Εἰπέ
2406 1743 2519 1796 μοι,
2559 1726 2749 1793 Ἰούδα,
2776 1725 2955 1781 ταῦτά
2976 1744 3057 1780 σοι
3085 1726 3406 1781 ἐπαίδευσεν
3429 1728 3460 1779 0
3488 1724 3571 1778 δι-

1988 1807 2254 1872 δάσκαλος
2293 1810 2352 1862 ἐν
2391 1810 2629 1880 τοσούτῳ
2664 1810 2879 1889 χρόνῳθς
2925 1811 3068 1863 οὐτω
3108 1809 3279 1881 λήθην
3325 1809 3571 1878 ἐποιήσω

1988 1890 2096 1945 τῶν
2126 1891 2367 1961 συνεχῶν
2392 1894 2767 1963 παραινέσεων
2793 1911 2808 1958 ;
2839 1895 2903 1947 οὐ
2937 1893 3025 1947 διὰ
3047 1893 3205 1946 τοῦτο
3238 1893 3389 1960 ἔλεγε
3408 1932 3425 1957 ,
3472 1894 3529 1945 Μ
3537 1891 3571 1959 ὴ

1988 1972 2302 2041 κτήσησθε
2325 1974 2579 2043 χρυσὸν,
2602 1976 2758 2045 μήτε
2782 1977 3065 2047 ἄργυρον,
3098 1974 3305 2029 ἀνωθεν
3336 1989 3575 2045 προανα-

1992 2056 2226 2110 στέλλων
2252 2074 2347 2110 σου
2373 2058 2474 2128 τῆς
2521 2059 2649 2130 περὶ
2678 2059 2746 2113 τὰ
2771 2060 3026 2130 χρήματα
3050 2058 3245 2130 μανίας
3266 2056 3367 2129 τήν
3405 2058 3575 2129 ὐπερ-
3638 2067 3644 2073 “

1989 2138 2180 2211 ϐολήνς
2213 2141 2275 2193 οὐ
2303 2142 2535 2216 παρῄνει
2567 2141 2760 2209 λέγων,
2809 2139 2952 2195 Ἐάν
2981 2143 3074 2208 τίς
3102 2156 3177 2195 σε
3207 2142 3447 2210 ραπίσῃ
3484 2143 3572 2206 εἰς

1989 2221 2106 2289 τὴν
2150 2222 2360 2288 δεξιὰν
2417 2225 2706 2295 σιαγόνα,
2755 2223 3026 2293 στρέψον
3083 2222 3246 2289 αὑτῷ
3303 2223 3399 2277 καί
3458 2223 3574 2290 τὴν

1988 2306 2222 2375 timur;
2255 2307 2410 2371 Τίνος
2449 2308 2656 2374 ἕνεκεν,
2707 2309 2829 2362 εἰπέ
2870 2325 2980 2378 μοι,
3022 2306 3333 2378 παραδίδως
3370 2306 3461 2360 τὸν
3495 2307 3574 2360 δι-

1987 2387 2290 2455 δάσκαλονς
2315 2390 2518 2461 ὃτιτὴν
2564 2390 2707 2444 κατὰ
2730 2390 2841 2443 τῶν
2870 2388 3140 2456 δαιμόνων
3183 2384 3434 2453 ἐξουσίαν
3486 2405 3570 2441 σοι

1990 2470 2326 2542 παρέδωκεν,
2357 2474 2434 2536 ὡς
2456 2474 2550 2527 καὶ
2564 2475 2847 2544 νοσήματα
2871 2470 3216 2543 θεραπεύειν,
3231 2471 3572 2543 καὶλεπροὺς

1989 2552 2295 2625 καθαίρειν,
2315 2557 2411 2609 καὶ
2433 2554 2597 2625 ἕτερα
2621 2554 2791 2608 πολλά
2816 2555 3043 2608 τοιαῦτα
3084 2552 3340 2624 θαύματα
3366 2554 3571 2607 ἐπιδεί-

1989 2635 2254 2701 κνυσθαι;
2321 2639 2444 2693 ἀντὶ
2486 2633 2580 2693 οὖν
2610 2637 2720 2693 τῶν
2763 2636 3094 2709 εὐεργεσιῶν
3121 2637 3329 2691 τούτων
3372 2636 3572 2701 ταύτας

1988 2719 2140 2790 αὐτῷ
2170 2718 2436 2783 ἀποδίδως
2462 2718 2563 2784 τὰς
2591 2718 2861 2788 ἀμοιϐάς;
2900 2721 2965 2772 Ὢ
2992 2718 3093 2789 τῆς
3117 2718 3332 2789 μανίας,
3370 2718 3572 2790 μᾶλλον

1986 2801 2046 2855 δὲ
2073 2802 2173 2873 τῆς
2203 2800 2601 2872 φιλαργυρίαςι
2631 2801 2816 2854 Πάντα
2862 2800 2972 2871 γὰρ
3017 2800 3196 2854 ταῦτα
3238 2801 3308 2855 τὰ
3360 2800 3508 2856 κακά
3533 2802 3569 2872 ἠ

1990 2884 2324 2958 φιλαργυρία
2355 2885 2682 2956 πεποίηκεν,
2710 2885 2747 2956 ἡ
2780 2884 2906 2956 ῥίζα
2930 2883 3042 2938 τῶν
3084 2884 3293 2950 κακῶν,
3320 2883 3443 2955 ἠτις
3469 2884 3571 2949 τάς

1986 2968 2166 3039 ψυχάς
2216 2967 2374 3040 ἠμῶν
2426 2971 2611 3022 σκοτοί
2663 2968 2760 3023 καὶ
2796 2968 2996 3031 αὐτοὺς
3042 2968 3171 3031 τοὺς
3210 2966 3314 3036 τῆς
3355 2964 3573 3036 φύσεως

1987 3050 2208 3122 νόμους,
2239 3051 2333 3104 καὶ
2360 3050 2538 3104 αὐτῶν
2566 3053 2716 3122 ἡμᾶς
2743 3049 2997 3106 ἐκϐάλλει
3037 3049 3145 3104 τῶν
3188 3049 3433 3121 φρενῶν,
3479 3049 3574 3103 καὶ

1987 3135 2089 3189 οὐκ
2111 3135 2337 3207 ἀφίησιν
2356 3133 2481 3190 οὐτε
2519 3134 2704 3204 φιλίας
2739 3132 2866 3188 οὐτε
2899 3134 3221 3204 συγγενείας
3256 3132 3381 3188 οὐτε
3411 3131 3574 3189 ἄλλου

1987 3219 2133 3283 τινὸς
2165 3218 2475 3290 μεμνῆσθαι
2493 3232 2508 3246 ⁸
2551 3217 2692 3271 ἀλλά
2714 3216 2971 3282 καθάπαξ
2998 3216 3307 3289 πηρὼσασα
3331 3216 3489 3288 ⁴ἡμῶν
3506 3219 3576 3270 τά

1987 3303 2211 3374 ὄμματα
2259 3301 2361 3372 τῆς
2395 3301 2663 3368 διανοίας,
2704 3299 2881 3365 οὕτως
2929 3301 2989 3354 ἐν
3043 3302 3226 3355 σκότει
3283 3301 3430 3353 ποιεῖ
3479 3296 3578 3369 Ba-

1986 3387 2175 3452 δίζειν.
2211 3387 2322 3442 Kal
2353 3386 2441 3441 ἴνα
2475 3385 2657 3460 μάθῃς
2691 3384 2853 3439 τοῦτο
2892 3382 3103 3454 σαφῶς,
3133 3384 3235 3455 ὅρα
3274 3382 3396 3436 τότε
3430 3382 3577 3437 πόσα

1990 3469 2241 3535 ἐξέϐαλεν
2268 3471 2332 3522 ἐκ
2351 3468 2450 3540 τῆς
2469 3466 2563 3522 106
2589 3467 2762 3521 Ἰούδα
2775 3467 2974 3538 ψυχῆς.
3006 3465 3156 3537 Αὕτη
3184 3463 3575 3519 ἐπεισελθοῦσα

1988 3552 2088 3622 τὴν
2115 3550 2355 3622 ὁμιλίαν,
2384 3549 2483 3621 τήν
2507 3548 2819 3621 συνήθειαν,
2854 3548 2955 3620 τήν
2984 3547 3293 3611 κοινωνίαν,
3318 3547 3418 3619 τήν
3442 3546 3576 3601 θαυ-

1993 3634 2203 3706 μαστήν
2223 3632 2593 3695 διδασκαλίαν,
2620 3633 2799 3685 πάντα
2832 3630 3006 3685 ταῦτα
3034 3631 3114 3695 είς
3136 3630 3307 3703 λήθην
3324 3630 3579 3686 ἐνέϐαλεν

1991 3720 2025 3791 ἠ
2054 3716 2410 3789 φιλαργυρία.
2442 3715 2641 3779 Καλῶς
2664 3715 2820 3784 ἔλεγε
2848 3714 3085 3779 Παῦλος,
3119 3714 3204 3768 ὅτι
3241 3712 3393 3775 Ῥίζα
3425 3713 3579 3769 πάν-

1990 3820 2109 3858 των
2130 3802 2250 3856 τῶν
2274 3798 2478 3856 κακῶν
2503 3799 2676 3855 ἐστιν
2701 3800 2740 3867 ή
2780 3799 3165 3869 φιλαργυρία.
3186 3827 3259 3839 —
3282 3798 3345 3852 Τί
3369 3795 3578 3852 θέλετέ

1983 3901 2088 3956 μοι
2115 3883 2345 3947 δοῦναι,
2376 3882 2540 3953 κάγὼ
2556 3882 2704 3952 ὑμῖν
2729 3881 3063 3951 παραδώσω
3089 3882 3278 3935 αὐτόν
3293 3896 3313 3945 ;
3346 3878 3581 3951 Παραδί-

1990 3968 2115 4033 δως,
2133 3966 2323 4028 Ἰούδα,
2342 3965 2432 4020 τὸν
2455 3966 2527 4019 τὰ
2552 3966 2733 4020 πάντα
2753 3966 3045 4037 συνέχοντα
3064 3965 3238 4036 λόγῳς
3265 3963 3465 4028 πωλεῖς
3484 3962 3580 4016 τὸν

1990 4053 2395 4125 ἀκατάληπτον,
2429 4050 2522 4105 10v
2558 4050 2785 4121 κτίστην
2821 4048 3052 4120 οὐρανοῦ
3092 4066 3153 4101 τε
3192 4048 3291 4103 καὶ
3335 4048 3463 4119 γῆς,
3485 4045 3581 4100 10v

1990 4134 2322 4208 δημιουργὸν
2348 4134 2448 4204 τῆς
2469 4134 2748 4206 ἡμετέρας
2780 4132 3019 4202 φύσεως,
3054 4131 3148 4185 10v
3172 4131 3317 4202 λόγῳ
3348 4131 3444 4184 καὶ
3465 4128 3580 4183 νεύ-

1996 4236 2128 4291 ματι
2146 4218 2215 4273 τά
2230 4217 2410 4271 πάντα
2436 4216 2849 4287 συστησάμενον
2869 4234 2884 4283 ;
2907 4217 3024 4270 Ἵνα
3051 4209 3146 4268 06v
3165 4213 3315 4286 δείξῃ
3332 4213 3415 4267 ὅτι
3434 4210 3578 4267 ἐκὼν

1994 4303 2288 4377 παρεδόθη,
2333 4302 2563 4357 ἀκουσον
2590 4299 2645 4354 τί
2685 4302 2850 4353 ποιεῖ.
2901 4300 3037 4355 Κατ’
3063 4299 3226 4355 αὐτὸν
3257 4299 3350 4353 10v
3388 4297 3579 4369 καιρὸν

1991 4390 2092 4460 τῆς
2144 4385 2458 4460 προδοσίας,
2493 4384 2583 4437 δτε
2617 4383 2851 4454 ἐπῆλθον
2902 4383 3052 4455 αὐτῷ
3106 4382 3243 4454 μετά
3297 4379 3581 4453 μαχαιρῶν

1994 4472 2091 4526 καὶ
2120 4469 2314 4537 ξύλων,
2355 4467 2647 4539 λαμπάδας
2674 4467 2770 4521 καὶ
2808 4466 3013 4536 φανοὺς
3041 4466 3280 4537 ἔχοντες,
3306 4464 3457 4534 λέγει
3479 4464 3579 4518 αύ-

1992 4559 2134 4620 τοῖς·
2175 4555 2314 4609 Τίνα
2350 4552 2602 4621 ζητεῖτε;
2633 4552 2743 4604 Kal
2768 4551 3044 4621 ἠγνόησαν
3082 4550 3143 4603 0v
3185 4548 3418 4620 ἠμελλον
3449 4547 3577 4601 συλ-

1993 4639 2310 4710 λαμϐάνειν,
2335 4635 2603 4689 Τοσοῦτον
2638 4635 2863 4705 ἀπεῖχεν
2902 4636 3111 4698 ἐκεῖνος
3146 4634 3241 4689 τοῦ
3277 4631 3575 4704 δυνηθῆναι

1995 4718 2332 4792 παραδοῦναι
2364 4720 2547 4782 αὐτὸν,
2577 4717 2659 4770 ὅτι
2684 4717 2806 4770 οὐδέ
2824 4718 2956 4789 όρᾷν
2986 4717 3153 4771 αὐτὸν
3180 4715 3412 4787 ἠδύνατο
3436 4729 3577 4783 παρ·-

1992 4806 2121 4859 όντα
2142 4843 2157 4868 ,
2187 4804 2247 4858 ὃν
2275 4802 2478 4875 ἠμελλε
2518 4798 2899 4872 παραδιδόναι,
2945 4801 3042 4855 καὶ
3073 4799 3250 4854 ταῦτα
3277 4796 3577 4869 λαμπάδων

1995 4888 2171 4942 οὐσῶν
2222 4888 2318 4941 καὶ⁵
2365 4885 2545 4956 φωτὸς
2575 4884 2856 4940 τοσούτου.
2887 4885 3013 4939 Ὅτι
3060 4883 3171 4955 γάρ
3210 4880 3371 4936 τοῦτο
3401 4882 3577 4936 αίνιτ-

1994 4972 2220 5043 τόμενος
2270 4967 2443 5035 εἶπεν,
2489 4970 2572 5024 ὅτι
2598 4969 2891 5041 λαμπάδας
2919 4968 3011 5023 καὶ
3041 4967 3244 5037 φανοὺς
3284 4959 3450 5035 εῐχον,
3485 4964 3579 5017 καὶ

1996 5055 2116 5109 οὐδὲ
2130 5053 2305 5118 οὓτως
2330 5054 2497 5109 αὐτὸν
2526 5053 2813 5125 ηὕρισκον,
2831 5054 2966 5123 φησὶ
2998 5050 3178 5124 [γάρ],
3205 5049 3317 5105 Kal
3348 5047 3580 5114 Ἰούδας

1996 5136 2258 5205 είστήκει
2276 5137 2404 5207 μετ’
2432 5136 2652 5203 αὐτῶν,
2683 5139 2888 5201 ἐκεῖνος
2917 5134 3106 5190 είπών·
3134 5136 3276 5205 Ἐγὼ
3303 5132 3445 5203 ὑμῖν
3476 5148 3582 5186 πα·

1989 5221 2243 5293 ραδώσω
2276 5224 2482 5277 αὐτόν.
2528 5222 2811 5292 Ἐπήρωσε
2843 5221 2951 5291 γὰρ
2973 5219 3158 5275 αὐτῶν
3188 5219 3287 5290 τὴν
3315 5217 3578 5280 διάνοιαν,

2000 5306 2322 5378 βουλόμενος
2347 5303 2517 5371 δείξαι
2542 5305 2640 5376 τήν
2667 5302 2873 5358 οἰκείαν
2900 5303 3147 5375 δύναμιν,
3168 5305 3262 5357 καὶ
3276 5303 3364 5356 ἶνα
3399 5300 3582 5373 μάθω-

2000 5408 2084 5444 σιν
2112 5391 2195 5444 δτι
2215 5389 2493 5445 ἀδυνάτοις
2520 5388 2908 5460 ἐπιχειροῦσιν.
2934 5383 3065 5442 Εἶτα
3081 5386 3411 5450 ἀκούσαντες
3427 5385 3578 5456 [59η

2000 5475 2100 5548 τὴν
2132 5473 2315 5546 φωνὴν
2340 5472 2507 5527 αὐτοῦ
2540 5472 2785 5543 ἀπῆλθον
2813 5472 3016 5536 ὕπτιοι,
3047 5474 3141 5526 καὶ
3167 5470 3363 5524 ἔπεσον
3381 5469 3579 5542 χαμαί.

2000 5554 2154 5622 Εἶδες
2173 5557 2290 5620 πῶς
2317 5554 2443 5612 οὐτε
2466 5556 2564 5627 τὴν
2588 5556 2772 5627 φωνὴν
2799 5556 3043 5625 ἐνεγκεῖν
3061 5553 3429 5625 ἠδυνήθησαν,
3447 5551 3581 5606 ἀλλά

2000 5640 2088 5695 διὰ
2112 5641 2210 5711 τῆς
2237 5639 2637 5704 καταπτώσεως
2655 5640 2755 5711 τὴν
2783 5639 2992 5694 ἐαυτῶν
3015 5638 3302 5693 ἀσθένειαν
3334 5632 3580 5711 ἐνα

2003 5719 2322 5791 ἀπέδειξαν;
2374 5722 2515 5791 Ὅρα
2569 5710 2845 5779 Δεσπότου
2903 5719 3326 5796 φιλανθρωπίαν.
3363 5710 3582 5780 Ἐπειδὴ
