4062 6206
472 243 580 299 391

472 359 594 414 οὐδὲ
627 355 768 410 οὕτω
807 357 1064 410 καθίκετο
1095 357 1196 428 τῆς
1229 359 1616 429 ἀναισχυντίας
1638 359 1728 412 τοῦ
1761 359 2042 430 προδότου,

471 441 594 494 οὔτε
640 441 741 510 τῆς
783 439 894 494 τῶν
945 439 1216 494 Ἰουδαίων
1247 442 1660 512 ἀγνωμοσύνης,
1686 441 1878 494 ἐαυτὸν
1907 441 2048 494 ἐκδί-

469 525 624 584 δωσι.
651 521 746 578 καί
771 539 936 593 φησιν
965 521 996 573 ὁ
1021 521 1242 594 Κύριος·
1278 523 1408 578 Ὅτε
1437 523 1614 590 ἐδειξα
1650 524 1724 587 ὡς
1761 523 2044 588 ἀδυνάτοις

471 605 858 678 ἐπιχειροῦσιν,
889 605 1196 678 ἠϐουλήθην
1226 607 1404 660 αὐτῶν
1429 609 1740 662 ἀναστεῖλαι
1791 609 1892 680 τὴν
1945 625 2048 678 μα·

475 693 590 744 νίαν
609 708 622 722 ·
655 692 716 744 ού
754 690 1056 760 βούλονται,
1079 690 1194 744 ἀλλ’
1225 690 1305 744 ἐτι
1337 691 1658 762 ἐπιμένουσι
1679 695 1746 762 τῇ
1775 691 2010 764 πονηρίᾳ
2029 709 2043 724 ο

473 775 582 827 ίδοὺ
605 774 840 844 ἐμαυτὸν
871 774 1236 844 παραδίδωμι.

543 857 728 910 Ταῦτα
765 857 910 925 λέγω
933 858 1083 926 ὑμῖν,
1107 857 1194 910 ἵνα
1227 856 1302 928 μὴ
1337 858 1755 928 κατηγορήσωσί
1787 873 1930 918 τινες
1950 856 2044 909 τοῦ

473 941 732 1011 Χριστοῦ,
767 941 1038 1010 λέγοντες·
1075 943 1176 996 Διά
1207 943 1258 994 τί
1283 943 1343 994 ού
1379 943 1642 1013 μετέϐαλε
1679 941 1769 996 τὸν
1801 941 2042 1007 Ἰούδαν;

473 1025 556 1078 διὰ
597 1026 648 1080 τί
677 1027 776 1080 οὐκ
811 1025 1068 1094 ἐποίησεν
1096 1024 1259 1078 αὐτὸν
1303 1024 1586 1095 βελτίονα;
1635 1023 1744 1076 Καὶ
1795 1024 1912 1086 πῶς
1939 1024 2046 1078 ἔδει

473 1108 696 1180 ποιῆσαι
728 1107 818 1162 τὸν
853 1107 1054 1160 Ἰούδαν
1075 1107 1330 1178 σώφρονα
1357 1108 1454 1162 καὶ
1471 1109 1718 1178 ὲπιεικῆς
1744 1107 1978 1180 ἀνάγκῃ,
2007 1105 2042 1178 ἤ

472 1191 704 1262 γνὼμῃ;
757 1192 820 1246 El
851 1192 948 1262 μὲν
991 1191 1104 1263 γάρ
1157 1192 1392 1264 ἀνάγκῃ,
1429 1192 1552 1245 ούδέ
1607 1191 1776 1253 οὕτως
1821 1189 2046 1260 ἔμελλεν

472 1274 688 1328 ἔσεσθαι
714 1274 936 1344 βελτίων
963 1293 979 1310 ·
998 1275 1172 1340 οὐδεὶς
1189 1275 1298 1346 γάρ
1319 1273 1535 1347 ἀνάγκῃ
1558 1274 1767 1344 γίνεται
1797 1273 2042 1343 βελτίων·

471 1359 520 1409 εἰ
564 1357 621 1410 δὲ
661 1357 858 1430 γνώμῃ
893 1359 986 1412 καὶ
1031 1359 1384 1430 προαιρέσει,
1433 1359 1612 1411 πάντα
1665 1358 1928 1426 εἰσήγαγε
1975 1355 2046 1410 τά

471 1439 742 1510 δυνάμενα
801 1441 964 1495 αὐτὸν
1017 1443 1334 1511 ἀναγαγεῖν.
1389 1441 1452 1494 Εἰ
1505 1441 1562 1494 δέ
1629 1441 1706 1510 μὴ
1768 1439 2041 1510 ἠϐουλήθη

472 1521 723 1587 δέξασθαι
773 1525 979 1586 ἐκεῖνος
1029 1525 1098 1578 τά
1151 1526 1436 1595 φάρμακα,
1491 1523 1552 1575 ού
1599 1522 1695 1576 τοῦ
1751 1521 1936 1592 ἰατροῦ
1983 1522 2046 1574 τὸ

471 1605 742 1676 ἐγκλημα,
780 1605 914 1658 ἀλλά
943 1605 1035 1660 τοῦ
1067 1606 1167 1676 τὴν
1216 1607 1512 1678 θεραπείαν
1545 1605 1963 1675 διακρουομένου
2009 1605 2042 1675 ή

468 1689 792 1760 κατηγορία.
812 1689 998 1752 Θέλεις
1035 1691 1226 1759 μαθεῖν
1260 1689 1400 1744 πόσα
1429 1689 1705 1759 ἐποίησεν,
1723 1687 1864 1741 ὥστε
1881 1686 2044 1739 αὑτὸν

473 1771 910 1840 ὁνακτήσασθαις
960 1773 1301 1844 Ἐδωρήσατο
1347 1771 1498 1842 αὐτῷ
1547 1771 1719 1824 πολλὰ
1751 1770 2042 1840 θαύματα,

471 1857 730 1922 προεῖπεν
777 1854 926 1922 αὐτῷ
957 1856 1086 1924 περὶ
1121 1855 1222 1924 τῆς
1251 1855 1558 1925 προδοσίας,
1593 1853 1744 1906 οὐδὲν
1771 1853 2044 1906 ἐνέλειπεν

471 1929 546 1988 ῶν
571 1936 738 2006 ἐχρῆν
773 1938 852 1998 εἰς
879 1935 1124 2006 μαθητὴν
1155 1937 1542 2003 ἐπιδείξασθαι.
1575 1937 1684 1990 Καὶ
1713 1938 1797 1989 ἵνα
1830 1938 2009 2008 μάθῃς
2027 1979 2042 2004 ,

471 2017 552 2071 ’ὁτι
577 2017 796 2081 δυνατὸς
825 2017 900 2072 ὢν
925 2019 1322 2089 μεταϐαλέσθαι
1351 2020 1452 2072 οὐκ
1473 2019 1756 2090 ἠθέλησεν,
1787 2020 1926 2073 ἀλλά
1944 2020 2044 2090 τῆς

471 2100 633 2154 αὑτοῦ
665 2100 938 2172 ῥᾳθυμίας
979 2102 1040 2154 τὸ
1093 2103 1200 2156 πᾶν
1234 2101 1465 2170 ἐγένετο·
1509 2103 1698 2174 ἐπειδὴ
1727 2103 2044 2175 παρέδωκεν

469 2186 649 2250 αὐτὸν,
667 2187 758 2240 καὶ
771 2187 869 2258 τὴν
889 2187 1086 2257 μανίαν
1101 2185 1264 2238 αὑτοῦ
1283 2189 1362 2249 είς
1380 2187 1531 2250 τέλος
1550 2189 1777 2257 ἤγαγεν,
1795 2189 2044 2256 Ἕρῤιψε

471 2269 540 2322 τὰ
561 2269 888 2334 τριάκοντα
939 2270 1211 2338 ἀργύρια,
1265 2271 1478 2338 λέγων·
1529 2271 1823 2340 Ἥμαρτον
1855 2287 2041 2339 παρα-

469 2350 611 2417 δοὺς
633 2345 776 2422 alim
805 2351 1016 2406 ἀθῶον.
1053 2352 1166 2422 Πρὸ
1191 2351 1379 2404 τούτου
1403 2353 1605 2421 ἔλεγες·
1635 2354 1695 2406 Τί
1715 2353 1920 2408 θέλετέ
1943 2371 2046 2422 μοι

469 2432 699 2499 δοῦναι,
756 2435 917 2504 κάγὼ
957 2434 1100 2502 ὑμῖν
1156 2435 1489 2502 παραδώσω
1539 2438 1766 2498 αὑτόνς
1824 2436 2042 2509 Ἐπειδὴ

469 2517 722 2588 ἐτελέσθη
757 2519 792 2587 ή
825 2518 1088 2587 ἁμαρτία,
1125 2519 1246 2572 τότε
1273 2519 1414 2588 ἐγνω
1440 2521 1538 2591 τήν
1568 2521 1860 2591 ἁμαρτίαν.
1928 2521 2044 2572 Ἐν-

465 2600 656 2654 τεῦθεν
714 2600 1072 2670 μανθάνωμεν
1124 2603 1206 2654 ὅτι
1235 2642 1250 2664 ,
1307 2604 1434 2656 ὅταν
1494 2603 1862 2674 ρᾳθυμῶμεν,
1917 2601 2043 2656 οὔτε

465 2685 787 2756 παραίνεσις
815 2685 959 2754 ἡμᾶς
981 2684 1201 2752 ὠφελεῖ,
1220 2684 1343 2737 οὗτε
1361 2685 1610 2738 νουθεσία
1633 2702 1645 2715 ·
1664 2688 1790 2739 ὅταν
1806 2687 1862 2738 δέ
1881 2703 2045 2740 σπου-

465 2768 735 2838 δάςωμεν,
765 2769 858 2821 καὶ
893 2769 1046 2820 αὐτοὶ
1074 2769 1166 2832 ἀφ’
1200 2768 1406 2822 ἑαυτῶν
1449 2769 1724 2840 δυνάμεθα
1753 2771 2044 2841 διαναστῆ-

465 2869 573 2906 ναι.
593 2852 874 2924 Ἐννόησον
899 2853 1027 2923 γάρ’
1057 2852 1185 2906 Ὅτε
1217 2851 1446 2922 παρῄνει
1477 2853 1654 2917 αὑτὸν,
1683 2855 1776 2908 καὶ
1803 2855 2046 2907 ἀνέστελ-

465 2936 558 2990 λεν
577 2937 742 2989 αύτὸν
765 2938 862 3006 τῆς
889 2937 1068 3006 κακῆς
1097 2937 1508 3007 ἐπιχειρήσεως,
1530 2939 1630 2991 οὐκ
1654 2939 1886 3009 ἣκουσεν
1919 2939 2044 2992 οὔτε

467 3019 790 3082 κατεδέξατο
816 3019 912 3090 τὴν
936 3020 1214 3072 νουθεσίαν
1233 3039 1246 3050 ·
1287 3021 1376 3072 ὅτε
1409 3021 1466 3074 δέ
1491 3020 1669 3084 οὐδεὶς
1692 3017 1759 3092 ἦν
1791 3025 1820 3075 ὀ
1847 3039 2046 3092 παραι-

467 3103 594 3165 νῶν,
617 3103 678 3154 τὸ
709 3103 904 3155 οἰκεῖον
945 3104 1183 3166 συνειδὸς
1215 3103 1510 3173 ἐπανέστη,
1539 3107 1632 3158 καὶ
1651 3105 1864 3168 οὐδενὸς
1891 3107 2045 3170 ὄντος

465 3185 562 3237 τοῦ
588 3185 926 3248 διδάσκοντος
950 3185 1296 3256 μετεϐάλετο,
1321 3187 1414 3238 καὶ
1439 3187 1630 3258 ἔρριψε
1661 3189 1730 3240 τά
1751 3189 2046 3259 τριάκοντα

469 3268 726 3341 ἀργύρια.
785 3272 1092 3337 Ἔστησιιι⁸
1135 3269 1264 3339 γάρ,
1316 3267 1496 3336 αὐτῷ,
1539 3272 1689 3340 φησί,
1727 3273 2046 3340 τριάκοντα

467 3355 737 3423 ἀργύρια.
763 3355 806 3405 Τ
813 3355 939 3425 ιμήν
981 3353 1278 3407 κατέϐαλον
1311 3353 1542 3423 αἵματος
1574 3357 1737 3426 τιμὴν
1769 3359 1866 3410 ούκ
1891 3356 2044 3426 έχον-

468 3453 578 3501 τος.
624 3437 688 3490 Τί
739 3437 1036 3508 λαμϐάνεις
1089 3437 1384 3508 τριάκοντα
1431 3437 1689 3508 ἀργύρια,
1743 3433 1788 3492 ὦ
1832 3442 2040 3506 Ἰούδας

467 3520 686 3590 Δωρεὰν
707 3515 870 3590 ἦλθεν
892 3519 1031 3590 ύπέρ
1057 3519 1158 3589 τῆς
1187 3521 1513 3592 οἰκουμένης
1545 3523 1573 3574 δ
1601 3523 1835 3594 Χριστὸς
1856 3527 2046 3596 ἐκχέαι

465 3603 528 3654 τὸ
561 3596 718 3672 αἷμα,
749 3603 890 3673 ὑπὲρ
920 3597 980 3657 οὗ
1025 3601 1292 3672 σύμφωνα
1325 3603 1420 3657 νῦν
1451 3609 1644 3668 ποιεῖς.
1709 3607 1772 3659 Τί
1823 3609 1929 3680 γάρ
1977 3609 2044 3664 ἂν

467 3686 948 3757 ἀναισχυντότερον
972 3686 1066 3740 τοῦ
1097 3687 1539 3760 συναλλάγματος
1558 3689 1748 3742 τούτου
1771 3706 1784 3756 ;
1805 3691 1888 3755 τίς
1912 3691 2042 3757 είδε,

466 3768 550 3833 τίς
577 3771 774 3840 ἢκουσέ
809 3787 938 3824 ποτε
955 3787 969 3836 ;

437 3849 440 3852 ’
535 3852 597 3906 δ’.
651 3853 788 3906 Ἀλλ’
827 3854 914 3907 ἵνα
950 3852 1212 3923 μάθωμεν
1245 3853 1346 3925 τὴν
1367 3853 1630 3926 διαφοράν
1657 3855 1750 3910 τοῦ
1782 3859 2042 3931 προδότου

466 3937 561 3987 καί
603 3935 712 3988 τῶν
759 3935 1038 4007 μαθητῶν,
1077 3937 1429 4008 ἀκούσωμεν·
1477 3938 1696 3994 ἅπαντα
1743 3941 1852 4013 γάρ
1903 3944 2044 4013 μετὰ

465 4019 748 4091 ἀκριϐείας
767 4022 900 4092 ἡμῖν
919 4021 1186 4091 διηγεῖται
1211 4024 1240 4076 ὁ
1261 4021 1620 4094 εύαγγελιστή
1628 4043 1675 4087 ς.
1690 4026 1818 4080 Ὅτε
1846 4028 2040 4096 ταῦτα,

465 4105 653 4173 φησὶν,
685 4105 935 4174 ἐγένετο,
995 4105 1082 4158 ὅτε
1116 4107 1146 4176 ή
1181 4105 1441 4176 προδοσία
1473 4108 1862 4179 προεχώρησεν
1887 4151 1901 4176 ,
1951 4115 2042 4168 ὅτε

463 4186 747 4242 ἀπώλεσεν
796 4189 989 4242 ἐαυτὸν
1043 4191 1075 4242 δ
1135 4188 1358 4255 Ἰούδας,
1412 4190 1502 4244 ὅτε
1549 4191 1649 4254 τὰς
1687 4196 2041 4266 παρανόμους

465 4269 680 4334 ἐκείνας
731 4271 1004 4342 συνθήκας
1061 4273 1374 4344 ἐποιήσατο,
1429 4274 1524 4326 καὶ
1573 4274 1783 4344 ἐζήτει,
1835 4281 2036 4349 φησὶν,

463 4350 770 4421 εὐκαιρίαν,
793 4353 880 4406 ἵνα
901 4353 1061 4406 αὐτὸν
1077 4355 1302 4425 παραδῷ
1315 4371 1328 4385 ·
1357 4357 1495 4408 Τότε
1509 4355 1863 4426 προσῆλθον
1879 4362 2040 4429 αὑτῷ

464 4437 520 4488 οἰ
545 4435 804 4504 μαθηταί
821 4436 1124 4506 λέγοντες-⁸
1147 4437 1270 4493 Ποῦ
1294 4437 1490 4504 θέλεις
1509 4439 1915 4512 ἑτοιμάσωμέν
1939 4461 2038 4502 σοι

461 4519 676 4589 φαγεῖν
703 4519 768 4574 τὸ
798 4521 1045 4589 Πάσχα;
1075 4517 1228 4586 Εἶδες
1271 4521 1538 4592 μαθητάς.
1581 4519 1720 4588 εἶδες
1753 4527 2032 4602 μαθητήνς

475 4605 710 4667 Ἐκεῖνος
756 4605 885 4675 περὶ
931 4607 1030 4676 τὴν
1061 4605 1351 4676 προδοσίαν
1383 4607 1685 4676 ἠσχολεῖτο.
1727 4605 1872 4666 οὗτοι
1907 4618 2035 4686 περὶ

458 4688 558 4760 τὴν
607 4687 912 4742 διακονίαν·
963 4691 1169 4753 ἐκεῖνος
1219 4689 1488 4760 σύμφωνα
1541 4693 1753 4758 ἐποίει,
1807 4699 2033 4754 καὶτοῦ

457 4771 692 4850 αἵματος
717 4771 810 4825 τοῦ
831 4771 1164 4826 Δεσποτικοῦ
1188 4772 1284 4842 τὴν
1306 4771 1472 4843 τιμὴν
1495 4773 1794 4846 λαμϐάνειν
1821 4780 2036 4850 ἐπεχεί-

460 4871 566 4926 ρει,
601 4847 747 4908 οὗτοι
781 4855 910 4926 περὶ
929 4855 1026 4926 τὴν
1061 4853 1212 4926 [592]
1243 4855 1548 4926 ὑπηρεσίαν
1583 4847 2033 4930 παρασκευάζον-

457 4955 567 4992 ται.
620 4939 740 4992 Τῶν
799 4939 980 4994 αὐτῶν
1017 4938 1308 5010 θαυμάτων
1365 4942 1686 5012 ἀπήλαυσαν
1746 4947 1840 4998 καὶ
1878 4943 2034 5013 οὗτος

457 5021 721 5085 κάκεῖνοι,
751 5023 858 5077 τῶν
883 5024 1064 5078 αὐτῶν
1107 5024 1481 5095 διδαγμάτων·
1515 5027 1680 5080 πόθεν
1709 5025 1802 5082 οὖν
1840 5033 1873 5101 ή
1917 5033 2034 5086 δια⁸

455 5103 629 5174 φοράς
667 5105 800 5158 Ἀπὸ
817 5106 918 5175 τῆς
945 5108 1338 5178 προαιρέσεως.
1365 5107 1511 5178 Αὕτη
1545 5109 1689 5164 αίτία
1718 5111 1824 5166 τῶν
1845 5117 2031 5168 κακῶν

455 5188 552 5240 καὶ
574 5188 682 5240 τῶν
717 5189 936 5257 ἀγαθῶν
970 5191 1198 5257 γίνεται.
1250 5191 1311 5244 ’Π
1364 5192 1575 5263 ἐσπέρα
1605 5195 1742 5264 αῦτη
1773 5192 1860 5266 ἦν,
1909 5199 2029 5253 καθ’

454 5270 522 5350 ήν
567 5271 616 5321 οἰ
651 5271 888 5341 μαθηταὶ
932 5274 1103 5328 ταῦτα
1155 5273 1360 5343 ἔλεγον.
1395 5275 1458 5328 Τί
1503 5279 1637 5340 ἐστι,
1675 5277 1801 5332 Ποῦ
1835 5281 2030 5350 θέλεις

453 5349 858 5421 ἑτοιμάσωμέν
889 5370 988 5412 σοι
1017 5357 1232 5427 φαγεῖν
1264 5360 1326 5412 τὸ
1353 5358 1611 5430 Πάσχιι;
1655 5363 2028 5433 Διδασκόμεθα

455 5433 720 5495 ἐντεῦθεν.
753 5437 831 5489 ὅτι
877 5440 976 5492 οὐκ
1011 5439 1154 5511 εἶχεν
1201 5441 1378 5495 οἰκίαν
1411 5444 1800 5516 ἀφωρισμένην
1829 5449 1857 5499 ὁ
1895 5451 2028 5519 Χρι-

455 5516 598 5579 στός.
650 5517 1018 5574 Ἀκουέτωσαν
1063 5526 1111 5578 οἱ
1161 5525 1258 5588 τὰς
1316 5525 1574 5597 λαμπράς
1621 5529 1798 5592 οἰκίας
1825 5516 2028 5586 οἰκοδο-

457 5598 683 5667 μοῦντες
715 5604 806 5656 καὶ
829 5605 954 5667 τοὺς
979 5611 1220 5676 μακροὺς
1249 5609 1590 5678 περιϐόλους,
1615 5612 1696 5664 ὅτι
1723 5613 1750 5663 δ
1781 5612 1906 5676 Υἱὸς
1931 5616 2023 5668 τοῦ

457 5681 741 5752 ανθρώπου
779 5687 877 5741 οὐκ
910 5691 1020 5758 ἔχει
1057 5689 1158 5741 ποῦ
1191 5691 1286 5760 τὴν
1321 5691 1564 5764 κεφαλὴν
1595 5695 1789 5750 κλῖναι.
1821 5699 1918 5752 Διά
1941 5717 2019 5754 τοι

1218 243 1276 302 3.
1305 242 1592 300 JOANNIS
1619 243 2104 301 CIIBYSOSTOMI
2135 248 2452 308 ARCIIIEP.
2493 245 3036 342 ΟΟΝΞΤᾹΝΤΙξΟΡ.

3635 253 3752 310 388

2153 363 2312 418 τοῦτο
2343 364 2592 432 λέγουσιν
2623 366 2772 436 αύτῷ
2803 369 2852 420 οἱ
2885 365 3144 438 μαθηταί·
3191 364 3314 418 Ποῦ
3341 363 3538 432 θέλεις
3587 369 3750 422 ἐτοι-

2145 449 2432 516 μάσωμέν
2459 465 2558 500 σοι
2587 449 2799 517 φαγεῖν
2821 451 2890 504 τὸ
2911 451 3163 519 Πάσχα;
3195 449 3351 502 Ποῖον
3383 450 3582 520 Πάσχα
3607 470 3624 515 ;
3669 453 3744 504 Τὲ

2163 531 2486 594 Ἰουδαϊκὸν,
2521 530 2582 583 τὸ
2617 533 2710 584 ἀπ’
2743 533 3018 602 Αἰγύπτου
3063 531 3163 602 τὴν
3223 532 3398 603 ἀρχὴν
3443 533 3691 604 ἐσχηκδς
3725 551 3740 563 ο

2149 612 2265 666 ἐκεῖ
2314 613 2422 683 γὰρ
2467 613 2564 684 τὴν
2613 613 2786 686 ἀρχὴν
2835 615 3186 668 ἐπετέλεσαν.
3220 613 3331 666 Καὶ
3369 613 3514 677 τίνος
3545 615 3746 667 ἕνεκεν

2149 695 2386 748 ἐπιτελεῖ
2423 697 2554 748 αὐτὸ
2589 698 2617 748 ὀ
2655 697 2922 766 Χριστδςς
2977 698 3192 766 ’Ὠσπερ
3243 696 3422 750 πάντα
3475 697 3546 749 τά
3599 697 3746 751 ἀλλα

2149 779 2357 850 νόμιμα
2391 779 2732 850 ἐπλήρωσεν,
2765 781 2910 834 οὕτω
2958 781 3054 834 καὶ
3095 779 3276 834 τοῦτο.
3307 781 3406 832 Διά
3445 779 3613 832 τοῦτο
3642 782 3742 833 καὶ

2150 861 2286 930 πρὸς
2315 861 2406 913 τὸν
2453 862 2702 931 Ἰωάννην
2725 863 2938 930 ἔλεγεν·
2981 863 3144 916 Οὕτω
3174 863 3283 932 γὰρ
3319 861 3554 930 πρέπον
3591 861 3740 932 ἡμῖν

2147 943 2276 996 ἐστι
2304 941 2620 1011 πληρῶσαι
2647 942 2856 999 πᾶσαν
2897 943 3313 1012 δικαιοσύνην.
3355 945 3430 998 Οὐ
3455 945 3646 996 τοίνυν
3675 951 3738 997 τὸ

2149 1027 2418 1098 ἡμέτερον
2451 1028 2660 1098 Πάσχα.
2693 1027 2830 1080 ἀλλά
2853 1029 2916 1081 τὸ
2947 1029 3238 1082 Ἰουδαϊκὸν
3256 1029 3544 1099 ἑτοιμάσαι
3575 1027 3736 1083 ἐϐού-

2147 1107 2298 1162 λοντο
2330 1112 2378 1162 οί
2411 1110 2668 1180 μαθηταί.
2697 1109 2874 1164 Τοῦτο
2913 1112 3012 1182 μὲν
3037 1113 3146 1184 γάρ
3197 1113 3354 1165 αὐτοὶ
3399 1111 3734 1182 ἡτοίμασαν,

2147 1191 2208 1242 τὸ
2229 1191 2286 1244 δὲ
2315 1193 2582 1266 ήμέτερον
2603 1194 2766 1256 αὐτὸς
2791 1193 3221 1263 παρεσκεύασεν,
3253 1194 3390 1248 ἀλλά
3438 1196 3536 1248 καὶ
3565 1194 3735 1259 αὐτὸς

2149 1274 2340 1344 Πάσχα
2366 1275 2582 1342 ἐγένετο
2633 1276 2720 1330 διὰ
2770 1276 2868 1329 τοῦ
2913 1279 3096 1348 τιμίου
3143 1277 3368 1342 πάθους.
3433 1278 3594 1342 Τίνος
3637 1274 3736 1332 οῦν

2145 1357 2331 1410 ἐκενεν
2363 1358 2456 1410 ἐπὶ
2487 1359 2548 1411 τὸ
2577 1358 2746 1422 πάθος
2769 1360 2987 1430 ἐρχεται
3013 1377 3028 1426 ;
3061 1361 3182 1414 ἰνα
3207 1362 3354 1430 ἡμᾶς
3377 1359 3736 1430 λυτρώσηται

2147 1439 2212 1492 ἐκ
2245 1439 2345 1508 τῆς
2389 1440 2632 1511 κατάρας
2671 1441 2768 1494 τοῦ
2801 1443 2988 1512 νόμου.
3021 1443 3114 1494 Διὸ
3160 1443 3254 1496 καὶ
3289 1443 3500 1506 Παῦλος
3554 1445 3686 1497 ἐϐόα
3715 1461 3732 1475 ⁸

2159 1519 2614 1584 Ἐξαπέστειλεν
2639 1527 2671 1577 ό
2701 1525 2844 1590 Θεὸς
2877 1525 2985 1576 τὸν
3019 1525 3156 1578 Υιὸν
3185 1525 3372 1579 αὐτοῦ
3403 1529 3738 1596 γενόμενοι·

2145 1601 2216 1656 ἐκ
2239 1607 2542 1672 γυναικὸς,
2573 1608 2896 1675 γενόμενον
2923 1607 3042 1661 ὑπὸ
3075 1609 3281 1676 νόμον,
3305 1609 3408 1661 ἵνα
3443 1609 3588 1675 τοὺς
3613 1609 3734 1664 ὑπὸ

2147 1687 2335 1755 νόμον
2383 1687 2742 1756 ἐξαγοράσῃ.
2789 1691 2908 1742 ’Ἱνα
2953 1687 3044 1743 οὖν
3097 1693 3170 1762 μή
3203 1708 3290 1754 τις
3323 1691 3476 1762 λέγῃ.
3520 1692 3604 1744 ὅτι
3644 1693 3738 1746 διὰ

2145 1770 2306 1823 τοῦτο
2335 1771 2592 1834 ἔπαυσεν,
2623 1773 2808 1843 ἐπειδὴ
2840 1773 3126 1844 πληρῶσαι
3158 1776 3321 1829 αὐτὸν
3347 1777 3448 1829 οὐκ
3471 1777 3730 1840 ἠδύνατο,

2145 1853 2220 1917 ὡς
2265 1856 2520 1925 φορτικὸν
2563 1858 2657 1908 καὶ
2695 1857 2911 1927 ἐπαχθῆ
2961 1859 3055 1912 καὶ
3117 1859 3584 1930 δυσκατόρθωτον,
3641 1862 3734 1916 διὰ

2145 1937 2304 1989 τοῦτο
2331 1937 2494 1990 αὐτὸν
2521 1938 2812 2010 πληρώσας
2843 1941 3076 2003 ᾶπαντα,
3099 1945 3216 1994 τότε
3237 1943 3400 1994 αὑτὸν
3424 1943 3602 1996 ἐλυσε.
3631 1945 3734 1998 Διά

2147 2018 2304 2072 τοῦτο
2327 2022 2419 2074 καὶ
2449 2022 2640 2090 Πάσχα
2667 2023 2891 2093 ἐποίησε
2913 2041 2930 2056 ο
2961 2027 3126 2094 νόμου
3163 2025 3272 2096 γάρ
3301 2025 3584 2094 ἐπίταγμα
3629 2027 3732 2078 αύ-

2149 2106 2264 2166 τοῖς
2309 2099 2376 2174 ἦν
2419 2106 2451 2175 ὴ
2483 2104 2580 2158 τοῦ
2609 2107 2799 2176 Πάσχα
2839 2108 3022 2179 ἑορτή.
3057 2109 3345 2162 Ἄκουσον·
3388 2108 3738 2180 ’Δγνώμονες

2149 2182 2290 2257 ἦσαν
2332 2190 2461 2258 περί
2485 2189 2576 2242 τὸν
2609 2190 2908 2261 εὐεργέτην
2943 2193 2994 2242 οἱ
3037 2191 3297 2255 Ἰουδαῖοι,
3331 2193 3429 2245 καὶ
3471 2194 3734 2262 παραυτά

2151 2271 2574 2328 ἐπελανθάνοντο
2604 2275 2698 2328 τοῦ
2747 2277 3060 2346 εὐεργέτου.
3093 2277 3204 2328 Καὶ
3237 2278 3324 2329 ἵνα
3361 2278 3542 2350 μάθῃς
3571 2279 3734 2348 ἀκρι-

2149 2353 2278 2420 ϐῶς,
2307 2357 2529 2427 ἐξῆλθον
2569 2358 2628 2422 ἐξ
2657 2359 2955 2427 Αἰγύπτου,
3009 2357 3266 2430 διέϐησαν
3311 2362 3410 2432 τὴν
3453 2361 3730 2432 Ἐρυθρὰν

2149 2438 2445 2505 θάλασσαν,
2496 2437 2634 2494 εἶδον
2663 2443 2834 2514 αὐτὴν
2867 2441 3247 2513 διαιρεθεῖσαν,
3281 2444 3378 2496 καὶ
3411 2445 3576 2496 πάλιν
3611 2461 3730 2496 συν-

2147 2525 2490 2596 απτομένην·
2541 2527 2634 2578 καὶ
2690 2531 2805 2596 μετ’
2839 2529 2902 2580 ού
2937 2527 3070 2580 πολὺ
3102 2527 3321 2596 λέγουσι
3371 2527 3452 2599 τῷ
3487 2528 3726 2600 ’Δαρῶνο

2147 2607 2417 2674 Ποίησον
2447 2607 2592 2676 ’ἡμῖν
2613 2609 2788 2674 θεοὺς
2818 2609 2876 2662 οἳ
2903 2613 3419 2679 προπορεύσονται
3444 2611 3638 2680 ἡμῶν.
3661 2611 3728 2663 Τί

2149 2690 2326 2757 λέγεις
2348 2731 2362 2756 ,
2387 2684 2432 2742 ὦ
2461 2691 2716 2762 ἀγνῶμον
2755 2693 2973 2746 Ἰουδαῖε
2995 2711 3009 2760 ;
3035 2690 3171 2757 εἶδες
3201 2695 3424 2748 τοιαῦτα
3447 2693 3723 2764 θαύματα,

2145 2775 2241 2827 καὶ
2272 2773 2538 2827 ἐπελάθου
2569 2775 2702 2827 Θεοῦ
2727 2775 2818 2828 τοῦ
2851 2777 3140 2846 τρέφοντος
3195 2795 3276 2836 σε,
3307 2777 3398 2830 καὶ
3425 2777 3546 2829 οὔτε
3579 2779 3726 2847 μνή-

2149 2875 2260 2928 μην
2293 2861 2464 2921 ποιεῖς
2493 2857 2590 2910 τοῦ
2629 2859 2951 2928 εύεργέτου;
2997 2861 3148 2912 Ἐπεὶ
3179 2857 3272 2914 οῦν
3300 2859 3726 2912 ἐπελανθάνοντο

2144 2939 2252 2992 τῶν
2286 2941 2614 3011 εὐεργεσιῶν
2645 2941 2830 3006 αὑτοῦ,
2877 2945 2942 3012 τῇ
2969 2943 3227 2996 ὑποθέσει
3255 2943 3364 2996 τῶν
3401 2941 3602 3013 ἐορτῶν
3635 2944 3728 3008 ἐγ-

2145 3023 2408 3091 κατέδησε
2455 3023 2566 3076 τῶν
2615 3024 2834 3095 δωρεῶν
2884 3025 2951 3078 τὰ
3002 3028 3366 3097 ὑπομνήματα
3393 3029 3422 3078 δ
3452 3026 3606 3088 Θεὸς,
3637 3027 3730 3080 ἵνα

2147 3105 2242 3158 καὶ
2271 3107 2486 3168 ἐκόντες
2519 3107 2613 3159 καὶ
2639 3106 2863 3170 ἄκοντες
2891 3107 3112 3162 ἔναυλον
3141 3109 3306 3178 έχωσι
3343 3109 3444 3178 τὴν
3479 3110 3724 3178 μνήμην.

2147 3187 2252 3241 Καὶ
2270 3189 2466 3241 ἐκεῖνοι
2488 3189 2584 3258 μὲν
2611 3189 2754 3242 οὕτω
2775 3206 2788 3220 ·
2813 3190 2904 3244 διά
2929 3191 3010 3256 τί;
3047 3191 3180 3254 Ἴν’,
3197 3191 3345 3244 ὅταν
3369 3189 3722 3258 ἐπερωτήσῃ

2147 3287 2220 3324 σε
2251 3275 2282 3324 ό
2305 3273 2433 3338 υἱός
2463 3287 2602 3336 σου,
2636 3273 2700 3324 Τί
2731 3276 2846 3326 ἐστι
2873 3275 3048 3338 τοῦτο,
3079 3275 3271 3346 εἴπῃς,
3315 3275 3398 3326 δτι
3446 3271 3608 3325 τοῦτο
3630 3271 3728 3324 τοῦ

2148 3355 2421 3426 προϐάτου
2449 3356 2510 3408 τὸ
2540 3353 2677 3428 αἷμα
2699 3359 2995 3428 ἐπέχρισαν
3027 3360 3144 3420 ταῖς
3181 3358 3363 3426 φλιαῖς
3387 3356 3496 3410 τῶν
3519 3356 3726 3427 θυρῶν,

2148 3442 2241 3492 καὶ
2282 3440 2534 3508 διέφυγον
2571 3441 2663 3494 τὸν
2698 3442 2928 3495 θάνατον
2969 3443 3038 3528 ὁὶ
3065 3445 3093 3496 ὀ
3141 3442 3457 3528 ὀλοθρεύων-
3473 3443 3732 3510 ἐπήγαγε

2145 3528 2258 3587 τοῖς
2285 3525 2426 3578 κατά
2450 3525 2548 3595 τὴν
2571 3527 2847 3594 Αἴγυπτον
2873 3521 3043 3580 ἅπασὶ
3065 3545 3078 3557 ·
3097 3529 3192 3580 καὶ
3215 3527 3302 3579 διά
3317 3527 3377 3578 τὸ
3395 3521 3538 3595 αἷμα
3569 3525 3732 3578 τοῦτο

2145 3609 2246 3661 οὐκ
2279 3611 2495 3678 ίσχυσεν
2540 3611 2866 3680 εἰσπηδῆσαι
2901 3613 2994 3663 καὶ
3023 3611 3118 3681 τὴν
3157 3611 3368 3682 πληγὴν
3399 3613 3728 3678 ἐπαγαγεῖν.

2160 3693 2388 3747 Ἐκεῖνοι
2419 3690 2512 3746 οὖν
2546 3695 2793 3757 ἄκοντες,
2821 3689 2922 3747 ὦδε
2959 3697 3016 3748 δέ
3061 3694 3202 3748 ἑκὼν
3250 3695 3435 3748 θύεται
3464 3694 3728 3763 Χριστός.

2145 3777 2242 3830 Διά
2283 3777 2365 3842 ei;
2412 3777 2630 3849 Ἐπειδὴ
2665 3777 2833 3840 τύπος
2861 3774 2929 3848 ἦν
2975 3781 3150 3831 ἐκεῖνο
3195 3778 3286 3830 τοῦ
3325 3777 3726 3847 πνευματικοῦ.

2145 3861 2255 3912 Καλ⁵
2311 3860 2397 3913 ἴνα
2450 3860 2663 3934 μάθῃς,
2695 3861 2798 3932 δρα
2833 3863 2930 3934 ὅση
2969 3864 3001 3934 ή
3039 3863 3344 3931 συγγένεια·
3387 3861 3586 3931 Ἀμνὸς
3633 3861 3730 3914 καὶ

2144 3943 2332 4012 ἀμνὸς,
2375 3943 2488 3997 ἀλλ’
2527 3947 2555 3997 ὁ
2596 3944 2694 4015 μὲν
2727 3945 2938 4014 ἄλογος,
2987 3949 3016 4000 ὁ
3061 3946 3119 3999 δὲ
3162 3945 3404 4014 λογικός·
3451 3943 3729 4016 πρόϐατον

2146 4026 2240 4080 καὶ
2271 4025 2562 4098 πρόϐατον,
2605 4027 2732 4082 σκιὰ
2782 4029 2875 4082 καὶ
2931 4029 3159 4099 ἀλήθεια
3185 4046 3200 4060 ·
3229 4029 3345 4083 ἀλλ’
3377 4029 3656 4096 ἐπέφανεν
3695 4028 3728 4080 6

2144 4109 2244 4179 τῆς
2280 4109 2624 4182 δικαιοσύνης
2665 4111 2836 4183 ἥλιος,
2877 4113 2972 4165 καὶ
2999 4114 3030 4183 ἠ
3069 4113 3194 4165 σκιὰ
3217 4113 3494 4166 πέπαυται
3519 4130 3534 4143 ·
3565 4111 3726 4180 ήλίου

2143 4194 2252 4265 γάρ
2281 4194 2432 4258 ὄντος
2488 4193 2790 4267 κρύπτεται
2819 4197 2854 4266 ή
2908 4197 3055 4249 σκιά.
3099 4197 3200 4249 Διά
3227 4196 3388 4249 τοῦτο
3417 4193 3588 4264 ἀμνὸς
3622 4195 3726 4246 καὶ

2141 4278 2200 4329 ἐν
2229 4281 2296 4347 τῇ
2330 4277 2580 4348 τραπέζῃ
2614 4281 2679 4348 τῇ
2745 4283 3003 4352 μυστικῇ,
3055 4280 3143 4333 ἵνα
3193 4279 3273 4350 τῷ
3317 4281 3504 4349 αἵματι
3545 4275 3722 4330 αὑτοῦ

2141 4361 2515 4432 ἀγιαζῴμεθα,
2544 4362 2642 4414 Διά
2665 4362 2760 4416 τοῦ
2789 4373 2818 4402 ι
2849 4363 2998 4434 ήλίου
3024 4363 3268 4427 ἐλθόντος
3299 4363 3489 4433 λύχνος
3519 4363 3726 4432 μηκέτι

2140 4447 2376 4514 φαινέτω
2395 4460 2408 4476 ·
2461 4445 2622 4499 τύποι
2665 4445 2773 4516 γὰρ
2808 4443 2948 4520 ἦσαν
2999 4448 3110 4502 τῶν
3144 4448 3445 4519 μελλόντων
3495 4446 3566 4500 τὰ
3624 4463 3727 4515 γε-

2138 4547 2350 4599 γονοτα.

2207 4615 2272 4668 ε’.
2298 4614 2481 4668 Ταῦτα
2507 4615 2645 4688 πρὸς
2681 4615 2964 4679 Ἰουδαίους
2987 4614 3150 4684 λέγω,
3185 4615 3272 4669 ἵνα
3297 4614 3374 4687 μὴ
3395 4615 3724 4680 ἀπατῶντες

2137 4699 2383 4761 ἑαυτοὺς,
2401 4699 2600 4753 δοκῶσι
2621 4700 2811 4770 Πάσχα
2827 4699 3116 4761 ἐπιτελεῖν,
3147 4699 3333 4770 ἐπειδὴ
3349 4697 3548 4771 γνώμῃ

2136 4783 2476 4855 ἀναισχύντῳ
2514 4785 2583 4838 τὰ
2609 4784 2794 4854 ἄζυμα
2845 4783 3309 4856 προλαμϐάνουσι,
3353 4785 3447 4838 καὶ
3477 4786 3726 4855 προϐάλ-

2135 4864 2314 4920 λονται
2360 4868 2573 4938 ἑορτὴν,
2625 4869 2673 4921 οἱ
2721 4868 2810 4921 ἀεὶ
2849 4867 3216 4939 ἀπερίτμητοι
3250 4871 3314 4938 τῇ
3363 4868 3588 4940 καρδίᾳ.
3626 4872 3724 4924 καὶ

2133 4953 2246 5014 τοῖς
2280 4951 2381 5004 ὠσὶ
2425 4951 2635 5023 βαρέως
2675 4952 2983 5015 ἀκούοντες.
3016 4952 3172 5018 Πῶς,
3203 4953 3324 5006 εἰπέ
3362 4971 3484 5024 μοι,
3523 4955 3724 5024 Πάσχα

2133 5035 2420 5100 ἐπιτελεῖς,
2451 5029 2496 5087 ὧ
2520 5035 2735 5089 Ἰουδαίε
2757 5053 2771 5100 ;
2806 5037 2862 5088 'U
2889 5036 3016 5099 ναὸς
3039 5037 3412 5090 κατέσκαπται
3436 5053 3450 5066 ·
3477 5039 3508 5090 δ
3531 5037 3722 5108 βωμὸς

2133 5117 2423 5188 ἀνῄρηται,
2455 5117 2526 5171 τὰ
2546 5120 2712 5186 ’Ἅγια
2737 5119 2846 5172 τῶν
2870 5119 3042 5186 ἁγίων
3067 5120 3398 5188 πεπάτηται,
3431 5122 3590 5175 πᾶσα
3619 5121 3718 5174 θυ-

2134 5201 2226 5253 σία
2269 5201 2662 5256 καταλέλυταισ
2705 5203 2850 5265 τίνος
2879 5199 2972 5256 οὖν
3013 5203 3199 5256 ἕνεκεν
3233 5202 3440 5274 τολμᾷς
3470 5221 3716 5276 παρανο-

2135 5287 2290 5354 μεῖν;
2337 5285 2606 5354 Ἀπῆλθές
2657 5303 2788 5338 ποτε
2823 5287 2904 5348 είς
2951 5286 3270 5348 Βαϐυλῶνα,
3329 5287 3572 5357 ήκουσας
3603 5289 3710 5341 τῶν

2131 5370 2220 5438 αἰχ
2229 5370 2689 5438 μαλωτευσάντων
2703 5371 2732 5422 ὑ
2741 5371 2848 5438 μᾶς
2863 5370 3150 5438 λεγόντων,
3173 5372 3395 5440 ’ᾼσατε
3413 5373 3528 5438 τὴν
3545 5371 3626 5439 ᾠδ
3633 5371 3710 5438 ὴν

2129 5451 2275 5518 ἡμῖν
2293 5453 2396 5506 τοῦ
2413 5453 2633 5520 Κυρίου
2655 5471 2668 5484 ·
2689 5456 2782 5506 καὶ
2813 5455 2912 5507 οὐκ
2927 5455 3176 5524 ἠνέσχου.
3193 5456 3302 5508 Καὶ
3317 5455 3406 5508 διά
3435 5457 3488 5508 τί
3511 5455 3704 5521 ἔξωθεν

2140 5532 2204 5586 Ἰε
2213 5533 2399 5603 ροσολύ
2407 5552 2522 5603 μων
2541 5539 2710 5598 ποιεῖς
2725 5537 2784 5589 τὸ
2803 5537 3009 5607 Πάσχα;
3027 5537 3097 5590 Σὺ
3119 5533 3296 5602 εἶπας·
3315 5536 3450 5604 Πῶς
3463 5537 3702 5607 {iamper

2127 5619 2240 5686 τὴν
2264 5619 2428 5686 ᾠδὴν
2461 5619 2678 5688 Κυρίου
2715 5621 2810 5673 ἐπὶ
2846 5619 2956 5690 γῆς
2981 5621 3338 5691 ἀλλοτρίας-ξ
3373 5624 3483 5677 Καὶ
3531 5621 3704 5676 ταῦτα

2191 5712 2218 5739 ⁸
2244 5709 2392 5759 Forte
2411 5712 2488 5760 διὰ
2505 5710 2666 5761 τοῦτο.
2697 5713 2848 5763 Ξοὺσὶι.
