4062 6206
281 360 382 416 387

277 494 428 547 tiam.
459 491 588 559 Quia
621 509 689 549 ne
735 494 814 550 sic
841 497 1053 566 quidem
1103 500 1388 570 proditoris
1430 505 1804 574 impudentiam
1829 547 1843 572 ,

275 599 450 652 neque
482 585 744 655 ingratum
771 587 1074 645 Iudaeorum
1109 593 1340 648 animum
1381 595 1531 650 ﬂexit
1560 638 1575 661 ,
1619 599 1851 667 seipsum

275 675 442 729 tradit
464 717 478 737 ,
507 686 666 746 atque
693 678 819 733 dicit
847 697 861 733 :
893 680 1114 747 Quando
1139 686 1345 740 ostendi
1372 702 1468 742 eos
1499 688 1586 742 illa
1612 689 1845 759 aggredi,

271 781 392 833 qua:
420 765 596 822 facere
626 784 732 822 non
773 781 1034 840 possent,
1082 775 1220 830 volui
1269 791 1452 832 eorum
1499 781 1850 849 comprimere

271 855 550 909 furorem:
588 868 644 911 at
691 859 766 912 illi
819 862 1044 928 nolunt,
1089 864 1182 919 sed
1224 866 1278 920 in
1321 869 1552 937 nequitia
1600 884 1849 939 perseve-

269 955 388 998 rant
424 964 436 998 :
467 961 594 1002 ecce
616 950 876 1017 meipsum
906 953 1075 1006 trado.

345 1036 464 1090 Non
495 1040 784 1094 necessitate
809 1041 992 1095 bonum
1031 1061 1301 1111 operantur
1319 1088 1335 1113 ,
1357 1044 1446 1100 sed
1473 1046 1745 1104 voluntate.
1777 1080 1849 1092 --

267 1127 395 1181 Haec
419 1128 540 1182 dico
572 1129 753 1194 vobis,
789 1146 857 1186 ne
892 1133 1124 1202 quipiam
1156 1135 1421 1192 Christum
1467 1149 1732 1205 accusent,
1763 1141 1845 1195 di-

263 1229 496 1289 eantque
526 1238 539 1273 :
567 1221 672 1275 Cur
698 1237 802 1276 non
834 1226 1055 1279 mutavit
1078 1226 1264 1282 Judam
1282 1229 1305 1282 ?
1323 1244 1420 1284 cur
1441 1246 1544 1285 non
1572 1233 1842 1288 meliorem

265 1312 413 1364 illum
445 1311 656 1366 effecit?
685 1316 752 1367 At
775 1316 1041 1383 quomodo
1067 1320 1300 1387 oportuit
1320 1319 1507 1376 Judam
1539 1332 1842 1391 temperan-

263 1413 369 1456 tem
405 1419 466 1456 ae
494 1406 713 1472 probum
757 1405 1009 1463 efﬁcere?
1044 1426 1110 1463 an
1140 1414 1488 1481 necessitate,
1526 1429 1594 1468 an
1622 1415 1844 1470 arbitrio

262 1495 404 1548 suo?
432 1495 484 1548 Si
519 1495 833 1551 necessitate
853 1538 866 1561 ,
899 1515 1068 1568 neque
1096 1503 1175 1556 sic
1217 1504 1405 1558 melior
1449 1505 1653 1560 futurus
1692 1516 1838 1570 erat;

262 1601 421 1639 neuio
440 1587 637 1655 quippe
673 1588 989 1646 necessitate
1027 1594 1214 1647 melior
1238 1595 1501 1651 et‘licitur:
1534 1597 1576 1651 si
1612 1613 1738 1652 vero
1776 1615 1839 1654 ex

261 1677 486 1730 arbitrio
511 1687 563 1732 et
593 1679 883 1748 voluntate,
910 1685 1090 1739 omnia
1117 1685 1320 1740 induxit
1347 1701 1430 1750 ea,
1455 1704 1571 1755 quae
1598 1698 1842 1758 poterant

259 1768 431 1834 ipsum
457 1768 521 1822 ad
559 1770 757 1840 frugeut
786 1774 1061 1828 reducere.
1093 1775 1244 1842 Quod
1275 1777 1320 1830 si
1356 1777 1444 1832 ille
1477 1779 1709 1832 remedia
1739 1795 1838 1833 no-

259 1857 358 1911 luit
382 1860 644 1927 accipere,
671 1877 771 1916 non
797 1865 1053 1929 medicus,
1078 1866 1169 1920 sed
1196 1867 1239 1920 is
1277 1867 1366 1936 qui
1404 1868 1721 1924 medicinam
1751 1885 1838 1924 re-

259 1951 434 2018 Spttil,
477 1951 528 2002 iti
571 1952 724 2021 culpa
754 1963 852 2007 est.
889 1954 979 2009 Vis
1006 1957 1140 2010 scire
1170 1966 1364 2026 quanta
1394 1959 1577 2011 fecerit
1620 1967 1674 2012 ut
1716 1975 1836 2013 eum

257 2040 572 2095 reduceret?
602 2042 763 2096 Multa
792 2045 1046 2100 miracula
1074 2056 1130 2100 ut
1160 2047 1356 2101 faceret
1386 2049 1564 2113 dedit,
1596 2050 1839 2117 prazdixit

255 2130 330 2184 illi
377 2147 438 2185 ea
465 2174 479 2195 ,
511 2148 628 2201 qu.e
668 2135 734 2188 ad
772 2136 1124 2204 prostionem
1155 2139 1489 2208 spectabant,
1535 2141 1666 2196 nihil
1694 2153 1838 2197 retro

255 2223 470 2292 reliquit
493 2240 699 2292 eorum,
725 2243 843 2295 quze
868 2243 964 2298 pro
995 2229 1251 2299 discipulo
1281 2230 1456 2286 facere
1487 2247 1582 2301 par
1610 2246 1742 2288 erat.
1770 2234 1839 2290 Et

254 2322 310 2364 ut
334 2313 511 2365 discas
537 2330 658 2368 eum
683 2357 698 2380 ,
737 2332 859 2373 eum
899 2319 1091 2372 mutari
1118 2329 1325 2388 posset,
1359 2322 1592 2377 noluisse
1611 2362 1626 2387 ,
1649 2321 1742 2378 sed
1771 2338 1831 2381 ex

249 2403 369 2469 ejus
395 2407 618 2473 segnitie
645 2416 811 2460 totum
853 2410 1146 2476 prodiis‘se:
1179 2426 1297 2464 cum
1329 2411 1650 2480 prodidisset
1690 2429 1834 2480 eum,

251 2505 305 2547 et
336 2493 568 2550 furorem
613 2513 765 2552 suum
801 2500 866 2552 ad
898 2500 1054 2553 ﬁnem
1095 2501 1434 2569 deduxisset,
1468 2504 1694 2574 Projecit
1739 2505 1832 2559 tri-

249 2587 391 2652 ginta
421 2595 677 2652 argenteos
706 2588 918 2653 dicens,
953 2588 1164 2644 Peccavi
1189 2592 1389 2646 tradens
1428 2594 1721 2662 sanguinem
1750 2594 1835 2658 iu-

249 2684 383 2726 stam
412 2674 623 2743 (Matth.
654 2678 741 2730 27.
772 2680 857 2747 5).
890 2681 1057 2735 Antea
1095 2681 1305 2736 dicebas
1325 2723 1339 2746 ,
1373 2683 1506 2748 Quid
1537 2684 1680 2736 vultis
1711 2684 1836 2737 mihi

248 2767 375 2820 dare
397 2808 410 2826 ,
445 2777 490 2820 et
531 2786 620 2837 ego
663 2770 796 2824 vobis
834 2773 1030 2824 tradam
1061 2773 1368 2830 eum?Cum
1408 2767 1864 2830 consummatum.

249 2855 350 2909 fuit
374 2867 813 2930 peccatum,tunc
837 2869 1116 2928 peceatum
1134 2865 1362 2936 agnovit.
1393 2864 1523 2917 Hinc
1550 2865 1835 2923 ediscimus

260 2968 360 3007 nos
386 2969 507 3006 eum
534 2958 764 3022 segniter
791 2958 1014 3025 agimus,
1039 2971 1208 3026 neque
1233 2953 1445 3010 hortatu
1467 2969 1638 3026 neque
1659 2957 1832 3010 moni-

255 3045 326 3097 tis
355 3045 529 3114 juvari
556 3062 569 3109 ;
597 3062 713 3100 cum
745 3062 871 3101 vero
915 3048 1211 3117 diligenter,
1240 3063 1267 3100 a
1313 3048 1464 3102 nobis
1506 3047 1635 3118 ipsis
1678 3061 1833 3116 posse

246 3149 555 3203 resurgere.
589 3136 784 3191 Tecum
815 3139 956 3192 enim
985 3148 1166 3206 reputa
1197 3154 1316 3192 eum
1338 3179 1350 3200 ,
1377 3153 1496 3192 cum
1533 3137 1834 3192 hortaretur

245 3223 542 3285 Dominus.
573 3238 620 3280 et
654 3243 682 3279 a
725 3243 884 3294 pravo
924 3228 1156 3282 facinore
1189 3229 1513 3296 deterreret,
1546 3245 1650 3283 non
1685 3230 1834 3283 audi-

243 3315 394 3369 visse
421 3331 518 3369 nec
548 3316 891 3373 admonitioni
932 3319 1366 3387 obtemperasse;
1395 3335 1514 3373 cum
1545 3336 1671 3375 vero
1711 3320 1832 3374 nul-

246 3404 335 3458 lus
363 3406 674 3460 adntoneret
696 3445 710 3469 ,
739 3422 801 3461 ex
836 3408 1043 3476 propria
1084 3409 1405 3462 conscientia
1435 3410 1748 3474 surrexisse,
1778 3417 1833 3464 et

244 3497 467 3549 nemine
511 3497 734 3551 docente
774 3508 1026 3553 mutatum
1057 3515 1176 3554 esse
1201 3542 1214 3563 ,
1248 3508 1614 3569 trecentosque
1642 3516 1832 3568 argen-

243 3596 369 3641 teos
399 3588 702 3656 projecisse.
730 3588 1134 3655 Constituerunt,
1168 3592 1364 3661 inquit,
1397 3593 1472 3646 illi
1504 3593 1712 3663 triginta
1746 3609 1829 3646 ar-

244 3689 452 3747 gcnlcos
485 3677 694 3748 (Matth.
723 3679 812 3732 26.
852 3681 958 3748 15).
988 3681 1219 3734 Pretium
1257 3683 1525 3751 sanguinis
1565 3683 1829 3750 deposue-

245 3780 377 3823 runt
404 3771 548 3824 nullo
568 3773 734 3838 pretio
757 3771 1193 3824 aestiuiandi.Cur
1209 3774 1402 3841 accipis
1421 3773 1628 3841 triginta
1643 3789 1828 3841 argen-

243 3869 390 3922 teos,
407 3878 438 3910 o
456 3860 626 3914 .lutla?
645 3861 820 3915 Gratis
841 3866 984 3914 venit
999 3861 1238 3915 Christus
1263 3878 1360 3931 pro
1378 3863 1504 3918 orbe
1523 3866 1828 3931 sanguinem

238 3951 532 4015 effusuras,
551 3969 642 4020 pro
659 3968 761 4019 quo
776 3961 829 4006 tu
853 3969 989 4006 nunc
1012 3963 1160 4021 pacta
1175 3956 1378 4008 statuis.
1398 3956 1531 4023 Quid
1554 3957 1832 4025 impuden-

238 4041 353 4094 tius
379 4040 476 4093 hae
491 4042 862 4095 conventione?
884 4044 999 4112 quis
1021 4043 1170 4107 vidit,
1189 4043 1309 4112 quis
1325 4044 1524 4097 audivit
1549 4044 1832 4114 umquam?

321 4133 374 4184 4.
419 4131 524 4186 Sed
555 4143 608 4186 ut
647 4134 912 4188 dis-cantus
937 4136 1076 4204 quod
1105 4137 1173 4189 sit
1197 4135 1480 4190 discrimen
1505 4138 1827 4205 proditorem

239 4222 394 4275 inter
418 4233 472 4275 et
497 4223 803 4291 discipulos,
834 4225 1112 4278 audiamus
1141 4243 1154 4277 :
1187 4227 1363 4280 omnia
1389 4227 1582 4296 quippe
1608 4227 1832 4296 diligen-

235 4323 332 4368 ter
364 4315 515 4367 nobis
543 4325 755 4369 enarrat
784 4317 1125 4384 evangelista.
1155 4317 1288 4372 Cum
1338 4319 1450 4373 hate
1489 4318 1703 4382 ﬁerent,
1750 4320 1829 4372 iit-

235 4405 402 4474 qnit;
434 4420 554 4457 cum
583 4405 810 4473 proditio
849 4408 1194 4473 procederet,
1230 4423 1350 4462 cum
1393 4407 1555 4462 Judas
1599 4410 1830 4477 seipsum

235 4493 503 4564 perdidit,
536 4511 656 4548 cum
686 4497 857 4564 iniqua
899 4497 985 4550 illa
1010 4508 1158 4565 pacta
1190 4498 1341 4561 fecit,
1381 4512 1500 4551 cum
1532 4507 1829 4567 quaereret,

239 4585 446 4656 inquit,
469 4589 937 4654 Opportunitatem,
967 4599 1023 4641 ut
1048 4604 1166 4643 eunt
1197 4589 1467 4643 traderet:
1496 4589 1634 4644 Tunc
1666 4606 1831 4644 caeso

226 4689 417 4734 serant
447 4679 684 4746 discipuli
713 4681 820 4751 ejus
848 4681 1100 4734 dicentes:
1124 4681 1146 4734 Ι
1151 4681 1163 4727 ἶ
1171 4681 1219 4732 bi
1237 4681 1309 4734 vis
1336 4697 1567 4751 paremus
1584 4681 1670 4734 tibi
1687 4697 1830 4734 com-

226 4771 395 4823 edere
455 4767 658 4823 Pascha
697 4770 928 4839 (Matth.
961 4771 1050 4825 26.
1108 4773 1232 4839 I7)?
1273 4771 1459 4826 Vidisti
1502 4771 1828 4840 discipulos,

228 4859 427 4912 vidisti
455 4859 811 4928 discipulum?
840 4860 934 4915 Ille
968 4861 1318 4930 proditionem
1340 4901 1355 4927 ,
1384 4860 1436 4914 hi
1477 4860 1826 4916 ministerium

227 4951 548 5005 curabant:
582 4953 668 5007 ille
697 4962 842 5022 pacta
874 4952 1036 5007 inibat
1057 4962 1110 5008 et
1137 4953 1390 5008 llmninici
1416 4953 1684 5022 sanguinis
1709 4967 1830 5022 pre-

226 5041 380 5094 tium
406 5041 646 5110 aceipere
671 5044 971 5114 satagebat,
1001 5043 1053 5098 hi
1097 5043 1162 5097 ad
1192 5043 1500 5098 famulatum
1530 5059 1587 5098 se
1626 5059 1829 5113 prmpa—

225 5139 391 5186 rant.
417 5131 480 5183 Et
503 5131 586 5184 hic
613 5140 667 5186 et
696 5132 766 5186 illi
794 5132 979 5187 iisdem
1007 5133 1274 5188 miraculis
1301 5133 1620 5198 claruerunt,
1641 5134 1827 5188 eadem

222 5221 491 5275 doctrina
523 5222 703 5276 imbuti
735 5234 885 5278 erant
913 5241 926 5284 ;
956 5223 1220 5277 undenam
1250 5239 1378 5293 ergo
1401 5224 1726 5278 discrimen?
1753 5225 1828 5278 Ex

223 5314 540 5368 voluntate.
571 5314 696 5370 Haec
736 5325 790 5369 et
828 5315 1087 5369 malorum
1125 5324 1182 5369 et
1223 5315 1481 5368 bonorum
1523 5329 1681 5369 causa
1725 5325 1829 5370 est.

225 5397 482 5475 Vespera
532 5407 618 5462 illa
668 5417 783 5462 erat
817 5423 938 5462 cum
965 5407 1206 5475 discipuli
1259 5407 1371 5461 haec
1413 5406 1670 5460 dicerent.
1694 5405 1829 5473 Quid

231 5495 385 5550 illud
412 5505 512 5560 est,
545 5495 640 5551 Ubi
663 5498 734 5551 vis
761 5513 995 5566 paremus
1020 5497 1106 5551 tibi
1129 5497 1383 5551 comedere
1408 5496 1610 5550 Pascha
1633 5498 1659 5550 ἲ
1697 5496 1831 5551 llittc

229 5588 538 5644 ediscimus
563 5605 668 5645 non
697 5600 892 5646 Statum
913 5590 1234 5647 domicilium
1266 5590 1512 5645 habuisse
1536 5588 1827 5646 Christum.

225 5679 484 5734 Audiam
545 5682 634 5752 qui
687 5683 990 5752 splendidas
1030 5691 1340 5738 construant
1388 5682 1594 5747 domos,
1621 5681 1829 5751 ampla-

215 5786 351 5842 que
399 5782 547 5844 septa
573 5813 589 5842 ,
614 5773 756 5846 quod
791 5773 962 5834 Filius
985 5774 1215 5832 hominis
1245 5789 1348 5831 non
1393 5773 1579 5830 habeat
1609 5772 1702 5829 ubi
1728 5787 1818 5829 ca-

1313 375 1396 430 οε
1439 377 1843 434 I‘RODITIONE
1882 378 2096 437 JUDxE.
2141 382 2369 440 IIOMIL.
2415 388 2476 442 lI.

3432 404 3534 460 588

1964 497 2054 557 put
2105 507 2260 547 suum
2312 495 2574 551 reclinet:
2610 498 2728 554 ideo
2757 502 2937 558 dicunt
2977 508 3027 562 ei
3072 509 3313 582 discipuli
3367 534 3379 570 :
3437 518 3533 573 L-‘bi

1955 583 2028 635 vis
2078 599 2308 652 paremus
2359 586 2449 641 tibi
2495 591 2751 645 comedere
2802 592 3002 648 Pascha
3021 601 3047 652 .’
3095 603 3244 668 Quod
3291 605 3490 662 Pascha
3509 611 3534 662 2

1955 672 2271 765 Judaicum,
2327 678 2467 748 quod
2521 681 2571 734 in
2621 681 2849 754 zEgypto
2913 687 3117 745 initium
3172 708 3528 765 sumpserat:

1956 778 2076 817 nam
2122 764 2230 822 illic
2278 767 2427 824 initio
2475 771 2811 828 celebrarunt
2858 777 3006 832 illud.
3032 779 3207 852 Ecqua
3257 764 3324 839 de
3371 803 3532 844 causa

1955 853 2079 908 illud
2099 855 2339 913 Christus
2363 861 2635 918 celebrat?
2665 864 2728 920 Ut
2756 869 2930 922 omnia
2960 871 3142 941 legalia
3171 875 3428 947 implevit,
3455 885 3532 937 sic

1952 951 2008 997 et
2049 944 2208 999 istud.
2235 947 2355 1002 Ideo
2383 951 2571 1006 Joanni
2609 954 2816 1011 dicebat
2847 976 2860 1010 :
2894 958 2984 1014 Sic
3025 979 3116 1017 nos
3143 944 3282 1020 decet
3321 944 3532 1030 intulere

1951 1050 2146 1129 omnem
2165 1039 2418 1129 justitiam
2443 1043 2461 1114 (
2490 1041 2674 1100 Matth.
2699 1046 2751 1103 3.
2784 1049 2912 1118 15).
2941 1051 3053 1107 Νοη
3083 1065 3320 1112 nostrum
3351 1060 3528 1129 igitur.

1950 1125 2045 1218 sed
2063 1127 2348 1218 (Iudaicum
2378 1133 2580 1189 Pascha
2611 1154 2800 1208 parare
2826 1142 3074 1200 volebant
3100 1125 3526 1218 discipuli—Nam

1951 1214 2074 1270 illud
2105 1217 2345 1314 discipuli
2391 1237 2679 1294 pararunt,
2711 1246 2950 1288 nostrum
2999 1252 3126 1292 vero
3165 1214 3366 1297 Pascha
3412 1246 3528 1314 ipso

1949 1312 2281 1378 praeparavit,
2311 1313 2418 1370 imo
2449 1317 2562 1387 ipse
2586 1319 2786 1376 Pascha
2818 1340 2912 1394 per
2937 1333 3293 1387 venerandam
3324 1312 3526 1404 passio.

1947 1413 2068 1453 nem
2094 1415 2242 1456 suam
2271 1405 2489 1460 elfecttts
2515 1419 2618 1464 est.
2646 1412 2752 1466 Cur
2788 1431 2914 1485 ergo
2940 1417 3006 1471 ad
3033 1423 3332 1490 passionem
3362 1441 3521 1482 acce-

1945 1489 2065 1580 dit?
2097 1489 2162 1546 Ut
2188 1509 2284 1549 nos
2311 1495 2591 1553 redimeret
2622 1517 2652 1555 a
2679 1504 2962 1560 maledicto
2993 1489 3140 1580 legis.
3168 1513 3520 1580 Quamobrem

1948 1578 2140 1676 Paulus
2159 1583 2416 1641 clamabat
2443 1606 2457 1640 :
2487 1588 2630 1644 Misit
2668 1592 2806 1649 Deus
2832 1595 3024 1652 Filium
3051 1578 3219 1666 suum,
3248 1607 3438 1676 factum
3462 1625 3525 1663 es

1945 1671 2172 1763 muliere,
2202 1676 2391 1763 factum
2415 1680 2508 1732 sub
2536 1680 2663 1750 lege,
2696 1695 2749 1738 ut
2774 1702 2860 1740 eos
2883 1689 2968 1757 qui
2995 1691 3087 1744 sub
3123 1693 3228 1763 lege
3248 1671 3404 1749 verant
3439 1714 3522 1750 re-

1944 1760 2150 1816 dimeret
2178 1762 2370 1834 (Colat.
2398 1769 2451 1822 4.
2480 1771 2533 1824 4.
2561 1772 2637 1839 5).
2669 1773 2744 1828 Ne
2764 1777 2882 1844 quis
2908 1795 3034 1848 ergo
3057 1760 3278 1850 diceret,
3310 1785 3431 1841 ideo
3455 1787 3522 1841 il-

1945 1849 2048 1904 lant
2076 1853 2359 1923 abrogasse
2383 1897 2398 1923 ,
2429 1860 2551 1928 quia
2582 1862 2729 1937 illam
2766 1866 2986 1934 implere
3026 1885 3130 1924 non
3162 1849 3406 1940 poterat,
3439 1884 3525 1930 ut-

1945 1952 2067 2010 pote
2094 1959 2332 2013 gravem,
2365 1963 2644 2006 onerosam
2671 1964 2725 2009 et
2751 1955 3056 2020 difﬁcilem;
3086 1960 3205 2015 ideo
3230 1978 3350 2018 cum
3377 1964 3521 2020 illam

1943 2040 2104 2087 totam
2154 2036 2514 2106 implevisset,
2549 2051 2671 2100 tunc
2713 2046 2877 2114 ipsam
2907 2049 3082 2104 solvit.
3114 2052 3315 2108 Idcirco
3343 2064 3396 2108 ct
3427 2056 3524 2109 Pa-

1941 2126 2066 2178 scha
2099 2125 2224 2181 fecit
2250 2147 2262 2182 :
2293 2129 2422 2200 legis
2449 2135 2588 2188 enim
2636 2139 2942 2194 mandatum
2990 2142 3118 2210 ipsis
3150 2153 3265 2198 erat
3305 2147 3522 2203 Pascha:

1941 2217 2269 2272 soletnnitas.
2289 2223 2444 2276 Audi.
2468 2224 2657 2294 Ingrati
2681 2244 2804 2298 erga
2832 2231 3126 2287 beneﬁcum
3150 2247 3303 2289 erant
3326 2237 3516 2301 Judzei,

1940 2307 2230 2377 statimque
2267 2313 2485 2369 beneﬁci
2513 2317 2978 2377 obliviscebantur.
3011 2324 3172 2394 quue
3201 2336 3258 2381 ut
3275 2340 3520 2386 accurate

1939 2395 2113 2452 discas
2140 2415 2155 2451 :
2188 2403 2386 2470 egressi
2417 2413 2541 2459 sunt
2567 2421 2633 2461 ex
2649 2404 2906 2477 tEgypto,
2925 2412 3331 2469 mareRubrutn
3352 2425 3529 2474 trans-

1935 2486 2150 2557 ierunt,
2184 2493 2364 2564 ipsum
2413 2495 2658 2550 viderunt
2709 2497 2932 2552 scissum
2957 2539 2972 2562 ,
3014 2515 3302 2570 rursusque
3343 2505 3520 2558 coale-

1937 2593 2093 2633 scens
2135 2599 2147 2632 :
2185 2598 2282 2635 nec
2331 2585 2496 2639 multo
2533 2587 2716 2655 elapso
2759 2597 2999 2658 tempore
3047 2590 3229 2645 dicunt
3273 2593 3514 2647 Aaroni:

1937 2672 2047 2724 Fac
2075 2674 2216 2726 nobis
2247 2674 2385 2741 deos,
2416 2677 2501 2745 qui
2529 2679 2815 2746 prtecedant
2838 2697 2928 2734 nos
2955 2681 3149 2750 (Exod.
3176 2683 3265 2737 52.
3284 2684 3358 2748 1).
3381 2684 3518 2750 Quid

1937 2761 2094 2826 dicis,
2132 2763 2334 2833 ingrate
2369 2766 2600 2822 Iudaee?
2629 2778 2704 2824 tot
2733 2771 2917 2825 taliave
2947 2773 3196 2826 tniracula
3231 2773 3400 2828 vidisti
3421 2813 3435 2836 ,
3468 2784 3521 2829 et

1935 2854 2130 2910 oblitus
2151 2871 2208 2910 es
2237 2858 2352 2923 Dei,
2370 2860 2459 2929 qui
2482 2869 2535 2916 te
2557 2861 2740 2928 nutrit,
2762 2879 2936 2932 neque
2955 2865 3179 2919 beneﬁci
3198 2867 3518 2921 mentionem

1941 2942 2109 2999 facis?
2135 2945 2262 3012 Quia
2297 2948 2456 3018 igitur
2485 2951 2934 3007 obliviscebautur
2958 2953 3334 3008 beneficiorum
3363 2955 3479 3023 ejus
3499 2995 3519 3022 ,

1937 3033 2279 3090 festivitatum
2299 3051 2613 3109 argumento
2627 3041 2769 3096 Deus
2783 3042 3041 3096 donorum
3059 3045 3520 3099 commemoratio-
3586 3084 3596 3090 υ

1937 3140 2057 3180 nem
2087 3126 2390 3195 adstrinxit,
2412 3139 2468 3183 ut
2498 3131 2660 3185 velint
2688 3133 2855 3186 nolint
2881 3143 3184 3188 manentem
3208 3133 3520 3189 memoriam

1935 3217 2182 3273 habeant.
2216 3221 2285 3275 Et
2313 3222 2385 3275 illi
2413 3222 2626 3290 quidem
2667 3225 2743 3279 sic
2776 3242 2789 3276 :
2821 3225 3023 3294 quare?
3057 3225 3121 3280 Ut
3147 3241 3262 3278 cum
3301 3227 3518 3280 interro.

1934 3311 2124 3378 gaverit
2155 3321 2200 3364 te
2225 3313 2364 3379 [ilius
2394 3322 2507 3367 titus
2527 3354 2542 3379 ,
2565 3314 2702 3382 Quid
2731 3327 2814 3370 est
2855 3315 2993 3369 hoc?
3019 3315 3163 3370 dicas
3191 3332 3204 3367 :
3236 3315 3368 3383 Quia
3397 3317 3519 3386 agni

1935 3401 2093 3469 hujus
2128 3403 2384 3471 sanguine
2419 3404 2696 3473 januarum
2734 3406 2910 3458 limina
2943 3415 3234 3468 unxerunt,
3265 3417 3520 3462 mortem-

1933 3507 2040 3561 que
2103 3493 2434 3562 effugerunt,
2489 3511 2646 3564 quant
2697 3506 2932 3550 vastator
2986 3498 3204 3566 angelus
3254 3496 3520 3569 Egyptiis

1935 3583 2182 3636 omnibus
2226 3582 2402 3636 intulit
2439 3597 2454 3635 :
2502 3595 2822 3654 propterque
2865 3585 3006 3641 hunc
3055 3587 3362 3655 sanguinem
3413 3603 3517 3642 non

1934 3675 2104 3744 potuit
2144 3675 2345 3729 irruere
2375 3683 2429 3729 et
2467 3675 2669 3745 plagam
2719 3677 2974 3746 inﬂigere.
3005 3675 3081 3731 Illi
3127 3678 3303 3746 itaque
3333 3677 3516 3740 inviti,

1935 3763 2023 3818 hic
2069 3780 2196 3818 vero
2237 3766 2424 3819 lubens
2467 3765 2710 3821 Christus
2757 3767 3077 3822 immolatur.
3113 3768 3334 3836 Quare?
3385 3770 3522 3835 Quia

1934 3849 2062 3908 illud
2087 3865 2197 3908 erat
2216 3855 2379 3925 ﬁgura
2401 3856 2691 3924 spiritualis
2706 3857 2997 3912 Paschatis.
3023 3857 3087 3912 Ut
3111 3859 3161 3912 id
3180 3873 3304 3912 vero
3321 3858 3517 3922 discas.

1935 3946 2055 4001 vide
2075 3956 2270 4016 quanta
2287 3947 2358 4001 sit
2383 3947 2637 4004 afﬁnitas.
2653 3949 2835 4018 Agnus
2862 3958 2914 4003 et
2931 3963 3130 4019 agnus;
3158 3948 3250 4002 sed
3273 3950 3361 4003 ille
3389 3949 3526 4002 irra.

1937 4038 2165 4103 tinnalis,
2197 4039 2282 4093 hic
2307 4039 2616 4094 rationalis:
2645 4041 2760 4094 ovis
2785 4049 2837 4095 et
2861 4041 2996 4103 ovis,
3017 4040 3200 4094 umbra
3219 4050 3275 4096 et
3289 4040 3519 4104 veritas;

1935 4129 2030 4184 sed
2055 4131 2292 4198 apparuit
2325 4131 2413 4186 Sol
2437 4131 2657 4200 iustitia:
2675 4171 2691 4198 ,
2717 4142 2772 4186 et
2797 4132 2985 4186 umbra
3008 4131 3234 4186 cessavit
3263 4148 3278 4185 :
3308 4131 3522 4189 lucente

1936 4237 2164 4292 namque
2200 4223 2346 4288 sole,
2375 4221 2584 4292 fugatur
2629 4224 2835 4278 umbra.
2867 4223 3097 4293 Ideoque
3149 4239 3318 4294 agnus
3358 4224 3521 4278 etiam

1936 4313 1989 4368 in
2039 4329 2223 4369 mensa
2271 4316 2596 4385 mystica,ut
2623 4317 2879 4385 sanguine
2921 4315 3060 4370 illius
3101 4315 3520 4371 sanetiflcemur.

1935 4406 2290 4472 Quamobrem
2316 4406 2603 4461 accedente
2632 4406 2775 4468 sole,
2808 4406 3023 4462 lucerna
3063 4422 3167 4462 non
3196 4407 3332 4463 ttltra
3359 4423 3522 4477 appa-

1936 4507 2053 4550 reat
2075 4515 2086 4550 :
2110 4512 2231 4551 nam
2255 4512 2372 4566 qur
2390 4505 2500 4550 tum
2530 4498 2664 4551 facta
2686 4507 2811 4551 sunt
2827 4497 3007 4567 figurae
3030 4507 3184 4554 erant
3201 4500 3521 4554 futurorum.
3578 4493 3588 4504 ’

2011 4586 2066 4640 5.
2090 4586 2276 4641 Contra
2297 4585 2529 4643 Judaros.
2569 4587 2692 4642 Vide
2718 4589 2771 4642 in
2801 4587 3040 4644 [lautitiis
3085 4600 3262 4644 contra
3296 4589 3517 4655 eosdem,

1941 4673 2004 4730 τ.
2035 4675 2086 4730 1.
2111 4705 2185 4718 -
2229 4676 2354 4730 Haec
2399 4675 2600 4732 Judteis
2643 4677 2799 4742 dico,
2845 4693 2914 4733 ne
2957 4679 3162 4748 seipsos
3190 4679 3518 4748 decipientss

1937 4775 2123 4837 putent
2162 4783 2221 4823 se
2247 4768 2448 4822 Pascha
2479 4768 2752 4824 celebrare
2780 4786 2799 4836 ;.
2826 4770 2947 4840 quia
2977 4769 3268 4840 impudenti
3294 4769 3520 4825 consilio

1935 4875 2120 4930 azyma
2146 4860 2389 4929 accipere
2420 4870 2775 4930 prmvertunt,
2805 4870 2858 4915 et
2887 4861 3078 4916 festum
3107 4860 3399 4928 objiciunt,
3425 4860 3520 4930 qui

1938 4963 2150 5018 semper
2196 4949 2546 5004 incircumcisi
2575 4959 2702 5005 sunt
2727 4950 2921 5016 corde,
2950 4959 3004 5006 et
3029 4949 3246 5005 auribus
3285 4949 3519 5020 graviter

1934 5042 2173 5096 audiunt.
2193 5041 2494 5110 Quomodo,
2513 5058 2715 5112 quaeso,
2746 5043 2944 5098 Pascha
2969 5041 3229 5109 celebras,
3252 5041 3519 5097 oJudaee?

1937 5131 2214 5200 Templum
2245 5131 2360 5186 solo
2386 5141 2650 5202 arquatum
2680 5141 2782 5198 est,
2810 5131 2977 5186 altare
3002 5131 3268 5186 sublatura
3288 5172 3304 5196 ,
3332 5140 3514 5186 sancta

1935 5231 2237 5277 sanctorum
2284 5223 2622 5286 conculcata,
2671 5237 2832 5276 omne
2874 5221 3192 5276 sacriﬁcium
3241 5221 3513 5275 solutum:

1935 5329 2032 5369 cur
2059 5329 2187 5385 ergo
2217 5314 2550 5383 praevaricari
2576 5313 2778 5368 audes?
2805 5314 2995 5368 Abiisti
3025 5314 3309 5384 aliquando
3339 5313 3516 5386 Baby-

1937 5404 2112 5460 lonem
2135 5445 2149 5466 ,
2182 5405 2374 5460 audisti
2403 5419 2497 5460 eos
2525 5405 2613 5473 qui
2647 5407 2888 5474 captivos
2915 5405 3178 5460 duxerant
3207 5421 3300 5459 vos
3327 5405 3514 5459 dicen-

1934 5503 2050 5561 tes,
2094 5495 2304 5549 Cantate
2332 5497 2472 5550 nobis
2513 5497 2761 5549 canticum
2806 5493 3012 5549 Domini
3053 5494 3241 5566 (Psal.
3268 5495 3390 5550 156.
3420 5496 3514 5565 5),

1933 5596 1990 5642 et
2034 5604 2138 5642 non
2189 5588 2372 5642 tulisti.
2427 5587 2494 5642 Et
2539 5603 2634 5643 cur
2681 5597 2830 5642 extra
2876 5586 3262 5657 Jerosolymam
3311 5585 3514 5642 Pascha

1932 5679 2204 5739 celebras.
2249 5679 2336 5748 qui
2377 5678 2577 5746 dixisti,
2621 5679 2882 5746 Quomodo
2922 5678 3232 5732 cantabimus
3260 5678 3510 5731 canticum

1937 5771 2144 5828 Domini
2172 5772 2224 5827 in
2249 5781 2382 5829 terra
2409 5773 2573 5828 aliena
2599 5771 2758 5844 (Ibid.
2789 5788 2836 5828 υ.
2862 5771 2969 5844 3)?
2998 5773 3060 5828 Et
3089 5771 3202 5840 haec
3229 5769 3521 5828 declarans.
