4062 6206
558 310 665 366 389

556 424 742 480 beatus
770 425 929 479 David
966 426 1172 481 dicebat
1203 444 1214 479 :
1246 425 1412 495 Super
1449 428 1634 496 ﬂumen
1674 426 1978 498 Babylonis,
2034 430 2139 483 illic

555 517 778 571 sedimus
802 528 848 571 et
891 518 1118 583 ﬂeuimus
1149 534 1164 569 :
1190 518 1241 570 in
1265 518 1502 570 salicibus
1526 520 1579 571 in
1606 519 1767 571 medio
1797 521 1906 590 ejus
1930 536 2139 589 suspen-

556 610 724 664 dimtts
743 627 935 681 organa
954 622 1125 665 nostra
1145 609 1477 680 (Psal.156.i
1494 610 1588 681 .2);
1614 612 1665 666 id
1690 622 1789 675 est,
1810 614 2133 682 psalterium,

550 702 827 773 cytharam
849 744 865 764 ,
915 704 1079 775 lyram
1111 720 1122 755 :
1160 704 1242 757 his
1270 706 1411 758 enim
1454 704 1582 758 olim
1629 706 1942 771 utebantur,
1975 716 2028 761 et
2056 707 2136 761 his

556 794 791 862 psalmos
818 795 1099 850 canebant.
1133 793 1249 848 Illic
1279 797 1411 848 enim
1431 836 1446 861 ,
1478 796 1679 864 inquit,
1709 796 2136 867 interrogaverunt

548 903 667 947 nos,
695 886 781 956 qui
806 888 1030 956 captiuos
1060 887 1312 941 duxerunt
1340 906 1450 952 nos,
1485 890 1631 942 verba
1655 891 1942 945 cantionum
1972 890 2129 961 (Ibid.

552 995 599 1028 r.
631 977 718 1047 5).
768 978 837 1032 Et
878 978 1109 1033 diximus
1152 998 1165 1032 :
1214 980 1478 1045 Quomodo
1523 982 1835 1036 cantabimus
1882 984 2132 1037 canticum

554 1070 761 1124 Domini
785 1073 835 1124 in
867 1083 999 1125 terra
1022 1073 1187 1126 aliena
1204 1075 1229 1126 2’
1254 1074 1406 1140 Quid,
1438 1089 1640 1141 qureso,
1667 1075 1840 1129 dicis?
1868 1077 2129 1131 canticum

554 1162 764 1215 Domini
797 1179 901 1217 non
943 1174 1129 1217 cantas
1168 1165 1218 1217 in
1263 1174 1403 1219 terra
1433 1166 1634 1230 aliena,
1679 1174 1735 1219 et
1762 1166 1958 1221 Pascha
1988 1168 2129 1222 cele-

548 1251 671 1305 bras
702 1252 753 1305 in
797 1262 934 1307 terra
965 1255 1168 1308 aliena?
1192 1254 1376 1309 Viden’
1406 1256 1764 1326 stupiditatem
1786 1256 2129 1311 Judzrorum?

548 1342 681 1395 Cum
709 1343 932 1397 aderant
962 1345 1160 1400 inimici
1190 1346 1277 1415 qui
1317 1353 1603 1415 cogerent,
1637 1361 1702 1400 ne
1728 1346 1986 1415 psalmum
2013 1347 2127 1415 qui-

547 1434 668 1488 dem
716 1436 940 1492 recitare
968 1437 1217 1492 volebant
1258 1438 1309 1491 in
1355 1448 1497 1492 terra
1536 1439 1705 1493 aliena
1736 1457 1748 1492 :
1775 1448 1828 1494 et
1866 1455 2006 1494 nunc
2032 1455 2126 1494 sua

545 1536 767 1593 sponte,
797 1529 1007 1582 nemine
1034 1539 1293 1598 cogente,
1330 1528 1528 1583 bellum
1560 1528 1792 1583 inferunt
1822 1530 1946 1585 Deo.
1987 1531 2127 1596 Qua-

542 1626 763 1686 propter
810 1617 997 1673 beatus
1035 1619 1337 1689 Stephanus
1376 1619 1585 1675 dicebat
1624 1620 1768 1674 illis:
1808 1620 1907 1675 Vos
1934 1638 2126 1692 semper

545 1708 771 1776 Spiritui
804 1719 980 1763 sancto
1016 1712 1245 1765 resistitis
1268 1711 1406 1780 (Act.
1431 1712 1482 1764 7.
1506 1709 1618 1782 5i).
1648 1711 1808 1766 Vides
1834 1727 1989 1782 quam
2020 1714 2123 1767 im-

546 1813 673 1865 pura
704 1799 809 1852 sint
843 1815 1026 1869 azyma
1049 1842 1064 1867 ,
1110 1816 1268 1871 quam
1301 1802 1532 1870 iniquum
1560 1801 1860 1856 Judzcorum
1892 1803 2124 1856 festum?

541 1887 673 1943 Erat
701 1890 828 1944 olim
856 1891 1061 1946 Pascha
1088 1893 1385 1958 Judaicum,
1425 1895 1516 1948 sed
1546 1895 1775 1948 solutum
1807 1903 1908 1949 est.
1949 1895 2118 1959 Tunc,

542 1981 736 2050 inquit,
766 1982 936 2048 Jesns,
968 1985 1382 2037 manducantibus
1413 1984 1516 2038 illis
1539 1995 1594 2039 ct
1618 1984 1919 2039 bibentibus
1942 2028 1955 2051 ,
1985 1988 2120 2039 acci-

540 2076 682 2144 piens
711 2092 890 2146 panem
938 2077 990 2129 in
1022 2085 1233 2131 sanctas
1273 2086 1327 2130 et
1360 2078 1706 2130 intemeratas
1749 2091 1939 2131 manus
1973 2092 2115 2143 snas,

536 2170 727 2238 gratias
753 2186 906 2239 agens
936 2170 1118 2239 fregit,
1151 2170 1373 2239 dixitque
1416 2170 1679 2239 discipulis
1721 2170 1823 2223 suis
1852 2186 1872 2222 :
1899 2170 2120 2239 Accipite

536 2269 583 2311 et
614 2258 912 2313 manducate
938 2275 957 2312 :
982 2260 1077 2313 hoc
1105 2269 1177 2312 est
1207 2275 1388 2328 corpus
1416 2275 1580 2311 meum
1620 2257 1842 2328 (Matth.
1866 2258 1956 2313 26.
1986 2258 2055 2313 26
2076 2261 2114 2329 ),

538 2350 680 2420 quod
713 2366 808 2419 pro
848 2350 1000 2404 vobis
1041 2360 1095 2405 et
1134 2351 1314 2405 multis
1358 2349 1614 2421 frangitur
1656 2350 1708 2403 in
1752 2350 2115 2404 remissionem

532 2451 896 2512 peccatorum.
945 2442 1013 2496 Et
1053 2444 1259 2496 calicem
1306 2457 1516 2497 rursum
1560 2442 1847 2511 accipiens,
1878 2441 2013 2494 dedit
2046 2442 2116 2495 eis

531 2535 704 2589 dicens
733 2551 751 2589 :
782 2535 880 2588 Hic
912 2546 982 2589 est
1010 2536 1214 2605 sanguis
1254 2552 1392 2588 meus
1432 2535 1516 2603 qui
1548 2552 1639 2605 pro
1678 2534 1813 2589 vobis
1839 2534 2117 2601 effunditur

529 2629 583 2678 in
605 2626 943 2680 remissionem
973 2636 1289 2695 peccatorum
1314 2625 1473 2696 (Ibid.
1494 2641 1541 2679 υ.
1560 2625 1651 2678 27.
1669 2623 1783 2697 28).
1813 2625 2114 2694 Aderatque

527 2717 730 2785 Judas,
775 2734 895 2773 cum
925 2718 1040 2773 hcce
1079 2720 1280 2774 diceret
1311 2719 1584 2773 Dominus.
1628 2719 1725 2773 llic
1766 2728 1846 2773 est
1875 2721 2110 2790 sanguis,

528 2826 563 2863 ο
590 2808 726 2864 Juda
748 2850 763 2875 ,
808 2825 966 2881 quem
992 2809 1279 2866 vendidisti
1324 2811 1535 2880 triginta
1575 2811 1839 2881 argenteis
1870 2824 1884 2861 :
1914 2810 2001 2865 hic
2030 2820 2113 2866 est

528 2902 769 2971 sanguis,
800 2917 896 2971 pro
928 2918 1035 2972 quo
1059 2918 1231 2972 nuper
1254 2902 1591 2974 impudentia
1614 2911 1762 2979 pacta
1790 2909 1959 2964 inibas
1988 2926 2108 2965 cum

527 2990 783 3059 improbis
805 2991 1110 3051 Pharisaeis.
1135 2989 1181 3051 Ο
1208 3006 1459 3067 quantam
1478 2997 1671 3052 Christi
1697 2998 2102 3067 benignitatem!

525 3098 559 3136 ο
598 3083 861 3155 ingratum
902 3087 1051 3142 Judue
1091 3089 1363 3142 animum!
1408 3088 1665 3143 Dominus
1707 3089 2005 3156 nutriebat,
2054 3098 2109 3145 et

526 3193 714 3233 servus
743 3179 1022 3233 vendebat.
1072 3179 1164 3233 Ille
1194 3193 1420 3248 namque
1448 3178 1684 3234 vendidit
1717 3194 1839 3234 eum
1876 3179 2109 3249 acceptis

524 3270 739 3338 triginta
782 3270 1091 3340 argenteis;
1137 3267 1382 3321 Christus
1420 3282 1548 3321 vero
1595 3267 1646 3320 in
1687 3268 2105 3337 redemptionem

524 3372 759 3413 nostram
806 3361 1076 3429 proprium
1126 3359 1434 3428 sanguinem
1484 3358 1705 3423 effudit,
1752 3367 1805 3412 ct
1845 3358 2103 3413 venditori

524 3453 770 3519 tradidit,
801 3452 1062 3523 siquidem
1095 3453 1367 3508 voluisset.
1402 3452 1599 3507 Aderat
1628 3453 1768 3506 enim
1795 3450 1957 3506 Judas
1980 3462 2103 3506 ante

521 3545 897 3613 proditionem,
922 3554 975 3599 et
996 3560 1160 3599 sacra:
1188 3559 1385 3599 mensae
1412 3544 1675 3613 particeps
1695 3551 1827 3608 erat,
1856 3544 2102 3613 mystica-

521 3652 626 3706 que
654 3652 804 3692 caena
836 3635 1130 3690 fruebatur.
1169 3635 1625 3700 Quemadmodum
1655 3635 1794 3689 enim
1822 3634 1985 3703 pedes
2014 3635 2097 3687 di-

520 3728 848 3795 scipulorum
878 3726 1004 3781 lavit
1038 3727 1312 3792 Dominus,
1342 3726 1420 3779 sic
1445 3735 1497 3779 et
1523 3740 1687 3778 sacra:
1716 3740 1915 3779 mensa:
1940 3724 2098 3793 parti-

520 3833 651 3886 ceps
680 3817 775 3871 fuit
796 3817 992 3881 ludas;
1023 3828 1078 3871 ut
1103 3819 1296 3872 nullam
1326 3817 1546 3872 haberet
1568 3817 1982 3883 excusationem,
2006 3817 2098 3871 sed

510 3906 770 3978 judicium
802 3910 1085 3977 acciperet.
1132 3908 1262 3962 Nam
1300 3909 1349 3961 in
1381 3923 1541 3976 prava
1568 3908 1825 3961 sententia
1856 3922 2100 3976 persevc-

520 4003 704 4066 rabat,
746 4011 799 4056 et
849 4016 1133 4071 egressus,
1177 4000 1343 4055 osculi
1390 4001 1507 4053 loco
1552 4000 1903 4069 proditionem
1954 4000 2095 4064 fecit,

522 4095 803 4147 immemor
830 4092 1227 4147 beneﬁciorum.
1252 4094 1327 4146 Ae
1356 4101 1476 4160 post
1503 4092 1854 4160 proditionem
1878 4091 2098 4159 projecit

522 4185 734 4253 triginta
762 4194 1043 4254 argenteos
1070 4185 1253 4238 dicens
1287 4207 1299 4235 :
1333 4182 1543 4235 Peccavi
1570 4183 1775 4235 tradens
1803 4183 2094 4252 sanguinem

520 4276 830 4328 innocentem
862 4275 1074 4345 (Matth.
1102 4275 1193 4328 ‘27.
1222 4276 1297 4343 5).
1330 4273 1374 4327 Ο
1402 4274 1689 4326 cmeitatem
1716 4274 1729 4325 !
1775 4287 1941 4325 cinna:
1972 4288 2094 4341 par-

428 4414 437 4425 _
519 4362 688 4432 ticeps
730 4362 908 4429 luisti,
951 4372 1004 4417 et
1046 4364 1338 4418 beneﬁcum
1389 4360 1711 4431 prodidisti?
1750 4362 1817 4414 Et
1843 4362 2094 4415 Dominus

520 4454 735 4522 quidem
784 4454 923 4524 quod
978 4456 1233 4524 scriptum
1277 4465 1391 4510 erat
1439 4453 1608 4508 libens
1659 4454 1955 4521 implebat:
2010 4454 2095 4507 Va:

517 4556 687 4598 autem
713 4547 790 4598 illi
815 4563 902 4614 per
926 4563 1073 4617 quem
1099 4547 1393 4599 scandalum
1424 4545 1553 4598 venit
1578 4543 1792 4617 (Matth.
1820 4553 1905 4610 i8.
1933 4553 2019 4614 7)!

589 4638 642 4693 6.
670 4636 795 4691 Hice
821 4638 987 4705 verba,
1006 4638 1115 4692 Hoc
1135 4648 1213 4692 est
1235 4651 1427 4706 corpus
1449 4651 1622 4689 meum
1652 4635 1908 4704 proposita
1930 4644 2094 4688 trans-

518 4735 759 4802 formattt.
806 4728 963 4784 Pacis
1009 4729 1231 4783 studium
1266 4728 1599 4782 necessarium
1628 4730 1696 4779 ad
1735 4728 1828 4779 rite
1869 4744 2091 4779 commu-

516 4822 808 4874 tricandum.
835 4850 903 4861 ——
939 4819 1041 4876 Sed
1075 4829 1281 4887 tempus
1315 4818 1529 4871 demum
1567 4826 1649 4871 est
1677 4816 1742 4870 ad
1774 4816 2089 4870 horrendam

518 4916 655 4969 hanc
686 4913 1122 4982 tremendamque
1162 4925 1398 4964 mensam
1429 4909 1736 4964 accedendi.
1766 4908 1961 4963 Omnes
1996 4910 2091 4978 igi-

518 5019 602 5061 tur
634 5022 754 5060 eum
788 5021 916 5076 pura
946 5003 1271 5060 conscientia
1300 5001 1632 5055 accedamus.
1678 5000 1864 5054 Nullus
1892 4998 1977 5053 hic
2002 5000 2093 5054 Ju-

515 5101 613 5154 das
641 5109 756 5153 esto
776 5098 961 5152 dolose
983 5110 1146 5166 agens
1172 5095 1224 5149 in
1251 5092 1548 5162 proximum
1577 5106 1755 5157 suum,
1781 5104 1937 5145 nemo
1956 5090 2093 5144 adsit

518 5193 790 5263 improbus
816 5233 829 5257 ,
881 5204 1040 5245 nemo
1086 5202 1349 5243 venenum
1394 5185 1621 5239 occultet
1669 5184 1721 5236 in
1766 5182 1927 5237 corde
1971 5196 2087 5237 suo.

517 5283 682 5337 Adest
722 5292 776 5337 et
818 5296 960 5337 nunc
1000 5281 1242 5335 Christus
1289 5292 1523 5331 mensam
1568 5290 1838 5329 exornans
1871 5291 1886 5328 :
1918 5288 2090 5343 neque

516 5375 657 5427 enim
700 5373 859 5428 homo
887 5382 970 5429 est
996 5376 1079 5436 is,
1124 5372 1212 5442 qui
1244 5369 1366 5424 facit
1405 5377 1462 5422 ut
1507 5366 1772 5435 proposita
1815 5380 2009 5434 corpus
2038 5375 2092 5420 et

515 5466 729 5537 sanguis
754 5465 947 5519 Christi
986 5464 1298 5519 efﬁciantur.
1339 5461 1585 5532 Figuram
1632 5467 1832 5511 tantum
1864 5458 2090 5526 implens

516 5570 621 5617 Stat
640 5558 916 5623 sacerdos,
944 5567 998 5611 et
1021 5556 1459 5626 supplicationem
1489 5552 1644 5607 oﬁert
1674 5569 1684 5602 :
1716 5551 1883 5620 gratia
1914 5560 2088 5605 autem

517 5664 569 5713 et
599 5654 760 5708 Virtus
789 5650 878 5704 Dci
906 5660 985 5703 est
1009 5690 1022 5714 ,
1067 5664 1185 5715 quae
1214 5648 1389 5702 omnia
1419 5646 1601 5700 efﬁcit.
1655 5642 1764 5697 Iloc
1800 5652 1869 5697 est
1910 5660 2088 5712 corpus

519 5764 680 5804 meum
710 5737 1499 5814 (Matth.26.2ti),inqnit.tloc
1540 5738 1756 5793 verbum
1817 5740 2083 5809 proposita

1277 306 1331 360 S.
1370 306 1647 363 JOANNIS
1678 308 2147 365 CllRYSOSTOMi
2188 312 2500 370 ARCHIEP.
2541 316 3071 379 CONSTANTINOP.

3714 348 3823 403 δςιο

2248 431 2605 489 transformat.
2638 437 2705 493 Et
2728 441 3173 509 quemadmodum
3203 463 3302 503 vox
3332 452 3415 505 illa
3436 496 3450 518 ,
3480 456 3734 524 Crescite,
3775 475 3825 518 st

2244 525 2653 593 multiplicamini
2678 541 2724 583 et
2750 534 2933 602 replete
2959 546 3143 591 terram
3173 540 3320 611 (Gen.
3354 546 3404 598 i.
3428 546 3499 601 28
3517 549 3535 616 )
3556 590 3570 613 ,
3598 553 3821 610 verbum

2242 622 2389 677 erat,
2418 624 2472 669 et
2514 618 2703 673 factum
2734 631 2815 676 est
2858 639 2991 693 opus
3010 668 3024 690 ,
3054 631 3193 697 quod
3240 632 3485 691 humana:
3515 650 3724 697 natura:
3755 648 3818 699 ad

2242 700 2529 759 liberorum
2554 714 2972 776 procreationem
2995 717 3096 769 vim
3122 718 3326 776 inderet
3349 741 3363 777 :
3390 725 3471 782 sic
3492 736 3549 782 et
3572 730 3695 785 hac
3718 748 3819 791 vox

2240 796 2698 890 prolata—semper
2724 806 2895 873 gratia
2933 818 3089 878 auget
3115 826 3209 865 eos
3230 852 3247 878 ,
3293 815 3383 883 qui
3412 816 3574 887 digne
3604 826 3813 890 partici-

2240 895 2384 979 pant.
2432 887 2620 945 Nullus
2649 892 2825 961 itaque
2866 897 3142 953 simulatus
3168 902 3273 967 sit,
3307 904 3484 960 nullus
3513 887 3813 979 improbus,

2236 974 2414 1031 nullus
2442 992 2604 1047 rapax
2628 1022 2644 1047 ,
2678 983 2851 1039 nullus
2884 990 3297 1047 contumeliosus
3321 1035 3336 1059 ,
3380 998 3558 1053 nullus
3589 974 3813 1058 iratruni

2236 1078 2381 1131 osor,
2412 1068 2586 1122 nullus
2612 1085 2825 1138 avarus,
2857 1075 3031 1131 nullus
3059 1079 3321 1147 ebriosus,
3354 1086 3532 1141 nullus
3556 1091 3812 1147 ambitio.

2233 1171 2359 1223 sus,
2389 1160 2564 1216 nullus
2594 1167 2945 1221 masculorum
2979 1173 3308 1238 concubitor,
3355 1178 3531 1233 nullus
3574 1182 3807 1248 invidus,

2235 1247 2412 1301 nullus
2438 1248 2770 1307 fornicationi
2797 1255 3027 1322 deditus,
3054 1261 3226 1316 nullus
3251 1262 3356 1329 fur,
3388 1269 3565 1323 nullus
3590 1247 3810 1328 insidia?

2230 1351 2321 1437 sus
2340 1378 2355 1403 ,
2389 1355 2456 1393 ne
2470 1340 2725 1409 judicium
2754 1347 2852 1400 sibi
2882 1359 3072 1404 sumat.
3101 1351 3308 1409 Etenim
3340 1365 3463 1414 tunc
3490 1360 3663 1418 Judas
3691 1382 3807 1438 my-

2230 1429 2418 1484 sticam
2447 1446 2653 1486 caenam
2686 1436 2896 1507 indigne
2927 1441 3255 1512 participavit
3276 1487 3294 1513 ,
3323 1459 3379 1503 et
3402 1466 3662 1522 egressus
3704 1429 3807 1513 ob.

2231 1520 2431 1574 minum
2458 1523 2728 1591 prodidit:
2758 1536 2816 1580 ut
2833 1528 3005 1585 discas
3027 1532 3079 1586 in
3103 1549 3196 1589 eos
3218 1520 3455 1597 maxime
3478 1552 3533 1598 et
3555 1545 3807 1617 frequen-

2231 1611 2336 1665 tius
2363 1612 2628 1669 diabolum
2674 1617 2906 1686 insilire,
2935 1624 3023 1691 qui
3050 1628 3301 1696 mysteria
3341 1631 3556 1704 indigne
3583 1611 3803 1707 partici-

2229 1716 2376 1800 pant,
2404 1721 2603 1777 eosque
2631 1710 2774 1780 ipsos
2799 1713 2850 1767 in
2878 1717 3051 1784 majus
3072 1734 3130 1773 se
3157 1723 3472 1793 supplicium
3510 1732 3803 1800 conjicere.

2228 1795 2351 1850 Haec
2378 1797 2497 1852 dico
2525 1815 2632 1854 non
2660 1811 2717 1855 ut
2758 1811 3005 1871 terream,
3048 1810 3143 1864 sed
3184 1822 3242 1866 ut
3263 1817 3531 1873 cautiores
3555 1795 3801 1881 reddam.

2221 1887 2683 1953 Quemadmodum
2713 1896 2849 1949 enim
2893 1913 3180 1969 corporeus
3206 1904 3357 1960 cibus
3375 1949 3391 1973 ,
3422 1923 3546 1964 cum
3589 1912 3645 1967 in
3672 1930 3801 1970 ven-

2226 1987 2357 2034 trem
2405 1983 2580 2050 pravis
2622 1982 2927 2041 humoribus
2968 1991 3177 2058 plenum
3224 1994 3505 2065 inciderit,
3550 2004 3798 2059 morbum

2223 2082 2379 2143 anget
2413 2093 2425 2126 :
2459 2076 2535 2129 sic
2564 2085 2617 2131 et
2644 2079 2928 2147 spiritualis
2952 2082 3104 2137 cibus
3126 2099 3247 2139 cum
3273 2087 3488 2158 indigne
3516 2095 3801 2165 participa-

2223 2173 2335 2258 tur,
2384 2169 2679 2237 graviorem
2710 2172 3101 2231 damnationem
3129 2181 3364 2234 attrahit.
3409 2183 3579 2240 Nemo
3616 2188 3798 2258 igitur,

2220 2254 2442 2311 obsecro
2465 2300 2480 2323 ,
2513 2274 2699 2327 pravas
2728 2262 2867 2317 intus
2907 2267 3251 2334 cogitationes
3294 2270 3485 2328 habeat
3508 2317 3525 2341 ,
3571 2254 3671 2332 sed
3704 2295 3801 2334 cor

2219 2355 2457 2401 nostrum
2494 2364 2845 2421 expurgemus
2875 2372 2887 2407 :
2916 2358 3113 2411 etenim
3141 2362 3334 2430 templa
3362 2364 3451 2419 Dei
3493 2383 3683 2422 sumus
3703 2411 3718 2435 ,
3751 2374 3799 2424 si

2219 2450 2347 2502 pure
2368 2452 2602 2507 agamus.
2650 2441 2860 2498 Castam
2905 2447 3188 2505 reddamus
3231 2454 3460 2509 animam
3508 2470 3749 2514 nostram
3778 2480 3796 2515 :

2217 2538 2339 2619 nam
2368 2527 2451 2619 vel
2494 2544 2602 2619 uno
2643 2530 2731 2585 die
2775 2534 2824 2587 id
2868 2533 2981 2589 fieri
3028 2549 3223 2607 potest.
3268 2544 3546 2609 Quomodo
3589 2559 3643 2604 et
3682 2568 3796 2619 qua

2215 2616 2463 2672 ratione?
2487 2618 2544 2673 Si
2566 2621 2829 2690 quidpiam
2856 2624 3104 2683 habueris
3130 2641 3314 2686 contra
3341 2634 3633 2704 inimicum,
3658 2616 3798 2698 tolle

2214 2705 2382 2773 iram,
2428 2710 2573 2765 solve
2618 2711 2942 2770 inimicitiam
2964 2757 2979 2781 ,
3025 2728 3080 2772 ut
3107 2721 3365 2777 medelam
3393 2728 3731 2786 remissionis
3759 2749 3792 2785 a

2212 2813 2395 2854 mensa
2422 2803 2669 2879 recipias.
2696 2806 2777 2867 Ad
2803 2810 3119 2872 sacriﬁcium
3155 2816 3359 2877 accedis
3377 2818 3709 2884 horrendum
3740 2840 3800 2886 ex

2218 2905 2457 2950 sanctum
2490 2914 2509 2951 :
2540 2901 2842 2957 immolatus
2878 2906 3020 2974 jacet
3065 2908 3321 2966 Christus.
3361 2911 3556 2968 Verum
3603 2920 3795 2988 cogita

2211 2999 2316 3054 qua
2339 2986 2407 3041 de
2435 3003 2593 3043 causa
2616 2994 2825 3048 occisus
2850 2998 2939 3050 sit.
2966 2998 3010 3051 Ο
3042 3001 3284 3068 qualibus
3314 3008 3581 3076 mysteriis
3610 2986 3798 3077 priva-

2210 3084 2296 3131 tus
2319 3092 2378 3132 es
2398 3120 2413 3142 ,
2444 3079 2625 3137 Juda?
2661 3083 2905 3143 Christus
2946 3090 3171 3146 libenter
3218 3109 3428 3162 passus,
3471 3107 3528 3152 ut
3560 3102 3797 3156 medium

2208 3168 2446 3261 parietem
2469 3173 2700 3227 maceriae
2724 3176 2741 3244 (
2758 3175 2948 3245 Epltes.
2970 3180 3023 3233 ‘2.
3050 3181 3149 3253 H)
3182 3185 3430 3249 solveret,
3460 3199 3514 3243 et
3535 3191 3797 3261 jimgenet

2206 3256 2413 3313 inferna
2441 3264 2686 3331 supernis
2707 3307 2721 3330 ,
2756 3276 2811 3320 ut
2836 3276 2887 3322 te
2917 3270 3184 3326 inimicum
3213 3283 3268 3328 et
3295 3275 3498 3332 hostem
3518 3256 3794 3350 ,angclo-

2208 3363 2328 3404 rum
2355 3362 2659 3408 consortem
2691 3355 2906 3412 faceret.
2948 3359 3017 3412 Et
3040 3360 3283 3418 Christus
3307 3366 3520 3435 quidem
3550 3371 3790 3427 animam

2205 3454 2357 3497 suam
2404 3443 2622 3500 tradidit
2670 3463 2764 3515 pro
2807 3457 2907 3514 te;
2955 3459 3008 3504 tn
3051 3468 3179 3507 vero
3229 3456 3554 3512 inimicitiam
3600 3476 3789 3517 servas

2204 3534 2459 3589 adversus
2478 3540 2835 3593 conservum?
2865 3540 3026 3611 Ecqui
3047 3545 3245 3611 poteris
3265 3548 3518 3602 accedere
3543 3550 3610 3604 ad
3633 3567 3790 3606 men-

2202 3637 2316 3679 sam
2348 3627 2533 3693 pacis?
2576 3628 2829 3684 Dominus
2860 3640 2978 3685 tuus
3009 3648 3112 3687 non
3156 3638 3421 3692 recusavit
3446 3642 3627 3694 omnia
3674 3645 3788 3711 pati

2205 3726 2419 3784 propter
2459 3726 2541 3782 te,
2580 3726 2634 3772 tu
2662 3735 2785 3775 vero
2825 3737 2892 3777 ne
2937 3723 3069 3776 iram
3112 3727 3326 3794 quidem
3359 3731 3635 3787 remittere
3658 3734 3787 3788 vis?

2199 3806 2307 3862 Cur
2334 3824 2514 3877 qutrso
2535 3811 2557 3863 ?
2582 3810 2788 3867 Caritas
2814 3824 2895 3867 est
2922 3816 3092 3882 radix,
3123 3817 3239 3872 fons
3266 3828 3319 3873 et
3346 3832 3517 3876 mater
3543 3826 3782 3878 omnium

2200 3898 2485 3953 honorum.
2517 3900 2799 3969 Maximas,
2831 3904 3037 3974 inquies
3061 3947 3075 3971 ,
3107 3908 3236 3961 mihi
3281 3911 3554 3966 molestias
3581 3914 3782 3981 intulit,

2201 3989 2473 4045 innumera
2519 3992 2747 4058 damna,
2800 3995 2851 4048 in
2895 3996 3017 4050 vitae
3061 3997 3343 4055 discrimen
3394 4018 3483 4057 me
3526 4005 3781 4073 conjecit.

2200 4081 2398 4151 Ecquid
2426 4083 2525 4138 hoc
2551 4085 2671 4139 est?
2698 4086 2929 4141 nondum
2958 4097 3009 4143 te
3030 4090 3172 4143 cruci
3196 4089 3382 4155 afﬁsit,
3412 4103 3472 4147 ut
3493 4095 3779 4150 Dominum

2197 4174 2384 4229 iudici.
2417 4176 2471 4230 Si
2500 4193 2603 4230 non
2644 4178 2911 4233 remiseris
2949 4181 3192 4247 proximo
3234 4192 3322 4237 tuo
3362 4185 3636 4253 iniuriam,
3681 4204 3781 4242 nec

2198 4268 2355 4322 Pater
2394 4278 2511 4323 tuus
2555 4271 2781 4325 caelestis
2826 4273 3062 4326 remittet
3105 4274 3195 4329 tibi
3242 4286 3457 4343 peccata
3502 4286 3612 4331 tua.
3662 4280 3775 4346 Qua

2196 4359 2517 4411 conscientia
2547 4359 2711 4423 dices,
2742 4359 2896 4414 Pater
2923 4372 3111 4429 noster,
3136 4364 3221 4432 qui
3248 4380 3300 4417 es
3323 4366 3375 4417 in
3400 4367 3560 4431 aclis,
3591 4372 3779 4421 sancti-

2197 4449 2374 4517 ﬁcetur
2416 4465 2593 4502 nomen
2620 4460 2779 4515 tuum,
2824 4460 2874 4505 et
2902 4454 3138 4506 caatera?
3175 4454 3427 4509 Similiter
3454 4455 3704 4512 Christus
3727 4468 3779 4511 et

2196 4544 2503 4613 sanguinem
2528 4586 2543 4610 ,
2571 4560 2729 4614 quem
2772 4546 2844 4599 illi
2874 4545 3174 4600 elfuderunt
3198 4588 3212 4612 ,
3242 4549 3293 4599 in
3325 4549 3553 4604 salutem
3599 4551 3771 4605 etfnn-

2194 4635 2430 4689 dentinm
2455 4636 2619 4690 dedit.
2660 4636 2793 4704 Quid
2836 4638 2956 4690 huic
2984 4639 3059 4690 rei
3095 4653 3189 4706 par
3214 4638 3429 4693 efﬁcere
3455 4643 3679 4708 potest?
3719 4642 3771 4696 Si

2196 4743 2300 4780 non
2324 4728 2588 4783 dimiseris
2610 4730 2848 4794 inimico,
2869 4744 2974 4782 non
2998 4730 3143 4783 illum
3166 4730 3373 4795 lzesisti,
3394 4732 3492 4786 sed
3516 4733 3769 4801 teipsum:

2196 4817 2341 4870 illum
2372 4819 2584 4887 quidem
2610 4834 2751 4887 smpe
2777 4820 2826 4872 in
2859 4820 3107 4888 praesenti
3140 4822 3243 4874 vita
3270 4821 3454 4876 hesisti
3478 4863 3496 4888 ,
3524 4824 3626 4878 tibi
3655 4840 3771 4879 vero

2194 4908 2537 4976 supplicium,
2582 4909 2722 4979 quod
2770 4925 3053 4977 numquam
3101 4911 3439 4977 remittetur,
3483 4916 3689 4981 parasti
3723 4917 3768 4967 in

2196 5001 2431 5057 futurum
2472 5003 2617 5057 illum
2658 5002 2818 5056 diem.
2862 5001 3139 5058 Neminem
3168 5004 3308 5058 enim
3348 5003 3419 5058 ita
3452 5004 3601 5060 Deus
3628 5020 3775 5060 aver-

2194 5105 2361 5160 satur,
2390 5104 2445 5149 ut
2475 5094 2783 5163 injuriarum
2817 5110 3107 5149 memorem
3137 5095 3405 5150 hominem
3427 5138 3445 5161 ,
3475 5107 3538 5151 ut
3568 5112 3663 5152 cor
3690 5106 3774 5149 tu-

2195 5203 2366 5249 mens,
2390 5195 2443 5241 et
2470 5186 2547 5240 ira
2574 5188 2841 5240 incensam
2866 5186 3119 5239 animam.
3152 5185 3287 5239 Audi
3311 5185 3458 5240 enim
3484 5187 3617 5256 quid
3640 5187 3781 5240 dicat.

2195 5278 2450 5332 Dominus
2475 5295 2488 5330 :
2513 5277 2572 5331 Si
2593 5275 2743 5343 offers
2769 5292 2949 5329 munus
2976 5286 3119 5328 tuum
3142 5275 3209 5329 ad
3232 5276 3415 5338 altare,
3445 5286 3493 5329 et
3515 5277 3587 5330 ibi
3610 5291 3775 5337 recor-

2195 5369 2344 5421 datus
2372 5368 2527 5437 fueris
2555 5368 2673 5436 quia
2702 5370 2858 5437 frater
2885 5376 2999 5420 tuus
3028 5367 3171 5421 habet
3196 5366 3390 5436 aliquid
3414 5369 3677 5421 aduersum
3703 5377 3785 5432 te,

2194 5460 2415 5529 relinque
2459 5457 2527 5529 ibi
2571 5474 2753 5510 munus
2796 5466 2938 5510 tuum
2977 5466 3095 5512 ante
3136 5458 3334 5522 altare,
3383 5467 3432 5512 et
3473 5458 3601 5512 uade
3635 5459 3805 5527 prius

2176 5552 2514 5606 reconciliare
2562 5550 2711 5621 fratri
2760 5558 2880 5613 tuo;
2926 5557 2971 5603 et
3014 5558 3132 5602 tunc
3173 5550 3375 5604 ueniens
3424 5547 3553 5615 oﬂ'er
3598 5565 3807 5602 manus

2199 5655 2334 5697 tuum
2369 5641 2576 5712 (Matth.
2601 5641 2653 5696 5.
2682 5640 2774 5696 25.
2796 5642 2911 5710 2-4).
2940 5640 3076 5706 Quid
3105 5640 3280 5695 dicis?
3311 5641 3452 5695 ibinc
3482 5641 3804 5710 relinquens

2196 5754 2405 5804 munus,
2434 5753 2525 5793 seu
2554 5733 2868 5790 sacriﬁcium
2889 5734 2912 5785 ’ἒ
2954 5732 3144 5802 Etiam,
3174 5734 3345 5802 inquit
3369 5752 3379 5788 :
3407 5748 3532 5791 nam
3562 5742 3801 5806 propter
