4062 6206
285 320 393 379 389

284 435 460 504 δηλῶν
487 436 516 489 6
542 433 812 505 μακάριος
846 432 1008 488 Δαυῒδ
1037 433 1221 504 ἔλεγεν
1242 448 1255 464 ·
1300 435 1425 489 Ἐπί
1456 435 1563 490 τὸν
1597 433 1868 505 ποταμὸν

286 516 664 584 Βαϐυλῶνος,
678 517 807 571 ἐκεῖ
820 517 1184 588 ἑκαθίσαμεν
1205 516 1303 571 καὶ
1326 518 1711 589 ἐκλαύσαμεν
1729 536 1742 549 ·
1767 516 1869 571 ἐπὶ

288 601 419 666 ταῖς
446 598 625 666 ὶτέαις
643 600 712 654 ἐν
728 599 897 669 μέσῳ
915 601 1105 669 αὐτῆς
1125 600 1538 671 ἐκρεμόσαμεν
1552 601 1624 655 τὰ
1646 601 1868 670 ὄργανα

287 680 478 752 ἡμῶν,
513 679 858 747 τουτέστι,τὸ
889 683 1210 755 ψαλτήριον,
1238 684 1337 754 τὴν
1367 684 1617 755 κιθάραν,
1646 685 1745 755 τὴν
1775 681 1867 736 λύ-

289 781 422 837 ραν·
454 763 663 828 τούτοις
691 764 799 837 γάρ
826 764 887 819 τὸ
912 766 1139 819 παλαιὸν
1162 767 1476 838 ἐκέχρηντο,
1512 767 1606 820 καὶ
1634 766 1721 820 διὰ
1742 763 1867 818 τού-

285 864 396 902 των
424 847 552 911 τοὺς
588 846 835 918 ψαλμοὺς
874 845 1019 922 ᾖδον.
1051 848 1209 902 Ἐκεῖ
1253 850 1383 917 γὰρ,
1427 849 1609 918 φησὶν,
1643 840 1867 915 ἐπηρώ-

285 947 485 998 τησαν
526 928 685 998 ἡμᾶς
721 932 776 983 οι
814 932 1412 999 αἰχμαίωτεύσαντες
1455 931 1611 999 ἡμᾶς
1642 930 1866 1000 λόγους

280 1011 491 1082 ᾠδῶν·
546 1013 642 1067 καὶ
678 1011 930 1083 εἴπαμεν·
967 1013 1099 1079 Πῶς
1131 1012 1372 1083 ᾇσωμεν
1414 1013 1528 1081 τὴν
1557 1012 1724 1081 ᾠδὴν
1748 1015 1867 1066 Κυ-

282 1098 422 1163 ρίου
459 1095 556 1149 ἑπί
584 1094 699 1164 τῆς
722 1096 1087 1164 ἁλλοτρίας;
1125 1099 1190 1151 Τί
1211 1099 1416 1167 λέγεις,
1454 1097 1575 1151 εἰπέ
1609 1113 1730 1167 μοις
1766 1094 1866 1166 τὴν

282 1175 435 1249 ᾠδὴν
483 1178 690 1248 Κυρίου
731 1178 832 1233 οὐκ
880 1180 1024 1251 ᾄδεις
1061 1181 1155 1234 ἐπὶ
1184 1182 1286 1253 γῆς
1317 1182 1600 1252 ἀλλοτρίας
1622 1219 1637 1243 ,
1683 1179 1779 1234 καὶ
1807 1179 1867 1231 τὸ

291 1262 483 1331 Πάσχα
508 1260 780 1324 ἐπιτελεῖς
806 1263 898 1315 ἐπὶ
926 1264 1027 1335 γῆς
1064 1262 1387 1335 ἀλλοτρίας;
1423 1259 1578 1328 Εἶδες
1607 1261 1869 1333 ἀναισθη-

289 1344 412 1398 σίαν
454 1345 760 1411 Ἰουδαίων;
798 1347 927 1400 ’Ὀτε
962 1347 1212 1418 πολέμιοι
1268 1344 1411 1420 ἦσαν
1441 1353 1489 1403 οἱ
1526 1348 1869 1417 καταναγκά-

290 1430 497 1492 ζοντες,
524 1425 650 1481 οὔτε
679 1428 894 1500 ψαλμὸν
917 1430 1120 1485 εἴλοντο
1140 1434 1315 1485 εἰπεῖν
1336 1433 1428 1486 ἐπὶ
1444 1433 1546 1505 γῆς
1560 1430 1864 1502 ἀλλοτρίας·

292 1511 386 1565 καὶ
420 1509 516 1563 νῦν
543 1511 636 1581 ἀφ’
666 1512 894 1580 ἐαυτῶν,
929 1513 1141 1578 οὐδενὸς
1176 1514 1595 1583 ἀναγκάζοντος,
1635 1514 1868 1579 πόλεμον

289 1596 572 1664 εἰσάγουσι
617 1596 755 1667 πρὸς
793 1597 884 1651 τὸν
913 1598 1067 1653 Θεόν.
1110 1599 1201 1652 Διὸ
1241 1601 1335 1653 καὶ
1376 1602 1405 1653 6
1440 1599 1709 1672 μακάριος
1742 1598 1868 1651 Στέ-

293 1696 465 1747 φανος
493 1679 643 1748 ἔλεγε
682 1680 817 1752 πρὸς
845 1681 1076 1747 αὐτούς·
1107 1684 1304 1752 Ὑμεῖς
1336 1684 1428 1738 ἀεὶ
1459 1684 1539 1750 τῷ
1569 1684 1869 1753 Πνεύματι

293 1760 374 1827 τῷ
389 1762 533 1831 ἁγίῳ
548 1764 949 1819 ἀντιπίπτετε.
978 1765 1140 1837 Ὁρᾷς
1156 1767 1231 1829 ὡς
1258 1766 1544 1835 ἀκάθαρτα
1559 1765 1627 1819 τὰ
1650 1765 1752 1830 άζυ
1760 1782 1834 1837 μα
1850 1783 1866 1831 ;

292 1844 411 1908 πῶς
462 1845 781 1917 παράνομος
828 1848 861 1918 ἡ
916 1848 1079 1919 ἑορτὴ
1127 1849 1160 1919 ἡ
1209 1844 1643 1921 Ἰουδαῖκή;⁷Ην
1677 1849 1870 1919 Πάσχα

303 1927 594 1983 Ἰουδαϊκόν
619 1947 768 1994 ποτε,
789 1930 903 1984 ἀλλ’
923 1931 1109 2002 ἐλύθη.
1124 1932 1279 1997 Τότε,
1308 1932 1493 2003 φησὶν,
1522 1931 1585 1984 '0
1609 1930 1867 1999 Ἰησοῦς,

286 2012 621 2065 ἐσθιόντων
644 2011 845 2067 αὐτῶν
866 2014 966 2067 καί
996 2015 1315 2077 πινόντων,
1337 2014 1543 2069 λαϐὼν
1570 2014 1752 2083 ἄρτον
1770 2013 1869 2068 ἐπὶ

292 2091 413 2147 τῶν
440 2095 626 2164 ἁγίων
649 2095 749 2149 καὶ
799 2095 1116 2165 ἀχράντων
1144 2097 1331 2152 αὐτοῦ
1357 2095 1590 2166 χειρῶν,
1633 2099 1871 2167 εὐχαρι-

286 2175 531 2243 στήσας
571 2177 673 2232 καὶ
715 2179 948 2246 κλάσας
983 2176 1115 2234 εἶπε
1144 2180 1269 2246 τοῖς
1296 2181 1514 2235 ἑαυτοῦ
1544 2183 1866 2251 μαθηταῖς·

285 2259 534 2325 Λάϐετε,
567 2260 815 2332 φάγετε·
850 2261 1029 2317 τοῦτό
1054 2281 1174 2333 μου
1197 2263 1329 2318 ἐστὶ
1354 2264 1421 2319 τὸ
1440 2263 1611 2336 σῶμα
1640 2266 1702 2318 τὸ
1731 2265 1871 2337 ὑπὲρ

284 2344 448 2413 ὑμῶν
494 2346 591 2398 καί⁵
644 2345 856 2400 πολλῶν
885 2347 1167 2418 κλώμενον
1215 2351 1296 2413 είς
1334 2349 1531 2417 ἄφεσιν
1559 2349 1865 2420 ἁμαρτιῶν.

287 2428 401 2482 Καὶ
452 2428 518 2483 τὸ
557 2428 848 2498 ποτήριον
896 2431 1057 2485 πάλιν
1117 2431 1358 2499 λαϐὼν,
1413 2432 1617 2487 ἐδίδου
1667 2432 1871 2500 αὐτοῖς

286 2510 519 2580 λέγων·
559 2511 741 2566 Τοῦτό
782 2513 915 2567 ἐστι
956 2514 1023 2569 τὸ
1072 2509 1215 2583 αἷμὰ
1251 2532 1372 2585 μου
1400 2514 1469 2569 τὸ
1512 2515 1666 2583 ὑπὲρ
1707 2514 1873 2586 ὑμῶν

284 2594 653 2663 ἐκχεόμενον
682 2597 770 2662 εἰς
794 2595 1017 2665 ἄφεσιν
1046 2596 1365 2667 ἁμαρτιῶν.
1416 2601 1528 2653 Kal
1566 2600 1748 2672 παρῆν
1777 2600 1872 2654 καὶ

303 2676 506 2740 Ἰούδας
552 2676 713 2731 τοῦτο
758 2678 1010 2747 λέγοντος
1062 2680 1156 2734 τοῦ
1196 2681 1426 2752 Κυρίου.
1459 2680 1629 2735 Τοῦτό
1654 2684 1773 2735 ἐστι
1812 2682 1873 2739 16

292 2755 452 2829 αἷμα,
473 2754 517 2813 ὦ
545 2760 732 2823 Ἰούδα,
759 2762 894 2833 ὅπερ
924 2762 1215 2834 ἐπώλησας
1239 2764 1533 2835 τριάκοντα
1564 2765 1867 2836 ἀργυρίων·

290 2841 453 2896 τοῦτό
480 2844 596 2897 ἐστι
634 2844 695 2898 τὸ
723 2840 885 2916 αἷμα,
918 2846 1060 2917 ὑπὲρ
1101 2842 1162 2902 66
1188 2848 1296 2920 πρὸ
1337 2847 1535 2920 μικροῦ
1568 2847 1637 2901 τά
1680 2848 1870 2919 ἀναιδῆ

293 2926 564 2996 σύμφωνα
587 2927 773 2981 ἐποίου
804 2929 940 2998 πρὸς
974 2930 1100 2992 τοὺς
1146 2928 1472 3000 ἀγνώμονας
1518 2931 1868 3002 Φαρισαίους.

296 3011 368 3063 Ὦ
418 3010 560 3080 πόση
598 3013 630 3080 ὴ
664 3011 761 3065 τοῦ
806 3011 1043 3084 Χριστοῦ
1079 3013 1493 3085 φιλανθρωπίαι
1545 3012 1591 3067 ὣ
1630 3014 1728 3086 τῆς
1775 3014 1869 3068 τοῦ

304 3092 479 3147 Ἰούδα
532 3094 955 3166 άγνωμοσύνηςί
1007 3098 1036 3149 6
1081 3097 1364 3166 Δεσπότης
1417 3096 1647 3168 ἐτρεφε,
1702 3098 1798 3151 καὶ
1841 3098 1871 3150 6

290 3179 479 3243 δοῦλος
505 3181 848 3252 ἐπίπρασκεν
866 3200 880 3214 ·
898 3184 926 3236 6
956 3182 1056 3253 μὲν
1074 3182 1183 3253 γὰρ
1205 3181 1487 3254 ἐπώλησεν
1506 3183 1669 3237 αὐτὸν
1692 3182 1872 3237 λαϐὼν

291 3265 588 3336 τριάκοντα
615 3265 872 3337 ἀργύρια,
902 3268 932 3320 6
958 3266 1017 3321 δὲ
1048 3266 1283 3336 Χριστὸς
1320 3265 1516 3339 λυτρὸν
1546 3267 1688 3339 ὑπὲρ
1714 3268 1871 3340 ήμῶν

291 3351 357 3404 τὸ
409 3351 539 3405 ἴδιον
572 3346 713 3423 αἷμα
746 3353 951 3423 ἐξέχεε,
984 3351 1079 3406 καὶ
1128 3352 1207 3424 τῷ
1254 3354 1562 3424 πεπραχότι
1614 3354 1867 3421 δέδωκεν,

292 3434 453 3505 εἴπερ
471 3434 725 3506 ἠθέλησε.
764 3436 875 3488 Καὶ
914 3436 1023 3506 γὰρ
1056 3435 1238 3507 παρῆν
1274 3437 1368 3489 καὶ
1408 3436 1611 3500 Ἰούδας
1639 3437 1745 3508 πρὸ
1771 3437 1871 3507 τῆς

291 3517 604 3586 προδοσίας,
632 3517 728 3571 καὶ
753 3516 856 3588 τῆς
890 3519 1043 3588 ἱερᾶς
1066 3517 1348 3589 τραπέζης
1383 3518 1634 3590 μετέσχε,
1661 3519 1869 3574 καὶτοῦ

295 3600 564 3671 μυστικοῦ
592 3600 808 3655 δείπνου
837 3601 1171 3672 ἀπήλαυσεν.
1196 3601 1408 3674 Ὥσπερ
1427 3603 1536 3675 γὰρ
1560 3604 1686 3666 τοὺς
1707 3603 1873 3667 πόδας

291 3684 405 3737 τῶν
439 3685 697 3755 μαθητῶν
725 3683 924 3754 ἔνιψεν,
960 3684 1103 3739 οὕτω
1146 3684 1240 3738 καὶ
1278 3685 1377 3757 τῆς
1419 3687 1569 3758 ίερᾶς
1594 3686 1871 3760 τραπέζης

296 3768 562 3839 μετέσχεν
597 3768 816 3833 Ἰούδας,
845 3768 931 3822 ἵνα
961 3768 1230 3840 μηδεμίαν
1266 3767 1366 3842 ἐχῃ
1392 3769 1709 3839 ἀπολογίαν,
1735 3770 1872 3824 ἀλλὰ

294 3854 471 3924 κρῖμα
503 3851 756 3924 λήψηται.
803 3851 1064 3921 Ἐπέμενε
1092 3851 1199 3923 γὰρ
1224 3855 1291 3923 τῇ
1317 3853 1527 3924 πονηρᾷ
1548 3851 1762 3926 γνώμῃ,
1777 3852 1872 3906 καὶ

292 3934 527 4001 ἐξελθὼν
579 3937 700 3989 ἀντὶ
756 3934 1061 4006 φιλήματος
1112 3934 1401 4004 προδοσίαν
1443 3935 1761 4006 εἰργάσατο,
1794 3934 1868 4006 μὴ

295 4018 559 4088 μνησθεὶς
593 4018 700 4072 τῶν
729 4018 1059 4089 εὐεργεσιῶν
1092 4017 1281 4081 αὐτοῦ,
1315 4020 1409 4072 καὶ
1444 4018 1584 4088 μετὰ
1612 4019 1711 4088 τὴν
1736 4034 1869 4090 προ-

288 4101 477 4156 δοσίαν
503 4102 693 4173 ἐρριψε
717 4101 785 4155 τὰ
812 4102 1106 4173 τριάκοντα
1139 4101 1403 4172 ἀργύρια,
1428 4100 1634 4170 λέγων·
1656 4101 1870 4169 ’Ἥμαρ-

290 4201 405 4238 τον
431 4185 740 4254 παραδοὺς
770 4180 913 4254 αἷμα
941 4183 1094 4256 [696]
1115 4183 1330 4238 ἀθῶον.
1358 4185 1423 4238 Ὢ
1449 4182 1724 4254 τύφλωσις
1745 4181 1867 4237 ίτοῦ

288 4268 515 4322 δείπνου
558 4268 841 4339 μετέσχες,
886 4269 979 4322 καὶ
1030 4269 1122 4321 τὸν
1156 4266 1455 4339 εὐεργέτην
1507 4266 1866 4337 παρέδωκαςς

289 4352 408 4405 Καὶ
433 4352 462 4404 6
496 4353 592 4423 μὲν
623 4352 823 4424 Κύριος
854 4351 995 4405 ἐκὼν
1053 4350 1113 4404 τὸ
1155 4351 1543 4423 γεγραμμένον
1584 4350 1825 4423 ἐπλήρου
1852 4367 1868 4383 ο

282 4430 437 4489 Οὐαί
468 4434 536 4489 δὲ
557 4435 633 4489 δι’
667 4431 738 4491 οὗ
770 4436 834 4489 τὸ
859 4434 1211 4488 σκάνδαλον
1239 4430 1447 4503 ἦλθεν.

366 4601 445 4668 ς’.
480 4601 639 4657 Ἀλλά
654 4603 846 4674 καιρὸς
866 4601 1051 4657 λοιπὸν
1066 4603 1131 4674 τῇ
1152 4603 1351 4674 φρικτῇ
1367 4598 1540 4674 ταύτῃ
1554 4600 1650 4654 καὶ
1666 4598 1871 4672 φοϐερᾷ

280 4685 544 4759 τραπέζῃ
593 4687 894 4757 προσιέναι.
957 4686 1164 4748 Πάντες
1211 4685 1389 4739 τοίνυν
1440 4682 1579 4755 μετὰ
1630 4682 1868 4754 καθαροῦ

284 4767 597 4832 συνειδότος
612 4768 1018 4840 προσέλθωμεν·
1041 4768 1231 4839 μηδεὶς
1252 4767 1392 4821 ἐστω
1424 4766 1621 4829 Ἰούδας
1638 4765 1871 4819 ἐνταῦθα

278 4851 661 4923 ὼλιευόμενος
702 4853 828 4916 τοὺς
874 4852 1100 4923 πλησίον
1149 4850 1334 4917 αὑτοῦ,
1374 4850 1561 4921 μηδεὶς
1610 4847 1866 4920 πονηρὸς,

282 4935 487 5007 μηδεὶς
523 4935 600 4987 ἰὸν
622 4935 761 5006 ἔχων
784 4934 1231 5005 ἐγκεκρυμμένον
1261 4936 1318 4987 ἐν
1356 4936 1424 5004 τῇ
1453 4932 1650 5005 καρδία
1681 4931 1865 4986 αὑτοῦ.

275 5021 535 5092 Πάρεστι
561 5021 657 5074 καὶ
681 5017 774 5072 νῦν
802 5019 832 5072 6
853 5017 1086 5090 Χριστὸς
1110 5016 1207 5088 τὴν
1234 5016 1514 5089 τράπεζαν
1535 5016 1754 5085 κοσμῶν
1773 5031 1786 5045 ’
1808 5014 1868 5067 66

275 5106 403 5175 γὰρ
433 5103 713 5173 ἄνθρωπός
736 5106 880 5156 ἐστιν
904 5105 931 5155 6
962 5100 1131 5154 ποιῶν
1154 5101 1224 5154 τὰ
1256 5099 1591 5171 προκείμενα
1619 5097 1869 5166 γενέσθαι

275 5188 457 5259 σῶμα
486 5187 577 5240 καὶ
603 5181 744 5257 αἷμα
776 5184 873 5240 τοῦ
916 5183 1173 5255 Χριστοῦ.
1216 5182 1413 5253 Σχῆμα
1446 5182 1670 5253 πληρῶν
1710 5182 1868 5253 μόνον

270 5274 525 5341 ἔστηκεν
557 5273 585 5325 6
607 5272 805 5343 ἱερεὺς,
842 5269 938 5324 καὶ
964 5267 1145 5337 δέησιν
1177 5265 1505 5336 προσφέρει·
1548 5267 1581 5335 ή
1616 5265 1673 5319 δὲ
1706 5266 1867 5337 χάρις

271 5355 387 5412 καὶ
415 5356 450 5425 ὴ
482 5353 710 5425 δύναμίς
739 5354 938 5423 ἐστινὴ
966 5351 1058 5405 τοῦ
1085 5348 1271 5421 Θεοῦή
1303 5348 1479 5402 πάντα
1503 5347 1865 5419 ἐργαζομένη.

278 5437 481 5494 Τοῦτό
503 5455 623 5506 μου
649 5435 783 5491 ἐστι
815 5436 882 5489 τὸ
911 5434 1106 5504 σῶμα,
1140 5432 1291 5504 φησί.
1323 5431 1493 5485 Τοῦτο
1517 5431 1578 5484 16
1623 5433 1775 5503 ῥῆμα
1800 5430 1868 5486 τά

274 5520 630 5591 προκείμενα
673 5517 1124 5591 μεταρρυθμίζει.
1160 5515 1270 5570 Καὶ
1314 5514 1563 5586 καθάπερ
1610 5514 1793 5586 ἐκείνη
1833 5515 1866 5585 ἠ

266 5603 467 5674 φωνὴ,
498 5607 532 5675 ὴ
566 5604 820 5674 λέγουσα,
848 5599 1751 5669 Αὐξάνεσθε,καίπληθὺνεσθε,
1769 5597 1868 5653 καὶ

265 5690 649 5758 ,πληρώσατε
681 5693 798 5760 τὴν
826 5689 963 5758 γῆν,
996 5689 1147 5759 ῥῆμα
1178 5682 1266 5756 ἦν,
1308 5686 1403 5740 καὶ
1432 5686 1649 5754 ἐγένετο
1683 5682 1864 5755 ἔργον,

261 5773 663 5846 ἑνδυναμοῦσι
679 5775 777 5847 τὴν
796 5773 1142 5845 ἀνθρωπίνην
1156 5770 1317 5841 φύσιν
1342 5770 1474 5843 πρὸς
1501 5768 1859 5827 παιδοποιίαν·

1408 314 1495 370 DE
1529 310 1945 371 PRODITIONE
1981 310 2203 369 ιυοα.
2248 309 2481 367 HOMIL.
2525 309 2567 364 ll
2611 385 2621 399 ο

3439 311 3543 391 599

1976 430 2119 485 οὕτω
2158 431 2251 485 καὶ
2282 429 2421 499 αὕτη
2454 431 2487 500 ἡ
2523 422 2694 500 φωνὴ,
2728 431 2759 499 ἡ
2788 428 3049 498 λέγουσα,
3075 428 3366 493 διαπαντός
3397 430 3549 498 αὔξει

1975 516 2042 585 τῇ
2070 514 2251 586 χάριτι
2273 514 2399 579 τοὺς
2418 512 2582 577 ἀξίως
2601 512 2946 583 μετέχοντας.
2961 512 3166 583 Μηδεὶς
3184 512 3363 568 τοίνυν
3385 513 3550 569 ὓπου-

1973 595 2066 659 λος
2112 596 2275 660 ἔστω,
2332 595 2520 667 μηδεὶς
2548 595 2806 666 πονηρὸς,
2869 595 3055 666 μηδεὶς
3105 594 3310 666 ἅρπαξ,
3364 596 3552 666 μηδεὶς

1975 676 2232 750 λοίδορος,
2268 679 2454 750 μηδεὶς
2489 678 2831 750 μισάδελφος,
2860 678 3046 750 μηδεὶς
3064 678 3413 750 φιλάργυρος,
3449 697 3552 751 μη-

1973 762 2086 825 δεὶς
2121 762 2376 835 μέθυσος,
2406 756 2594 835 μηδεὶς
2628 762 2978 834 πλεονέκτης,
3010 762 3200 833 μηδεὶς
3231 764 3550 834 ἀρσενοκοί-

1974 863 2094 917 της,
2134 847 2321 919 μηδεὶς
2371 847 2659 920 φθονερὸς,
2721 847 2909 918 μηδεὶς
2954 847 3181 920 πορνείᾳ
3227 846 3552 914 δουλευέτω,

1978 931 2168 1000 μηδεὶς
2216 930 2481 1002 κλέπτης,
2530 930 2719 1002 μηδεὶς
2753 930 3057 994 ἐπίϐουλος,
3111 930 3198 984 (va
3254 929 3331 1002 μὴ
3379 933 3554 1002 κρῖμα

1975 1012 2150 1083 ἐαυτῷ
2176 1012 2435 1084 λήψηται.
2467 1014 2576 1068 Kal
2591 1013 2701 1083 γὰρ
2725 1013 2844 1067 τότε
2868 1014 2897 1066 6
2932 1012 3133 1076 Ἰούδας
3159 1012 3392 1079 ἀναξίως
3424 1028 3556 1083 μετ-

1973 1093 2098 1167 έσχε
2142 1097 2815 1168 τοῦ-μυστικοῦδείπνου,
2846 1097 2942 1152 καὶ
2985 1096 3221 1164 ἐξελθὼν
3261 1096 3554 1168 παρέδωκε

1973 1179 2064 1233 τὸν
2107 1180 2330 1251 Κύριον,
2376 1180 2463 1234 ἵνα
2498 1180 2696 1252 μάθῃς,
2727 1181 2810 1234 δτι
2850 1184 2965 1245 τοῖς
2995 1179 3229 1246 ἀναξίως
3269 1179 3556 1251 μετέχουσι

1974 1263 2082 1317 τῶν
2112 1264 2447 1336 μυστηρίων,
2485 1264 2694 1326 τούτοις
2726 1264 2958 1336 μάλιστα
2982 1263 3221 1335 συνεχῶς
3263 1262 3503 1334 ἐπιπηδᾷ
3527 1262 3556 1315 6

1973 1347 2237 1412 διάϐολος,
2282 1348 2377 1402 καὶ
2420 1349 2502 1413 είς
2550 1346 2723 1419 μείζω
2763 1347 3036 1419 τιμωρίαν
3079 1347 3309 1411 ἑαυτοὺς
3352 1343 3557 1417 ἐμϐάλ-

1975 1429 2143 1485 λουσι.
2181 1430 2366 1485 Ταῦτα
2391 1431 2535 1501 λέγω
2561 1432 2660 1502 οὐχ
2702 1430 2789 1485 ἵνα
2819 1430 3040 1503 φοϐήσω
3081 1429 3266 1501 μόνον,
3316 1427 3433 1484 ἀλλ’
3464 1427 3556 1482 (va

1976 1516 2070 1569 καὶ
2124 1515 2565 1589 ἀσφαλεστέρους
2621 1517 2855 1589 ποιήσω.
2898 1514 3167 1588 Καθάπερ
3204 1515 3314 1586 γάρ
3369 1530 3556 1584 σῶμα⁹

1976 1599 2100 1671 τικὴ
2132 1601 2329 1672 τροφὴ,
2364 1603 2492 1655 ὅταν
2530 1604 2610 1666 εἰς
2640 1600 2881 1672 γαστέρα
2908 1601 3113 1672 χυμοὺς
3141 1600 3368 1671 ἔχουσαν
3397 1615 3557 1668 πονη-

1978 1684 2106 1753 ροὺς
2130 1685 2365 1756 ἐμπέσῃ,
2393 1685 2576 1738 πλεῖον
2610 1683 2867 1738 ἐπιτείνει
2891 1684 2988 1755 τὴν
3025 1682 3178 1737 νόσον
3197 1695 3210 1709 ·
3233 1680 3374 1735 οὕτω
3404 1681 3497 1735 καὶ
3523 1681 3557 1751 ἠ

1978 1766 2320 1838 πνευματικὴ
2370 1768 2566 1840 τροφὴ,
2604 1768 2729 1821 ὅταν
2762 1766 3000 1834 ἀναξίως
3045 1764 3362 1836 μετέχηται,
3391 1762 3558 1816 πλέον

1978 1851 2152 1922 κρῖμα
2178 1849 2356 1921 ἐαυτῷ
2388 1849 2639 1923 σωρεύει.
2670 1849 2878 1921 Μηδεὶς
2904 1848 3084 1902 τοίνυν
3113 1845 3385 1918 πονηροὺς
3410 1843 3558 1899 ἔνδον

1977 1932 2150 2003 ἐχέτω
2197 1934 2519 2005 λογισμοὺς,
2594 1931 2898 2004 παρακαλῶ
2922 1971 2938 1996 ,
2991 1930 3107 1986 ἀλλ’
3165 1928 3560 1999 ἐκκαθάρωμεν

1978 2017 2111 2087 ἡμῖν
2150 2016 2249 2089 τὴν
2298 2018 2559 2089 καρδίαν·
2597 2019 2692 2072 καὶ
2735 2016 2845 2088 γὰρ
2890 2014 3011 2070 ναοὶ
3042 2011 3180 2067 Θεοῦ
3234 2013 3419 2083 ἐσμεν,
3465 2011 3560 2064 ἐάν

1979 2099 2398 2172 καθαρεύωμεν.
2441 2100 2640 2173 Ἀγνὴν
2674 2101 2832 2171 ἡμῶν
2861 2099 3182 2170 ποιήσωμεν
3218 2094 3316 2166 τὴν
3343 2094 3523 2164 ψυχήν
3542 2110 3555 2125 ⁸

1978 2184 2073 2237 καὶ
2101 2183 2212 2256 γάρ
2256 2184 2484 2240 δυνατόν
2522 2187 2640 2239 ἐστι
2672 2185 2830 2238 τοῦτο
2862 2183 3090 2250 ποιῆσαι
3121 2182 3181 2236 ἐν
3223 2181 3322 2251 μιᾷ
3352 2177 3556 2249 ἡμέρᾳ.

1977 2268 2105 2332 Πῶς
2129 2270 2226 2321 xal
2252 2270 2357 2323 τίνι
2387 2269 2579 2341 τρόπῳ
2602 2285 2617 2335 ;
2660 2268 2785 2322 Ἐὰν
2809 2267 2939 2339 ἔχῃς
2962 2284 3017 2319 τι
3044 2265 3184 2319 κατά
3204 2263 3297 2318 τοῦ
3339 2260 3557 2333 ἐχθροῦ,

1979 2351 2127 2417 ἐξελε
2159 2351 2257 2424 τὴν
2289 2352 2481 2425 ὀργὴν,
2506 2351 2668 2406 λῦσον
2694 2352 2794 2423 τὴν
2818 2351 3041 2422 ἔχθραν,
3083 2349 3172 2402 ἴνα
3201 2345 3369 2417 λάϐῃς
3400 2344 3557 2414 θερα-

1980 2436 2137 2491 πείαν
2170 2437 2419 2505 ἀφέσεως
2446 2436 2556 2490 ἀπὸ
2585 2436 2685 2507 τῆς
2722 2433 3025 2508 τραπέζης.
3073 2429 3246 2501 Θυσίᾳ
3280 2426 3559 2499 προσέρχῃ

1979 2522 2182 2591 φρικτῇ
2212 2521 2306 2573 καὶ
2337 2519 2501 2592 ἁγίᾳ·
2535 2518 2879 2591 ἐσφαγμένος
2918 2517 3206 2587 πρόκειται
3234 2515 3263 2565 6
3300 2510 3555 2581 Χριστός.

1991 2603 2129 2656 Ἀλλ’
2158 2603 2410 2674 ἐννόησον
2438 2605 2582 2667 τίνος
2603 2604 2787 2657 ἕνεκεν
2808 2600 3047 2671 ἐσφάγη.
3077 2598 3143 2651 Ὢ
3168 2594 3338 2649 ποίων
3359 2608 3559 2664 μυστη-

1981 2686 2117 2757 ρίων
2167 2687 2487 2758 ἐστερήθης,
2532 2686 2741 2741 Ἰούδαί
2775 2686 3010 2757 Χριστὸς
3038 2681 3178 2736 ἐκὼν
3213 2679 3435 2742 ἔπαθεν,
3469 2677 3561 2730 ἵνα

1978 2770 2119 2844 λύσῃ
2151 2770 2219 2824 τὸ
2260 2772 2624 2841 μεσότοιχον
2656 2770 2762 2825 τοῦ
2796 2766 3091 2840 φραγμοῦ,
3145 2765 3241 2818 καὶ
3270 2760 3448 2844 ἐνώσῃ
3491 2760 3560 2813 τὰ

1979 2843 2131 2909 κάτω
2160 2857 2271 2919 τοῖς
2300 2854 2434 2917 άνω,
2469 2856 2556 2909 ἵνα
2591 2854 2837 2923 ἀγγέλων
2858 2853 3060 2922 ποιήσῃ
3090 2846 3344 2903 κοινωνὸν
3364 2843 3561 2915 ἐχθρὸν

1978 2938 2108 2992 ὄντα
2142 2955 2199 3009 σε
2230 2939 2326 2991 καὶ
2362 2939 2643 3008 πολέμιον.
2674 2937 2783 2991 Kal
2815 2937 2844 2988 6
2875 2936 2973 3007 μὲν
2998 2931 3231 3004 Χριστὸς
3258 2928 3356 3000 τὴν
3378 2926 3558 2997 ψυχὴν

1979 3019 2143 3075 αὑτοῦ
2177 3020 2437 3084 ἐξέδωκεν
2469 3021 2610 3090 ὑπὲρ
2632 3019 2725 3073 σοῦ
2743 3036 2757 3049 ·
2796 3020 2859 3072 σὺ
2887 3018 2944 3071 δέ
2967 3016 3047 3088 τῷ
3073 3012 3342 3083 συνδούλῳ
3375 3010 3559 3082 μένεις

1981 3103 2317 3176 ἐχθραίνων;
2350 3104 2442 3157 καὶ
2480 3103 2598 3168 πῶς
2625 3103 2828 3175 δυνήσῃ
2855 3099 3089 3174 βαδίζειν
3118 3098 3211 3152 ἐπὶ
3239 3099 3339 3169 τὴν
3360 3094 3456 3165 τῆς
3481 3095 3560 3147 εἰ-

1982 3188 2152 3259 ρήνης
2182 3186 2495 3258 τράπεζαν;
2550 3188 2609 3241 ’0
2654 3186 2933 3257 Δεσπότης
2963 3201 3057 3237 σου
3094 3182 3156 3235 66
3203 3179 3560 3251 παρῃτήσατο

1978 3270 2158 3323 πάντα
2191 3270 2484 3341 ὑπομεῖναι
2528 3269 2617 3324 διὰ
2647 3270 2728 3334 σέ,
2764 3269 2829 3322 σὺ
2864 3267 2921 3323 δέ
2966 3265 3090 3321 οὐδὲ
3130 3262 3299 3336 ὀργὴν
3338 3259 3558 3329 ἀφιέναι

1978 3352 2183 3424 ἀνέχῃ;
2226 3354 2384 3418 Τίνος
2411 3354 2620 3417 ἐνεκεν,
2648 3352 2770 3407 εἰπέ
2811 3368 2934 3422 μοι;
2980 3351 3044 3405 Ἦ
3090 3347 3278 3418 ἀγάπη
3306 3344 3431 3415 ῥίζα
3463 3342 3559 3424 καὶ

1980 3423 2251 3507 καὶ
2272 3440 2458 3508 μήτηρ
2474 3438 2591 3490 ἐστὶ
2610 3438 2827 3491 πάντων
2850 3434 2960 3489 τῶν
2980 3431 3223 3501 ἀγαθῶν.
3250 3423 3557 3498 Ἑπηρέασέ

1982 3538 2094 3591 μοι,
2123 3521 2278 3591 φησὶ,
2309 3521 2378 3574 τά
2408 3525 2665 3592 μέγιστα,
2696 3520 2867 3592 μυρία
2898 3516 3127 3588 ἠδίκησέ
3165 3531 3277 3586 μοι,
3304 3512 3393 3566 τὸν
3428 3509 3559 3592 περὶ

1977 3590 2072 3655 τοῦ
2125 3600 2225 3672 ζῇν
2260 3590 2609 3674 ἐπεκρέμασέ
2662 3590 2753 3673 μοι
2778 3590 3063 3655 κίνδυνον.
3104 3596 3216 3652 Kal
3260 3593 3317 3647 τί
3360 3590 3555 3653 τοῦτος

1980 3684 2131 3758 [595]
2167 3686 2281 3740 ἀλλ’
2298 3686 2513 3741 οὐδέπω
2534 3703 2593 3740 σε
2616 3686 2951 3756 ἐσταύρωσε,
2976 3683 3225 3753 καθάπερ
3240 3679 3332 3733 τὸν
3355 3676 3556 3749 Κύριον

1978 3771 2029 3823 οί
2079 3757 2341 3824 Ἰουδαῖοι.
2378 3770 2508 3825 Ἐὰν
2555 3771 2630 3841 μὴ
2681 3770 2825 3841 ἀφῇς
2864 3768 2943 3839 τῷ
2973 3766 3203 3839 πλησίον
3230 3779 3324 3817 σου
3350 3761 3413 3814 16
3438 3757 3558 3841 ἀδίς-

1979 3871 2152 3925 κημα,
2187 3853 2308 3906 οὐδὲ
2341 3856 2371 3907 6
2403 3838 2593 3923 Πατήρ
2617 3838 2741 3907 ’σου
2767 3838 2806 3906 "6
2832 3838 3084 3922 οὐράνιος
3122 3848 3321 3918 ἀφήσει
3359 3858 3445 3896 σοι
3486 3838 3559 3894 τά

1979 3936 2356 4008 ἁμαρτήματά
2394 3953 2511 3990 σου.
2546 3936 2694 4007 Ποίῳ
2741 3936 2800 3990 δέ
2841 3933 3104 3989 συνειδότι
3148 3932 3313 4005 ἐρεῖς,
3366 3925 3558 4008 Πάτερ

1975 4017 2146 4088 ἡμῶν
2177 4023 2209 4073 ό
2253 4019 2325 4073 ἐν
2355 4019 2479 4085 τοῖς
2525 4017 2823 4087 οὐρανοῖς.
2868 4014 3205 4087 ἁγιασθήτω
3251 4011 3319 4066 τὸ
3370 4007 3559 4088 δνομά

1977 4086 2115 4166 σου,
2143 4102 2237 4156 xal
2262 4101 2330 4156 τά
2358 4100 2519 4172 ἐξῆς;
2559 4101 2792 4172 Ὁμοίως
2817 4102 2846 4154 6
2869 4086 3105 4171 Χριστὸς
3130 4096 3227 4151 καὶ
3250 4094 3313 4147 τὸ
3338 4086 3499 4163 αἷμα,
3526 4088 3559 4143 6

1978 4186 2199 4258 ἐξέχεαν
2227 4189 2448 4254 ἐκεῖνοι,
2472 4189 2553 4251 εἰς
2576 4185 2850 4257 σωτηρίαν
2874 4184 2984 4238 τῶν
3009 4182 3306 4255 ἐκχεόντων
3330 4177 3554 4232 δέδωκε.

1977 4271 2045 4325 Τί
2091 4270 2281 4325 τούτου
2331 4271 2445 4325 ἴσον
2479 4270 2622 4341 ἐχεις
2665 4271 2923 4340 ποιῆσαι;
2982 4268 3106 4321 Ἐὰν
3159 4263 3234 4336 μὴ
3280 4264 3423 4333 ἀφῇς
3478 4258 3558 4330 τῷ

1978 4349 2182 4423 ἐχθρῷ,
2213 4350 2315 4404 οὐκ
2345 4351 2556 4404 ἐκεῖνον
2592 4349 2881 4419 ἠδίκησας,
2911 4346 3050 4402 ἀλλά
3090 4342 3286 4398 σαυτόν
3307 4359 3320 4372 ·
3351 4341 3558 4423 ἐκεῖνον

1982 4435 2081 4506 μὲν
2113 4436 2223 4506 γάρ
2262 4434 2525 4498 πολλάκις
2578 4434 2660 4497 είς
2705 4433 2798 4487 τὸν
2840 4431 3083 4503 παρόντα
3122 4428 3237 4499 βίον
3292 4422 3555 4506 ἔϐλαψας,

1980 4505 2271 4571 σαυτὸνδέ
2302 4516 2685 4585 ἀσύγγνωστον
2736 4517 2979 4585 ἐποιήσω
3026 4511 3125 4583 τὴν
3160 4507 3427 4581 τιμωρίαν
3473 4505 3555 4566 εἰς

1976 4602 2075 4675 τὴν
2111 4600 2410 4673 μέλλουσαν
2444 4600 2675 4670 ἡμέραν.
2721 4598 2927 4653 Οὐδένα
2968 4595 3078 4668 γὰρ
3112 4593 3252 4650 οὕτω
3283 4589 3433 4662 μισεῖ
3458 4587 3553 4675 καὶ

1977 4669 2384 4756 ἀποστρέφεται
2421 4685 2451 4735 6
2468 4669 2637 4748 Θεὸς,
2681 4681 2757 4745 ὡς
2784 4681 3122 4752 μνησίκακον
3150 4676 3453 4747 ἄνθρωπον,
3476 4669 3552 4739 ὡς

1979 4767 2317 4823 οίδαίνουσαν
2339 4764 2568 4837 καρδίαν
2588 4766 2683 4819 καὶ
2695 4764 3130 4837 φλεγμαίνουσαν
3145 4759 3343 4833 ψυχήν.
3361 4757 3557 4810 ’Δκουε

1922 4856 1925 4859 ’
1981 4870 2073 4907 σον
2121 4851 2256 4920 γοῦν
2288 4850 2340 4903 τί
2373 4866 2539 4921 φησιν
2580 4850 2609 4902 6
2646 4848 2851 4920 Κύριος
2872 4864 2887 4880 ·
2943 4847 3080 4903 ’Ἐὰν
3109 4839 3456 4914 προσφέρῃς
3484 4838 3554 4897 τὰ

1976 4935 2169 5004 δῶρόν
2198 4948 2316 4989 σου
2340 4933 2439 4987 ἐπὶ
2465 4933 2532 4986 τὸ
2569 4931 3025 5001 θυσιαστήριον,
3051 4930 3229 4985 κάκεῖ
3243 4922 3549 4997 μνησθῇς,

1976 5017 2067 5073 ὅτι
2098 5020 2135 5072 ό
2167 5017 2434 5087 ἀδελφός
2471 5030 2588 5070 σου
2614 5015 2743 5085 ἔχει
2790 5033 2846 5070 τι
2882 5012 3035 5068 κατὰ
3064 5011 3203 5077 σοῦ,
3249 5010 3400 5079 ἄφες
3426 5004 3566 5060 ἐκεῖ*

1975 5101 2043 5155 τό
2076 5099 2270 5169 δῶρόν
2307 5115 2426 5155 σου
2462 5099 2805 5169 ἔμπροσθεν
2826 5097 2932 5152 τοῦ
2968 5091 3424 5162 θυσιαστηρίου,
3451 5088 3554 5145 καί

1976 5183 2198 5239 ἄπελθε
2235 5182 2473 5251 πρῶτον
2513 5183 2613 5238 καὶ
2638 5180 2993 5250 διαλλάγηθι
3029 5177 3110 5246 τῷ
3131 5174 3371 5246 ἀδελφῷ
3395 5186 3549 5228 σου)

1976 5262 2075 5316 καί
2103 5262 2236 5315 τότε
2273 5260 2469 5316 ἐλθὼν
2503 5263 2806 5332 πρόσφερε
2842 5257 2911 5313 τὸ
2954 5256 3146 5326 δῶρόν
3181 5272 3318 5311 σου.
3354 5255 3419 5308 Τί
3464 5253 3552 5307 λέ-

1974 5362 2112 5415 γεις,
2140 5345 2360 5415 ’Λφήσω
2393 5346 2510 5398 ἐκεῖ
2534 5345 2594 5398 τὸ
2619 5344 2812 5414 δῶρον,
2847 5341 3013 5415 ἧγουν
3042 5339 3140 5412 τὴν
3173 5338 3394 5405 θυσίανς
3418 5338 3550 5403 Ναὶ,

1975 5428 2140 5500 φησί·
2169 5428 2257 5482 διὰ
2290 5428 2399 5500 γὰρ
2420 5430 2518 5499 τὴν
2542 5430 2764 5500 εἰρήνην
2785 5425 3045 5499 τὴνπρὸς
3077 5425 3169 5478 τὸν
3202 5425 3429 5495 ἀδελφόν
3453 5441 3549 5479 σου

1974 5513 2068 5564 καὶ
2100 5511 2237 5580 αὐτὴ
2264 5508 2479 5581 ήθυσία
2503 5509 2736 5577 ἐγένετο.
2768 5509 2829 5561 Εἰ
2868 5507 3047 5562 τοίνυν
3072 5506 3162 5561 διά
3196 5507 3295 5579 τὴν
3326 5508 3548 5580 εἰρήνην

1972 5596 2071 5667 τὴν
2093 5597 2173 5659 είς
2202 5594 2293 5648 τὸν
2316 5592 2538 5663 πλησίον
2566 5594 2601 5665 ἡ
2630 5592 2789 5648 θυσία
2819 5594 2959 5657 ἐστὶ,
3002 5593 3065 5646 σὺ
3086 5591 3143 5646 δέ
3171 5593 3231 5646 66
3260 5591 3547 5663 κατορθοῖς

1972 5680 2073 5751 τὴν
2116 5680 2360 5749 εἰρήνην,
2393 5679 2441 5731 εί
2464 5678 2559 5731 καὶ
2592 5678 2840 5748 μετέχεις
2877 5678 2978 5748 τῆς
3014 5676 3227 5740 θυσίας,
3261 5674 3546 5745 ἀνωφελής·

1976 5780 2056 5819 σοι
2081 5764 2113 5835 ἡ
2156 5761 2455 5835 μετάληψις
2482 5761 2701 5832 γέγονεν
2721 5762 2850 5818 ἄνευ
2878 5761 2969 5818 τοῦ
2999 5757 3416 5831 κατορθώματος
3447 5756 3550 5825 τῆς
