4062 6206
489 299 588 354 591

489 398 733 469 εἰρήνης.
766 395 998 466 Ποίησον
1029 395 1208 452 τοίνυν
1241 399 1416 452 ἐκεῖνο
1450 399 1686 470 πρῶτον,
1711 397 1855 466 λέγω
1879 391 1942 463 δὴ
1972 397 2070 468 τὴν

490 481 736 552 εἰρήνην,
785 479 850 534 δι’
881 481 1018 552 ὅπερ
1057 481 1151 534 καὶ
1194 483 1228 551 ἡ
1271 480 1430 535 θυσία
1473 483 1921 554 προσενήνεκται,
1977 483 2072 536 καὶ

489 565 612 618 τότε
641 563 812 634 αὐτῆς
857 565 1189 629 ἀπολαύσεις
1215 565 1415 631 καλῶς.
1448 567 1546 620 Διά
1576 567 1683 638 γὰρ
1716 566 1874 620 τοῦτο
1908 562 2073 635 ἦλθεν

493 651 576 710 εἰς
594 649 684 700 τὸν
707 649 912 720 κόσμον
932 651 960 702 ό
989 649 1117 713 Tib;
1143 650 1238 703 τοῦ
1269 651 1424 716 Θεοῦ,
1459 652 1548 704 ἵνα
1568 649 1884 723 καταλλάξῃ
1914 648 2072 720 ἡμῶν

489 733 589 805 τὴν
615 733 778 804 φύσιν
805 733 881 804 τῷ
905 735 1104 805 Πατρῖ,
1126 733 1202 798 ῶς
1233 752 1336 788 που
1365 736 1457 788 καὶ
1487 735 1699 798 Παῦλός
1727 748 1892 806 φησι·
1920 733 2072 787 Νυνὶ

491 813 560 870 δὲ
619 818 1126 884 ἀποκατήλλαξεν
1173 817 1363 884 ἐαυτῷ
1417 819 1488 873 τὰ
1539 817 1758 886 πάντα,
1815 817 1913 872 διὰ
1965 817 2074 871 τοῦ

489 901 762 969 αταυροῦ
815 902 1175 968 ἀποκτείνας
1207 901 1323 969 τὴν
1369 902 1594 971 ἔχθραν
1629 903 1700 955 ὲν
1749 901 1930 966 αὐτῷ.
1977 899 2075 952 Διὰ

491 981 652 1038 ⁴τοῦτο
681 985 803 1054 οὐχὶ
848 985 1010 1048 αὐτὸς
1055 985 1216 1056 μόνον
1261 981 1392 1058 ἦλθε
1435 985 1606 1039 ποιῶν
1651 987 1898 1056 εἰρήνην,
1939 983 2074 1038 ἀλλά

495 1069 592 1122 καὶ
615 1070 764 1139 ἡμᾶς
799 1069 1096 1141 μακαρίζει
1123 1073 1250 1134 τοὺς
1278 1070 1346 1124 τὰ
1382 1071 1607 1124 τοιαῦτα
1637 1069 1946 1133 ποιοῦντας,
1982 1069 2076 1122 καὶ

495 1155 643 1206 ποιεῖ
667 1155 766 1224 τῆς
807 1153 972 1206 αὐτοῦ
1017 1153 1393 1224 προσηγορίας
1434 1151 1748 1217 κοινωνούς.
1791 1151 2077 1220 Μακάριοι

495 1238 606 1309 γὰρ
637 1239 691 1291 οἱ
721 1237 1082 1304 εἰρηνοποιοί
1103 1278 1120 1302 ,
1154 1237 1242 1290 ὅτι
1274 1236 1443 1290 αὐτοὶ
1493 1235 1608 1290 υἱοί
1657 1235 1806 1290 Θεοῦ
1857 1233 2080 1302 κληθή-

497 1335 727 1374 σονται.
755 1321 930 1392 Ὅπερ
968 1318 1060 1375 οῦν
1105 1321 1360 1390 ἐποίησεν
1406 1319 1434 1371 ὀ
1465 1320 1722 1391 Χριστὸς,
1753 1320 1782 1372 ό
1807 1320 1932 1382 Υἱὸς
1981 1315 2076 1370 τοῦ

497 1405 654 1468 Θεοῦ,
691 1403 847 1458 τοῦτο
877 1407 973 1458 καὶ
1015 1406 1078 1458 σὺ
1125 1405 1350 1475 ποίησον
1379 1405 1519 1458 κατά
1545 1404 1776 1476 δύναμιν
1802 1404 2079 1475 ἀνθρωπί-

497 1504 617 1556 νην,
646 1489 868 1559 εἰρήνης
901 1488 1192 1558 γενόμενος
1234 1488 1494 1560 πρόξενος
1523 1491 1618 1542 καὶ
1649 1488 1831 1560 σαυτῷ
1878 1489 1973 1542 καὶ⁹
2004 1487 2081 1558 τῷ

500 1571 732 1641 πλησίον
767 1588 880 1624 σου.
915 1573 1014 1624 Διά
1047 1572 1206 1625 τοῦτο
1245 1573 1342 1625 καὶ
1373 1572 1488 1624 υἰδν
1530 1571 1666 1624 Θεοῦ
1702 1573 1859 1626 καλεῖ
1886 1573 1976 1626 τὸν
2003 1573 2082 1624 εἰ-

499 1656 790 1726 ρηνοποιόν
809 1672 824 1686 '
852 1656 938 1710 διὰ
966 1655 1125 1709 τοῦτο
1158 1659 1214 1709 ὲν
1246 1655 1324 1727 τῷ
1366 1656 1542 1728 καιρῷ
1571 1656 1672 1726 τῆς
1701 1655 1892 1719 θυσίας
1930 1654 2082 1709 ούδε-

501 1738 637 1806 μιᾶς
680 1737 876 1810 ἐτέρας
907 1739 1282 1808 ἐμνημόνευσε
1326 1738 1692 1809 δικαιοσύνης,
1745 1738 1860 1792 ἀλλ’
1907 1738 1941 1808 ἣ
1985 1737 2086 1808 τῆς

501 1819 642 1890 πρὸς
676 1821 770 1873 τὸν
814 1820 1044 1890 ἀδελφὸν
1075 1823 1444 1892 καταλλαγῆς,
1493 1821 1729 1886 δεικνὺς,
1767 1823 1850 1875 ὅτι
1899 1819 2088 1874 πασῶν

502 1903 716 1974 ἀρετῶν
753 1905 954 1975 μείζων
980 1908 1014 1975 ή
1044 1905 1232 1976 ἀγάπη
1273 1907 1439 1960 ἐστίν.
1483 1905 1812 1976 Ἐϐουλόμην
1847 1905 1943 1976 μὲν
1969 1903 2086 1970 οῦν,

503 1989 802 2058 ἀγαπητοὶ,
839 1991 933 2042 ἐπὶ
963 1990 1214 2042 πλεῖστον
1245 1991 1570 2062 παρατεῖναι
1601 1987 1694 2042 τὸν
1741 1987 1899 2057 λόγον
1919 2005 1934 2018 ·
1972 1988 2086 2042 ἀλλ’

505 2075 669 2143 ἀρκεῖ
719 2075 813 2126 καὶ
867 2073 936 2126 τά
985 2075 1252 2144 εἰρημένα
1309 2077 1422 2136 τοῖς
1477 2072 1613 2144 μετὰ
1661 2073 1940 2144 προσοχῆς
1996 2073 2090 2126 καὶ

509 2158 778 2221 συνέσεως
815 2157 1129 2229 δεχομένοις
1165 2159 1255 2210 τὸν
1297 2157 1498 2229 σπόρον
1535 2158 1636 2228 τῆς
1664 2157 1964 2222 εὐσεϐείας,
1997 2157 2092 2210 καὶ

507 2243 798 2315 προσέχειν
832 2243 1077 2296 ἐθέλουσι
1116 2245 1228 2306 τοῖς
1271 2241 1607 2314 λεγομένοις.
1645 2239 2093 2312 Μνημονεύωμεν

507 2329 708 2393 τοίνυν,
742 2328 1067 2399 παρακαλῶ,
1101 2327 1392 2391 διαπαντὸς
1432 2325 1637 2380 τούτων
1659 2325 1768 2380 τῶν
1809 2326 2090 2396 ῥημάτων,

509 2411 724 2466 καὶτοῦ
777 2411 1219 2484 φρικωδεστάτου
1269 2410 1565 2481 ἀσπασμοῦ
1606 2409 1700 2462 τοῦ
1750 2409 1888 2479 πρὸς
1933 2407 2094 2478 ἀλλή-

509 2495 656 2560 λους.
693 2489 861 2558 οὗτος
890 2497 998 2568 γὰρ
1020 2498 1048 2550 ὁ
1083 2495 1374 2566 ἀσπασμὸς
1400 2493 1704 2566 συμπλέκει
1733 2491 1830 2556 τὰς
1857 2491 2094 2553 διανοίας

512 2581 689 2650 ἡμῶν,
718 2582 811 2633 καί
837 2583 981 2636 ποιεῖ
1001 2581 1254 2648 γενέσθαι
1274 2579 1435 2650 σῶμα
1461 2577 1520 2631 ἒν
1543 2577 1808 2639 ἅπαντας,
1835 2577 1929 2628 καὶ
1959 2573 2092 2646 μέλη

511 2662 772 2734 Χριστοῦ,
806 2663 991 2734 ἐπειδὴ
1021 2665 1114 2716 καὶ
1158 2663 1277 2725 ἐνὸς
1308 2661 1558 2731 σώματος
1593 2660 1891 2732 μετέχομεν
1921 2659 2097 2711 ἃπαν-

513 2763 628 2810 τες.
673 2745 962 2814 Γενώμεθα
1009 2743 1102 2800 οὖν
1125 2747 1246 2801 κατ’
1295 2745 1553 2817 ἀλήθειαν
1603 2745 1760 2814 σῶμα
1795 2743 1872 2806 ἓν,
1913 2741 1974 2794 οὐ
2026 2740 2098 2795 τὰ

517 2833 747 2902 σώματα
778 2832 1028 2904 ἀλλήλοις
1075 2831 1467 2904 ἀναφύροντες,
1505 2829 1641 2884 ἀλλά
1681 2827 1780 2892 τὰς
1803 2826 1980 2898 ψυχάς
2010 2827 2100 2880 ἀλ-

513 2911 706 2984 λήλαις
733 2915 810 2986 τῷ
839 2916 938 2986 τῆς
969 2917 1192 2984 ἀγάπης
1213 2913 1497 2986 συνδέσμῳ
1522 2913 1903 2975 συνάπτοντες.
1940 2909 2098 2962 Οῦτω

517 2999 628 3068 γὰρ
651 3000 948 3064 ποιοῦντες,
976 3000 1322 3072 δυνησόμεθα
1353 2999 1490 3070 μετά
1515 2997 1828 3070 παρρησίας
1859 2995 2099 3050 ἀπολαῦ-

519 3100 612 3136 σαι
645 3084 745 3152 τῆς
783 3085 1150 3155 προκειμένης
1208 3083 1510 3154 τραπέζης,
1563 3081 1657 3137 καὶ
1705 3082 1802 3152 τῆς
1854 3079 1959 3133 ὑπὸ
2001 3077 2096 3132 τοῦ

520 3166 756 3239 Χριστοῦ
796 3167 934 3240 πρὸς
960 3168 1036 3238 τῷ
1072 3167 1215 3220 τέλει
1245 3166 1641 3238 βραδευθείσης
1667 3165 1888 3235 εἰρήνης
1918 3161 2098 3231 δοχεῖα

521 3265 790 3334 γενέσθαι.
815 3265 931 3320 Κᾶν
947 3265 1055 3336 γὰρ
1088 3265 1255 3336 μωρία
1277 3264 1490 3336 ἔχωμεν
1519 3261 1939 3334 κατορθώματα,
1965 3278 2098 3330 μνη-

1207 288 1264 339 S’.
1301 279 1589 340 JUANNIS
1628 280 2125 338 CIIRYSOSTOMX
2165 282 2484 338 AllClilEP.
2523 283 3068 341 CONSTANTINOP.

3655 282 3770 340 59%

2182 399 2395 452 σίκακοι
2423 399 2479 452 δὲ
2511 393 2682 470 ὦμεν,
2709 399 2887 452 πάντα
2917 397 3037 466 εἰκῆ
3065 396 3162 450 καὶ
3197 393 3376 465 μάτην
3400 389 3552 467 {396]
3575 398 3772 468 εἰργα-

2182 483 2410 553 σάμεθα,
2451 486 2545 536 καὶ
2587 483 2740 536 οὐδὲν
2791 483 2856 534 ἐκ
2900 481 3104 534 τούτων
3144 481 3224 541 εἰς
3275 477 3552 549 σωτηρίας
3601 480 3774 548 λόγον

2179 565 2573 636 καρπώσασθαι
2639 564 2999 636 δυνησόμεθα.
3057 561 3284 618 Μέλλων
3345 561 3458 632 γὰρ
3499 563 3526 613 ὁ
3569 563 3775 632 Σωτὴρ

2179 649 2419 703 ἀνελθεῖν
2445 649 2582 721 πρὸς
2609 649 2703 702 τὸν
2728 649 2968 720 Πατέρα,
2983 647 3107 701 ἀντὶ
3131 646 3289 716 δόξης
3306 643 3644 716 προσκαίρου
3669 648 3776 699 καὶ

2181 733 2412 786 πλούτου
2445 734 2682 804 μεγάλου
2712 731 2918 802 ταύτην
2943 733 3056 794 τοῖς
3097 729 3370 801 μαθηταῖς
3395 728 3778 800 κληρονομίαν

2181 816 2428 887 ἀφίησιν,
2477 816 2678 870 εἰπών·
2707 815 2976 884 Είρήνην
3015 814 3131 882 τὴν
3168 814 3325 883 ἐμὴν
3355 811 3566 882 δίδωμι
3601 813 3778 882 ὑμῖν,

2181 901 2430 970 εΙρήνην
2457 899 2573 968 τὴν
2597 899 2752 968 ἐμὴν
2777 900 2991 968 ἀφίημι
3010 897 3174 968 ὑμῖν.
3202 899 3361 960 Ποῖος
3379 896 3488 967 γὰρ
3509 895 3782 960 πλοῦτος,

2182 986 2215 1057 ἢ
2265 987 2406 1057 πόση
2445 986 2742 1057 χρημάτων
2777 985 3066 1056 περιουσία
3109 983 3305 1052 γένοιτ’
3351 983 3418 1036 ἂν
3459 981 3786 1052 τιμιωτέρα

2181 1069 2283 1140 τῆς
2311 1063 2535 1140 εἰρήνης
2571 1067 2665 1122 τοῦ
2705 1066 2966 1139 Χριστοῦ,
2991 1067 3094 1136 τῆς
3118 1067 3300 1119 πάντα
3325 1066 3481 1133 λόγον
3511 1065 3608 1118 καὶ
3637 1063 3785 1116 νοῦν

2185 1152 2588 1224 ὑπερεχούσηςς
2624 1151 2796 1204 Τοῦτο
2825 1146 2918 1204 οῦν
2959 1153 3054 1204 καὶ
3091 1153 3120 1204 ό
3149 1152 3436 1221 προφήτης
3475 1148 3786 1218 Μαλαχίας

2186 1237 2343 1298 εἰδὼς
2387 1237 2622 1308 χαλεπὸν
2655 1232 2796 1290 εἶναι
2820 1236 2914 1290 καὶ
2955 1235 3262 1306 ὑπέρογκον
3289 1235 3351 1287 τὸ
3389 1235 3790 1305 παράπτωμα,

2187 1322 2374 1392 ἔλεγεν
2404 1324 2479 1386 ὡς
2507 1326 2572 1378 ὲκ
2611 1322 2903 1394 προσώπου
2937 1320 3033 1374 τοῦ
3075 1319 3212 1374 Θεοῦ
3237 1337 3252 1350 ·
3279 1321 3438 1384 Λαός
3478 1335 3624 1388 μου,
3653 1321 3790 1371 .la-

2185 1406 2345 1460 λεῖτε
2367 1404 2659 1472 ἀλήθειαν
2685 1403 2945 1468 ἕκαστος
2959 1403 3110 1472 μετὰ
3134 1402 3240 1456 τοῦ
3263 1402 3534 1469 πλησίον
3553 1400 3790 1464 αὐτοῦ,

2188 1488 2286 1542 καί
2323 1490 2585 1554 ἕκαστος
2617 1488 2838 1543 κακίαν
2889 1487 2962 1540 ἐν
3001 1485 3076 1554 τῇ
3126 1485 3338 1554 καρδίᾳ
3382 1483 3462 1551 τῷ
3497 1484 3796 1550 πλησίον

2189 1573 2377 1627 αὑτοῦ
2419 1572 2505 1642 μὴ
2549 1571 3016 1641 μνησικακείτω,
3053 1571 3155 1624 καὶ
3195 1569 3378 1638 ὅρκον
3433 1565 3632 1637 ψευδῆ
3685 1565 3792 1636 μὴ

2190 1653 2473 1726 ἀγαπᾶτε·
2489 1656 2588 1709 καὶ
2607 1658 2679 1710 οὐ
2691 1656 2778 1725 μὴ
2797 1655 3176 1720 ἀποθανεῖτε,
3195 1651 3362 1720 οἶκος
3377 1654 3482 1707 τοῦ
3499 1651 3792 1720 Ἰσραὴλ,

2187 1739 2348 1808 λέγει
2395 1739 2632 1807 Κύριος.
2679 1739 2768 1802 Ὠς
2819 1737 2884 1791 ἂν
2929 1740 2976 1791 εἰ
3033 1739 3282 1808 μέλλοιτε
3326 1734 3466 1791 εἶναι
3515 1736 3790 1806 ψεῦσται,

2193 1822 2544 1894 μνησίκακοι,
2565 1822 2834 1894 ἐπίορκοι,
2861 1822 3241 1892 ἐπιλαθόμενοι
3261 1822 3370 1876 τῶν
3391 1821 3622 1874 ἐντολῶν
3646 1839 3790 1890 μου,

2191 1907 2408 1978 θανάτῳ
2459 1906 2840 1962 ἀποθανεῖσθε.
2901 1905 3091 1960 Ταῦτα
3135 1901 3229 1958 οῦν
3283 1906 3501 1959 ᾶπαντα
3545 1903 3792 1966 εἰδότες,

2191 1991 2506 2062 ἀγαπητοὶ,
2568 1992 2748 2044 πᾶσαν
2803 1989 3201 2058 καταλύσωμεν
3245 1988 3438 2060 ὀργὴν,
3484 1987 3578 2040 καὶ
3637 1984 3796 2054 πρὸς

2191 2075 2453 2146 ἀλλήλους
2499 2074 2929 2146 εἰρηνεύσωμεν,
2970 2074 3066 2126 καὶ
3104 2072 3204 2142 τὴν
3246 2074 3404 2142 ῥίζαν
3431 2071 3530 2141 τῆς
3577 2067 3798 2130 κακίας

2193 2159 2524 2224 ὲκτίλαντες,
2561 2159 2658 2212 καὶ
2689 2157 3028 2228 καθάραντες
3063 2156 3220 2227 ήμῶν
3255 2155 3318 2208 τὸ
3348 2153 3606 2216 συνειδὸς,
3641 2150 3802 2222 μετὰ.

2194 2245 2500 2317 πραότητος
2529 2244 2623 2296 καὶ
2662 2242 2964 2305 ἐπιεικείας
2995 2242 3089 2295 καὶ
3117 2239 3321 2309 πολλῆς
3363 2239 3465 2309 τῆς
3493 2235 3800 2296 εὐλαϐείας

2195 2328 2510 2400 προσίωμεν
2545 2329 2611 2398 τῇ
2664 2325 2966 2398 μεταλήψει
3003 2324 3110 2378 τῶν
3153 2323 3400 2396 φρικτῶν
3431 2321 3638 2375 τούτων
3685 2319 3800 2372 καὶ

2197 2413 2443 2484 φοϐερῶν
2481 2411 2819 2483 μυστηρίων,
2856 2411 2932 2482 μὴ
2961 2407 3232 2472 ὠθοῦντες
3275 2409 3369 2460 καὶ
3409 2405 3795 2469 λακτίζοντες,

2201 2499 2354 2570 μήτε,
2383 2496 2611 2560 κτύποις
2652 2497 2746 2548 καὶ
2772 2496 3046 2567 κραυγαῖς
3083 2491 3406 2554 ἐκϐοῶντες,
3449 2488 3589 2543 ἀλλά
3633 2486 3806 2556 φόϐῳ

2197 2583 2380 2653 πολλῷ
2423 2584 2518 2637 καὶ
2570 2582 2757 2654 τρόμῳ
2795 2581 2934 2652 μετά
2979 2578 3326 2644 κατανύξεως
3379 2578 3476 2631 καὶ
3527 2573 3800 2646 δακρύων

2199 2668 2652 2741 προσερχόμενοι,
2694 2667 2784 2720 ίνα
2827 2666 2922 2720 καὶ
2963 2667 2994 2720 ὀ
3037 2664 3416 2735 φιλάνθρωπος
3465 2661 3806 2728 Δεσπότης,

2199 2752 2543 2815 ἐποπτεύσας
2567 2752 2724 2823 ἡμῶν
2756 2751 2962 2806 ἄνωθεν
2985 2749 3088 2820 τὴν
3109 2748 3390 2819 εἰρηνικὴν
3419 2745 3798 2804 κατάστασιν,

2205 2838 2300 2892 καὶ
2313 2836 2411 2908 τὴν
2433 2837 2796 2907 ἀνυπόκριτον
2816 2834 3062 2905 ἀγάπην,
3085 2833 3179 2887 καὶ
3202 2831 3294 2901 τὴν
3319 2828 3642 2898 φιλάδελφον
3665 2841 3806 2878 κοι-

2205 2921 2421 2985 νωνίαν,
2437 2921 2531 2974 καὶ
2544 2919 2749 2974 τούτων
2763 2919 2872 2974 τῶν
2891 2917 3110 2987 ἀγαθῶν
3125 2917 3220 2972 καὶ
3235 2915 3338 2969 τῶν
3355 2909 3810 2982 ἐπηγγελμένων

2207 3007 2414 3068 πάντας
2451 3005 2599 3074 ἡμᾶς
2627 3003 2857 3077 ἀξιώσῃ,
2909 3004 3095 3075 χάριτι
3141 3001 3238 3056 καὶ
3278 2997 3660 3071 φιλανθρωπίᾳ
3687 2994 3802 3048 τοῦ

2207 3089 2413 3160 Κυρίου
2465 3087 2624 3158 ἡμῶν
2666 3087 2842 3158 Ἰησοῦ
2897 3085 3162 3158 Χριστοῦ,
3197 3085 3314 3156 μεθ’
3353 3077 3418 3138 οῦ
3460 3081 3539 3152 τῷ
3587 3079 3802 3151 “arpi.

2207 3173 2328 3244 ἅμα
2353 3171 2431 3243 τῷ
2457 3171 2596 3242 ἁγίῳ
2618 3170 2919 3242 Πνεύματι,
2953 3171 3100 3237 δόξα,
3131 3171 3354 3242 κράτος,
3383 3167 3538 3238 τιμὴ,
3571 3163 3668 3218 νῦν
3688 3161 3806 3218 καὶ

2207 3257 2315 3314 ἀεὶ.
2347 3256 2443 3310 καὶ
2471 3257 2553 3320 εἰς
2576 3256 2702 3319 τοὺς
2726 3255 2930 3320 αἰῶνας
2957 3253 3067 3309 τῶν
3088 3253 3321 3308 αἰώνων.
3367 3252 3562 3323 Ἀμήν.

588 3871 3804 3917 Mam-mm:

1229 4127 1318 4190 ΙΝ
1367 4125 1786 4192 HOMILIAM
1831 4127 1937 4187 DE
1985 4127 2503 4188 COEMETERIO
2559 4127 2662 4186 ET
2709 4127 2818 4187 DE
2871 4124 3132 4187 CRUCE

617 4373 768 4429 lianc
796 4374 1079 4430 homiliam
1109 4374 1301 4430 habuit
1329 4374 1758 4446 Clirysostomus
1787 4374 1976 4445 viginti
2009 4381 2110 4428 aut
2128 4375 2294 4445 paulo
2331 4375 2515 4428 minus
2545 4371 2739 4428 diebus
2792 4383 3081 4442 antequam
3121 4373 3190 4427 de
3223 4371 3428 4428 sanctis
3483 4371 3814 4426 mulieribus

542 4465 797 4529 Bernice,
826 4465 1124 4528 Prosdoce.
1157 4477 1212 4522 et
1241 4465 1512 4521 Domnina
1542 4466 1961 4522 concionarelur
1991 4484 2006 4534 ;
2038 4474 2099 4520 ut
2127 4481 2234 4520 non
2261 4465 2441 4518 dubiis
2464 4463 2608 4518 notis
2648 4463 2920 4533 colligitur
2952 4479 3017 4517 ex
3057 4463 3215 4520 initio
3243 4475 3528 4536 postrema:
3571 4465 3814 4535 hujusce

541 4557 848 4622 concionis,
883 4558 974 4612 ubi
1011 4575 1069 4614 se
1092 4567 1216 4613 ante
1246 4558 1434 4629 viginti
1463 4557 1576 4614 fere
1613 4559 1730 4614 dies
1754 4557 1822 4614 de
1850 4573 2016 4614 cruce
2051 4557 2266 4613 Domini
2319 4557 2729 4621 coneionatum,
2780 4557 2952 4611 multa
2977 4556 3184 4612 dixisse
3227 4557 3306 4611 ait
3343 4558 3397 4612 iu
3438 4557 3554 4613 hac
3587 4557 3756 4611 verba
3788 4573 3804 4608 :

541 4653 804 4710 Contrivit
831 4663 1008 4718 portas
1049 4671 1244 4718 teneas,
1273 4664 1322 4708 et
1353 4663 1520 4709 nectes
1562 4653 1760 4724 ferreos
1797 4653 2101 4724 confregit:
2147 4668 2270 4724 qua:
2317 4653 2522 4723 optime
2553 4651 2883 4707 conveniunt
2929 4652 2982 4705 in
3016 4653 3157 4707 haue
3192 4651 3266 4708 De
3309 4653 3602 4706 coemeterio
3641 4659 3698 4704 et
3735 4651 3806 4704 de

541 4763 694 4801 cruce
725 4745 1029 4801 liomiliam.
1063 4746 1200 4804 Hinc
1228 4745 1400 4802 Grazci
1425 4757 1702 4818 putantes,
1743 4745 1941 4802 festum
1971 4747 2037 4800 de
2065 4745 2270 4812 Cruce,
2302 4743 2446 4815 quod
2479 4759 2668 4800 mense
2705 4743 3008 4813 Septembri
3037 4745 3126 4802 die
3157 4763 3246 4803 xw
3296 4748 3558 4813 occurrit,
3621 4747 3720 4801 hic
3769 4761 3802 4800 a

541 4841 936 4912 (Ilirysostomo
970 4841 1284 4904 memorari,
1311 4838 1512 4894 festum
1543 4850 1873 4896 sanctarum.
1901 4840 2187 4897 Domninte
2214 4848 2269 4894 et
2301 4838 2538 4892 ﬁliarum
2581 4836 2771 4906 viginti
2827 4846 3014 4906 postea
3047 4838 3264 4906 diebus,
3315 4849 3510 4909 quarta
3551 4839 3812 4895 videlicet

539 4933 793 4991 Octobris
823 4935 1102 4992 celebrant
1125 4953 1148 5004 ς
1168 4935 1262 4992 sed
1292 4949 1618 5005 perperam:
1651 4951 1761 4992 non
1792 4937 1935 4992 enim
1975 4937 2030 4991 in
2075 4935 2214 4990 festo
2244 4947 2448 4991 sancta
2477 4935 2693 5000 Crucis,
2734 4950 2856 5004 quae
2902 4935 2956 4989 in
3009 4933 3379 5003 Septembrem
3415 4932 3628 4996 incidit,
3661 4947 3814 5001 qua-

540 5043 648 5096 que
675 5027 917 5082 nondum
959 5027 1054 5084 illo
1079 5043 1196 5083 aevo
1226 5028 1628 5098 celebrabatur,
1656 5031 1801 5086 hanc
1834 5031 2028 5087 habuit
2071 5031 2350 5086 ltomiliam
2383 5029 2834 5101 Clirysostomus,
2869 5029 2964 5086 sed
3001 5031 3053 5084 in
3086 5029 3174 5085 die
3223 5027 3576 5094 Parasceves,
3611 5029 3814 5084 eadem

539 5133 734 5186 nempe
763 5134 870 5188 qua
911 5120 1204 5176 cruciﬁxus
1233 5131 1318 5179 est
1341 5123 1626 5189 Dominus,
1665 5133 1726 5178 ut
1757 5113 1874 5194 ipse
1897 5124 2152 5194 plurimis
2202 5123 2256 5177 in
2291 5124 2428 5179 locis
2467 5123 2729 5178 declarat.
2761 5121 2837 5176 Ea
2877 5139 3008 5178 vero
3055 5123 3123 5178 de
3176 5137 3236 5176 re
3290 5120 3598 5176 audiendus
3635 5117 3810 5174 Tille-

537 5210 798 5276 montius,
830 5227 955 5282 pag.
1001 5212 1098 5267 57|
1135 5233 1148 5268 :
1181 5215 1458 5288 Reliquum
1487 5217 1660 5288 igitur
1675 5226 1752 5272 est
1781 5227 1838 5271 ut
1875 5219 2151 5272 credamus
2191 5217 2382 5286 festum
2411 5227 2608 5272 sancite
2641 5217 2924 5272 Domninie
2942 5227 2990 5274 et
3028 5221 3293 5274 sociarum
3338 5219 3654 5285 Antiochiae,
3705 5230 3816 5272 non

539 5315 730 5368 quarta
763 5305 1020 5372 Octobris,
1051 5309 1143 5364 sed
1179 5311 1380 5366 decima
1411 5321 1604 5384 quarta
1633 5311 1854 5382 Aprilis,
1887 5331 1992 5384 qua
2016 5314 2100 5368 die
2142 5321 2359 5368 notatur
2397 5315 2452 5367 in
2477 5313 2852 5386 Martyrologio
2879 5315 3185 5386 Hieronymi
3215 5326 3263 5370 et
3295 5315 3544 5378 aliorum,
3583 5315 3816 5370 celebra-

541 5401 652 5448 tum
695 5398 873 5466 fuisse.
914 5399 1064 5466 Quod
1101 5411 1303 5470 spectat
1347 5415 1526 5460 autem
1567 5407 1640 5460 ad
1689 5422 1910 5470 annum,
1957 5422 2059 5477 quo
2105 5405 2187 5460 lue
2220 5406 2340 5458 dare
2385 5404 2618 5460 humilia:
2664 5405 2856 5460 habitae
2907 5415 3049 5470 sunt,
3101 5408 3340 5477 queritur
3389 5404 3812 5477 Chrysostomus,

541 5501 664 5546 tunc
710 5509 960 5563 magnum
1009 5501 1230 5554 εει-εισιιὶ
1273 5501 1559 5559 tumultum
1589 5519 1708 5558 cum
1739 5504 2074 5559 accederetur
2116 5507 2188 5557 ad
2229 5519 2438 5556 sacram
2469 5503 2925 5557 communionem:
2964 5502 3248 5572 eademque
3285 5501 3454 5554 utitur
3479 5497 3814 5569 querimonia

543 5587 598 5638 in
649 5587 896 5642 concione
947 5589 1010 5644 de
1058 5593 1143 5646 die
1187 5592 1396 5661 Notati,
1443 5612 1584 5650 anno
1627 5596 1754 5662 386,
1805 5605 1854 5650 et
1906 5596 1961 5650 in
2013 5595 2256 5650 concione
2307 5595 2370 5648 de
2415 5593 2740 5663 Epiphania,
2793 5595 2976 5664 paucis
3027 5604 3140 5664 post
3181 5594 3362 5648 diebus
3407 5591 3612 5656 habita,
3667 5603 3816 5644 anno

541 5677 662 5737 587.
712 5681 854 5740 Unde
898 5685 1132 5758 fortassis
1171 5687 1324 5759 [397]
1361 5692 1414 5746 in
1455 5691 1764 5750 alterutrins
1805 5693 1934 5748 anni
1961 5701 2200 5748 sanctam
2227 5690 2560 5748 Parorea-en
2583 5692 2688 5748 huc
2711 5690 2925 5748 homilia
2958 5691 3276 5762 conjicienda
3314 5687 3576 5744 videatur.
3617 5683 3814 5742 Verum
