4062 6206
356 222 455 279 δεδι

359 348 544 398 pacem
585 346 710 387 cum
757 331 918 386 fratre
957 340 1047 385 tuo
1087 333 1189 386 hoc
1226 332 1542 388 sacriﬁcium
1595 333 1788 388 factum
1831 343 1931 389 est.

357 425 413 481 Si
441 426 600 495 igitur
626 434 846 495 propter
875 438 1056 494 pacem
1082 439 1202 480 cum
1233 426 1478 495 proximo
1502 435 1594 481 tuo
1615 425 1931 482 sacriﬁcium

359 517 622 580 oﬁ'ertur,
667 523 722 569 tu
752 529 882 570 vero
923 529 1106 584 pacem
1137 531 1244 569 non
1288 524 1434 571 recte
1477 531 1682 585 servas,
1727 517 1935 574 etiamsi

354 609 602 676 sacriﬁcii
648 609 913 678 particeps
936 608 1030 673 sis,
1076 607 1277 663 inutilis
1322 607 1416 663 tibi
1461 608 1578 666 hare
1605 610 1938 681 participatio

355 701 584 756 efﬁcitur
609 699 725 754 sine
753 699 930 753 studio
955 699 1228 754 servanda:
1259 699 1423 770 pacis.
1463 699 1594 756 Illud
1627 717 1754 771 ergo
1793 704 1937 772 prius

355 792 535 858 facito,
564 807 748 862 pacem
773 792 975 847 scilicet
997 806 1122 846 cura
1139 831 1156 858 ,
1191 805 1408 862 propter
1432 808 1590 862 quam
1615 793 1935 848 sacriﬁcium

355 886 598 947 offertur,
644 893 700 939 et
737 893 864 937 tunc
893 891 1038 938 recte
1079 883 1167 936 illo
1210 882 1423 937 frueris.
1468 883 1755 953 Propterea
1794 886 1935 937 enim

359 977 528 1033 Filius
562 975 653 1030 Dei
683 974 829 1029 venit
873 975 925 1028 in
972 973 1266 1040 mundum,
1311 985 1368 1029 ut
1413 984 1654 1030 naturam
1699 987 1935 1031 nostram

355 1069 504 1125 Patri
522 1066 912 1131 reconciliaret,
941 1067 1388 1134 quemadmodum
1424 1067 1496 1120 ait
1526 1067 1757 1122 Paulus:
1783 1066 1937 1122 Nunc

351 1175 529 1215 autem
549 1159 888 1214 reconciliavit
912 1158 1005 1212 sibi
1033 1159 1203 1211 omnia
1256 1158 1446 1225 (Colos.
1476 1160 1524 1213 1.
1549 1158 1666 1228 22),
1697 1176 1784 1227 per
1811 1177 1934 1212 cru-

353 1269 463 1305 cem
489 1250 794 1317 interﬁciens
819 1249 1133 1302 inimicitiam
1153 1249 1204 1302 in
1224 1251 1489 1318 senzetipso
1512 1249 1724 1321 (Ephes.
1741 1251 1798 1304 ἓ.
1822 1249 1932 1322 16).

357 1343 484 1398 Ideo
506 1357 607 1394 non
638 1342 750 1411 ipse
778 1342 924 1395 solus
949 1341 1091 1395 venit
1130 1351 1186 1395 ut
1222 1356 1403 1410 pacem
1438 1342 1614 1406 iniret,
1641 1342 1733 1396 sed
1759 1351 1811 1397 et
1837 1358 1935 1399 nos

356 1447 569 1505 quoque
596 1431 781 1485 beatos
812 1432 1085 1501 praedicat,
1129 1432 1174 1486 si
1217 1433 1360 1501 paria
1405 1431 1691 1497 faciamus,
1732 1447 1935 1502 nosque

356 1537 469 1576 Stttt
493 1523 868 1592 appellationis
910 1533 1188 1578 consortes
1222 1523 1405 1578 efﬁcit.
1453 1523 1584 1578 Nam
1607 1523 1750 1577 Beati
1793 1526 1935 1592 paci-

357 1613 462 1682 ﬁci,
487 1612 723 1680 quoniam
751 1613 846 1680 lilii
873 1610 969 1666 Dei
994 1613 1302 1666 vocabuntur
1327 1611 1541 1681 (Matth.
1569 1614 1622 1668 5.
1650 1613 1738 1685 9).
1783 1615 1934 1682 Quod

357 1704 537 1773 itaque
563 1703 808 1758 Christus
832 1703 998 1759 Filius
1027 1706 1121 1760 Dei
1153 1706 1294 1771 fecit,
1322 1706 1548 1775 idipsnm
1579 1715 1635 1761 et
1661 1717 1714 1761 tu
1744 1722 1936 1763 secun-

355 1794 481 1848 dum
530 1795 816 1848 humanam
848 1794 1151 1850 facultatem
1183 1796 1360 1862 facito,
1405 1797 1657 1867 pacisque
1684 1798 1939 1854 concilia-

353 1894 440 1940 tor
467 1895 522 1940 et
549 1886 640 1940 tibi
667 1887 772 1953 sis,
803 1896 858 1942 et
890 1887 1136 1958 proximo
1167 1897 1276 1943 tuo.
1315 1889 1436 1944 ldeo
1466 1889 1630 1943 ﬁlium
1663 1891 1754 1945 Dei
1783 1899 1938 1946 vocat

350 1977 631 2050 paciﬁcum
667 1994 681 2031 :
713 1993 832 2034 eam
857 1979 928 2033 ob
952 1995 1064 2034 rem
1101 1981 1149 2034 in
1177 1987 1420 2051 tempore
1459 1981 1707 2036 sacrificii
1730 1982 1936 2039 nullum

348 2071 515 2124 alium
543 2079 807 2126 memorat
827 2071 1047 2141 iustitiae
1069 2073 1305 2138 modum,
1330 2073 1429 2128 nisi
1453 2074 1936 2130 reconciliationem

348 2180 473 2220 cum
517 2164 715 2232 fratre,
759 2164 1046 2220 ostendens
1090 2166 1365 2220 caritatem
1403 2166 1643 2222 omnium
1684 2167 1935 2223 virtutum

350 2259 636 2314 maximam
680 2273 820 2314 esse.
863 2257 1120 2314 Volebam
1161 2274 1312 2326 sane,
1351 2259 1550 2326 dilecti,
1595 2263 1936 2331 prolixiorem

350 2350 551 2405 habere
597 2365 900 2406 sermonem
943 2368 958 2404 :
1003 2366 1184 2405 verum
1228 2351 1495 2407 sufﬁciunt
1531 2368 1595 2408 ea
1639 2369 1758 2423 qua:
1797 2354 1937 2410 dicta

347 2452 473 2497 sunt
500 2441 585 2510 iis,
612 2441 703 2512 qui
727 2456 914 2498 semen
943 2442 1154 2512 pietatis
1198 2459 1319 2497 cum
1349 2445 1640 2500 attentione
1683 2453 1737 2500 et
1781 2445 1937 2500 intel-

347 2535 565 2605 ligentia
611 2535 928 2605 suscipiunt,
971 2535 1169 2606 quique
1214 2536 1369 2593 dictis
1411 2537 1646 2592 animum
1685 2537 1938 2594 adhibere

347 2626 553 2682 volunt.
600 2625 823 2688 llorum,
868 2642 1073 2697 quzeso,
1102 2628 1386 2682 verborum
1427 2643 1642 2699 semper
1683 2630 1936 2685 recorde-

352 2732 492 2783 mur,
543 2717 915 2787 tremcndique
957 2719 1255 2790 amplexus,
1302 2735 1459 2790 quem
1505 2729 1690 2776 mutuo
1726 2719 1936 2776 damus.

353 2808 451 2865 llic
474 2811 619 2864 enim
644 2810 923 2880 amplexus
948 2809 1155 2866 animas
1175 2811 1388 2881 colligat
1407 2823 1638 2878 nostras,
1663 2822 1717 2868 et
1749 2828 1938 2870 omnes

352 2915 518 2956 unum
559 2917 754 2971 corpus
803 2916 866 2955 ac
913 2901 1151 2956 membra
1191 2901 1387 2957 Christi
1433 2904 1594 2957 efficit
1640 2906 1936 2975 :quoniam

350 2991 507 3046 unius
533 2992 773 3060 corporis
800 2992 1084 3061 participes
1107 3006 1292 3047 sumus
1313 3008 1518 3049 omnes.
1550 2994 1726 3050 Unum
1757 2996 1936 3066 itaque

350 3081 642 3137 secundum
689 3079 768 3137 rei
817 3083 1096 3137 veritatem
1144 3097 1343 3153 corpus
1387 3080 1682 3139 efficiamur
1724 3101 1932 3151 omnes,

352 3189 459 3228 non
484 3189 711 3244 corpora
741 3176 1186 3243 commiscentes,
1227 3176 1322 3230 sed
1345 3176 1553 3232 animas
1581 3188 1766 3233 mutuo
1801 3180 1936 3233 cari-

352 3266 476 3319 tatis
504 3265 714 3323 vinculo
737 3265 1071 3336 colligantes.
1114 3266 1171 3322 Si
1214 3267 1357 3322 enim
1402 3268 1475 3322 ita
1519 3268 1793 3336 faciamus,
1837 3267 1936 3326 hac

351 3354 453 3412 frui
479 3371 666 3413 mensa
711 3371 832 3412 cum
859 3355 1048 3412 ﬁducia
1087 3366 1141 3412 et
1184 3371 1215 3412 a
1241 3358 1442 3414 victore
1468 3359 1678 3415 Christo
1716 3360 1928 3416 tandem

1139 230 1226 286 DE
1266 229 1696 289 C(EMETERIO
1734 233 1825 288 ΕΤ
1867 232 1955 288 οε
1993 229 2243 288 CRUCE.
2272 257 2344 268 —
2369 226 2703 287 MONITUM.

3517 237 3625 294 399

2042 335 2342 389 conciliata:
2370 338 2513 405 pacis
2541 339 2874 407 receptacula
2907 340 3018 396 ﬁeri
3058 344 3370 413 poterimus.
3416 346 3626 405 Etenim

2040 426 2086 480 si
2115 435 2367 480 sexcenta
2406 427 2545 482 bona
2573 441 2734 496 npcra
2782 445 2943 498 penes
2972 449 3069 488 nos
3113 434 3436 504 habeamus,
3467 449 3521 494 et
3547 441 3629 494 iu-

2037 516 2301 586 juriarum
2329 532 2594 573 memores
2627 520 2823 586 simus,
2852 523 3028 576 omnia
3055 521 3246 580 frustra
3277 538 3331 582 et
3358 528 3632 584 incassum

2045 608 2270 676 egimus,
2305 608 2543 678 nihilque
2571 609 2693 665 inde
2732 611 2797 666 ad
2826 613 3046 667 salutem
3078 615 3270 672 lucrari
3311 622 3630 688 poterimus.

2041 699 2376 754 Ascensnrus
2413 701 2555 754 enim
2600 702 2664 756 ad
2715 703 2926 758 Patrem
2973 706 3233 771 Christus,
3282 710 3400 766 loco
3440 714 3626 783 glorias

2043 797 2397 857 temporaneze
2424 801 2477 845 et
2502 807 2812 862 magnarum
2840 811 2998 863 opum
3016 838 3030 857 ,
3065 796 3202 851 hanc
3227 798 3501 869 discipulis
3531 806 3626 857 lie-

2040 879 2319 936 reditatcnt
2368 883 2614 951 relinquit
2656 883 2840 938 dicens
2885 900 2898 936 :
2932 884 3120 940 Pacem
3161 905 3320 941 meam
3359 890 3425 943 do
3471 894 3628 960 vobis,

2041 987 2216 1041 pacem
2248 988 2408 1024 meam
2435 974 2665 1043 relinquo
2689 974 2826 1028 vobis
2859 975 3035 1046 (Joan.
3070 979 3155 1032 M.
3184 977 3308 1050 9.7).
3339 981 3470 1048 Qua:
3495 982 3630 1037 divi-

2044 1061 2153 1127 tiae,
2173 1073 2368 1130 quanta
2396 1064 2737 1132 pecuniarum
2763 1068 2912 1137 copia
2945 1069 3226 1137 pretiosior
3247 1070 3408 1126 fuerit
3428 1073 3636 1129 Christi

2041 1169 2200 1223 pace,
2243 1170 2361 1224 quae
2388 1171 2547 1212 omne
2576 1159 2794 1212 verbum
2815 1201 2830 1222 ,
2861 1174 3074 1215 onmem
3115 1173 3348 1217 mentem
3375 1166 3638 1234 superat?

2041 1246 2153 1301 Hoc
2183 1247 2360 1318 itaque
2397 1263 2517 1302 cum
2547 1248 2708 1304 sciret
2737 1250 3022 1305 Malacliias
3053 1253 3310 1322 propheta
3332 1296 3346 1317 ,
3384 1267 3436 1310 et
3463 1272 3626 1326 grave

2041 1347 2096 1391 et
2117 1339 2504 1394 atrocissimum
2531 1355 2648 1395 esse
2675 1340 2958 1406 delictum,
2993 1358 3059 1397 ex
3091 1359 3316 1413 persona
3346 1346 3435 1400 Dei
3476 1346 3627 1402 dice-

2042 1429 2132 1483 bat
2172 1447 2185 1482 :
2229 1427 2430 1498 Popule
2470 1448 2644 1497 meus,
2690 1433 2952 1501 loquimini
2997 1435 3249 1488 veritatem
3288 1439 3631 1510 unusquisque

2040 1536 2152 1572 cum
2181 1522 2414 1590 proximo
2436 1539 2549 1587 suo,
2577 1533 2622 1577 et
2648 1525 2989 1593 unusquisque
3014 1527 3259 1580 malitiam
3284 1529 3334 1581 in
3362 1530 3514 1584 corde
3535 1547 3632 1585 suo

2039 1621 2217 1665 contra
2260 1614 2542 1682 proximum
2569 1629 2836 1670 suumnon
2862 1627 3041 1686 cogitet
3071 1616 3272 1686 injuria:
3310 1637 3500 1673 memor
3534 1636 3554 1675 :
3581 1629 3630 1676 ιι

2030 1703 2378 1772 juramentum
2406 1703 2626 1758 mendax
2653 1722 2716 1758 ne
2755 1706 2983 1774 diligite,
3014 1717 3058 1760 et
3089 1725 3188 1762 non
3219 1712 3498 1765 moriemini
3537 1714 3631 1765 do-

2040 1810 2154 1847 mu;
2208 1785 2414 1854 Israel,
2468 1785 2597 1842 dicit
2652 1787 2906 1842 Dominus
2966 1790 3136 1857 (Zaclt
3177 1836 3192 1849 .
3249 1797 3300 1852 8.
3365 1796 3456 1852 16.
3514 1804 3630 1869 Π),

2043 1884 2122 1939 Ac
2150 1884 2196 1938 si
2225 1883 2466 1950 diceret,
2509 1885 2552 1938 si
2593 1887 2762 1941 futuri
2791 1887 2924 1940 estis
2961 1888 3278 1954 mendaces,
3317 1890 3628 1959 injuriarum

2043 1989 2331 2040 memores,
2364 1974 2582 2043 perjnri,
2613 1975 2987 2030 obliviscentes
3015 1978 3260 2032 mandata
3289 1995 3427 2045 mea,
3457 1992 3629 2037 morte

2043 2066 2365 2121 moriemini.
2413 2066 2538 2121 ﬂrec
2570 2067 2729 2137 igitur
2765 2068 2943 2123 omnia
2972 2070 3205 2124 scientes
3227 2113 3242 2137 ,
3273 2071 3487 2138 dilecti,
3517 2088 3634 2128 om-

2042 2175 2164 2214 nem
2194 2160 2462 2214 solvamus
2487 2159 2650 2225 iram,
2680 2175 2861 2229 pacem
2903 2175 3087 2216 mutuo
3114 2178 3418 2232 servemus,
3447 2166 3632 2221 avulsa

2045 2250 2292 2320 nequitia:
2324 2251 2502 2305 radice
2547 2262 2872 2322 purgatoque
2913 2255 3278 2320 conscientia;
3324 2271 3446 2310 cum
3478 2272 3631 2311 maris

2043 2343 2322 2398 suetudine
2361 2352 2417 2400 et
2446 2343 2706 2399 modestia
2747 2361 3040 2416 magnaque
3083 2348 3278 2416 pietate
3310 2349 3375 2402 ad
3406 2348 3633 2405 horren-

2043 2434 2232 2488 dorum
2280 2443 2337 2489 et
2385 2435 2700 2489 terribilium
2750 2437 3124 2508 mysteriorum
3175 2439 3633 2509 participationem

2043 2525 2361 2580 accedamus
2381 2566 2397 2590 ,
2431 2541 2538 2580 non
2569 2527 2936 2596 impellentes,
2967 2543 3072 2583 non
3097 2529 3331 2583 calcibus
3368 2530 3634 2600 impeten-

2045 2623 2146 2681 tes,
2193 2631 2296 2669 non
2341 2631 2462 2670 cum
2502 2622 2722 2686 strepitu
2752 2627 2806 2672 et
2849 2619 3083 2673 clamore
3109 2618 3469 2676 vociferantes
3491 2663 3505 2687 ,
3536 2621 3632 2678 sed

2043 2721 2162 2761 cum
2188 2708 2380 2760 timore
2418 2715 2473 2762 et
2500 2718 2732 2762 tremore
2758 2724 2968 2777 magno,
3000 2726 3118 2764 cum
3149 2713 3555 2779 compunctione
3577 2722 3636 2768 et

2045 2797 2298 2870 lacryniis
2324 2817 2338 2854 :
2369 2809 2426 2853 ut
2456 2799 2715 2869 benignus
2743 2802 2830 2856 ille
2859 2803 3132 2867 Dominus,
3163 2805 3440 2873 paciﬁcum
3470 2806 3633 2860 animi

2041 2899 2259 2955 statum,
2290 2907 2392 2944 non
2421 2892 2721 2945 simulatam
2748 2893 3050 2956 caritatem,
3100 2902 3151 2946 et
3187 2892 3409 2948 fraterni
3434 2896 3634 2950 amoris

2043 2982 2366 3035 consortium
2391 2997 2620 3050 superne
2641 2983 2952 3051 respiciens,
2975 2994 3029 3037 et
3055 2983 3134 3037 his
3156 2984 3313 3037 bonis
3335 2994 3388 3038 et
3409 2985 3636 3054 promis-

2041 3071 2116 3126 sis
2142 3087 2238 3125 nos
2266 3087 2451 3126 omnes
2487 3073 2734 3142 dignetur
2755 3114 2769 3135 ,
2799 3075 2964 3143 gratia
2990 3083 3045 3128 et
3071 3073 3395 3145 benignitate
3423 3075 3632 3131 Domini

2042 3163 2209 3216 nostri
2249 3162 2373 3217 Jcsn
2400 3162 2634 3228 Christi,
2669 3165 2880 3233 quicum
2912 3165 3074 3230 Patri,
3101 3175 3156 3220 et
3182 3182 3280 3219 una
3309 3176 3491 3221 sancto
3514 3167 3636 3236 Spi-

2040 3252 2167 3306 ritui
2187 3294 2202 3315 ,
2236 3251 2402 3321 gloria
2425 3293 2440 3319 ,
2472 3253 2789 3322 imperium,
2822 3255 3026 3320 honor,
3057 3270 3198 3308 nunc
3225 3266 3279 3310 et
3301 3271 3534 3325 semper,
3576 3265 3636 3312 et

2043 3343 2098 3398 in
2125 3345 2321 3400 szecula
2346 3345 2690 3399 saiculorum.
2718 3347 2912 3400 Amen.

384 3787 3604 3820 mm

1748 4037 2234 4098 ADMONITIO.

370 4301 510 4338 anno
560 4284 658 4341 586
701 4285 892 4356 festum
927 4298 1125 4344 sanetae
1168 4289 1464 4356 Domnime,
1514 4291 1620 4345 sive
1675 4290 1878 4344 decima
1926 4297 2121 4361 quarta
2163 4291 2274 4346 dies
2301 4291 2517 4362 Aprilis,
2545 4292 2819 4346 undecimo
2856 4300 2973 4362 post
3020 4289 3368 4356 Parasceuen,
3407 4298 3458 4343 et
3491 4305 3645 4344 anno-

372 4381 475 4437 387
508 4383 782 4437 undecimo
819 4394 942 4439 ante
984 4384 1311 4440 Parasceven
1355 4387 1440 4441 die
1475 4387 1796 4440 occurrebat.
1829 4384 2164 4440 Probabilius
2194 4403 2316 4458 ergo
2345 4389 2606 4458 referatur
2631 4387 2688 4440 in
2732 4403 2929 4440 annum
2964 4386 3089 4452 592,
3129 4402 3230 4457 quo
3259 4382 3465 4459 Pascha
3501 4383 3638 4439 cele-

372 4477 623 4534 brabatur
663 4481 908 4535 vicesima
953 4491 1138 4536 octava
1203 4481 1406 4547 Martii,
1459 4491 1508 4536 et
1558 4483 1761 4535 decima
1823 4491 2017 4552 quarta
2077 4481 2274 4551 Aprilis
2317 4482 2620 4536 occurrebat
2673 4483 2953 4536 octodecim
2998 4481 3176 4535 diebus
3235 4489 3348 4548 post
3395 4489 3645 4532 sanctam:

371 4573 722 4630 Parasceven.
765 4575 880 4630 lino
919 4575 1108 4645 viginti
1153 4575 1290 4639 dies,
1327 4574 1370 4629 si
1401 4573 1717 4628 vicesimam
1747 4584 1956 4629 sextam
2001 4571 2178 4627 Martii
2208 4587 2315 4643 qua
2349 4572 2697 4637 Parasccves,
2735 4583 2791 4628 et
2828 4573 3093 4628 decimam
3129 4579 3380 4640 quartam
3413 4569 3646 4640 Aprilisr

372 4682 478 4736 qua
522 4666 579 4722 S.
619 4667 900 4723 Domnina:
937 4669 1137 4724 festum
1187 4666 1586 4731 celebrabatur,
1629 4680 2013 4722 connumeres.

445 4763 540 4817 llis
591 4763 899 4833 adjieimus,
944 4777 1046 4816 nos
1085 4777 1150 4817 ex
1194 4763 1566 4818 admonitione
1591 4763 1734 4817 circa
1765 4763 2058 4817 tumultum
2089 4760 2145 4814 in
2181 4757 2491 4814 accedendo
2519 4756 2588 4812 ad
2620 4771 2827 4813 sacram
2857 4755 3294 4812 communionem
3346 4769 3454 4808 non
3497 4755 3644 4810 mul-

374 4862 489 4908 tum
538 4855 768 4922 moveri,
818 4864 877 4909 ut
919 4871 1038 4911 eam
1082 4855 1166 4910 vel
1199 4856 1252 4909 in
1285 4871 1488 4909 annum
1520 4854 1649 4918 586,
1676 4854 1763 4908 vel
1816 4856 1870 4908 in
1901 4869 2104 4908 annum
2129 4852 2233 4906 587
2274 4850 2647 4919 conjiciamus.
2678 4848 2865 4919 Neque
2899 4850 3044 4903 enim
3072 4848 3124 4901 in
3161 4847 3398 4901 bomiliis
3426 4855 3650 4902 tantum

371 4950 441 5004 de
483 4951 662 5004 Natali
705 4959 761 5005 et
799 4952 866 5005 de
908 4949 1248 5019 Ephipbania
1296 4949 1595 5005 admonitio
1641 4947 1955 5017 huiusmodi
2007 4947 2266 5011 occurrit,
2306 4947 2402 5000 sed
2442 4945 2605 5000 etiam
2649 4944 2706 4999 in
2746 4943 2964 4999 homilia
3009 4942 3330 5013 praecedenti
3379 4939 3455 4996 De
3485 4941 3654 4999 Juda-

373 5042 689 5110 proditione,
742 5042 902 5111 cujus
941 5057 1147 5094 annum
1190 5040 1467 5112 assignare
1503 5055 1614 5094 non
1654 5039 1955 5108 potuimus.
1987 5036 2127 5104 Quid
2175 5037 2319 5091 enim
2364 5033 2691 5090 incommodi
2723 5035 2964 5098 accedat,
3006 5032 3051 5087 si
3099 5047 3364 5104 ponamus
3395 5032 3648 5108 Chryso-

377 5144 616 5188 stomum
654 5135 842 5190 multis
890 5135 1163 5204 variisque
1205 5136 1387 5199 annis,
1419 5135 1545 5205 quia
1576 5148 1676 5206 par
1705 5134 1972 5189 tumultus
2004 5149 2034 5188 a
2080 5133 2282 5204 pepulo
2311 5133 2704 5194 concitabatur.
2747 5130 2936 5186 eadem
2976 5130 3053 5184 uti
3091 5130 3469 5186 adhortatione
3501 5147 3654 5202 opus

377 5225 680 5282 habuisse?
719 5227 927 5282 Meliori
975 5229 1138 5300 igitur
1179 5228 1388 5285 calculo
1431 5228 1487 5283 in
1528 5243 1731 5282 annum
1782 5226 1887 5282 593
1933 5227 2236 5281 referamus
2273 5245 2287 5281 :
2321 5227 2422 5281 etsi
2473 5241 2580 5279 non
2625 5224 2804 5279 omnis
2842 5238 3069 5294 prorsus
3102 5223 3318 5278 tollatur
3353 5223 3647 5280 dubitandi

377 5336 538 5376 causa
574 5340 588 5376 :
618 5337 747 5376 nam
783 5335 844 5376 ut
875 5322 1111 5378 diximus
1155 5322 1361 5377 Monito
1409 5322 1462 5376 in
1513 5321 1761 5377 homilias
1803 5329 1986 5374 contra
2031 5319 2260 5382 Iudicas,
2310 5318 2532 5374 Tabula:
2564 5318 2874 5388 paschales,
2917 5331 3039 5388 qua:
3082 5326 3211 5372 sunt
3241 5316 3654 5387 posterioribus-

375 5413 586 5468 szeculis
617 5412 982 5480 concinnatae,
1014 5428 1137 5469 cum
1179 5413 1456 5469 veteribus
1496 5412 1720 5468 calculis
1759 5427 1870 5466 non
1909 5411 2241 5467 concordare
2287 5411 2444 5466 facile
2489 5419 2737 5481 possunt,
2769 5411 2946 5481 iisque
2984 5425 3096 5466 non
3128 5410 3354 5466 Omnino
3389 5411 3522 5466 fides
3549 5415 3648 5465 est:

376 5509 650 5565 habenda.

443 5602 631 5660 Jacobi
678 5601 915 5660 Grctseri
969 5601 1480 5675 interpretationem
1530 5601 1797 5664 Latinam.
1846 5599 2050 5672 aliquot
2095 5601 2147 5656 in
2191 5600 2322 5657 locis
2365 5599 2699 5672 castigatam,
2744 5597 3035 5656 edidimus.
