4062 6206
417 258 524 318 393
1115 250 1183 312 'S.
1223 257 1510 314 JOANNIS
1549 257 2040 316 CHRYSUSTOMI
2078 259 2402 318 ABCIIIEP.
2445 258 2992 316 CONSTANTINOP.

3585 259 3696 314 394

1385 927 1462 987 IN
1517 926 2002 992 COEMETERII
2062 929 2736 994 APPELLATIONEM

907 1273 985 1317 ΕΤ
1029 1275 1092 1319 IN
1136 1275 1388 1320 CRUCEM
1427 1276 1650 1323 DOMINI
1691 1278 1770 1321 ET
1811 1279 1916 1322 DEI
1955 1279 2032 1324 ET
2073 1281 2454 1327 SALVATORIS
2500 1282 2724 1328 NOSTRI
2765 1283 2914 1329 JESU
2956 1283 3147 1330 CHRIS'
3207 1319 3218 1330 .

416 1873 420 1876 ,
503 1821 552 1872 1.
593 1816 697 1874 Cur
722 1825 864 1870 extra
887 1816 1131 1869 civitatem
1157 1814 1329 1868 concio
1353 1814 1650 1879 haberetur;
1677 1814 2008 1869 ccmetcrium

426 1908 563 1962 unde
585 1908 794 1960 dictum.
825 1937 896 1946 —
913 1906 1066 1974 Smpe
1086 1905 1225 1974 apud
1247 1905 1482 1960 animum
1503 1919 1679 1960 meum
1701 1904 1972 1975 disquisivi
1988 1947 2005 1974 ,

429 2001 581 2067 cujus
609 1998 773 2070 gratia
804 1999 1035 2067 majores
1079 1997 1278 2062 nostri,
1311 1997 1508 2052 relictis
1536 1997 1771 2063 aedibus,
1793 2013 1924 2068 quas
1954 1997 2007 2053 in

430 2090 649 2145 urbibtts
689 2089 910 2153 habent,
934 2089 1050 2158 lege
1078 2088 1179 2142 lata
1205 2087 1483 2142 statuerint
1503 2128 1518 2153 ,
1551 2095 1608 2142 ut
1630 2096 1780 2142 extra
1819 2088 2008 2142 civita-

429 2191 535 2237 tem
567 2182 742 2248 hodie,
773 2191 826 2237 et
850 2181 1064 2253 quidem
1103 2181 1157 2236 in
1187 2179 1291 2235 hoc
1313 2181 1436 2235 loco
1467 2181 1519 2234 in
1545 2179 1856 2235 concionem
1881 2195 2010 2234 con-

431 2275 732 2330 veniremus
759 2293 772 2328 :
805 2290 976 2344 neque
1003 2275 1143 2328 enim
1189 2273 1306 2328 sine
1330 2263 1510 2338 causa,
1539 2287 1712 2342 neque
1736 2280 1940 2327 temere
1957 2271 2008 2326 id

429 2367 618 2422 fecisse
638 2367 901 2422 videnlur.
931 2366 1188 2434 Quocirca
1212 2372 1267 2420 et
1288 2379 1502 2419 causam
1534 2362 1795 2433 indagavi,
1817 2373 2007 2437 etcum

431 2458 524 2516 Dei
560 2460 726 2531 gratia
773 2460 946 2515 inveni
980 2459 1180 2529 justam
1218 2473 1358 2522 esse,
1389 2464 1443 2512 et
1493 2456 1687 2511 rationi
1727 2464 2010 2510 consenta-

429 2567 582 2608 neam
608 2593 623 2618 ,
653 2552 1007 2621 prazsentique
1046 2551 1183 2605 festo
1225 2557 1635 2619 competentem.
1681 2547 1809 2615 Quae
1851 2547 2010 2617 igitur

428 2657 582 2698 causa
628 2644 747 2698 est?
788 2643 975 2697 Crucis
1019 2643 1330 2696 memoriam
1378 2642 1602 2710 agimus.
1633 2641 1701 2693 At
1729 2639 2009 2694 crucifixus

430 2748 577 2788 exura
609 2735 875 2788 civitatem
905 2733 1052 2788 cruci
1081 2733 1270 2787 affixus
1294 2741 1412 2786 est:
1445 2740 1724 2802 propterea
1750 2741 1902 2785 extra
1932 2731 2009 2785 ci-

428 2828 643 2879 vitatem
696 2840 795 2880 nos
830 2824 1147 2878 eduxerunt.
1188 2821 1320 2877 Nam
1362 2832 1624 2892 pastorem
1645 2862 1660 2888 ,
1689 2821 1890 2890 inquit,
1920 2836 2007 2875 se-

427 2926 659 2987 quuntur
677 2930 824 2971 oves.
852 2914 950 2972 Ubi
974 2931 1100 2970 vero
1125 2929 1218 2970 rex
1241 2954 1258 2980 ,
1286 2915 1355 2968 ibi
1383 2920 1438 2968 et
1463 2913 1693 2977 milites;
1723 2921 1776 2967 et
1806 2912 1891 2967 ubi
1921 2927 2012 2966 ca-

427 3008 613 3073 daver,
646 3009 714 3062 ibi
745 3017 800 3062 et
821 3007 1011 3076 aquilm
1040 3005 1269 3077 (Matth.
1297 3007 1388 3060 24.
1443 3003 1556 3077 28).
1593 3004 1697 3060 Sed
1725 3013 1874 3060 extra
1920 3005 2000 3058 ei-

429 3097 648 3154 vitatem
702 3099 839 3151 banc
882 3097 1092 3168 quidem
1140 3097 1210 3152 ob
1252 3112 1465 3152 causam
1518 3095 2005 3168 (congregamur).

426 3188 692 3244 Caeterum
736 3187 874 3242 hanc
916 3203 1036 3243 esse
1067 3203 1279 3242 causam
1306 3229 1320 3254 ,
1367 3188 1533 3243 satius
1579 3188 1819 3244 fortassis
1850 3187 2010 3244 fuerit

427 3281 799 3336 demonstrare
843 3279 992 3349 prius
1038 3295 1105 3334 ex
1143 3278 1335 3333 divinis
1385 3278 1674 3349 Scripturis
1703 3295 1715 3332 :
1747 3295 1815 3335 ne
1866 3281 2008 3334 enim

425 3372 742 3429 existimetis
772 3372 909 3426 hanc
943 3386 1063 3427 esse
1091 3371 1453 3439 conjecturam
1483 3380 1752 3437 nostram,
1786 3370 2005 3426 Paulum

427 3465 580 3521 vobis
624 3473 811 3521 testem
838 3465 927 3518 do.
959 3463 1094 3530 Quid
1131 3465 1290 3534 igitur
1327 3464 1417 3519 ille
1462 3464 1536 3518 ait
1577 3463 1645 3518 de
1691 3465 2009 3519 sacriﬁciis?

431 3559 659 3622 Quorum
687 3558 819 3611 enim
865 3557 1162 3609 animalium
1200 3557 1413 3626 infertur
1445 3556 1651 3626 sanguis
1680 3572 1771 3626 pro
1797 3557 2010 3625 peccatis

427 3651 480 3704 in
522 3659 696 3704 sancta
737 3664 826 3717 per
867 3648 1199 3716 Ponti/iectu,
1243 3649 1422 3700 horum
1470 3663 1683 3718 corpora
1724 3658 2011 3702 cremantur

428 3753 568 3797 extra
593 3751 758 3794 castra
788 3739 807 3813 (
838 3739 991 3793 Hebr.
1024 3741 1110 3793 13.
1143 3740 1198 3793 11
1229 3740 1268 3807 ).
1301 3739 1524 3808 Propter
1557 3739 1703 3808 quod
1734 3748 1786 3793 et
1814 3739 1968 3794 Jesus
1989 3781 2004 3804 ,

434 3845 491 3888 ut
511 3833 867 3888 sanctificaret
895 3847 990 3901 per
1015 3848 1166 3886 suum
1210 3831 1518 3900 sanguinem
1556 3833 1802 3901 pepnlum
1821 3874 1836 3898 ,
1859 3843 2010 3887 extra

429 3933 635 3991 portam
665 3937 850 3992 passus
875 3931 975 3976 est.
1019 3922 1285 3977 Exeamus
1315 3923 1472 3993 igitur
1509 3923 1575 3978 ad
1601 3939 1723 3978 eum
1749 3935 1896 3978 extra
1923 3940 2012 3979 ea-

428 4028 571 4084 stra,
597 4015 975 4085 impropcrium
1005 4015 1118 4084 ejus
1148 4025 1436 4083 portantes.
1471 4015 1642 4082 Dixit,
1667 4017 1825 4085 jussit
1868 4017 2008 4071 Pan-

429 4108 550 4174 lus;
578 4106 1060 4175 obtemperavimus
1079 4147 1094 4170 ,
1123 4107 1404 4161 cxivimus.
1447 4105 1610 4160 Extra
1638 4107 1796 4177 igitur
1819 4108 1917 4162 hac
1942 4109 2010 4164 de

429 4215 587 4254 causa
614 4213 1017 4267 congregemur.
1052 4197 1119 4250 At
1149 4197 1297 4267 cujus
1322 4197 1492 4268 gratia
1523 4197 1573 4251 in
1605 4196 1706 4251 hoc
1734 4201 2006 4269 martyrio,

428 4306 535 4343 non
581 4290 633 4343 in
675 4290 822 4343 alio?
850 4288 1057 4343 Etenim
1097 4288 1274 4342 divino
1305 4303 1524 4343 munere
1561 4303 1892 4359 quocumque
1942 4303 2008 4341 ex

429 4383 595 4435 latere
633 4380 758 4433 urbs
803 4389 980 4432 nostra
1022 4387 1326 4432 sanctorum
1371 4379 1605 4447 reliquiis
1629 4377 2008 4431 circummuni-

429 4481 533 4525 tur.
565 4469 726 4538 Cujus
771 4469 927 4538 igitur
951 4466 1119 4538 gratia
1150 4467 1269 4534 hic,
1304 4483 1408 4522 non
1445 4469 1496 4522 in
1521 4469 1626 4522 alio
1654 4469 1907 4538 martyrio
1929 4467 2004 4539 (a)

427 4578 525 4618 nos
567 4562 854 4618 convenire
895 4561 1175 4615 voluerunt
1220 4560 1448 4630 majores
1495 4560 1707 4614 nostri?
1747 4561 1876 4630 Quia
1921 4560 2009 4616 hic

426 4665 756 4709 mortuorum
787 4652 1070 4707 multitudo
1110 4653 1205 4706 sita
1234 4663 1333 4708 est.
1370 4652 1499 4707 Cum
1529 4653 1685 4723 igitur
1711 4651 1870 4708 hodie
1901 4653 2009 4707 Do-

427 4746 603 4800 minus
636 4745 702 4800 ad
730 4754 967 4799 mortuos
993 4743 1357 4806 descenderit,
1381 4759 1442 4798 ea
1473 4743 1539 4798 de
1563 4759 1721 4798 causa
1748 4743 1835 4798 hic
1857 4745 2009 4799 colli-

426 4838 620 4906 gimur,
640 4837 708 4892 ob
735 4836 784 4890 id
817 4837 930 4906 ipse
952 4836 1110 4890 etiam
1141 4834 1288 4888 locus
1314 4835 1680 4890 cmmeterium
1707 4835 2007 4891 nominatus

426 4939 509 4982 est
532 4946 544 4981 :
570 4937 627 4983 ut
651 4929 844 4993 discas,
871 4937 1129 4994 mortuos,
1162 4935 1215 4982 et
1239 4941 1332 4982 eos
1357 4929 1444 4997 qui
1475 4928 1562 4982 hic
1588 4928 1696 4994 siti,
1727 4944 1830 4982 non
1858 4943 2004 4983 mor-

427 5029 582 5086 tuos,
613 5020 706 5074 sed
753 5035 942 5075 somno
985 5020 1291 5089 consopitos
1319 5034 1439 5074 esse
1479 5028 1533 5074 et
1577 5019 1830 5075 dormire.
1871 5019 2003 5075 Nam

425 5121 548 5166 ante
577 5111 768 5166 Christi
801 5113 1084 5167 adventum
1127 5127 1272 5166 mors
1315 5127 1509 5166 nomen
1539 5112 1726 5166 mortis
1755 5112 2001 5168 habebat.

430 5201 789 5272 Quacumque,
823 5203 1030 5272 inquit,
1061 5204 1142 5257 die
1186 5203 1497 5258 comedet-itis
1539 5203 1603 5257 de
1649 5205 1814 5274 ligno,
1845 5213 2004 5260 morte

427 5293 709 5347 moriemini
735 5294 906 5367 (Gen.
937 5296 992 5349 2.
1026 5296 1091 5349 17
1119 5295 1158 5366 ).
1186 5295 1252 5349 Ει
1280 5294 1471 5349 iterum
1495 5312 1509 5349 :
1536 5295 1718 5348 Anima
1746 5311 1859 5365 quae
1883 5312 2000 5365 pec-

488 5425 558 5489 fa)
593 5425 895 5491 Martyrium,
923 5429 969 5477 id
992 5436 1084 5488 est,
1110 5427 1318 5478 ecclesia
1338 5434 1596 5491 martyrum
1613 5428 1810 5491 nomine
1831 5440 2000 5477 conse-

421 5485 567 5552 crata,
587 5485 666 5552 vel
691 5485 738 5537 in
756 5503 848 5551 qua
871 5485 1130 5552 martyrum
1153 5503 1261 5539 ossa
1274 5485 1490 5552 deposita
1508 5497 1635 5539 sunt.
1657 5497 1752 5538 Vox
1771 5488 2002 5552 frequens

421 5549 546 5610 apud
574 5549 836 5613 scriptores
859 5549 1225 5602 ecclesiasticos.
1254 5549 1367 5601 Vide
1391 5564 1501 5613 quae
1522 5551 1733 5602 diximus
1755 5552 1804 5600 in
1829 5549 1998 5600 Editio-

423 5622 486 5659 ne
509 5617 553 5660 5.
579 5611 813 5661 Athanasii
849 5613 898 5661 in
919 5614 1233 5664 Onomastico.
1281 5613 1392 5662 vide
1410 5611 1577 5664 etiam
1609 5613 1895 5664 Glossarium
1919 5620 1994 5661 Gr.

419 5674 578 5736 (Zangli
601 5673 658 5725 ad
685 5687 851 5725 vocem
875 5685 1081 5737 me”...

1716 5813 1844 5826 ,καφ
1857 5819 1862 5822 .

2114 1823 2229 1880 cat,
2254 1816 2366 1884 ipsa
2393 1815 2634 1870 morietur
2678 1813 2698 1886 (
2717 1814 2904 1872 Ezeclz.
2937 1817 3021 1872 18.
3043 1816 3175 1890 20).
3223 1819 3289 1874 Et
3317 1820 3479 1876 David
3505 1839 3518 1875 :
3550 1822 3700 1880 Mors

2118 1915 2435 1974 peccatorum
2463 1906 2598 1960 mala
2626 1905 2644 1978 (
2667 1905 2811 1962 Psal.
2837 1907 2924 1963 53.
2951 1908 3020 1963 22
3043 1912 3061 1980 )
3093 1925 3107 1963 :
3140 1926 3355 1977 rursus,
3393 1912 3617 1969 Pretiosa
3642 1917 3696 1970 in

2115 2006 2379 2065 conspectu
2403 1995 2606 2050 Domini
2633 2013 2766 2052 mors
2791 2007 3077 2053 sanctorum
3103 2002 3211 2071 ejus
3233 2000 3402 2077 (Psal.
3429 2006 3547 2061 115.
3578 2006 3694 2077 15).

2111 2085 2178 2141 Et
2204 2085 2324 2154 Job,
2356 2087 2496 2142 Mors
2522 2089 2629 2143 viro
2655 2089 2845 2161 requies
2869 2089 2989 2160 (Job
3044 2091 3094 2146 5.
3125 2091 3217 2147 23.
3249 2104 3295 2148 et
3319 2095 3404 2149 17.
3437 2097 3549 2167 16).
3581 2099 3690 2153 Ne-

2112 2192 2214 2245 que
2237 2177 2408 2232 solum
2447 2192 2612 2243 mors,
2635 2178 2730 2233 sed
2757 2189 2810 2234 et
2831 2179 3066 2236 infernus
3093 2183 3400 2242 vocabatur.
3424 2188 3557 2242 Audi
3587 2189 3694 2242 Da-

2110 2267 2286 2322 videm
2339 2267 2603 2324 dicentem
2651 2286 2666 2323 :
2704 2268 3059 2326 Verumtamen
3109 2272 3246 2328 Deus
3287 2287 3426 2330 eruet
3472 2279 3694 2336 animum

2112 2374 2275 2412 nteant
2297 2359 2360 2412 de
2387 2375 2538 2412 manu
2563 2361 2735 2431 inferi,
2762 2377 2878 2414 cum
2905 2363 3151 2432 acceperit
3178 2381 3256 2419 me
3284 2365 3455 2435 (Psal.
3474 2369 3691 2442 £8.16);

2111 2458 2164 2504 et
2195 2449 2360 2506 Jacob
2378 2492 2392 2517 ,
2427 2449 2690 2506 Deducetis
2715 2461 3014 2506 senectutem
3053 2470 3212 2508 meam
3246 2473 3361 2510 cum
3389 2475 3598 2513 maerore
3627 2463 3693 2514 ad

2111 2541 2367 2613 infernum
2391 2540 2555 2614 (Gen.
2581 2543 2671 2598 42.
2699 2544 2769 2599 38
2789 2543 2830 2616 ).
2861 2544 2987 2599 llaec
3014 2547 3226 2601 nomina
3254 2547 3482 2604 habebat
3518 2553 3694 2607 obitus

2112 2642 2294 2688 noster
2336 2634 2593 2689 anteactis
2635 2637 2959 2707 temporibus
2991 2648 3085 2693 :at
3133 2648 3407 2710 postquam
3446 2640 3695 2698 Christus

2111 2728 2276 2792 venit,
2311 2735 2366 2782 et
2395 2742 2492 2797 pro
2535 2729 2717 2783 mundi
2746 2730 2851 2784 vita
2891 2740 3114 2786 mortem
3164 2733 3357 2799 subiit,
3386 2749 3527 2789 mors
3576 2753 3692 2791 non

2111 2817 2340 2885 amplius
2370 2828 2590 2872 vocatur
2617 2833 2793 2886 mors,
2821 2821 2913 2875 sed
2940 2835 3160 2876 somnus
3186 2832 3239 2876 ct
3262 2823 3524 2879 dormitio.
3556 2827 3690 2881 Dor-

2113 2909 2386 2964 mitionem
2418 2911 2675 2980 appellari
2704 2920 2963 2967 testantur
2991 2914 3078 2966 illa
3110 2914 3318 2969 Domini
3347 2916 3504 2971 verba
3537 2933 3553 2968 :
3587 2916 3694 2970 Lo-

2110 3015 2261 3053 sarus
2287 3002 2480 3056 amicus
2502 3012 2670 3057 noster
2692 3003 2875 3057 dormit
2896 3003 2917 3080 (
2935 3004 3094 3059 Joan.
3139 3009 3221 3062 11.
3252 3007 3312 3062 11
3338 3007 3378 3076 ).
3407 3007 3522 3064 Non
3551 3010 3696 3064 enim

2113 3090 2263 3156 dixit,
2294 3091 2530 3147 Mortuus
2556 3102 2656 3157 est,
2689 3096 2930 3165 quamvis
2958 3112 3142 3152 revera
3172 3107 3411 3154 mortuus
3439 3109 3600 3156 esset.
3624 3101 3694 3158 Ut

2111 3197 2242 3236 vero
2272 3182 2532 3254 intelligas
2559 3201 2751 3240 nomen
2779 3187 3112 3243 dormitionis
3139 3192 3476 3260 peregrinum
3507 3191 3694 3257 fuisse,

2112 3273 2390 3328 considera
2412 3275 2681 3345 quomodo
2709 3275 2811 3331 hoc
2847 3278 3029 3332 audito
3071 3281 3284 3334 nomine
3310 3279 3551 3351 discipuli
3584 3291 3699 3336 tur-

2111 3365 2327 3432 bentur,
2352 3376 2405 3420 et
2428 3367 2645 3423 dicant:
2670 3367 2906 3436 Domine,
2928 3371 2974 3425 si
2996 3372 3199 3436 dormit,
3222 3373 3389 3428 salvus
3412 3377 3506 3428 erit
3531 3374 3697 3446 (Ibid.

2111 3471 2159 3509 υ.
2188 3456 2297 3527 ii).
2327 3457 2475 3512 Adeo
2502 3474 2606 3513 non
2638 3460 3035 3526 intellexerant,
3062 3461 3186 3532 quid
3211 3464 3310 3517 sibi
3336 3465 3535 3520 dietmn
3565 3467 3697 3522 illud

2111 3547 2357 3602 voluerit.
2393 3549 2583 3604 lterum
2611 3549 2842 3605 Paulus:
2873 3549 3013 3622 Ergo
3027 3562 3073 3606 et
3102 3553 3186 3622 qui
3215 3555 3544 3621 dormierunt,
3576 3573 3700 3624 per-

2111 3640 2275 3692 ierunt
2317 3639 2408 3711 (1.
2441 3639 2558 3695 Cor.
2603 3642 2690 3697 15.
2741 3643 2986 3715 i8)?atl
3035 3646 3293 3714 quosdam
3335 3646 3429 3702 ait.
3491 3648 3699 3704 Rursus

2112 3731 2234 3784 alibi
2261 3731 2328 3785 de
2353 3731 2617 3788 defunctis
2643 3733 2864 3804 loquens
2885 3776 2898 3798 ,
2935 3734 3078 3802 Nos,
3110 3737 3305 3806 inquit,
3337 3739 3424 3808 qui
3449 3740 3693 3806 vivimus,

2117 3840 2217 3877 non
2247 3828 2601 3892 prteveniemus
2628 3843 2710 3881 eos
2735 3829 2820 3897 qui
2845 3827 3153 3883 dormierunt
3183 3829 3257 3899 (1.
3292 3828 3467 3885 Thess.
3491 3833 3544 3886 4.
3580 3833 3692 3900 14).

2115 3917 2185 3971 Et
2225 3917 2346 3972 alibi
2383 3937 2396 3972 :
2430 3919 2594 3990 Surge
2615 3960 2630 3985 ,
2660 3922 2744 3989 qui
2791 3920 2979 3974 dornt'is
3009 3919 3241 3992 (Ep/tes.
3285 3922 3336 3976 5.
3367 3923 3432 3977 14
3529 3924 3596 3978 Et
3637 3933 3700 3978 ut.

2116 4010 2421 4065 ostenderet
2462 4027 2520 4065 se
2565 4011 2632 4066 de
2661 4013 2884 4066 mortuis
2927 4012 3029 4066 hoc
3069 4013 3268 4079 dicere,
3303 4014 3576 4069 addit:Et
3603 4033 3697 4072 er-

2115 4117 2264 4173 surge
2290 4120 2322 4155 a
2346 4104 2572 4157 mortuis.
2609 4103 2740 4158 Vide
2760 4104 3026 4174 quomodo
3056 4106 3250 4174 ubique
3279 4122 3421 4160 mors
3446 4108 3695 4163 nomine-

2116 4200 2202 4244 tur
2224 4207 2443 4246 somnus
2471 4211 2483 4246 :
2511 4209 2612 4262 qua
2640 4193 2707 4247 de
2745 4208 2903 4248 causa
2928 4207 2982 4249 et
3011 4195 3159 4250 locus
3195 4198 3515 4261 coemeterii,
3538 4199 3689 4268 quasi

2112 4283 2280 4350 dicas,
2313 4283 2630 4351 dormitorii,
2662 4299 2853 4340 nomen
2887 4287 3105 4345 invenit.
3138 4288 3277 4342 Utile
3301 4291 3441 4344 enim
3469 4289 3570 4344 hoc
3595 4307 3698 4344 no-

2113 4391 2235 4430 men
2272 4385 2385 4439 est,
2414 4387 2466 4430 et
2493 4375 2840 4447 philosophia:
2865 4380 3044 4432 multze
3073 4379 3308 4448 plenum.
3341 4381 3563 4445 Quando
3593 4381 3697 4451 igi-

2114 4476 2199 4521 tur
2242 4467 2346 4522 lmc
2389 4475 2656 4522 mortuum
2699 4468 2883 4535 ducis,
2915 4483 2982 4523 ne
3011 4469 3125 4539 ipse
3159 4478 3228 4524 .te
3263 4471 3532 4526 concidas.
3573 4471 3692 4526 Non

2111 4561 2252 4614 enim
2285 4560 2456 4628 ipsum
2483 4559 2550 4614 ad
2578 4569 2799 4615 mortem
2818 4602 2832 4624 ,
2860 4561 2956 4616 sed
2990 4561 3057 4615 ad
3085 4577 3330 4616 sonmnm
3361 4562 3510 4617 ducis
3534 4579 3548 4618 :
3581 4563 3699 4618 suf-

2111 4653 2221 4708 ficit
2260 4653 2352 4707 tibi
2384 4669 2574 4708 nomen
2605 4653 2706 4708 hoc
2731 4653 2798 4708 ad
2835 4653 3152 4708 calamitatis
3193 4656 3436 4709 solatium
3466 4665 3520 4710 et
3546 4657 3696 4710 leva-

2109 4760 2254 4798 men.
2271 4745 2422 4800 Disce
2441 4761 2545 4814 quo
2565 4747 2755 4811 ducas;
2780 4745 2831 4798 in
2855 4745 3218 4811 cmmeIerium
3241 4763 3254 4796 :
3279 4753 3333 4799 et
3353 4745 3564 4813 quando
3586 4746 3659 4800 du
3677 4779 3693 4788 -

2109 4837 2225 4901 cis;
2277 4845 2394 4905 post
2439 4847 2664 4891 mortem
2715 4836 3253 4906 Christi,postquam
3303 4837 3455 4892 nervi
3504 4840 3697 4892 mortis

2109 4929 2272 4984 excisi
2302 4937 2426 4983 sunt
2456 4946 2470 4982 :
2501 4929 2573 4982 ita
2602 4939 2662 4984 ut
2689 4936 2743 4984 et
2782 4943 2812 4982 a
2849 4930 2967 4984 loco
2987 4968 3004 4996 ,
3033 4938 3088 4984 et
3123 4943 3154 4983 a
3185 4938 3422 4999 tempore
3464 4929 3692 4983 multum

2108 5021 2489 5076 consolationis
2514 5021 2788 5092 percipere
2818 5021 3052 5091 possitis.
3094 5021 3320 5076 Maxime
3345 5021 3412 5075 ad
3441 5022 3697 5078 mulieres

2107 5114 2279 5169 oratio
2309 5113 2423 5168 lucc
2444 5113 2597 5169 nobis
2627 5113 2938 5178 instituitur,
2963 5128 3084 5168 eum
3114 5128 3279 5168 sexus
3299 5112 3386 5166 hic
3413 5112 3696 5168 affectibus

2107 5207 2275 5276 magis
2305 5207 2376 5260 sit
2398 5205 2682 5272 obnoxius,
2713 5214 2768 5260 et
2788 5205 2855 5260 ad
2887 5207 3207 5261 anxietatem
3229 5206 3694 5274 deSperationem-

2107 5312 2211 5366 que
2244 5311 2496 5367 perquam
2523 5297 2791 5366 proclivis.
2818 5296 2923 5353 Sed
2968 5297 3214 5352 idoneum
3249 5296 3411 5350 habes
3438 5296 3687 5364 pharma-

2105 5402 2226 5441 cum
2267 5387 2487 5443 maerori
2530 5386 2814 5455 leniendo,
2842 5403 3035 5443 nomen
3075 5387 3197 5441 loci.
3228 5386 3514 5456 PrOpterea
3559 5401 3692 5456 ergo

2109 5479 2194 5534 hic
2220 5493 2625 5548 congregantur.

2173 5571 2226 5624 2.
2253 5569 2468 5624 Mortem
2491 5585 2590 5642 quo
2611 5578 2758 5637 pacto
2777 5566 3004 5624 Christus
3027 5569 3278 5624 devicerit.
3310 5567 3550 5636 lnfernus
3574 5568 3687 5621 tlte-

2105 5678 2283 5718 saurus
2309 5661 2512 5718 dicitur.
2537 5691 2606 5702 —
2631 5661 2801 5719 Hodie
2846 5662 2988 5719 enim
3031 5661 3206 5718 omnia
3247 5658 3536 5716 inferorum
3570 5657 3687 5716 loca
