4062 6206
463 206 566 260 7.93

445 317 640 371 έκλασε
666 335 680 350 ·
723 321 964 394 σήμερον
1001 330 1127 394 τοὺς
1169 332 1400 402 μοχλοὺς
1433 337 1560 400 τοὺς
1594 339 1850 410 σιδηροῦς
1897 360 2022 396 συν-

445 406 691 464 ἐθλσσεν.
726 413 870 483 Ὅρα
886 417 986 482 τὴν
1007 421 1293 484 ἀκρίϐειαν
1323 427 1422 497 τῆς
1451 427 1669 495 λέξεως.
1702 406 1820 488 δύκ
1842 431 2020 502 εἶπεν,

457 502 682 570 ’Λνεῳξε
723 504 898 572 πύλας
941 511 1169 582 χαλκᾶς,
1205 515 1376 584 ἀλλὰ,
1419 521 1769 578 Συνέθλασε
1819 527 2023 594 πύλας

441 593 698 661 χαλκᾶς,
729 597 815 652 ἵνα
849 599 1122 674 ἄχρηστον
1143 607 1367 679 γένηται
1391 610 1450 663 16
1479 612 1875 686 δεσμωτήριον.
1907 593 2021 674 Οὐκ

441 684 628 752 ἀφεῖλε
669 689 796 752 τοὺς
839 693 1091 762 μοχλοὺς,
1134 697 1272 752 ἀλλά
1323 701 1681 770 συνέθλασεν,
1727 684 1814 762 ῖνα
1861 713 2022 766 ἀσθε-

441 773 540 843 νὴς
586 777 810 848 γένηται
852 785 1153 860 ήφυλακή.
1199 792 1373 845 Ὅπου
1412 811 1477 864 γε
1514 795 1638 850 οὔτε
1686 800 1845 872 θύρα,
1895 805 2018 860 οῦτε

444 866 665 936 μοχλὸς,
699 871 802 925 κᾶν
832 877 1044 945 εἰσέλθῃ
1080 895 1186 944 τις,
1220 883 1282 934 οὐ
1317 885 1629 957 κατέχεται.
1666 866 1834 948 Ὅταν
1875 895 1967 950 οὖν
1991 900 2019 952 6

439 957 670 1026 Χριστὸς
709 965 978 1041 συνθλάσῃ
999 1009 1013 1030 .
1037 971 1120 1034 τίς
1151 973 1338 1044 ἔτερος
1367 976 1659 1048 διορθῶσαι
1686 982 1972 1055 δυνήσεται
1997 1006 2012 1055 ;

443 1048 507 1100 ’Ὀ
542 1051 647 1122 γὰρ
693 1053 824 1119 Θεὸς
857 1056 1206 1131 διαστρέψει,
1243 1068 1375 1136 φησὶ
1400 1109 1414 1130 ,
1439 1069 1522 1133 τίς
1567 1048 1850 1143 διορθώσει
1903 1048 2016 1131 λοι-ἰ

437 1140 564 1202 πόν;
603 1143 664 1193 Οί
692 1143 930 1212 βασιλεῖς
963 1149 1090 1202 ὅταν
1132 1153 1398 1222 μέλλωσιν
1418 1140 1786 1229 ἀφιέναιτοὺς
1807 1165 2015 1236 δεσμώ-

434 1247 563 1293 τας,
607 1233 917 1304 πέμποντες
947 1243 1268 1310 ἐπιστολάς,
1297 1249 1394 1320 οὐχ
1426 1250 1566 1305 οὕτω
1603 1255 1865 1322 ποιοῦσιν,
1899 1259 2013 1312 ἀλλ’

431 1323 623 1390 ἀφιᾶσι
661 1329 755 1380 καὶ
805 1332 901 1394 τὰς
933 1331 1100 1404 θύρας
1129 1337 1223 1388 καὶ
1257 1339 1382 1402 τοὺς
1428 1341 1703 1408 φύλακας,
1729 1345 2014 1416 δηλοῦντες

431 1412 582 1486 [399]
612 1417 692 1470 ὅτι
745 1421 1004 1476 εἰσελθεῖν
1041 1425 1203 1478 πάλιν
1241 1428 1454 1500 ἀνάγκη
1515 1433 1632 1485 ἐκεῖ
1669 1433 1700 1504 ἢ
1740 1412 1833 1488 καὶ
1887 1412 2013 1501 106;

427 1505 768 1575 ἀφεθέντας,
824 1512 854 1582 ἢ
907 1515 1127 1586 ἐτέρους
1171 1519 1285 1571 ἀντ’
1332 1520 1556 1576 ἐκείνων
1606 1527 1778 1590 τινάς.
1843 1528 1902 1581 '0
1954 1529 2012 1582 δὲ

427 1590 664 1661 Χριστὸς
698 1598 795 1668 οὐχ
830 1600 1004 1664 οὕτως
1027 1619 1040 1632 ·
1073 1603 1209 1658 ἀλλά
1229 1605 1397 1671 δεῖξαι
1423 1609 1776 1682 βουλόμενος,
1807 1618 1887 1669 ὅτι
1926 1619 2013 1671 τέ-

425 1679 514 1743 λος
542 1687 570 1736 6
597 1685 822 1752 θάνατος
857 1691 989 1761 ἔχει,
1025 1696 1346 1752 συνέθλασεν
1381 1702 1545 1754 αὺτοῦ
1577 1705 1676 1768 τὰς
1711 1707 1884 1771 πύλας
1911 1711 2011 1774 τὰς

421 1773 630 1839 χαλκᾶς
657 1796 670 1807 ’
709 1781 914 1850 χαλκᾶς
949 1785 1004 1836 δὲ
1043 1786 1324 1856 ὠνόμασεν
1346 1830 1360 1854 ,
1390 1793 1488 1845 ούκ
1519 1796 1706 1863 ἐπειδὴ
1739 1799 1846 1850 ἀπὸ
1881 1801 2010 1870 χαλ-

423 1867 520 1918 κοῦ
557 1863 695 1936 ἦσαν
727 1873 784 1922 αἱ
816 1872 1016 1938 πύλαι,
1061 1877 1196 1932 ἀλλὰ
1227 1881 1288 1933 τὸ
1318 1883 1524 1954 ἀπηνὲς
1557 1888 1651 1940 καὶ
1697 1891 2007 1966 ἀπαραίτη-

418 1965 515 2004 τον
550 1956 641 2008 τοῦ
678 1957 906 2014 θανάτου
945 1963 1141 2034 δηλῶν.
1179 1971 1284 2023 Καὶ
1327 1974 1413 2026 ἵνα
1459 1975 1638 2048 μάθῃς
1663 2021 1676 2044 ,
1707 1981 1787 2032 ὅτι
1816 1956 1932 2037 ”καὶ
1965 1956 2006 2039 '6

416 2045 616 2111 χαλκὸς
647 2051 738 2102 καὶ
767 2052 796 2103 ό
829 2054 1047 2126 σίδηρος
1073 2060 1134 2112 τὸ
1164 2063 1352 2128 ἀτενὲς
1387 2068 1480 2120 καὶ
1510 2069 1789 2125 άνένδοτον
1828 2075 1999 2145 δηλοῖ,

415 2136 648 2193 ἄκουσον
681 2143 732 2195 τί
773 2161 904 2215 φησι
937 2149 1074 2219 πρός
1099 2169 1218 2205 τινα
1260 2157 1449 2227 ἰταμόν
1469 2175 1484 2188 ο
1527 2161 1596 2214 Τὸ
1642 2163 1860 2232 νεῦρόν
1881 2136 2004 2223 σού

413 2229 740 2298 σιδηροῦν,
792 2239 826 2289 ό
859 2237 1161 2308 τράχηλός
1203 2261 1319 2300 σου
1354 2249 1546 2303 καὶτὸ
1580 2229 1859 2322 μέτωπόν
1885 2275 2002 2313 σου

410 2325 685 2389 χαλκοῦν
709 2343 722 2356 ·
755 2329 918 2382 τοῦτο
953 2331 1009 2384 δέ
1043 2334 1216 2402 οὕτως
1251 2333 1422 2406 εἶπεν,
1458 2344 1558 2396 οὐκ
1597 2347 1784 2419 ἐπειδὴ
1813 2349 2000 2422 νεῦρον

442 2404 463 2422 ,
642 2413 664 2422 _
774 2417 798 2422 ,
942 2421 950 2422 ,
999 2419 1007 2422 Α

1411 2404 1416 2406 -
1773 2404 1784 2419 .
1911 2404 1923 2422 .

409 2404 526 2478 εἶχε
583 2413 865 2486 σιδηροῦν,
903 2419 1010 2472 οὐδ’
1045 2423 1232 2496 ἐπειδὴ
1287 2429 1535 2498 μέτωπον
1574 2429 1686 2504 εἶχε
1740 2438 1997 2506 χαλκοῦν,

407 2499 523 2552 ἀλλ’
550 2503 738 2576 ἐπειδὴ
762 2509 1075 2578 ἀμείλικτον
1105 2514 1226 2584 ὄψιν
1255 2519 1349 2570 καὶ
1380 2521 1733 2593 ἀναίσχυντον
1767 2524 1878 2600 εἶχε
1905 2533 1998 2584 καὶ

406 2591 608 2662 ἀπηνῆ.
637 2594 822 2649 Βούλει
849 2600 1042 2666 μαθεῖν
1081 2603 1198 2667 πῶς
1225 2601 1294 2676 ἦν
1323 2591 1638 2678 ἀμείλικτος
1661 2617 1755 2668 καὶ
1783 2591 1996 2674 ἀῦένδο-

405 2697 496 2742 τος
531 2683 622 2734 καὶ
650 2687 1030 2760 αύτοαδάμας;
1080 2695 1168 2746 Ἐν
1205 2700 1445 2771 τοσούτῳ
1479 2705 1655 2777 χρόνῳ
1691 2708 1868 2774 οὐδεὶς
1894 2713 1992 2765 αὺ-

404 2771 496 2824 τὸν
547 2773 762 2832 ἔπεισεν
789 2781 1006 2848 ἀφεῖναι
1053 2786 1242 2842 οὐδένα
1288 2791 1398 2846 τῶν
1440 2799 1858 2870 κατεχομένων,
1887 2805 1992 2869 ἓως

405 2863 567 2919 αὐτὸν
599 2870 629 2922 6
657 2869 765 2925 τῶν
794 2874 1042 2944 ἀγγέλων
1073 2883 1355 2955 Δεσπότης
1379 2863 1656 2944 κατελθόιν
1687 2863 1987 2964 ὴνάγίιαζεζ

403 2957 626 3027 Πρῶτον
660 2963 758 3032 μὲν
807 2967 916 3038 γὰρ
965 2969 1122 3040 ἔδησε
1177 2975 1268 3027 τὸν
1323 2979 1573 3051 ἰσχυρὸν,
1609 2957 1723 3037 καὶ.
1755 2957 1876 3041 τότε
1916 2957 1990 3044 τά

404 3051 573 3120 σκεύη
609 3054 772 3107 αὑτοῦ
797 3056 1066 3128 διήρπασε
1087 3080 1102 3094 ·
1133 3065 1212 3117 διὸ
1239 3069 1334 3121 καὶ
1363 3073 1562 3140 ἐπάγει
1581 3089 1596 3105 ³
1633 3079 1986 3148 Θησαυροὺς

402 3145 787 3215 σκοτεινοὺς,
820 3149 1133 3221 ἀοράτους.
1185 3157 1250 3211 Εἰ
1303 3162 1400 3214 καὶ
1449 3165 1511 3217 τὸ
1561 3145 1855 3242 λεγόμενον
1902 3145 1980 3240 ἓν,

400 3233 537 3288 ἀλλά
561 3235 778 3294 διπλοῦν
801 3242 862 3294 τὸ
892 3243 1176 3318 νοούμενον
1197 3265 1208 3280 ·
1234 3249 1348 3304 ἔστι
1376 3257 1484 3326 γὰρ
1508 3233 1756 3317 σκοτεινὰ
1785 3233 1981 3338 χωρία,

399 3324 514 3376 ἀλλ’
537 3328 794 3400 ὁραθῆναι
828 3334 1087 3400 πολλάκις
1134 3339 1419 3413 δύνανται,
1455 3348 1649 3421 λύχνου
1681 3357 1774 3410 καὶ
1807 3362 1985 3428 φωτὸς

397 3419 742 3489 εἰσαχθέντος
766 3440 779 3453 ·
814 3427 989 3481 ἐκεῖνο
1026 3431 1084 3484 δὲ
1117 3431 1210 3486 τοῦ
1241 3435 1368 3508 ᾅδου
1403 3439 1464 3492 τὸ
1497 3419 1694 3515 χωρίον
1744 3419 1982 3520 ζοφωδέζ

398 3525 590 3562 στατον
622 3507 689 3584 ἦν
723 3515 815 3567 καὶ
841 3518 1074 3590 ἀτερπὲς
1093 3563 1108 3588 ,
1142 3525 1234 3578 καὶ
1256 3507 1526 3586 οὐδέποτε
1553 3537 1732 3604 φωτὸς
1764 3543 1982 3608 ἐδέξατο

395 3602 585 3668 φύσιν·
616 3602 704 3656 διὰ
725 3605 883 3660 τοῦτο
912 3617 1221 3679 σκοτεινοὺς
1241 3659 1256 3684 ,
1284 3620 1552 3691 ἀοράτους
1579 3624 1730 3683 εἶπεν
1755 3635 1973 3702 αὐτούς.

395 3694 504 3746 Καὶ
530 3696 638 3767 γάρ
686 3697 854 3764 ὅντως
907 3709 1169 3760 σκοτεινοὶ
1197 3704 1338 3780 ἦσαν
1363 3752 1378 3778 ,
1406 3715 1512 3780 ἕως
1551 3712 1612 3772 οῦ
1647 3725 1914 3795 κατῆλθεν
1948 3735 1977 3785 6

391 3787 492 3854 τῆς
511 3787 856 3860 δικαιοσύνης
889 3795 1040 3864 ἥλιος
1063 3837 1079 3862 ,
1111 3801 1204 3853 καὶ
1235 3804 1569 3878 κατέλαμψε,
1605 3815 1698 3868 καὶ
1720 3787 1811 3870 16v
1843 3819 1976 3890 ᾅδην

391 3877 650 3948 ἐποίησεν
693 3883 956 3953 οὐρανόν·
983 3887 1118 3944 ὃπου
1172 3895 1280 3966 γὰρ
1318 3899 1347 3949 6
1380 3900 1646 3973 Χριστὸς,
1679 3909 1797 3962 ἐκεῖ
1823 3877 1975 3968 καίὸ

389 3969 635 4040 οὐρανός.
667 3973 986 4048 Θησαυροὺς
1041 3982 1098 4036 δὲ
1131 3969 1442 4054 σκοτεινοὺς
1467 3969 1750 4054 καλεῖ-τὸν
1794 4003 1927 4076 ᾅδην
1953 4024 1968 4038 ο

388 4063 615 4127 εἰκότως
639 4104 655 4130 ,
687 4067 820 4122 διότι
872 4071 1036 4138 πολὺς
1093 4077 1322 4143 πλοῦτος
1377 4084 1637 4142 ἀπέκειτο
1685 4093 1819 4148 ἐκεῖ.
1859 4098 1971 4153 Καὶ

386 4154 496 4224 γὰρ
537 4157 646 4210 τῶν
699 4159 1002 4232 ἀνθρώπων
1036 4169 1186 4221 πᾶσα
1243 4173 1274 4242 ή
1317 4174 1478 4243 φύσις
1513 4179 1742 4247 πλοῦτος
1793 4187 1970 4260 ὑπάρ-

384 4261 552 4313 χουσα
580 4248 671 4300 τοῦ
705 4251 840 4303 Θεοῦ
861 4293 876 4316 ,
907 4255 1012 4309 ὑπὸ
1060 4259 1153 4310 τοῦ
1188 4262 1567 4335 ἀπατήσαντος
1605 4273 1697 4324 τὸν
1751 4279 1967 4346 πρῶτον

383 4335 667 4408 ἄνθρωπον
704 4341 951 4398 διαϐόλου
983 4350 1316 4425 ἀπεσυλήθη,
1348 4359 1441 4410 καὶ⁸
1477 4361 1554 4432 τῷ
1588 4335 1808 4439 θανάτῳ.
1833 4373 1967 4426 καθ-

382 4428 712 4504 υπεξεύχθη.
749 4433 870 4489 Ὅτι
913 4437 971 4492 δέ
1011 4440 1240 4508 πλοῦτος
1284 4443 1352 4521 ἦν
1384 4449 1462 4521 τῷ
1495 4428 1615 4526 Θεῷ
1656 4428 1806 4516 πᾶσα
1855 4465 1965 4520 τῶν

379 4521 683 4594 ἀνθρώπων
709 4526 742 4597 ἡ
779 4528 941 4597 φύσις
961 4571 978 4596 ,
1004 4532 1244 4591 δείκνυσι
1271 4541 1482 4609 Παῦλος
1515 4521 1692 4619 λέχων
1717 4570 1728 4584 ·
1765 4557 1964 4612 Πλου-

377 4613 498 4668 τῶν
529 4619 616 4682 εἰς
649 4618 910 4689 πάντας,
950 4625 1049 4679 καὶ
1079 4628 1181 4682 ἐπὶ
1203 4632 1435 4704 πάντας
1461 4613 1602 4706 τοὺς
1640 4644 1961 4705 ἐπικαλου-

375 4708 597 4777 μένους
625 4713 830 4768 αὺτόν.
871 4716 1080 4791 ’Ὠσπερ
1112 4718 1205 4776 οὖν
1239 4724 1492 4796 βασιλεύς
1537 4750 1621 4797 τις
1657 4736 1960 4813 λῄσταρχον

374 4799 552 4872 εὑρὼν
585 4808 990 4880 κατατρέχοντα
1025 4814 1126 4878 τάς
1152 4817 1337 4884 πόλεις
1358 4861 1373 4886 ,
1413 4823 1730 4895 ἁρπάζοντα
1761 4835 1958 4890 πάντο-

375 4891 497 4959 θεν,
535 4899 628 4951 καὶ
653 4902 735 4963 εἰς
780 4903 848 4955 τὰ
893 4905 1134 4974 σπήλαια
1161 4891 1596 4985 καταδυόμενον,
1642 4923 1738 4976 καὶ
1767 4927 1956 4981 ἀποτι-

373 4984 598 5053 θέμενον
649 4995 766 5045 ἐκεῖ
810 4993 902 5048 τὸν
957 4997 1186 5054 πλοῦτον
1210 5043 1224 5067 ,
1263 5004 1432 5077 δήσας
1485 4984 1588 5065 τὸν
1629 5015 1951 5089 λῄσταρχον,

371 5085 577 5142 ἐκεῖνον
611 5091 709 5162 μὲν
748 5092 963 5148 κολάσει
999 5099 1378 5171 παραδίδωσι,
1427 5107 1518 5160 τὸν
1568 5111 1624 5164 δὲ
1679 5085 1952 5191 θησαῦρὸν

369 5177 536 5232 αὐτοῦ
568 5189 866 5259 μεταφέρει
913 5193 993 5254 εἰς
1024 5193 1094 5248 τὰ
1141 5203 1364 5267 ταμιεῖα
1397 5202 1463 5255 τὰ
1489 5177 1779 5274 βασιλικά·
1806 5177 1949 5268 οῦτω

370 5273 465 5324 καὶ
486 5276 513 5326 6
534 5277 765 5348 Χριστὸς
793 5285 1046 5357 ἐποίησε,
1073 5287 1163 5343 τὸν
1192 5291 1495 5368 λῄσταρχον
1523 5301 1617 5354 καὶ
1643 5302 1734 5356 τὸν
1755 5304 1948 5378 δεσμο-

367 5363 587 5434 φύλακα
606 5407 620 5432 ,
651 5373 742 5425 τὸν
763 5374 1006 5434 διάϐολον
1035 5383 1170 5453 ὁμοῦ
1322 5363 1677 5450 ⁷θάνατον
1701 5437 1718 5464 ,
1741 5397 1829 5452 διὰ
1850 5363 1945 5454 τοῦ

365 5459 598 5515 θανάτου
631 5463 793 5518 αὑτοῦ
826 5467 991 5540 δήσας
1010 5511 1024 5536 ,
1068 5475 1162 5528 καὶ
1189 5479 1280 5532 τὸν
1319 5481 1546 5538 πλοῦτον
1591 5487 1768 5544 πάντα
1788 5531 1802 5556 ,
1835 5493 1944 5546 τῶν

365 5552 667 5654 ἀνθρώπων
699 5555 841 5626 λέγω
861 5561 922 5613 16
959 5564 1144 5630 γένος.
1175 5573 1485 5642 μετήγαγεν
1517 5581 1596 5642 εἰς
1621 5581 1688 5636 τὰ
1719 5552 1942 5654 ταμιεῖα

363 5642 432 5696 τὰ
455 5645 726 5715 βασιλικά.
773 5651 942 5708 Τοῦτο
981 5657 1072 5709 καὶ
1103 5658 1312 5724 Παῦλος
1336 5665 1485 5736 δηλοῖ
1513 5669 1684 5742 λέγων
1712 5693 1722 5705 ·
1767 5677 1937 5735 Ἐλυ-

1117 217 1171 271 S.
1217 215 1500 274 10.“le
1538 220 2025 282 CHRYSOESTOMI
2074 228 2396 290 ARCIIIEP.
2443 237 2991 294 (IONSTANTINOP.

3611 244 3724 299 396

2127 349 2396 417 τρώσατο
2421 353 2579 424 ἡμᾶς
2615 355 2683 409 ἐκ
2711 355 2820 425 τῆς
2845 357 3134 423 ἐξουσίας
3153 359 3259 413 τοῦ
3289 360 3582 426 σκότους,
3616 362 3724 415 καὶ

2121 447 2499 519 μετέστησεν
2516 453 2603 518 εἰς
2625 453 2739 520 τὴν
2752 454 3084 517 βασιλείαν
3103 451 3288 508 αὑτοῦ
3317 451 3427 522 τὴς
3451 470 3720 525 arm-mc.

2125 543 2235 596 Καὶ
2285 545 2347 598 τὸ
2401 547 2465 618 δὴ
2505 546 2818 619 θαυμαστὸν
2843 591 2857 617 ,
2911 551 3073 614 αὐτὸς
3109 552 3136 604 ό
3174 551 3427 621 βασιλεὺς
3463 552 3674 622 ἐπέστη
3701 568 3720 584 ·

2127 641 2301 696 καίτοι
2332 660 2394 712 γε
2424 644 2675 714 βασιλεὺς
2699 647 2874 711 οὐδεὶς
2901 647 2967 701 ἂν
2988 648 3344 714 καταξιωσειε
3373 646 3534 701 τοῦτο
3557 649 3724 716 ποιῆ-

2125 738 2216 791 σαί
2254 757 2405 799 ποτε,
2439 741 2574 795 ἀλλὰ
2605 741 2696 794 διὰ
2718 743 2826 796 τῶν
2854 744 3142 814 ὑπηρετῶν
3175 746 3368 814 ἀφιᾶσι
3405 747 3534 808 τοὺς
3561 744 3682 798 δεδε
3711 775 3722 782 -

2127 834 2343 903 μένους.
2363 837 2624 891 Ἐνταῦθα
2644 839 2700 892 δὲ
2725 840 2824 909 οὐχ
2851 840 3046 904 οὕτως,
3071 840 3207 894 ἀλλὰ
3235 842 3394 905 αὐτὸς
3415 838 3549 914 ἦλθε
3571 842 3722 914 πρὸς

2121 931 2246 994 106;
2279 931 2564 1003 δεσμώτας
2615 938 2644 988 6
2681 935 2974 1005 βασιλεὺς,
3014 938 3111 990 καὶ
3155 938 3258 991 οὐκ
3289 937 3608 1010 ἐπῃσχύνθη
3649 939 3723 990 τὸ

2119 1025 2490 1100 δεσμωτήριον
2524 1031 2644 1084 οὐδὲ
2673 1033 2798 1096 τοὺς
2825 1032 3144 1103 δεδεμένους
3163 1048 3176 1060 ·
3221 1033 3280 1087 ὃν
3307 1032 3417 1105 γὰρ
3447 1033 3715 1098 ἔπλασεν,

2120 1123 2545 1194 ἐπαισχύνεσθαι
2573 1127 2671 1180 οὐκ
2693 1127 2915 1197 ἔμελλε·
2947 1129 3040 1181 καὶ
3067 1129 3362 1182 συνέκλασε
3386 1131 3486 1194 τὰς
3507 1131 3714 1202 θύρας,

2121 1221 2406 1292 συνέτριψε
2437 1223 2563 1286 τοὺς
2601 1223 2867 1293 μοχλοὺς,
2921 1225 3125 1295 ἐπέστη
3179 1226 3257 1295 τῷ
3301 1225 3438 1297 ᾅδῃ,
3497 1227 3718 1298 ἔρημον

2121 1316 2268 1390 [400]
2297 1320 2460 1372 αὐτοῦ
2491 1320 2588 1391 τὴν
2617 1321 2862 1392 φυλακὴν
2891 1322 3148 1393 ἐποίησεν
3192 1323 3408 1376 ἃπασαν
3433 1363 3448 1387 ,
3484 1323 3582 1376 καὶ
3611 1324 3718 1377 τὸν

2115 1415 2498 1487 δεσμοφύλακα
2532 1417 2711 1471 λαϐὼν
2750 1419 3048 1486 δεδεμένον,
3083 1419 3254 1484 οὕτως
3287 1423 3416 1491 ἡμῖν
3463 1423 3716 1492 ἐπανῆλ-

2117 1513 2227 1568 θεν.
2273 1515 2330 1566 Ὀ
2360 1514 2624 1584 τύραννος
2663 1515 3009 1586 αἰχμάλωτος
3053 1517 3251 1586 ήγετο,
3299 1517 3328 1568 6
3363 1519 3582 1590 ίσχυρὸς
3614 1519 3714 1573 δε-

2113 1609 2368 1680 δεμένος·
2411 1611 2439 1662 6
2473 1611 2702 1675 θάνατος
2724 1613 2888 1676 αὐτὸς
2936 1613 3101 1682 ῥίψας
3153 1612 3219 1665 τά
3265 1613 3439 1676 ὅπλα,
3491 1615 3714 1684 γυμνὸς

2115 1706 2252 1777 πρὸς
2283 1708 2410 1770 τοὺς
2439 1707 2605 1771 πόδας
2635 1708 2730 1762 τοῦ
2765 1709 3028 1778 βασιλέως
3062 1709 3321 1782 ἔδραμεν.

2183 1840 2338 1906 Εἶδες
2387 1843 2543 1914 νίκην
2577 1843 2936 1916 θαυμαστήνς
2967 1840 3107 1908 εἶδες
3147 1844 3382 1916 σταυροῦ
3416 1845 3707 1914 κατορθὼ-

2115 1957 2294 2010 ματα;
2331 1942 2484 1994 Εἴπω
2513 1958 2596 1994 σοι
2636 1943 2731 1995 καὶ
2772 1940 2898 1994 ἄλλο
2929 1941 3406 2013 θαυμαστότερονς
3437 1945 3575 2014 μάθε
3609 1947 3706 2000 τὸν

2109 2036 2305 2106 τρόπον
2335 2036 2435 2105 τῆς
2459 2036 2614 2104 νίκης
2634 2077 2646 2098 ,
2675 2037 2771 2090 καὶ
2797 2037 2919 2090 τότε
2951 2037 3271 2110 ἐκπλαγήσῃ
3301 2039 3482 2094 πλέον.
3513 2043 3592 2094 Δι’
3622 2037 3706 2096 ὧν

2107 2131 2218 2201 γὰρ
2252 2132 2503 2202 ἐνίκησεν
2532 2135 2560 2186 6
2587 2132 2830 2196 διάϐολος
2855 2173 2870 2197 ,
2900 2133 2990 2188 διὰ
3019 2134 3227 2188 τούτων
3257 2137 3423 2190 αὐτοῦ
3453 2140 3712 2208 περιεγέ-

2105 2245 2226 2282 νετο
2258 2229 2286 2279 6
2323 2228 2557 2298 Χριστός
2577 2245 2592 2260 ’
2631 2231 2724 2283 καὶ
2759 2230 2900 2284 αὐτὰ
2937 2229 3006 2284 τὰ
3050 2231 3262 2285 ἐκείνου
3317 2233 3499 2288 λαϐὼν
3527 2235 3700 2301 ὅπλα,

2103 2326 2312 2391 τούτοις
2359 2327 2522 2380 αὐτὸν
2572 2329 2982 2398 κατηγωνίσατο
3010 2341 3028 2358 °
3081 2331 3176 2382 καὶ
3227 2330 3380 2396 πῶς,
3433 2333 3698 2387 ἄκουσον·

2103 2421 2376 2493 Παρθένος
2411 2425 2506 2478 καὶ
2549 2423 2738 2490 ξύλον,
2779 2425 2872 2479 καὶ
2921 2425 3146 2490 θάνατος
3181 2427 3281 2497 τῆς
3309 2429 3481 2501 ἥττης
3531 2431 3700 2502 ἡμῶν

2100 2513 2168 2590 ἦν
2199 2521 2266 2574 τά
2305 2521 2568 2592 σύμϐολα.
2603 2521 2880 2592 Παρθένος
2907 2518 2975 2592 ἦν
3007 2525 3040 2593 ἠ
3075 2523 3187 2578 Εῦα
3209 2541 3224 2556 ο
3251 2525 3405 2580 οὔπω
3445 2527 3554 2600 γὰρ
3593 2531 3698 2585 ἀν-

2099 2616 2201 2686 δρα
2230 2616 2492 2684 ἐγίνωσκε
2513 2637 2525 2649 ·
2577 2617 2732 2683 ξύλον
2770 2614 2838 2690 ἦν
2876 2619 2936 2672 τὸ
2968 2619 3206 2690 δένδρον,
3237 2623 3331 2675 καὶ
3361 2622 3594 2688 θάνατος
3619 2624 3694 2702 ἦν

2098 2711 2160 2765 τὸ
2190 2714 2464 2784 ἐπιτίμιον
2495 2715 2590 2767 τοῦ
2629 2717 2816 2787 Ἀδάμ.
2870 2717 3012 2770 Ἀλλ’
3048 2719 3158 2772 ἰδοὺ
3178 2759 3192 2782 ,
3223 2721 3380 2774 πάλιν
3407 2723 3694 2792 παρθένος

2097 2809 2193 2862 καὶ
2215 2809 2368 2873 ξύλον
2397 2812 2492 2864 καὶ
2520 2811 2748 2876 θάνατος
2767 2854 2781 2876 ,
2803 2813 2872 2866 τὰ
2893 2815 2992 2885 τῆς
3019 2817 3190 2886 ἣττης
3219 2816 3454 2886 σύμϐολα
3477 2818 3684 2884 ταῦτα,

2097 2906 2189 2960 καὶ
2221 2907 2322 2976 τῆς
2358 2907 2515 2978 νίκης
2539 2910 2755 2975 ἐγένετο
2788 2911 3050 2982 σύμϐολα.
3105 2915 3251 2966 Ἀντὶ
3275 2915 3384 2984 γάρ
3409 2914 3512 2984 τῆς
3537 2915 3694 2981 Εὔας

2093 2992 2126 3060 ή
2159 2989 2391 3061 Μαριάμ
2411 3009 2424 3022 ·
2457 2993 2577 3046 ἀντὶ
2603 2993 2698 3047 τοῦ
2742 2993 2900 3060 ξύλου
2930 2995 3026 3049 τοῦ
3060 2997 3256 3051 εἰδέναι
3302 2997 3364 3050 16
3397 2998 3560 3051 καλὸν
3589 3001 3692 3054 καὶ

2093 3087 2153 3138 τὸ
2179 3089 2413 3158 πονηρὸν
2435 3127 2450 3150 ,
2481 3089 2540 3141 τὸ
2571 3087 2726 3156 ξύλον
2755 3090 2848 3144 τοῦ
2877 3091 3108 3164 σταυροῦ
3127 3109 3140 3123 ·
3175 3094 3299 3147 ἀντὶ
3325 3094 3420 3147 τοῦ
3449 3095 3684 3149 θανάτου

2089 3181 2183 3234 τοῦ
2225 3183 2442 3258 ’ᾼδὰμό
2481 3184 2708 3250 θάνατος
2737 3185 2831 3238 τοῦ
2863 3187 3121 3258 Χριστοῦ.
3157 3184 3342 3254 Εἶδες,
3375 3189 3444 3244 δι’
3477 3185 3552 3246 ὧν
3577 3191 3688 3244 ἐνί-

2091 3291 2226 3342 κησε
2243 3255 2262 3342 ’,
2301 3275 2390 3328 διά
2416 3275 2622 3330 τούτων
2653 3277 2814 3331 αὐτὸν
2841 3255 3184 3350 ἡττώμενον;
3211 3281 3350 3352 Περὶ
3379 3281 3441 3334 τὸ
3467 3281 3689 3353 δένδρον

2088 3372 2499 3441 κατηγωνίσατο
2531 3373 2621 3428 τὸν
2662 3375 2829 3446 Ἀδὰμ
2861 3377 2889 3429 ὁ
2919 3377 3164 3443 διάϐολος
3185 3395 3201 3410 ·
3237 3381 3370 3452 περὶ
3401 3381 3496 3434 τὸν
3521 3397 3690 3434 σταυ-

2089 3469 2181 3541 ρὸν
2209 3471 2578 3525 κατεπάλαισε
2621 3471 2712 3526 τὸν
2741 3473 2986 3528 διάϐολον
3026 3477 3054 3528 6
3091 3477 3326 3546 Χριστός
3345 3493 3360 3506 ⁶
3391 3478 3488 3530 καὶ
3523 3477 3688 3543 ξύλον

2083 3559 2145 3612 τὸ
2170 3561 2266 3630 μὲν
2291 3561 2538 3632 ἔπεμπεν
2567 3566 2646 3628 εἰς
2673 3564 2808 3636 ᾅδην
2827 3605 2842 3628 ,
2869 3568 2930 3620 16
2960 3566 3017 3620 δὲ
3055 3569 3150 3620 καὶ
3183 3569 3310 3631 106;
3337 3568 3688 3634 ἀπελθόντας

2083 3655 2291 3710 ἐκεῖθεν
2334 3658 2666 3714 ἀνεκαλεῖτο.
2703 3661 2872 3716 Πάλιν
2917 3661 3072 3727 ξύλον
3112 3662 3174 3716 τὸ
3211 3664 3312 3734 μὲν
3349 3663 3444 3718 τὸν
3473 3665 3685 3736 αἰχμά-

2080 3751 2246 3805 λωτον
2271 3754 2476 3825 γυμνὸν
2507 3756 2741 3829 ἔκρυψε,
2775 3758 2838 3812 τὸ
2864 3759 2921 3812 δὲ
2959 3760 3049 3813 τὸν
3082 3762 3310 3831 νικητὴν
3343 3763 3556 3834 γυμνὸν
3589 3765 3682 3832 ἐφ’

2079 3849 2283 3918 ὑψηλοῦ
2314 3853 2480 3904 πᾶσιν
2505 3853 2732 3907 ἐδείκνυ.
2768 3855 2879 3907 Καὶ
2907 3855 3138 3920 θάνατος
3181 3859 3209 3910 6
3249 3857 3351 3927 μὲν
3389 3860 3518 3922 106;
3551 3863 3678 3931 μετ’

2077 3947 2239 4002 αὑτὸν
2266 3949 2585 4020 κατέκρινεν
2608 3992 2622 4015 ,
2658 3953 2687 4004 6
2714 3953 2772 4006 δέ
2817 3953 2913 4006 καὶ
2940 3954 3065 4017 106;
3095 3955 3201 4026 πρὸ
3235 3955 3404 4010 αὐτοῦ
3441 3959 3678 4029 γενομέ-

2076 4059 2198 4106 νους
2229 4045 2513 4116 ἀνέστησε.
2556 4048 2652 4114 Τίς
2679 4050 2943 4119 λαλήσει
2989 4049 3099 4118 τὰς
3142 4051 3514 4122 δυναστείας
3567 4056 3674 4110 τοῦ

2073 4142 2326 4208 Κυρίου;
2370 4144 2503 4198 Ἀπὸ
2531 4144 2762 4200 θανάτου
2813 4149 3119 4220 γεγόναμεν
3165 4149 3458 4206 ἀθάνατον
3494 4154 3666 4208 ταῦτα

2071 4235 2166 4290 τοῦ
2209 4239 2442 4311 σταυροῦ
2480 4241 2550 4294 τὰ
2592 4243 3012 4314 κατορθώματα.
3047 4247 3289 4317 Ἐμαθες
3341 4249 3443 4319 τὴν
3473 4251 3670 4320 νίκην;

2071 4331 2274 4402 ἔμαθες
2301 4334 2395 4389 τὸν
2415 4337 2614 4406 τρόπον
2643 4339 2743 4407 τῆς
2776 4341 2932 4410 νίκης
2956 4359 2970 4407 ;
2999 4341 3138 4410 μάθε
3167 4344 3260 4396 καὶ
3283 4344 3404 4408 πῶς
3433 4346 3674 4418 ἀπονητὶ

2069 4429 2260 4498 γέγονε
2283 4431 2344 4484 τὸ
2373 4434 2724 4508 κατόρθωμα.
2757 4437 2870 4508 Οὐχ
2901 4437 3194 4510 ᾑμάξαμεν
3217 4441 3382 4511 ἡμεῖς
3405 4440 3477 4495 τὰ
3500 4443 3668 4508 ὅπλα,

2067 4525 2167 4580 οὐκ
2199 4527 2438 4600 ἔστημεν
2474 4531 2567 4584 ἐπὶ
2615 4532 2716 4602 τῆς
2765 4535 3154 4606 παρατάξεως,
3207 4538 3311 4592 οὐκ
3358 4537 3672 4610 ἐδεξάμεθα

2063 4623 2374 4696 τραύματα,
2399 4627 2521 4680 οὐδὲ
2549 4629 2764 4700 εἴδομεν
2793 4629 2887 4684 τὸν
2914 4631 3150 4703 πόλεμον
3175 4673 3192 4696 ,
3235 4634 3332 4689 καὶ
3359 4637 3463 4708 τὴν
3503 4637 3670 4710 νίκην

2065 4718 2334 4792 ἐλάϐομεν
2361 4737 2376 4752 ·
2419 4725 2449 4776 6
2500 4723 2650 4792 ἀγὼν
2677 4725 2774 4779 τοῦ
2825 4727 3098 4782 Δεσπότου
3125 4769 3140 4794 ,
3187 4730 3279 4784 καὶ
3311 4733 3341 4784 6
3393 4733 3668 4803 στέφανος

2063 4816 2351 4888 ήμέτερος.
2391 4815 2546 4872 Ἐπεὶ
2577 4815 2670 4875 οὖν
2697 4822 2793 4878 καὶ
2831 4821 3079 4896 ἡμετέρα
3122 4827 3156 4897 ἡ
3185 4825 3345 4899 νίκη,

2063 4929 2164 4983 μεν
2183 4951 2197 4977 ,
2229 4913 2484 4988 καθάπερ
2523 4918 2874 4987 στρατιῶται,
2905 4920 3003 4992 τὴν
3035 4923 3308 4978 ἐπινίκιον
3333 4926 3480 4997 ᾠδὴν
3519 4927 3666 4982 πάν-

2057 5027 2150 5072 τες
2183 5011 2442 5082 σήμερον,
2461 5013 2704 5085 εἴπωμεν
2725 5017 3022 5087 ὑμνοῦντες
3045 5019 3138 5074 τὸν
3161 5024 3468 5094 Δεσπότην·
3498 5025 3661 5082 Κατ-

2055 5109 2239 5175 επόθη
2279 5112 2311 5162 ό
2335 5108 2590 5178 θάνατος
2613 5117 2701 5180 εὶς
2729 5115 2926 5184 νῖκοςο
2957 5097 3226 5177 ποῦ’σου
3251 5165 3266 5186 ,
3293 5125 3516 5180 θάνατε
3539 5167 3556 5192 ,
3583 5129 3660 5182 τὸ

2053 5202 2261 5268 νῖκος;
2289 5205 2406 5260 ποῦ
2430 5219 2567 5274 σου,
2607 5209 2719 5280 ᾷδη
2745 5253 2758 5276 ,
2791 5215 2856 5266 τὸ
2888 5213 3181 5284 κέντρον;
3216 5219 3408 5275 Ταῦτα
3430 5225 3459 5275 6
3489 5241 3658 5278 σταυ·

2057 5297 2145 5369 ρὸς
2169 5301 2300 5370 ἡμῖν
2327 5302 2656 5375 κατώρθωσε
2677 5325 2690 5338 ·
2717 5311 2947 5384 σταυρὸς
2976 5313 3038 5366 τὸ
3071 5316 3215 5369 κατά
3234 5317 3344 5372 τῶν
3373 5319 3654 5392 δαιμόνων

2047 5396 2309 5467 τρόπαιον
2330 5438 2345 5462 ,
2371 5399 2404 5469 ή
2441 5403 2582 5456 κατὰ
2611 5403 2713 5474 τῆς
2740 5407 3017 5480 ἁμαρτίας
3046 5411 3292 5483 μάχαιρα
3314 5456 3330 5480 ,
3361 5415 3424 5469 τὸ
3469 5415 3648 5487 ξίφος,

2047 5484 2091 5558 ᾧ
2123 5491 2214 5546 τὸν
2252 5493 2375 5562 ὅφιν
2419 5497 2710 5570 ἐκέντησεν
2765 5504 2794 5556 6
2845 5507 3114 5578 Χριστός·
3175 5510 3408 5584 σταυρὸς
3446 5516 3510 5569 τὸ
3537 5484 3646 5570 τοῦ

2049 5587 2260 5660 Πατρὸς
2311 5591 2554 5664 θέλημα,
2593 5599 2626 5668 ή
2681 5597 2774 5653 τοῦ
2825 5603 3167 5674 Μονογενοῦς
3205 5609 3373 5678 δόξα,
3423 5609 3486 5667 τὸ
3545 5621 3646 5670 τοῦ

2049 5683 2364 5760 Πνεύματος
2397 5691 2704 5767 άγαλλίαμα
2729 5737 2742 5764 ,
2779 5699 2807 5751 6
2853 5701 2960 5756 τῶν
2989 5703 3238 5774 ἀγγέλων
3274 5709 3508 5782 κόσμος,
3539 5716 3644 5786 τῆς
