  <div class='ocr_page' id='page_1' title='image "/cluster/home/n/w/nwhite01/storage/ocr_20150623/49/hvd.32044054086806/390.png"; bbox 0 0 4062 6206; ppageno 0'>
   <div class='ocr_carea' id='block_1_1' title="bbox 284 308 389 366">
    <p class='ocr_par' dir='ltr' id='par_1_1' title="bbox 284 308 389 366">
     <span class='ocr_line' id='line_1_1' title="bbox 284 308 389 366; baseline -0.038 0"><span class='ocrx_word' id='word_1_1' title='bbox 284 308 389 366; x_wconf 70' lang='lat'><strong>395</strong></span> 
     </span>
    </p>
   </div>
   <div class='ocr_carea' id='block_1_2' title="bbox 280 415 1865 486">
    <p class='ocr_par' dir='ltr' id='par_1_2' title="bbox 280 415 1865 486">
     <span class='ocr_line' id='line_1_2' title="bbox 280 415 1865 486; baseline -0.005 -10"><span class='ocrx_word' id='word_1_2' title='bbox 280 420 471 476; x_wconf 76' lang='lat' dir='ltr'><strong>circuit</strong></span> <span class='ocrx_word' id='word_1_3' title='bbox 497 419 752 475; x_wconf 80' lang='lat' dir='ltr'><strong>Dominus</strong></span> <span class='ocrx_word' id='word_1_4' title='bbox 779 427 979 485; x_wconf 91' lang='lat' dir='ltr'><strong>noster,</strong></span> <span class='ocrx_word' id='word_1_5' title='bbox 1009 415 1167 471; x_wconf 88' lang='lat' dir='ltr'><strong>hodie</strong></span> <span class='ocrx_word' id='word_1_6' title='bbox 1185 425 1362 485; x_wconf 89' lang='lat' dir='ltr'><strong>portas</strong></span> <span class='ocrx_word' id='word_1_7' title='bbox 1388 430 1556 471; x_wconf 70' lang='lat' dir='ltr'><strong>terens</strong></span> <span class='ocrx_word' id='word_1_8' title='bbox 1573 415 1865 486; x_wconf 84' lang='lat' dir='ltr'><strong>confregit:</strong></span> 
     </span>
    </p>
   </div>
   <div class='ocr_carea' id='block_1_3' title="bbox 279 505 1862 580">
    <p class='ocr_par' dir='ltr' id='par_1_3' title="bbox 279 505 1862 580">
     <span class='ocr_line' id='line_1_3' title="bbox 279 505 1862 580; baseline -0.006 -11"><span class='ocrx_word' id='word_1_9' title='bbox 279 511 441 569; x_wconf 86' lang='lat' dir='ltr'><strong>hodie</strong></span> <span class='ocrx_word' id='word_1_10' title='bbox 468 521 646 567; x_wconf 88' lang='lat' dir='ltr'><strong>vectes</strong></span> <span class='ocrx_word' id='word_1_11' title='bbox 672 510 872 565; x_wconf 88' lang='lat' dir='ltr'><strong>ferreos</strong></span> <span class='ocrx_word' id='word_1_12' title='bbox 891 508 1139 564; x_wconf 90' lang='lat' dir='ltr'><strong>contrivit</strong></span> <span class='ocrx_word' id='word_1_13' title='bbox 1158 505 1327 580; x_wconf 82' lang='lat' dir='ltr'><strong>(Psal.</strong></span> <span class='ocrx_word' id='word_1_14' title='bbox 1350 507 1469 566; x_wconf 85' lang='lat' dir='ltr'><strong>l06.</strong></span> <span class='ocrx_word' id='word_1_15' title='bbox 1494 506 1589 572; x_wconf 85' lang='lat' dir='ltr'><strong>l6;</strong></span> <span class='ocrx_word' id='word_1_16' title='bbox 1622 506 1746 561; x_wconf 83' lang='lat' dir='ltr'><strong>Isai.</strong></span> <span class='ocrx_word' id='word_1_17' title='bbox 1772 507 1862 562; x_wconf 65' lang='lat'><strong>45.</strong></span> 
     </span>
    </p>
   </div>
   <div class='ocr_carea' id='block_1_4' title="bbox 276 598 1867 677">
    <p class='ocr_par' dir='ltr' id='par_1_4' title="bbox 276 598 1867 677">
     <span class='ocr_line' id='line_1_4' title="bbox 276 598 1867 677; baseline -0.006 -15"><span class='ocrx_word' id='word_1_18' title='bbox 276 605 355 677; x_wconf 75' lang='lat'><strong>2).</strong></span> <span class='ocrx_word' id='word_1_19' title='bbox 378 604 512 662; x_wconf 94' lang='lat' dir='ltr'><strong>Vide</strong></span> <span class='ocrx_word' id='word_1_20' title='bbox 528 601 657 659; x_wconf 89' lang='lat' dir='ltr'><strong>dicti</strong></span> <span class='ocrx_word' id='word_1_21' title='bbox 681 600 1095 657; x_wconf 88' lang='lat' dir='ltr'><strong>aceurationem.</strong></span> <span class='ocrx_word' id='word_1_22' title='bbox 1116 598 1229 654; x_wconf 90' lang='lat' dir='ltr'><strong>Non</strong></span> <span class='ocrx_word' id='word_1_23' title='bbox 1252 599 1407 666; x_wconf 81' lang='lat' dir='ltr'><strong>dixit,</strong></span> <span class='ocrx_word' id='word_1_24' title='bbox 1435 598 1658 668; x_wconf 84' lang='lat' dir='ltr'><strong>Aperuit</strong></span> <span class='ocrx_word' id='word_1_25' title='bbox 1689 607 1867 668; x_wconf 86' lang='lat' dir='ltr'><strong>portas</strong></span> 
     </span>
    </p>
   </div>
   <div class='ocr_carea' id='block_1_5' title="bbox 276 691 1867 767">
    <p class='ocr_par' dir='ltr' id='par_1_5' title="bbox 276 691 1867 767">
     <span class='ocr_line' id='line_1_5' title="bbox 276 691 1867 767; baseline -0.008 -11"><span class='ocrx_word' id='word_1_26' title='bbox 276 714 471 760; x_wconf 69' lang='lat' dir='ltr'><strong>aereas,</strong></span> <span class='ocrx_word' id='word_1_27' title='bbox 485 696 602 763; x_wconf 90' lang='lat' dir='ltr'><strong>sed,</strong></span> <span class='ocrx_word' id='word_1_28' title='bbox 622 694 879 767; x_wconf 80' lang='lat' dir='ltr'><strong>Confregit</strong></span> <span class='ocrx_word' id='word_1_29' title='bbox 903 704 1074 764; x_wconf 82' lang='lat' dir='ltr'><strong>portas</strong></span> <span class='ocrx_word' id='word_1_30' title='bbox 1100 709 1293 758; x_wconf 65' lang='lat' dir='ltr'><strong>cereas;</strong></span> <span class='ocrx_word' id='word_1_31' title='bbox 1315 704 1374 746; x_wconf 92' lang='lat' dir='ltr'><strong>ut</strong></span> <span class='ocrx_word' id='word_1_32' title='bbox 1400 692 1601 746; x_wconf 83' lang='lat' dir='ltr'><strong>inutilis</strong></span> <span class='ocrx_word' id='word_1_33' title='bbox 1617 691 1867 761; x_wconf 78' lang='lat' dir='ltr'><strong>deinceps</strong></span> 
     </span>
    </p>
   </div>
   <div class='ocr_carea' id='block_1_6' title="bbox 276 783 1871 852">
    <p class='ocr_par' dir='ltr' id='par_1_6' title="bbox 276 783 1871 852">
     <span class='ocr_line' id='line_1_6' title="bbox 276 783 1871 852; baseline -0.005 -12"><span class='ocrx_word' id='word_1_34' title='bbox 276 804 462 845; x_wconf 86' lang='lat' dir='ltr'><strong>carcer</strong></span> <span class='ocrx_word' id='word_1_35' title='bbox 480 785 720 843; x_wconf 80' lang='lat' dir='ltr'><strong>liat.l\&#39;on</strong></span> <span class='ocrx_word' id='word_1_36' title='bbox 742 786 961 841; x_wconf 78' lang='lat' dir='ltr'><strong>abstulit</strong></span> <span class='ocrx_word' id='word_1_37' title='bbox 980 794 1181 852; x_wconf 79' lang='lat' dir='ltr'><strong>vectes,</strong></span> <span class='ocrx_word' id='word_1_38' title='bbox 1210 783 1304 839; x_wconf 89' lang='lat' dir='ltr'><strong>sed</strong></span> <span class='ocrx_word' id='word_1_39' title='bbox 1330 784 1601 847; x_wconf 81' lang='lat' dir='ltr'><strong>contrivit,</strong></span> <span class='ocrx_word' id='word_1_40' title='bbox 1618 792 1871 837; x_wconf 85' lang='lat' dir='ltr'><strong>tttcusto-</strong></span> 
     </span>
    </p>
   </div>
   <div class='ocr_carea' id='block_1_7' title="bbox 274 874 1867 950">
    <p class='ocr_par' dir='ltr' id='par_1_7' title="bbox 274 874 1867 950">
     <span class='ocr_line' id='line_1_7' title="bbox 274 874 1867 950; baseline -0.005 -13"><span class='ocrx_word' id='word_1_41' title='bbox 274 883 359 937; x_wconf 89' lang='lat' dir='ltr'><strong>dia</strong></span> <span class='ocrx_word' id='word_1_42' title='bbox 382 882 636 950; x_wconf 87' lang='lat' dir='ltr'><strong>deinceps</strong></span> <span class='ocrx_word' id='word_1_43' title='bbox 656 880 866 934; x_wconf 91' lang='lat' dir='ltr'><strong>inlirma</strong></span> <span class='ocrx_word' id='word_1_44' title='bbox 893 876 1177 932; x_wconf 80' lang='lat' dir='ltr'><strong>reddatur:</strong></span> <span class='ocrx_word' id='word_1_45' title='bbox 1201 876 1289 931; x_wconf 89' lang='lat' dir='ltr'><strong>ubi</strong></span> <span class='ocrx_word' id='word_1_46' title='bbox 1315 874 1680 946; x_wconf 83' lang='lat' dir='ltr'><strong>nequejanua,</strong></span> <span class='ocrx_word' id='word_1_47' title='bbox 1697 876 1867 944; x_wconf 85' lang='lat' dir='ltr'><strong>neque</strong></span> 
     </span>
    </p>
   </div>
   <div class='ocr_carea' id='block_1_8' title="bbox 281 964 1869 1040">
    <p class='ocr_par' dir='ltr' id='par_1_8' title="bbox 281 964 1869 1040">
     <span class='ocr_line' id='line_1_8' title="bbox 281 964 1869 1040; baseline -0.006 -13"><span class='ocrx_word' id='word_1_48' title='bbox 281 974 480 1039; x_wconf 79' lang='lat' dir='ltr'><strong>vectis;</strong></span> <span class='ocrx_word' id='word_1_49' title='bbox 506 981 558 1028; x_wconf 90' lang='lat' dir='ltr'><strong>et</strong></span> <span class='ocrx_word' id='word_1_50' title='bbox 587 972 710 1027; x_wconf 89' lang='lat' dir='ltr'><strong>licet</strong></span> <span class='ocrx_word' id='word_1_51' title='bbox 737 969 857 1040; x_wconf 89' lang='lat' dir='ltr'><strong>quis</strong></span> <span class='ocrx_word' id='word_1_52' title='bbox 882 970 1179 1033; x_wconf 86' lang='lat' dir='ltr'><strong>intret,non</strong></span> <span class='ocrx_word' id='word_1_53' title='bbox 1211 975 1439 1022; x_wconf 78' lang='lat' dir='ltr'><strong>tenetur.</strong></span> <span class='ocrx_word' id='word_1_54' title='bbox 1459 964 1683 1032; x_wconf 78' lang='lat' dir='ltr'><strong>Quando</strong></span> <span class='ocrx_word' id='word_1_55' title='bbox 1712 965 1869 1034; x_wconf 81' lang='lat' dir='ltr'><strong>igitur</strong></span> 
     </span>
    </p>
   </div>
   <div class='ocr_carea' id='block_1_9' title="bbox 276 1056 1866 1131">
    <p class='ocr_par' dir='ltr' id='par_1_9' title="bbox 276 1056 1866 1131">
     <span class='ocr_line' id='line_1_9' title="bbox 276 1056 1866 1131; baseline -0.007 -11"><span class='ocrx_word' id='word_1_56' title='bbox 276 1065 520 1120; x_wconf 78' lang='lat' dir='ltr'><strong>Christus</strong></span> <span class='ocrx_word' id='word_1_57' title='bbox 557 1061 854 1131; x_wconf 90' lang='lat' dir='ltr'><strong>confregit,</strong></span> <span class='ocrx_word' id='word_1_58' title='bbox 878 1060 995 1130; x_wconf 91' lang='lat' dir='ltr'><strong>quis</strong></span> <span class='ocrx_word' id='word_1_59' title='bbox 1025 1058 1160 1114; x_wconf 88' lang='lat' dir='ltr'><strong>alios</strong></span> <span class='ocrx_word' id='word_1_60' title='bbox 1184 1073 1434 1129; x_wconf 88' lang='lat' dir='ltr'><strong>reparare</strong></span> <span class='ocrx_word' id='word_1_61' title='bbox 1455 1057 1694 1126; x_wconf 81' lang='lat' dir='ltr'><strong>poterit?</strong></span> <span class='ocrx_word' id='word_1_62' title='bbox 1715 1056 1866 1124; x_wconf 87' lang='lat' dir='ltr'><strong>Quod</strong></span> 
     </span>
    </p>
   </div>
   <div class='ocr_carea' id='block_1_10' title="bbox 277 1145 1869 1220">
    <p class='ocr_par' dir='ltr' id='par_1_10' title="bbox 277 1145 1869 1220">
     <span class='ocr_line' id='line_1_10' title="bbox 277 1145 1869 1220; baseline -0.006 -12"><span class='ocrx_word' id='word_1_63' title='bbox 277 1155 420 1209; x_wconf 90' lang='lat' dir='ltr'><strong>enim</strong></span> <span class='ocrx_word' id='word_1_64' title='bbox 449 1155 588 1209; x_wconf 88' lang='lat' dir='ltr'><strong>Deus</strong></span> <span class='ocrx_word' id='word_1_65' title='bbox 611 1160 851 1217; x_wconf 90' lang='lat' dir='ltr'><strong>evertet,</strong></span> <span class='ocrx_word' id='word_1_66' title='bbox 883 1149 1087 1220; x_wconf 89' lang='lat' dir='ltr'><strong>inquit,</strong></span> <span class='ocrx_word' id='word_1_67' title='bbox 1118 1149 1238 1219; x_wconf 92' lang='lat' dir='ltr'><strong>quis</strong></span> <span class='ocrx_word' id='word_1_68' title='bbox 1262 1148 1330 1202; x_wconf 91' lang='lat' dir='ltr'><strong>de</strong></span> <span class='ocrx_word' id='word_1_69' title='bbox 1355 1157 1550 1202; x_wconf 66' lang='lat' dir='ltr'><strong>caetero</strong></span> <span class='ocrx_word' id='word_1_70' title='bbox 1578 1145 1869 1201; x_wconf 85' lang='lat' dir='ltr'><strong>restituet?</strong></span> 
     </span>
    </p>
   </div>
   <div class='ocr_carea' id='block_1_11' title="bbox 278 1237 1864 1317">
    <p class='ocr_par' dir='ltr' id='par_1_11' title="bbox 278 1237 1864 1317">
     <span class='ocr_line' id='line_1_11' title="bbox 278 1237 1864 1317; baseline -0.009 -14"><span class='ocrx_word' id='word_1_71' title='bbox 278 1245 454 1317; x_wconf 72' lang='lat' dir='ltr'><strong>Reges</strong></span> <span class='ocrx_word' id='word_1_72' title='bbox 475 1260 597 1300; x_wconf 88' lang='lat' dir='ltr'><strong>cum</strong></span> <span class='ocrx_word' id='word_1_73' title='bbox 629 1242 832 1297; x_wconf 87' lang='lat' dir='ltr'><strong>vinctos</strong></span> <span class='ocrx_word' id='word_1_74' title='bbox 853 1241 1119 1296; x_wconf 85' lang='lat' dir='ltr'><strong>dimittere</strong></span> <span class='ocrx_word' id='word_1_75' title='bbox 1142 1239 1354 1304; x_wconf 89' lang='lat' dir='ltr'><strong>volunt,</strong></span> <span class='ocrx_word' id='word_1_76' title='bbox 1386 1238 1564 1292; x_wconf 87' lang='lat' dir='ltr'><strong>missis</strong></span> <span class='ocrx_word' id='word_1_77' title='bbox 1589 1237 1829 1307; x_wconf 89' lang='lat' dir='ltr'><strong>epistolis</strong></span> <span class='ocrx_word' id='word_1_78' title='bbox 1848 1277 1864 1300; x_wconf 96' lang='lat'><strong>,</strong></span> 
     </span>
    </p>
   </div>
   <div class='ocr_carea' id='block_1_12' title="bbox 279 1329 1864 1406">
    <p class='ocr_par' dir='ltr' id='par_1_12' title="bbox 279 1329 1864 1406">
     <span class='ocr_line' id='line_1_12' title="bbox 279 1329 1864 1406; baseline -0.01 -10"><span class='ocrx_word' id='word_1_79' title='bbox 279 1353 388 1396; x_wconf 89' lang='lat' dir='ltr'><strong>non</strong></span> <span class='ocrx_word' id='word_1_80' title='bbox 417 1347 485 1393; x_wconf 80' lang='lat' dir='ltr'><strong>ita</strong></span> <span class='ocrx_word' id='word_1_81' title='bbox 529 1344 690 1406; x_wconf 83' lang='lat' dir='ltr'><strong>agunt</strong></span> <span class='ocrx_word' id='word_1_82' title='bbox 709 1376 723 1399; x_wconf 91' lang='lat'><strong>,</strong></span> <span class='ocrx_word' id='word_1_83' title='bbox 751 1334 844 1390; x_wconf 88' lang='lat' dir='ltr'><strong>sed</strong></span> <span class='ocrx_word' id='word_1_84' title='bbox 877 1344 985 1389; x_wconf 88' lang='lat' dir='ltr'><strong>tam</strong></span> <span class='ocrx_word' id='word_1_85' title='bbox 1026 1331 1187 1397; x_wconf 83' lang='lat' dir='ltr'><strong>fores,</strong></span> <span class='ocrx_word' id='word_1_86' title='bbox 1214 1347 1372 1402; x_wconf 65' lang='lat' dir='ltr'><strong>quam</strong></span> <span class='ocrx_word' id='word_1_87' title='bbox 1420 1330 1670 1385; x_wconf 88' lang='lat' dir='ltr'><strong>custodes</strong></span> <span class='ocrx_word' id='word_1_88' title='bbox 1699 1329 1864 1383; x_wconf 86' lang='lat' dir='ltr'><strong>relin-</strong></span> 
     </span>
    </p>
   </div>
   <div class='ocr_carea' id='block_1_13' title="bbox 280 1422 1863 1501">
    <p class='ocr_par' dir='ltr' id='par_1_13' title="bbox 280 1422 1863 1501">
     <span class='ocr_line' id='line_1_13' title="bbox 280 1422 1863 1501; baseline -0.008 -15"><span class='ocrx_word' id='word_1_89' title='bbox 280 1438 449 1501; x_wconf 89' lang='lat' dir='ltr'><strong>quunt</strong></span> <span class='ocrx_word' id='word_1_90' title='bbox 468 1470 483 1493; x_wconf 90' lang='lat'><strong>,</strong></span> <span class='ocrx_word' id='word_1_91' title='bbox 511 1439 568 1482; x_wconf 90' lang='lat' dir='ltr'><strong>ut</strong></span> <span class='ocrx_word' id='word_1_92' title='bbox 605 1426 890 1482; x_wconf 85' lang='lat' dir='ltr'><strong>ostendant</strong></span> <span class='ocrx_word' id='word_1_93' title='bbox 908 1467 923 1492; x_wconf 92' lang='lat'><strong>,</strong></span> <span class='ocrx_word' id='word_1_94' title='bbox 951 1440 1017 1480; x_wconf 91' lang='lat' dir='ltr'><strong>eo</strong></span> <span class='ocrx_word' id='word_1_95' title='bbox 1049 1424 1226 1480; x_wconf 91' lang='lat' dir='ltr'><strong>denuo</strong></span> <span class='ocrx_word' id='word_1_96' title='bbox 1274 1422 1676 1492; x_wconf 87' lang='lat' dir='ltr'><strong>ingrediendum</strong></span> <span class='ocrx_word' id='word_1_97' title='bbox 1705 1435 1825 1475; x_wconf 89' lang='lat' dir='ltr'><strong>esse</strong></span> <span class='ocrx_word' id='word_1_98' title='bbox 1846 1460 1863 1486; x_wconf 93' lang='lat'><strong>,</strong></span> 
     </span>
    </p>
   </div>
   <div class='ocr_carea' id='block_1_14' title="bbox 278 1508 1862 1587">
    <p class='ocr_par' dir='ltr' id='par_1_14' title="bbox 278 1508 1862 1587">
     <span class='ocr_line' id='line_1_14' title="bbox 278 1508 1862 1587; baseline -0.009 -9"><span class='ocrx_word' id='word_1_99' title='bbox 278 1523 363 1579; x_wconf 85' lang='lat' dir='ltr'><strong>vel</strong></span> <span class='ocrx_word' id='word_1_100' title='bbox 394 1521 520 1584; x_wconf 89' lang='lat' dir='ltr'><strong>illis,</strong></span> <span class='ocrx_word' id='word_1_101' title='bbox 547 1519 634 1587; x_wconf 90' lang='lat' dir='ltr'><strong>qui</strong></span> <span class='ocrx_word' id='word_1_102' title='bbox 648 1519 757 1587; x_wconf 84' lang='lat' dir='ltr'><strong>jam</strong></span> <span class='ocrx_word' id='word_1_103' title='bbox 787 1516 935 1572; x_wconf 81' lang='lat' dir='ltr'><strong>liberi</strong></span> <span class='ocrx_word' id='word_1_104' title='bbox 959 1516 1232 1575; x_wconf 82' lang='lat' dir='ltr'><strong>abierunt,</strong></span> <span class='ocrx_word' id='word_1_105' title='bbox 1258 1515 1342 1569; x_wconf 83' lang='lat' dir='ltr'><strong>vel</strong></span> <span class='ocrx_word' id='word_1_106' title='bbox 1376 1514 1493 1567; x_wconf 90' lang='lat' dir='ltr'><strong>loco</strong></span> <span class='ocrx_word' id='word_1_107' title='bbox 1513 1527 1698 1566; x_wconf 89' lang='lat' dir='ltr'><strong>eorum</strong></span> <span class='ocrx_word' id='word_1_108' title='bbox 1724 1508 1862 1565; x_wconf 75' lang='lat' dir='ltr'><strong>aliis.</strong></span> 
     </span>
    </p>
   </div>
   <div class='ocr_carea' id='block_1_15' title="bbox 276 1603 1865 1674">
    <p class='ocr_par' dir='ltr' id='par_1_15' title="bbox 276 1603 1865 1674">
     <span class='ocr_line' id='line_1_15' title="bbox 276 1603 1865 1674; baseline -0.011 -3"><span class='ocrx_word' id='word_1_109' title='bbox 276 1613 396 1671; x_wconf 78' lang='lat' dir='ltr'><strong>Non</strong></span> <span class='ocrx_word' id='word_1_110' title='bbox 442 1614 511 1667; x_wconf 89' lang='lat' dir='ltr'><strong>ita</strong></span> <span class='ocrx_word' id='word_1_111' title='bbox 555 1609 833 1674; x_wconf 78' lang='lat' dir='ltr'><strong>Christus,</strong></span> <span class='ocrx_word' id='word_1_112' title='bbox 862 1605 956 1661; x_wconf 90' lang='lat' dir='ltr'><strong>sed</strong></span> <span class='ocrx_word' id='word_1_113' title='bbox 996 1605 1367 1660; x_wconf 84' lang='lat' dir='ltr'><strong>demonstrare</strong></span> <span class='ocrx_word' id='word_1_114' title='bbox 1406 1603 1592 1659; x_wconf 90' lang='lat' dir='ltr'><strong>volens</strong></span> <span class='ocrx_word' id='word_1_115' title='bbox 1637 1609 1865 1657; x_wconf 90' lang='lat' dir='ltr'><strong>mortem</strong></span> 
     </span>
    </p>
   </div>
   <div class='ocr_carea' id='block_1_16' title="bbox 275 1693 1867 1778">
    <p class='ocr_par' dir='ltr' id='par_1_16' title="bbox 275 1693 1867 1778">
     <span class='ocr_line' id='line_1_16' title="bbox 275 1693 1867 1778; baseline -0.009 -17"><span class='ocrx_word' id='word_1_116' title='bbox 275 1709 389 1778; x_wconf 84' lang='lat' dir='ltr'><strong>jam</strong></span> <span class='ocrx_word' id='word_1_117' title='bbox 411 1705 477 1759; x_wconf 88' lang='lat' dir='ltr'><strong>ad</strong></span> <span class='ocrx_word' id='word_1_118' title='bbox 505 1703 659 1757; x_wconf 91' lang='lat' dir='ltr'><strong>linem</strong></span> <span class='ocrx_word' id='word_1_119' title='bbox 700 1709 1004 1767; x_wconf 85' lang='lat' dir='ltr'><strong>metamque</strong></span> <span class='ocrx_word' id='word_1_120' title='bbox 1034 1697 1372 1768; x_wconf 89' lang='lat' dir='ltr'><strong>pervenisse,</strong></span> <span class='ocrx_word' id='word_1_121' title='bbox 1404 1710 1572 1749; x_wconf 69' lang='lat' dir='ltr'><strong>aereas</strong></span> <span class='ocrx_word' id='word_1_122' title='bbox 1598 1693 1715 1762; x_wconf 83' lang='lat' dir='ltr'><strong>ejus</strong></span> <span class='ocrx_word' id='word_1_123' title='bbox 1739 1708 1867 1762; x_wconf 87' lang='lat' dir='ltr'><strong>por-</strong></span> 
     </span>
    </p>
   </div>
   <div class='ocr_carea' id='block_1_17' title="bbox 280 1785 1868 1864">
    <p class='ocr_par' dir='ltr' id='par_1_17' title="bbox 280 1785 1868 1864">
     <span class='ocr_line' id='line_1_17' title="bbox 280 1785 1868 1864; baseline -0.009 -10"><span class='ocrx_word' id='word_1_124' title='bbox 280 1806 364 1854; x_wconf 83' lang='lat' dir='ltr'><strong>tas</strong></span> <span class='ocrx_word' id='word_1_125' title='bbox 392 1793 686 1864; x_wconf 72' lang='lat' dir='ltr'><strong>confregit:</strong></span> <span class='ocrx_word' id='word_1_126' title='bbox 710 1806 878 1845; x_wconf 85' lang='lat' dir='ltr'><strong>a-reas</strong></span> <span class='ocrx_word' id='word_1_127' title='bbox 907 1806 1034 1844; x_wconf 89' lang='lat' dir='ltr'><strong>vero</strong></span> <span class='ocrx_word' id='word_1_128' title='bbox 1065 1788 1377 1853; x_wconf 89' lang='lat' dir='ltr'><strong>nominavit,</strong></span> <span class='ocrx_word' id='word_1_129' title='bbox 1408 1803 1511 1839; x_wconf 91' lang='lat' dir='ltr'><strong>non</strong></span> <span class='ocrx_word' id='word_1_130' title='bbox 1540 1785 1679 1856; x_wconf 91' lang='lat' dir='ltr'><strong>quod</strong></span> <span class='ocrx_word' id='word_1_131' title='bbox 1704 1793 1868 1854; x_wconf 72' lang='lat' dir='ltr'><strong>porta:</strong></span> 
     </span>
    </p>
   </div>
   <div class='ocr_carea' id='block_1_18' title="bbox 279 1877 1867 1947">
    <p class='ocr_par' dir='ltr' id='par_1_18' title="bbox 279 1877 1867 1947">
     <span class='ocr_line' id='line_1_18' title="bbox 279 1877 1867 1947; baseline -0.009 -3"><span class='ocrx_word' id='word_1_132' title='bbox 279 1890 385 1945; x_wconf 81' lang='lat' dir='ltr'><strong>ilhc</strong></span> <span class='ocrx_word' id='word_1_133' title='bbox 413 1904 478 1944; x_wconf 80' lang='lat' dir='ltr'><strong>ex</strong></span> <span class='ocrx_word' id='word_1_134' title='bbox 519 1901 626 1940; x_wconf 74' lang='lat' dir='ltr'><strong>tere</strong></span> <span class='ocrx_word' id='word_1_135' title='bbox 655 1884 762 1939; x_wconf 91' lang='lat' dir='ltr'><strong>sint</strong></span> <span class='ocrx_word' id='word_1_136' title='bbox 801 1880 1131 1947; x_wconf 63' lang='lat' dir='ltr'><strong>fabrefactis,</strong></span> <span class='ocrx_word' id='word_1_137' title='bbox 1160 1878 1253 1935; x_wconf 89' lang='lat' dir='ltr'><strong>sed</strong></span> <span class='ocrx_word' id='word_1_138' title='bbox 1281 1887 1338 1934; x_wconf 93' lang='lat' dir='ltr'><strong>ut</strong></span> <span class='ocrx_word' id='word_1_139' title='bbox 1366 1878 1661 1933; x_wconf 85' lang='lat' dir='ltr'><strong>declararet</strong></span> <span class='ocrx_word' id='word_1_140' title='bbox 1690 1877 1867 1931; x_wconf 89' lang='lat' dir='ltr'><strong>immi-</strong></span> 
     </span>
    </p>
   </div>
   <div class='ocr_carea' id='block_1_19' title="bbox 280 1968 1871 2036">
    <p class='ocr_par' dir='ltr' id='par_1_19' title="bbox 280 1968 1871 2036">
     <span class='ocr_line' id='line_1_19' title="bbox 280 1968 1871 2036; baseline -0.01 1"><span class='ocrx_word' id='word_1_141' title='bbox 280 1988 387 2036; x_wconf 87' lang='lat' dir='ltr'><strong>tem</strong></span> <span class='ocrx_word' id='word_1_142' title='bbox 415 1978 559 2032; x_wconf 85' lang='lat' dir='ltr'><strong>illam</strong></span> <span class='ocrx_word' id='word_1_143' title='bbox 588 1983 643 2031; x_wconf 87' lang='lat' dir='ltr'><strong>et</strong></span> <span class='ocrx_word' id='word_1_144' title='bbox 670 1972 1049 2029; x_wconf 79' lang='lat' dir='ltr'><strong>inexorabilem</strong></span> <span class='ocrx_word' id='word_1_145' title='bbox 1090 1971 1278 2025; x_wconf 90' lang='lat' dir='ltr'><strong>mortis</strong></span> <span class='ocrx_word' id='word_1_146' title='bbox 1299 1972 1692 2025; x_wconf 82' lang='lat' dir='ltr'><strong>necessitatem.</strong></span> <span class='ocrx_word' id='word_1_147' title='bbox 1726 1968 1789 2022; x_wconf 87' lang='lat' dir='ltr'><strong>Et</strong></span> <span class='ocrx_word' id='word_1_148' title='bbox 1812 1976 1871 2021; x_wconf 90' lang='lat' dir='ltr'><strong>nt</strong></span> 
     </span>
    </p>
   </div>
   <div class='ocr_carea' id='block_1_20' title="bbox 280 2056 1866 2138">
    <p class='ocr_par' dir='ltr' id='par_1_20' title="bbox 280 2056 1866 2138">
     <span class='ocr_line' id='line_1_20' title="bbox 280 2056 1866 2138; baseline -0.011 -11"><span class='ocrx_word' id='word_1_149' title='bbox 280 2071 566 2138; x_wconf 31' lang='lat' dir='ltr'><strong>intelligas,</strong></span> <span class='ocrx_word' id='word_1_150' title='bbox 595 2076 700 2121; x_wconf 88' lang='lat' dir='ltr'><strong>tam</strong></span> <span class='ocrx_word' id='word_1_151' title='bbox 731 2079 805 2119; x_wconf 71' lang='grc' dir='ltr'><strong>ωε</strong></span> <span class='ocrx_word' id='word_1_152' title='bbox 830 2079 986 2134; x_wconf 91' lang='lat' dir='ltr'><strong>quam</strong></span> <span class='ocrx_word' id='word_1_153' title='bbox 1011 2062 1207 2116; x_wconf 90' lang='lat' dir='ltr'><strong>ferrum</strong></span> <span class='ocrx_word' id='word_1_154' title='bbox 1234 2061 1535 2131; x_wconf 80' lang='lat' dir='ltr'><strong>significare</strong></span> <span class='ocrx_word' id='word_1_155' title='bbox 1561 2059 1699 2113; x_wconf 88' lang='lat' dir='ltr'><strong>idem</strong></span> <span class='ocrx_word' id='word_1_156' title='bbox 1726 2056 1866 2129; x_wconf 90' lang='lat' dir='ltr'><strong>quod</strong></span> 
     </span>
    </p>
   </div>
   <div class='ocr_carea' id='block_1_21' title="bbox 276 2151 1868 2235">
    <p class='ocr_par' dir='ltr' id='par_1_21' title="bbox 276 2151 1868 2235">
     <span class='ocr_line' id='line_1_21' title="bbox 276 2151 1868 2235; baseline -0.01 -15"><span class='ocrx_word' id='word_1_157' title='bbox 276 2164 505 2235; x_wconf 87' lang='lat' dir='ltr'><strong>rigidum</strong></span> <span class='ocrx_word' id='word_1_158' title='bbox 534 2168 588 2215; x_wconf 91' lang='lat' dir='ltr'><strong>et</strong></span> <span class='ocrx_word' id='word_1_159' title='bbox 630 2156 946 2220; x_wconf 76' lang='lat' dir='ltr'><strong>inﬂexibile,</strong></span> <span class='ocrx_word' id='word_1_160' title='bbox 976 2154 1096 2209; x_wconf 90' lang='lat' dir='ltr'><strong>audi</strong></span> <span class='ocrx_word' id='word_1_161' title='bbox 1128 2154 1252 2224; x_wconf 91' lang='lat' dir='ltr'><strong>quid</strong></span> <span class='ocrx_word' id='word_1_162' title='bbox 1283 2153 1347 2207; x_wconf 88' lang='lat' dir='ltr'><strong>ad</strong></span> <span class='ocrx_word' id='word_1_163' title='bbox 1378 2151 1661 2223; x_wconf 83' lang='lat' dir='ltr'><strong>quemdam</strong></span> <span class='ocrx_word' id='word_1_164' title='bbox 1693 2151 1868 2220; x_wconf 86' lang='lat' dir='ltr'><strong>impu-</strong></span> 
     </span>
    </p>
   </div>
   <div class='ocr_carea' id='block_1_22' title="bbox 276 2244 1869 2315">
    <p class='ocr_par' dir='ltr' id='par_1_22' title="bbox 276 2244 1869 2315">
     <span class='ocr_line' id='line_1_22' title="bbox 276 2244 1869 2315; baseline -0.012 -2"><span class='ocrx_word' id='word_1_165' title='bbox 276 2256 494 2313; x_wconf 86' lang='lat' dir='ltr'><strong>dentem</strong></span> <span class='ocrx_word' id='word_1_166' title='bbox 543 2252 680 2306; x_wconf 89' lang='lat' dir='ltr'><strong>Deus</strong></span> <span class='ocrx_word' id='word_1_167' title='bbox 727 2250 871 2304; x_wconf 87' lang='lat' dir='ltr'><strong>dicat</strong></span> <span class='ocrx_word' id='word_1_168' title='bbox 902 2266 916 2304; x_wconf 88' lang='lat'><strong>:</strong></span> <span class='ocrx_word' id='word_1_169' title='bbox 947 2246 1147 2301; x_wconf 74' lang='lat' dir='ltr'><strong>Nervus</strong></span> <span class='ocrx_word' id='word_1_170' title='bbox 1191 2246 1415 2315; x_wconf 78' lang='lat' dir='ltr'><strong>ferreus,</strong></span> <span class='ocrx_word' id='word_1_171' title='bbox 1447 2244 1613 2296; x_wconf 71' lang='lat' dir='ltr'><strong>cert&#39;t&#39;a:</strong></span> <span class='ocrx_word' id='word_1_172' title='bbox 1658 2252 1778 2307; x_wconf 86' lang='lat' dir='ltr'><strong>tua,</strong></span> <span class='ocrx_word' id='word_1_173' title='bbox 1822 2252 1869 2295; x_wconf 86' lang='lat' dir='ltr'><strong>et</strong></span> 
     </span>
    </p>
   </div>
   <div class='ocr_carea' id='block_1_23' title="bbox 274 2327 1869 2421">
    <p class='ocr_par' dir='ltr' id='par_1_23' title="bbox 274 2327 1869 2421">
     <span class='ocr_line' id='line_1_23' title="bbox 274 2327 1869 2421; baseline -0.009 -20"><span class='ocrx_word' id='word_1_174' title='bbox 274 2349 419 2421; x_wconf 79' lang='lat' dir='ltr'><strong>frons</strong></span> <span class='ocrx_word' id='word_1_175' title='bbox 468 2356 558 2398; x_wconf 83' lang='lat' dir='ltr'><strong>tua</strong></span> <span class='ocrx_word' id='word_1_176' title='bbox 601 2358 732 2397; x_wconf 77' lang='lat' dir='ltr'><strong>terea</strong></span> <span class='ocrx_word' id='word_1_177' title='bbox 764 2342 783 2414; x_wconf 84' lang='lat'><strong>(</strong></span> <span class='ocrx_word' id='word_1_178' title='bbox 811 2339 935 2394; x_wconf 86' lang='lat' dir='ltr'><strong>Isai.</strong></span> <span class='ocrx_word' id='word_1_179' title='bbox 969 2338 1056 2394; x_wconf 66' lang='lat'><strong>48.</strong></span> <span class='ocrx_word' id='word_1_180' title='bbox 1090 2336 1184 2408; x_wconf 77' lang='grc'><strong>4).</strong></span> <span class='ocrx_word' id='word_1_181' title='bbox 1222 2327 1340 2389; x_wconf 73' lang='grc' dir='ltr'><strong>11οό</strong></span> <span class='ocrx_word' id='word_1_182' title='bbox 1376 2334 1546 2399; x_wconf 80' lang='lat' dir='ltr'><strong>dixit,</strong></span> <span class='ocrx_word' id='word_1_183' title='bbox 1576 2348 1678 2386; x_wconf 89' lang='lat' dir='ltr'><strong>non</strong></span> <span class='ocrx_word' id='word_1_184' title='bbox 1727 2330 1869 2400; x_wconf 90' lang='lat' dir='ltr'><strong>quod</strong></span> 
     </span>
    </p>
   </div>
   <div class='ocr_carea' id='block_1_24' title="bbox 272 2424 1871 2498">
    <p class='ocr_par' dir='ltr' id='par_1_24' title="bbox 272 2424 1871 2498">
     <span class='ocr_line' id='line_1_24' title="bbox 272 2424 1871 2498; baseline -0.013 -2"><span class='ocrx_word' id='word_1_185' title='bbox 272 2453 472 2496; x_wconf 61' lang='lat' dir='ltr'><strong>aeream</strong></span> <span class='ocrx_word' id='word_1_186' title='bbox 501 2435 731 2491; x_wconf 76' lang='lat' dir='ltr'><strong>frontem</strong></span> <span class='ocrx_word' id='word_1_187' title='bbox 759 2432 1004 2487; x_wconf 84' lang='lat' dir='ltr'><strong>habuerit</strong></span> <span class='ocrx_word' id='word_1_188' title='bbox 1028 2447 1043 2495; x_wconf 91' lang='lat'><strong>;</strong></span> <span class='ocrx_word' id='word_1_189' title='bbox 1073 2430 1165 2483; x_wconf 89' lang='lat' dir='ltr'><strong>sed</strong></span> <span class='ocrx_word' id='word_1_190' title='bbox 1200 2430 1318 2498; x_wconf 90' lang='lat' dir='ltr'><strong>quia</strong></span> <span class='ocrx_word' id='word_1_191' title='bbox 1344 2424 1728 2493; x_wconf 85' lang='lat' dir='ltr'><strong>implacabilem</strong></span> <span class='ocrx_word' id='word_1_192' title='bbox 1755 2424 1871 2478; x_wconf 81' lang='lat' dir='ltr'><strong>vul-</strong></span> 
     </span>
    </p>
   </div>
   <div class='ocr_carea' id='block_1_25' title="bbox 275 2517 1870 2599">
    <p class='ocr_par' dir='ltr' id='par_1_25' title="bbox 275 2517 1870 2599">
     <span class='ocr_line' id='line_1_25' title="bbox 275 2517 1870 2599; baseline -0.011 -10"><span class='ocrx_word' id='word_1_193' title='bbox 275 2545 389 2589; x_wconf 88' lang='lat' dir='ltr'><strong>tum</strong></span> <span class='ocrx_word' id='word_1_194' title='bbox 419 2541 475 2587; x_wconf 93' lang='lat' dir='ltr'><strong>et</strong></span> <span class='ocrx_word' id='word_1_195' title='bbox 514 2525 877 2599; x_wconf 83' lang='lat' dir='ltr'><strong>impudentem</strong></span> <span class='ocrx_word' id='word_1_196' title='bbox 913 2534 966 2579; x_wconf 93' lang='lat' dir='ltr'><strong>et</strong></span> <span class='ocrx_word' id='word_1_197' title='bbox 1016 2523 1271 2577; x_wconf 90' lang='lat' dir='ltr'><strong>immitem</strong></span> <span class='ocrx_word' id='word_1_198' title='bbox 1300 2521 1501 2574; x_wconf 87' lang='lat' dir='ltr'><strong>habuit.</strong></span> <span class='ocrx_word' id='word_1_199' title='bbox 1531 2518 1621 2574; x_wconf 89' lang='lat' dir='ltr'><strong>Vis</strong></span> <span class='ocrx_word' id='word_1_200' title='bbox 1664 2517 1870 2573; x_wconf 84' lang='lat' dir='ltr'><strong>discere</strong></span> 
     </span>
    </p>
   </div>
   <div class='ocr_carea' id='block_1_26' title="bbox 272 2607 1871 2697">
    <p class='ocr_par' dir='ltr' id='par_1_26' title="bbox 272 2607 1871 2697">
     <span class='ocr_line' id='line_1_26' title="bbox 272 2607 1871 2697; baseline -0.013 -17"><span class='ocrx_word' id='word_1_201' title='bbox 272 2622 548 2697; x_wconf 89' lang='lat' dir='ltr'><strong>quomodo</strong></span> <span class='ocrx_word' id='word_1_202' title='bbox 580 2619 743 2674; x_wconf 85' lang='lat' dir='ltr'><strong>fueris</strong></span> <span class='ocrx_word' id='word_1_203' title='bbox 776 2614 1159 2686; x_wconf 88' lang='lat' dir='ltr'><strong>implacabilis,</strong></span> <span class='ocrx_word' id='word_1_204' title='bbox 1191 2611 1532 2677; x_wconf 77' lang='lat' dir='ltr'><strong>inﬂexibilis,</strong></span> <span class='ocrx_word' id='word_1_205' title='bbox 1574 2618 1629 2664; x_wconf 90' lang='lat' dir='ltr'><strong>et</strong></span> <span class='ocrx_word' id='word_1_206' title='bbox 1668 2607 1871 2679; x_wconf 77' lang='lat' dir='ltr'><strong>ipsissi-</strong></span> 
     </span>
    </p>
   </div>
   <div class='ocr_carea' id='block_1_27' title="bbox 275 2699 1872 2776">
    <p class='ocr_par' dir='ltr' id='par_1_27' title="bbox 275 2699 1872 2776">
     <span class='ocr_line' id='line_1_27' title="bbox 275 2699 1872 2776; baseline -0.013 -3"><span class='ocrx_word' id='word_1_207' title='bbox 275 2731 399 2773; x_wconf 89' lang='lat' dir='ltr'><strong>mus</strong></span> <span class='ocrx_word' id='word_1_208' title='bbox 445 2711 704 2768; x_wconf 82' lang='lat' dir='ltr'><strong>adamas?</strong></span> <span class='ocrx_word' id='word_1_209' title='bbox 733 2708 904 2763; x_wconf 90' lang='lat' dir='ltr'><strong>Tanto</strong></span> <span class='ocrx_word' id='word_1_210' title='bbox 932 2716 1170 2776; x_wconf 83' lang='lat' dir='ltr'><strong>tempore</strong></span> <span class='ocrx_word' id='word_1_211' title='bbox 1198 2719 1355 2759; x_wconf 90' lang='lat' dir='ltr'><strong>nemo</strong></span> <span class='ocrx_word' id='word_1_212' title='bbox 1391 2715 1641 2771; x_wconf 82' lang='lat' dir='ltr'><strong>umquam</strong></span> <span class='ocrx_word' id='word_1_213' title='bbox 1672 2699 1719 2755; x_wconf 91' lang='lat' dir='ltr'><strong>ei</strong></span> <span class='ocrx_word' id='word_1_214' title='bbox 1752 2713 1872 2767; x_wconf 87' lang='lat' dir='ltr'><strong>per-</strong></span> 
     </span>
    </p>
   </div>
   <div class='ocr_carea' id='block_1_28' title="bbox 273 2790 1879 2874">
    <p class='ocr_par' dir='ltr' id='par_1_28' title="bbox 273 2790 1879 2874">
     <span class='ocr_line' id='line_1_28' title="bbox 273 2790 1879 2874; baseline -0.012 -10"><span class='ocrx_word' id='word_1_215' title='bbox 273 2806 507 2864; x_wconf 73' lang='lat' dir='ltr'><strong>Suadere</strong></span> <span class='ocrx_word' id='word_1_216' title='bbox 537 2803 735 2874; x_wconf 91' lang='lat' dir='ltr'><strong>potuit,</strong></span> <span class='ocrx_word' id='word_1_217' title='bbox 764 2809 818 2853; x_wconf 92' lang='lat' dir='ltr'><strong>ut</strong></span> <span class='ocrx_word' id='word_1_218' title='bbox 850 2811 1170 2869; x_wconf 90' lang='lat' dir='ltr'><strong>quemquam</strong></span> <span class='ocrx_word' id='word_1_219' title='bbox 1201 2811 1265 2850; x_wconf 79' lang='lat' dir='ltr'><strong>ex</strong></span> <span class='ocrx_word' id='word_1_220' title='bbox 1295 2794 1432 2858; x_wconf 90' lang='lat' dir='ltr'><strong>illis,</strong></span> <span class='ocrx_word' id='word_1_221' title='bbox 1471 2808 1604 2863; x_wconf 89' lang='lat' dir='ltr'><strong>quos</strong></span> <span class='ocrx_word' id='word_1_222' title='bbox 1633 2790 1879 2859; x_wconf 77' lang='lat' dir='ltr'><strong>captivos</strong></span> 
     </span>
    </p>
   </div>
   <div class='ocr_carea' id='block_1_29' title="bbox 274 2882 1872 2962">
    <p class='ocr_par' dir='ltr' id='par_1_29' title="bbox 274 2882 1872 2962">
     <span class='ocr_line' id='line_1_29' title="bbox 274 2882 1872 2962; baseline -0.012 -8"><span class='ocrx_word' id='word_1_223' title='bbox 274 2900 516 2962; x_wconf 88' lang='lat' dir='ltr'><strong>tenebat,</strong></span> <span class='ocrx_word' id='word_1_224' title='bbox 540 2895 866 2956; x_wconf 86' lang='lat' dir='ltr'><strong>dimitteret;</strong></span> <span class='ocrx_word' id='word_1_225' title='bbox 894 2888 1241 2961; x_wconf 85' lang='lat' dir='ltr'><strong>quoadusque</strong></span> <span class='ocrx_word' id='word_1_226' title='bbox 1268 2886 1581 2955; x_wconf 85' lang='lat' dir='ltr'><strong>angelorum</strong></span> <span class='ocrx_word' id='word_1_227' title='bbox 1616 2882 1872 2937; x_wconf 88' lang='lat' dir='ltr'><strong>Dominus</strong></span> 
     </span>
    </p>
   </div>
   <div class='ocr_carea' id='block_1_30' title="bbox 276 2973 1871 3049">
    <p class='ocr_par' dir='ltr' id='par_1_30' title="bbox 276 2973 1871 3049">
     <span class='ocr_line' id='line_1_30' title="bbox 276 2973 1871 3049; baseline -0.014 -2"><span class='ocrx_word' id='word_1_228' title='bbox 276 3007 347 3046; x_wconf 90' lang='lat' dir='ltr'><strong>eo</strong></span> <span class='ocrx_word' id='word_1_229' title='bbox 374 2984 709 3045; x_wconf 86' lang='lat' dir='ltr'><strong>descendens</strong></span> <span class='ocrx_word' id='word_1_230' title='bbox 729 3027 743 3049; x_wconf 92' lang='lat'><strong>,</strong></span> <span class='ocrx_word' id='word_1_231' title='bbox 767 2998 888 3037; x_wconf 90' lang='lat' dir='ltr'><strong>eum</strong></span> <span class='ocrx_word' id='word_1_232' title='bbox 916 2980 968 3034; x_wconf 93' lang='lat' dir='ltr'><strong>vi</strong></span> <span class='ocrx_word' id='word_1_233' title='bbox 996 2994 1089 3034; x_wconf 90' lang='lat' dir='ltr'><strong>sua</strong></span> <span class='ocrx_word' id='word_1_234' title='bbox 1115 2977 1310 3047; x_wconf 81' lang='lat' dir='ltr'><strong>coegit.</strong></span> <span class='ocrx_word' id='word_1_235' title='bbox 1335 2976 1465 3030; x_wconf 83' lang='lat' dir='ltr'><strong>Nam</strong></span> <span class='ocrx_word' id='word_1_236' title='bbox 1493 2975 1721 3045; x_wconf 88' lang='lat' dir='ltr'><strong>primum</strong></span> <span class='ocrx_word' id='word_1_237' title='bbox 1749 2973 1871 3042; x_wconf 88' lang='lat' dir='ltr'><strong>qni-</strong></span> 
     </span>
    </p>
   </div>
   <div class='ocr_carea' id='block_1_31' title="bbox 269 3067 1873 3148">
    <p class='ocr_par' dir='ltr' id='par_1_31' title="bbox 269 3067 1873 3148">
     <span class='ocr_line' id='line_1_31' title="bbox 269 3067 1873 3148; baseline -0.011 -10"><span class='ocrx_word' id='word_1_238' title='bbox 269 3083 401 3138; x_wconf 86' lang='lat' dir='ltr'><strong>dem</strong></span> <span class='ocrx_word' id='word_1_239' title='bbox 428 3078 659 3148; x_wconf 74' lang='lat' dir='ltr'><strong>alligavit</strong></span> <span class='ocrx_word' id='word_1_240' title='bbox 685 3074 898 3137; x_wconf 80' lang='lat' dir='ltr'><strong>fortem,</strong></span> <span class='ocrx_word' id='word_1_241' title='bbox 916 3082 969 3128; x_wconf 89' lang='lat' dir='ltr'><strong>et</strong></span> <span class='ocrx_word' id='word_1_242' title='bbox 993 3080 1117 3126; x_wconf 89' lang='lat' dir='ltr'><strong>tunc</strong></span> <span class='ocrx_word' id='word_1_243' title='bbox 1137 3085 1260 3124; x_wconf 78' lang='lat' dir='ltr'><strong>vnsa</strong></span> <span class='ocrx_word' id='word_1_244' title='bbox 1283 3068 1399 3139; x_wconf 84' lang='lat' dir='ltr'><strong>ejus</strong></span> <span class='ocrx_word' id='word_1_245' title='bbox 1424 3067 1679 3137; x_wconf 88' lang='lat' dir='ltr'><strong>diripuit:</strong></span> <span class='ocrx_word' id='word_1_246' title='bbox 1706 3079 1873 3137; x_wconf 87' lang='lat' dir='ltr'><strong>quare</strong></span> 
     </span>
    </p>
   </div>
   <div class='ocr_carea' id='block_1_32' title="bbox 270 3154 1867 3240">
    <p class='ocr_par' dir='ltr' id='par_1_32' title="bbox 270 3154 1867 3240">
     <span class='ocr_line' id='line_1_32' title="bbox 270 3154 1867 3240; baseline -0.013 -10"><span class='ocrx_word' id='word_1_247' title='bbox 270 3184 331 3230; x_wconf 84' lang='lat' dir='ltr'><strong>et</strong></span> <span class='ocrx_word' id='word_1_248' title='bbox 354 3170 599 3240; x_wconf 83' lang='lat' dir='ltr'><strong>adjungit</strong></span> <span class='ocrx_word' id='word_1_249' title='bbox 627 3185 642 3222; x_wconf 95' lang='lat'><strong>:</strong></span> <span class='ocrx_word' id='word_1_250' title='bbox 672 3165 958 3220; x_wconf 69' lang='lat' dir='ltr'><strong>Thesauro:</strong></span> <span class='ocrx_word' id='word_1_251' title='bbox 981 3159 1314 3217; x_wconf 80' lang='lat' dir='ltr'><strong>tenebricosos</strong></span> <span class='ocrx_word' id='word_1_252' title='bbox 1336 3200 1351 3225; x_wconf 92' lang='lat'><strong>,</strong></span> <span class='ocrx_word' id='word_1_253' title='bbox 1394 3159 1662 3213; x_wconf 76' lang='lat' dir='ltr'><strong>invisibiles</strong></span> <span class='ocrx_word' id='word_1_254' title='bbox 1701 3154 1867 3226; x_wconf 87' lang='lat' dir='ltr'><strong>(lsai.</strong></span> 
     </span>
    </p>
   </div>
   <div class='ocr_carea' id='block_1_33' title="bbox 269 3248 1876 3332">
    <p class='ocr_par' dir='ltr' id='par_1_33' title="bbox 269 3248 1876 3332">
     <span class='ocr_line' id='line_1_33' title="bbox 269 3248 1876 3332; baseline -0.013 -10"><span class='ocrx_word' id='word_1_255' title='bbox 269 3266 366 3322; x_wconf 65' lang='grc'><strong>45.</strong></span> <span class='ocrx_word' id='word_1_256' title='bbox 400 3265 480 3332; x_wconf 82' lang='grc'><strong>5).</strong></span> <span class='ocrx_word' id='word_1_257' title='bbox 518 3259 669 3315; x_wconf 84' lang='lat' dir='ltr'><strong>Licet</strong></span> <span class='ocrx_word' id='word_1_258' title='bbox 695 3258 895 3312; x_wconf 85' lang='lat' dir='ltr'><strong>dictum</strong></span> <span class='ocrx_word' id='word_1_259' title='bbox 924 3254 1026 3308; x_wconf 91' lang='lat' dir='ltr'><strong>hoc</strong></span> <span class='ocrx_word' id='word_1_260' title='bbox 1054 3253 1281 3322; x_wconf 80' lang='lat' dir='ltr'><strong>simplex</strong></span> <span class='ocrx_word' id='word_1_261' title='bbox 1324 3251 1431 3314; x_wconf 89' lang='lat' dir='ltr'><strong>sit,</strong></span> <span class='ocrx_word' id='word_1_262' title='bbox 1461 3258 1517 3303; x_wconf 87' lang='lat' dir='ltr'><strong>at</strong></span> <span class='ocrx_word' id='word_1_263' title='bbox 1553 3248 1746 3317; x_wconf 79' lang='lat' dir='ltr'><strong>duplex</strong></span> <span class='ocrx_word' id='word_1_264' title='bbox 1792 3254 1876 3301; x_wconf 87' lang='lat' dir='ltr'><strong>est</strong></span> 
     </span>
    </p>
   </div>
   <div class='ocr_carea' id='block_1_34' title="bbox 268 3341 1875 3417">
    <p class='ocr_par' dir='ltr' id='par_1_34' title="bbox 268 3341 1875 3417">
     <span class='ocr_line' id='line_1_34' title="bbox 268 3341 1875 3417; baseline -0.014 -2"><span class='ocrx_word' id='word_1_265' title='bbox 268 3372 497 3417; x_wconf 84' lang='lat' dir='ltr'><strong>sensus;</strong></span> <span class='ocrx_word' id='word_1_266' title='bbox 522 3360 645 3408; x_wconf 88' lang='lat' dir='ltr'><strong>sunt</strong></span> <span class='ocrx_word' id='word_1_267' title='bbox 670 3350 811 3405; x_wconf 85' lang='lat' dir='ltr'><strong>enim</strong></span> <span class='ocrx_word' id='word_1_268' title='bbox 837 3349 949 3401; x_wconf 88' lang='lat' dir='ltr'><strong>loca</strong></span> <span class='ocrx_word' id='word_1_269' title='bbox 970 3347 1322 3409; x_wconf 87' lang='lat' dir='ltr'><strong>tenebricosa,</strong></span> <span class='ocrx_word' id='word_1_270' title='bbox 1344 3341 1438 3397; x_wconf 91' lang='lat' dir='ltr'><strong>sed</strong></span> <span class='ocrx_word' id='word_1_271' title='bbox 1459 3341 1623 3398; x_wconf 88' lang='lat' dir='ltr'><strong>videri</strong></span> <span class='ocrx_word' id='word_1_272' title='bbox 1651 3347 1875 3411; x_wconf 88' lang='lat' dir='ltr'><strong>possunt</strong></span> 
     </span>
    </p>
   </div>
   <div class='ocr_carea' id='block_1_35' title="bbox 265 3431 1875 3505">
    <p class='ocr_par' dir='ltr' id='par_1_35' title="bbox 265 3431 1875 3505">
     <span class='ocr_line' id='line_1_35' title="bbox 265 3431 1875 3505; baseline -0.012 -1"><span class='ocrx_word' id='word_1_273' title='bbox 265 3447 500 3505; x_wconf 85' lang='lat' dir='ltr'><strong>candela</strong></span> <span class='ocrx_word' id='word_1_274' title='bbox 537 3455 593 3499; x_wconf 91' lang='lat' dir='ltr'><strong>et</strong></span> <span class='ocrx_word' id='word_1_275' title='bbox 621 3442 820 3497; x_wconf 88' lang='lat' dir='ltr'><strong>lumine</strong></span> <span class='ocrx_word' id='word_1_276' title='bbox 846 3439 1033 3505; x_wconf 90' lang='lat' dir='ltr'><strong>illato;</strong></span> <span class='ocrx_word' id='word_1_277' title='bbox 1067 3438 1157 3492; x_wconf 90' lang='lat' dir='ltr'><strong>ille</strong></span> <span class='ocrx_word' id='word_1_278' title='bbox 1192 3452 1319 3490; x_wconf 89' lang='lat' dir='ltr'><strong>vero</strong></span> <span class='ocrx_word' id='word_1_279' title='bbox 1347 3434 1539 3490; x_wconf 85' lang='lat' dir='ltr'><strong>inferni</strong></span> <span class='ocrx_word' id='word_1_280' title='bbox 1572 3434 1719 3487; x_wconf 88' lang='lat' dir='ltr'><strong>locus</strong></span> <span class='ocrx_word' id='word_1_281' title='bbox 1747 3431 1875 3486; x_wconf 83' lang='lat' dir='ltr'><strong>culi-</strong></span> 
     </span>
    </p>
   </div>
   <div class='ocr_carea' id='block_1_36' title="bbox 264 3525 1874 3614">
    <p class='ocr_par' dir='ltr' id='par_1_36' title="bbox 264 3525 1874 3614">
     <span class='ocr_line' id='line_1_36' title="bbox 264 3525 1874 3614; baseline -0.011 -16"><span class='ocrx_word' id='word_1_282' title='bbox 264 3543 649 3614; x_wconf 69' lang='lat' dir='ltr'><strong>ginOsissimus</strong></span> <span class='ocrx_word' id='word_1_283' title='bbox 686 3547 826 3601; x_wconf 88' lang='lat' dir='ltr'><strong>erat,</strong></span> <span class='ocrx_word' id='word_1_284' title='bbox 856 3543 912 3590; x_wconf 90' lang='lat' dir='ltr'><strong>et</strong></span> <span class='ocrx_word' id='word_1_285' title='bbox 941 3537 1196 3605; x_wconf 90' lang='lat' dir='ltr'><strong>ingratus,</strong></span> <span class='ocrx_word' id='word_1_286' title='bbox 1222 3546 1393 3601; x_wconf 88' lang='lat' dir='ltr'><strong>neque</strong></span> <span class='ocrx_word' id='word_1_287' title='bbox 1440 3544 1689 3598; x_wconf 87' lang='lat' dir='ltr'><strong>umquam</strong></span> <span class='ocrx_word' id='word_1_288' title='bbox 1742 3525 1874 3580; x_wconf 79' lang='lat' dir='ltr'><strong>lucis</strong></span> 
     </span>
    </p>
   </div>
   <div class='ocr_carea' id='block_1_37' title="bbox 264 3620 1875 3696">
    <p class='ocr_par' dir='ltr' id='par_1_37' title="bbox 264 3620 1875 3696">
     <span class='ocr_line' id='line_1_37' title="bbox 264 3620 1875 3696; baseline -0.012 -4"><span class='ocrx_word' id='word_1_289' title='bbox 264 3647 522 3693; x_wconf 82' lang='lat' dir='ltr'><strong>naturam</strong></span> <span class='ocrx_word' id='word_1_290' title='bbox 564 3633 698 3688; x_wconf 76' lang='lat' dir='ltr'><strong>intra</strong></span> <span class='ocrx_word' id='word_1_291' title='bbox 730 3646 789 3687; x_wconf 90' lang='lat' dir='ltr'><strong>se</strong></span> <span class='ocrx_word' id='word_1_292' title='bbox 829 3636 1102 3696; x_wconf 84' lang='lat' dir='ltr'><strong>receperat</strong></span> <span class='ocrx_word' id='word_1_293' title='bbox 1135 3644 1149 3681; x_wconf 92' lang='lat'><strong>:</strong></span> <span class='ocrx_word' id='word_1_294' title='bbox 1192 3632 1471 3695; x_wconf 86' lang='lat' dir='ltr'><strong>propterea</strong></span> <span class='ocrx_word' id='word_1_295' title='bbox 1512 3620 1875 3675; x_wconf 89' lang='lat' dir='ltr'><strong>tenebricosos</strong></span> 
     </span>
    </p>
   </div>
   <div class='ocr_carea' id='block_1_38' title="bbox 262 3714 1870 3783">
    <p class='ocr_par' dir='ltr' id='par_1_38' title="bbox 262 3714 1870 3783">
     <span class='ocr_line' id='line_1_38' title="bbox 262 3714 1870 3783; baseline -0.012 0"><span class='ocrx_word' id='word_1_296' title='bbox 262 3738 327 3783; x_wconf 86' lang='lat' dir='ltr'><strong>et</strong></span> <span class='ocrx_word' id='word_1_297' title='bbox 359 3725 654 3781; x_wconf 87' lang='lat' dir='ltr'><strong>invisibiles</strong></span> <span class='ocrx_word' id='word_1_298' title='bbox 691 3738 784 3777; x_wconf 83' lang='lat' dir='ltr'><strong>eos</strong></span> <span class='ocrx_word' id='word_1_299' title='bbox 809 3721 961 3775; x_wconf 79' lang='lat' dir='ltr'><strong>dixit.</strong></span> <span class='ocrx_word' id='word_1_300' title='bbox 993 3719 1127 3774; x_wconf 73' lang='lat' dir='ltr'><strong>\‘ere</strong></span> <span class='ocrx_word' id='word_1_301' title='bbox 1160 3718 1302 3772; x_wconf 89' lang='lat' dir='ltr'><strong>enim</strong></span> <span class='ocrx_word' id='word_1_302' title='bbox 1335 3714 1652 3770; x_wconf 87' lang='lat' dir='ltr'><strong>tenebricosi</strong></span> <span class='ocrx_word' id='word_1_303' title='bbox 1679 3719 1831 3765; x_wconf 89' lang='lat' dir='ltr'><strong>erant</strong></span> <span class='ocrx_word' id='word_1_304' title='bbox 1854 3751 1870 3777; x_wconf 90' lang='lat'><strong>,</strong></span> 
     </span>
    </p>
   </div>
   <div class='ocr_carea' id='block_1_39' title="bbox 260 3804 1874 3880">
    <p class='ocr_par' dir='ltr' id='par_1_39' title="bbox 260 3804 1874 3880">
     <span class='ocr_line' id='line_1_39' title="bbox 260 3804 1874 3880; baseline -0.01 -7"><span class='ocrx_word' id='word_1_305' title='bbox 260 3820 454 3873; x_wconf 79' lang='lat' dir='ltr'><strong>donec</strong></span> <span class='ocrx_word' id='word_1_306' title='bbox 477 3813 750 3871; x_wconf 89' lang='lat' dir='ltr'><strong>descendit</strong></span> <span class='ocrx_word' id='word_1_307' title='bbox 775 3811 866 3868; x_wconf 90' lang='lat' dir='ltr'><strong>Sol</strong></span> <span class='ocrx_word' id='word_1_308' title='bbox 892 3810 1113 3880; x_wconf 72' lang='lat' dir='ltr'><strong>justitia:</strong></span> <span class='ocrx_word' id='word_1_309' title='bbox 1134 3850 1148 3871; x_wconf 95' lang='lat'><strong>,</strong></span> <span class='ocrx_word' id='word_1_310' title='bbox 1178 3823 1377 3877; x_wconf 88' lang='lat' dir='ltr'><strong>eosque</strong></span> <span class='ocrx_word' id='word_1_311' title='bbox 1399 3804 1700 3871; x_wconf 77' lang='lat' dir='ltr'><strong>illustravit,</strong></span> <span class='ocrx_word' id='word_1_312' title='bbox 1728 3812 1784 3857; x_wconf 86' lang='lat' dir='ltr'><strong>et</strong></span> <span class='ocrx_word' id='word_1_313' title='bbox 1808 3818 1874 3858; x_wconf 83' lang='lat' dir='ltr'><strong>ex</strong></span> 
     </span>
    </p>
   </div>
   <div class='ocr_carea' id='block_1_40' title="bbox 263 3897 1872 3968">
    <p class='ocr_par' dir='ltr' id='par_1_40' title="bbox 263 3897 1872 3968">
     <span class='ocr_line' id='line_1_40' title="bbox 263 3897 1872 3968; baseline -0.012 0"><span class='ocrx_word' id='word_1_314' title='bbox 263 3915 491 3968; x_wconf 84' lang='lat' dir='ltr'><strong>inferno</strong></span> <span class='ocrx_word' id='word_1_315' title='bbox 517 3909 707 3965; x_wconf 80' lang='lat' dir='ltr'><strong>ca-lum</strong></span> <span class='ocrx_word' id='word_1_316' title='bbox 742 3907 885 3961; x_wconf 87' lang='lat' dir='ltr'><strong>fecit.</strong></span> <span class='ocrx_word' id='word_1_317' title='bbox 910 3905 1040 3959; x_wconf 67' lang='lat' dir='ltr'><strong>Nam</strong></span> <span class='ocrx_word' id='word_1_318' title='bbox 1072 3902 1158 3956; x_wconf 89' lang='lat' dir='ltr'><strong>ubi</strong></span> <span class='ocrx_word' id='word_1_319' title='bbox 1182 3900 1458 3964; x_wconf 73' lang='lat' dir='ltr'><strong>Christus,</strong></span> <span class='ocrx_word' id='word_1_320' title='bbox 1484 3898 1553 3952; x_wconf 91' lang='lat' dir='ltr'><strong>ibi</strong></span> <span class='ocrx_word' id='word_1_321' title='bbox 1580 3907 1634 3951; x_wconf 85' lang='lat' dir='ltr'><strong>et</strong></span> <span class='ocrx_word' id='word_1_322' title='bbox 1662 3897 1872 3950; x_wconf 69' lang='lat' dir='ltr'><strong>caelum.</strong></span> 
     </span>
    </p>
   </div>
   <div class='ocr_carea' id='block_1_41' title="bbox 265 3987 1870 4060">
    <p class='ocr_par' dir='ltr' id='par_1_41' title="bbox 265 3987 1870 4060">
     <span class='ocr_line' id='line_1_41' title="bbox 265 3987 1870 4060; baseline -0.012 0"><span class='ocrx_word' id='word_1_323' title='bbox 265 4006 589 4060; x_wconf 74' lang='lat' dir='ltr'><strong>&#39;l‘hesauros</strong></span> <span class='ocrx_word' id='word_1_324' title='bbox 631 4011 809 4054; x_wconf 87' lang='lat' dir='ltr'><strong>autem</strong></span> <span class='ocrx_word' id='word_1_325' title='bbox 859 3996 1222 4051; x_wconf 90' lang='lat' dir='ltr'><strong>tenebricosos</strong></span> <span class='ocrx_word' id='word_1_326' title='bbox 1269 3993 1508 4046; x_wconf 90' lang='lat' dir='ltr'><strong>nominat</strong></span> <span class='ocrx_word' id='word_1_327' title='bbox 1558 3987 1870 4044; x_wconf 86' lang='lat' dir='ltr'><strong>infernum:</strong></span> 
     </span>
    </p>
   </div>
   <div class='ocr_carea' id='block_1_42' title="bbox 261 4080 1875 4164">
    <p class='ocr_par' dir='ltr' id='par_1_42' title="bbox 261 4080 1875 4164">
     <span class='ocr_line' id='line_1_42' title="bbox 261 4080 1875 4164; baseline -0.012 -12"><span class='ocrx_word' id='word_1_328' title='bbox 261 4096 500 4160; x_wconf 83' lang='lat' dir='ltr'><strong>merito,</strong></span> <span class='ocrx_word' id='word_1_329' title='bbox 530 4092 655 4164; x_wconf 91' lang='lat' dir='ltr'><strong>quia</strong></span> <span class='ocrx_word' id='word_1_330' title='bbox 687 4090 869 4145; x_wconf 77' lang='lat' dir='ltr'><strong>multa:</strong></span> <span class='ocrx_word' id='word_1_331' title='bbox 903 4086 1103 4142; x_wconf 75' lang='lat' dir='ltr'><strong>divitia:</strong></span> <span class='ocrx_word' id='word_1_332' title='bbox 1134 4084 1289 4138; x_wconf 89' lang='lat' dir='ltr'><strong>isthic</strong></span> <span class='ocrx_word' id='word_1_333' title='bbox 1314 4092 1466 4137; x_wconf 90' lang='lat' dir='ltr'><strong>erant</strong></span> <span class='ocrx_word' id='word_1_334' title='bbox 1488 4082 1686 4150; x_wconf 90' lang='lat' dir='ltr'><strong>reposit</strong></span> <span class='ocrx_word' id='word_1_335' title='bbox 1702 4098 1752 4133; x_wconf 75' lang='grc' dir='ltr'><strong>υ.</strong></span> <span class='ocrx_word' id='word_1_336' title='bbox 1781 4080 1875 4133; x_wconf 80' lang='lat' dir='ltr'><strong>Et-</strong></span> 
     </span>
    </p>
   </div>
   <div class='ocr_carea' id='block_1_43' title="bbox 259 4171 1872 4247">
    <p class='ocr_par' dir='ltr' id='par_1_43' title="bbox 259 4171 1872 4247">
     <span class='ocr_line' id='line_1_43' title="bbox 259 4171 1872 4247; baseline -0.012 -2"><span class='ocrx_word' id='word_1_337' title='bbox 259 4189 427 4245; x_wconf 83' lang='lat' dir='ltr'><strong>enim</strong></span> <span class='ocrx_word' id='word_1_338' title='bbox 459 4196 567 4240; x_wconf 89' lang='lat' dir='ltr'><strong>tota</strong></span> <span class='ocrx_word' id='word_1_339' title='bbox 600 4183 875 4239; x_wconf 87' lang='lat' dir='ltr'><strong>hominum</strong></span> <span class='ocrx_word' id='word_1_340' title='bbox 906 4193 1092 4234; x_wconf 87' lang='lat' dir='ltr'><strong>natura</strong></span> <span class='ocrx_word' id='word_1_341' title='bbox 1117 4220 1132 4241; x_wconf 90' lang='lat'><strong>,</strong></span> <span class='ocrx_word' id='word_1_342' title='bbox 1161 4192 1279 4247; x_wconf 79' lang='lat' dir='ltr'><strong>qua:</strong></span> <span class='ocrx_word' id='word_1_343' title='bbox 1325 4190 1455 4246; x_wconf 84' lang='lat' dir='ltr'><strong>gaza</strong></span> <span class='ocrx_word' id='word_1_344' title='bbox 1490 4172 1734 4244; x_wconf 70' lang='lat' dir='ltr'><strong>quaedam</strong></span> <span class='ocrx_word' id='word_1_345' title='bbox 1781 4171 1872 4226; x_wconf 91' lang='lat' dir='ltr'><strong>Dei</strong></span> 
     </span>
    </p>
   </div>
   <div class='ocr_carea' id='block_1_44' title="bbox 258 4263 1874 4346">
    <p class='ocr_par' dir='ltr' id='par_1_44' title="bbox 258 4263 1874 4346">
     <span class='ocr_line' id='line_1_44' title="bbox 258 4263 1874 4346; baseline -0.012 -9"><span class='ocrx_word' id='word_1_346' title='bbox 258 4292 360 4338; x_wconf 78' lang='lat' dir='ltr'><strong>est</strong></span> <span class='ocrx_word' id='word_1_347' title='bbox 379 4322 395 4341; x_wconf 93' lang='lat'><strong>.</strong></span> <span class='ocrx_word' id='word_1_348' title='bbox 423 4296 455 4334; x_wconf 89' lang='lat' dir='ltr'><strong>a</strong></span> <span class='ocrx_word' id='word_1_349' title='bbox 483 4277 696 4333; x_wconf 75' lang='lat' dir='ltr'><strong>diabolo</strong></span> <span class='ocrx_word' id='word_1_350' title='bbox 715 4317 730 4339; x_wconf 87' lang='lat'><strong>,</strong></span> <span class='ocrx_word' id='word_1_351' title='bbox 759 4275 847 4346; x_wconf 90' lang='lat' dir='ltr'><strong>qui</strong></span> <span class='ocrx_word' id='word_1_352' title='bbox 874 4274 1103 4346; x_wconf 89' lang='lat' dir='ltr'><strong>primum</strong></span> <span class='ocrx_word' id='word_1_353' title='bbox 1129 4269 1399 4324; x_wconf 91' lang='lat' dir='ltr'><strong>hominem</strong></span> <span class='ocrx_word' id='word_1_354' title='bbox 1429 4268 1482 4322; x_wconf 91' lang='lat' dir='ltr'><strong>in</strong></span> <span class='ocrx_word' id='word_1_355' title='bbox 1508 4265 1746 4321; x_wconf 89' lang='lat' dir='ltr'><strong>fraudem</strong></span> <span class='ocrx_word' id='word_1_356' title='bbox 1775 4263 1874 4318; x_wconf 85' lang='lat' dir='ltr'><strong>im-</strong></span> 
     </span>
    </p>
   </div>
   <div class='ocr_carea' id='block_1_45' title="bbox 259 4355 1878 4445">
    <p class='ocr_par' dir='ltr' id='par_1_45' title="bbox 259 4355 1878 4445">
     <span class='ocr_line' id='line_1_45' title="bbox 259 4355 1878 4445; baseline -0.011 -18"><span class='ocrx_word' id='word_1_357' title='bbox 259 4373 452 4445; x_wconf 79' lang='lat' dir='ltr'><strong>pulit,</strong></span> <span class='ocrx_word' id='word_1_358' title='bbox 475 4370 721 4440; x_wconf 69' lang='lat' dir='ltr'><strong>spoliata,</strong></span> <span class='ocrx_word' id='word_1_359' title='bbox 753 4366 1018 4435; x_wconf 89' lang='lat' dir='ltr'><strong>mortique</strong></span> <span class='ocrx_word' id='word_1_360' title='bbox 1051 4360 1292 4430; x_wconf 87' lang='lat' dir='ltr'><strong>subjecta</strong></span> <span class='ocrx_word' id='word_1_361' title='bbox 1317 4366 1421 4414; x_wconf 89' lang='lat' dir='ltr'><strong>est.</strong></span> <span class='ocrx_word' id='word_1_362' title='bbox 1447 4357 1599 4427; x_wconf 87' lang='lat' dir='ltr'><strong>Quod</strong></span> <span class='ocrx_word' id='word_1_363' title='bbox 1627 4373 1752 4413; x_wconf 90' lang='lat' dir='ltr'><strong>vero</strong></span> <span class='ocrx_word' id='word_1_364' title='bbox 1781 4355 1878 4411; x_wconf 89' lang='lat' dir='ltr'><strong>ho-</strong></span> 
     </span>
    </p>
   </div>
   <div class='ocr_carea' id='block_1_46' title="bbox 253 4448 1877 4519">
    <p class='ocr_par' dir='ltr' id='par_1_46' title="bbox 253 4448 1877 4519">
     <span class='ocr_line' id='line_1_46' title="bbox 253 4448 1877 4519; baseline -0.009 -2"><span class='ocrx_word' id='word_1_365' title='bbox 253 4464 492 4519; x_wconf 84' lang='lat' dir='ltr'><strong>minum</strong></span> <span class='ocrx_word' id='word_1_366' title='bbox 523 4468 767 4513; x_wconf 88' lang='lat' dir='ltr'><strong>naturam</strong></span> <span class='ocrx_word' id='word_1_367' title='bbox 813 4455 956 4511; x_wconf 88' lang='lat' dir='ltr'><strong>Deus</strong></span> <span class='ocrx_word' id='word_1_368' title='bbox 982 4453 1284 4509; x_wconf 87' lang='lat' dir='ltr'><strong>divitiarum</strong></span> <span class='ocrx_word' id='word_1_369' title='bbox 1324 4449 1445 4505; x_wconf 91' lang='lat' dir='ltr'><strong>loco</strong></span> <span class='ocrx_word' id='word_1_370' title='bbox 1488 4448 1771 4514; x_wconf 88' lang='lat' dir='ltr'><strong>habuerit,</strong></span> <span class='ocrx_word' id='word_1_371' title='bbox 1800 4456 1877 4503; x_wconf 86' lang='lat' dir='ltr'><strong>te-</strong></span> 
     </span>
    </p>
   </div>
   <div class='ocr_carea' id='block_1_47' title="bbox 254 4543 1879 4613">
    <p class='ocr_par' dir='ltr' id='par_1_47' title="bbox 254 4543 1879 4613">
     <span class='ocr_line' id='line_1_47' title="bbox 254 4543 1879 4613; baseline -0.009 -4"><span class='ocrx_word' id='word_1_372' title='bbox 254 4561 466 4609; x_wconf 76' lang='lat' dir='ltr'><strong>statur</strong></span> <span class='ocrx_word' id='word_1_373' title='bbox 499 4549 583 4605; x_wconf 83' lang='lat' dir='ltr'><strong>his</strong></span> <span class='ocrx_word' id='word_1_374' title='bbox 627 4549 806 4604; x_wconf 85' lang='lat' dir='ltr'><strong>verbis</strong></span> <span class='ocrx_word' id='word_1_375' title='bbox 853 4546 1048 4603; x_wconf 85' lang='lat' dir='ltr'><strong>Paulus</strong></span> <span class='ocrx_word' id='word_1_376' title='bbox 1076 4561 1091 4600; x_wconf 91' lang='lat'><strong>:</strong></span> <span class='ocrx_word' id='word_1_377' title='bbox 1127 4543 1274 4599; x_wconf 81' lang='lat' dir='ltr'><strong>Dives</strong></span> <span class='ocrx_word' id='word_1_378' title='bbox 1303 4543 1358 4597; x_wconf 87' lang='lat' dir='ltr'><strong>in</strong></span> <span class='ocrx_word' id='word_1_379' title='bbox 1399 4558 1569 4597; x_wconf 86' lang='lat' dir='ltr'><strong>omnes</strong></span> <span class='ocrx_word' id='word_1_380' title='bbox 1593 4583 1609 4607; x_wconf 92' lang='lat'><strong>,</strong></span> <span class='ocrx_word' id='word_1_381' title='bbox 1638 4550 1684 4596; x_wconf 82' lang='lat' dir='ltr'><strong>et</strong></span> <span class='ocrx_word' id='word_1_382' title='bbox 1725 4558 1879 4613; x_wconf 82' lang='lat' dir='ltr'><strong>super</strong></span> 
     </span>
    </p>
   </div>
   <div class='ocr_carea' id='block_1_48' title="bbox 250 4629 1878 4711">
    <p class='ocr_par' dir='ltr' id='par_1_48' title="bbox 250 4629 1878 4711">
     <span class='ocr_line' id='line_1_48' title="bbox 250 4629 1878 4711; baseline -0.009 -12"><span class='ocrx_word' id='word_1_383' title='bbox 250 4657 460 4699; x_wconf 69' lang='lat' dir='ltr'><strong>orum:</strong></span> <span class='ocrx_word' id='word_1_384' title='bbox 484 4682 500 4707; x_wconf 92' lang='lat'><strong>,</strong></span> <span class='ocrx_word' id='word_1_385' title='bbox 537 4640 623 4711; x_wconf 86' lang='lat' dir='ltr'><strong>qui</strong></span> <span class='ocrx_word' id='word_1_386' title='bbox 647 4639 881 4693; x_wconf 81' lang='lat' dir='ltr'><strong>invocant</strong></span> <span class='ocrx_word' id='word_1_387' title='bbox 926 4651 1040 4691; x_wconf 80' lang='lat' dir='ltr'><strong>eam</strong></span> <span class='ocrx_word' id='word_1_388' title='bbox 1074 4633 1249 4707; x_wconf 81' lang='lat' dir='ltr'><strong>(Rom.</strong></span> <span class='ocrx_word' id='word_1_389' title='bbox 1273 4632 1358 4689; x_wconf 80' lang='grc'><strong>10.</strong></span> <span class='ocrx_word' id='word_1_390' title='bbox 1384 4631 1496 4701; x_wconf 68' lang='grc' dir='ltr'><strong>19η).</strong></span> <span class='ocrx_word' id='word_1_391' title='bbox 1522 4629 1878 4699; x_wconf 81' lang='lat' dir='ltr'><strong>Quemadmo-</strong></span> 
     </span>
    </p>
   </div>
   <div class='ocr_carea' id='block_1_49' title="bbox 248 4724 1878 4803">
    <p class='ocr_par' dir='ltr' id='par_1_49' title="bbox 248 4724 1878 4803">
     <span class='ocr_line' id='line_1_49' title="bbox 248 4724 1878 4803; baseline -0.009 -12"><span class='ocrx_word' id='word_1_392' title='bbox 248 4736 414 4792; x_wconf 77' lang='lat' dir='ltr'><strong>dum</strong></span> <span class='ocrx_word' id='word_1_393' title='bbox 442 4733 601 4803; x_wconf 87' lang='lat' dir='ltr'><strong>igitur</strong></span> <span class='ocrx_word' id='word_1_394' title='bbox 624 4747 718 4786; x_wconf 80' lang='lat' dir='ltr'><strong>rex</strong></span> <span class='ocrx_word' id='word_1_395' title='bbox 741 4771 755 4794; x_wconf 85' lang='lat'><strong>,</strong></span> <span class='ocrx_word' id='word_1_396' title='bbox 797 4727 1187 4798; x_wconf 86' lang='lat' dir='ltr'><strong>comprehenso</strong></span> <span class='ocrx_word' id='word_1_397' title='bbox 1211 4725 1347 4781; x_wconf 91' lang='lat' dir='ltr'><strong>duce</strong></span> <span class='ocrx_word' id='word_1_398' title='bbox 1372 4724 1637 4779; x_wconf 88' lang='lat' dir='ltr'><strong>latronum</strong></span> <span class='ocrx_word' id='word_1_399' title='bbox 1660 4732 1715 4778; x_wconf 93' lang='lat' dir='ltr'><strong>et</strong></span> <span class='ocrx_word' id='word_1_400' title='bbox 1742 4738 1878 4792; x_wconf 70' lang='lat' dir='ltr'><strong>prac-</strong></span> 
     </span>
    </p>
   </div>
   <div class='ocr_carea' id='block_1_50' title="bbox 244 4815 1879 4895">
    <p class='ocr_par' dir='ltr' id='par_1_50' title="bbox 244 4815 1879 4895">
     <span class='ocr_line' id='line_1_50' title="bbox 244 4815 1879 4895; baseline -0.009 -11"><span class='ocrx_word' id='word_1_401' title='bbox 244 4829 524 4888; x_wconf 82' lang='lat' dir='ltr'><strong>donum,</strong></span> <span class='ocrx_word' id='word_1_402' title='bbox 554 4824 643 4895; x_wconf 89' lang='lat' dir='ltr'><strong>qui</strong></span> <span class='ocrx_word' id='word_1_403' title='bbox 671 4822 914 4877; x_wconf 83' lang='lat' dir='ltr'><strong>civitates</strong></span> <span class='ocrx_word' id='word_1_404' title='bbox 944 4818 1204 4890; x_wconf 88' lang='lat' dir='ltr'><strong>percurrit</strong></span> <span class='ocrx_word' id='word_1_405' title='bbox 1226 4858 1241 4881; x_wconf 87' lang='lat'><strong>,</strong></span> <span class='ocrx_word' id='word_1_406' title='bbox 1273 4828 1329 4873; x_wconf 93' lang='lat' dir='ltr'><strong>et</strong></span> <span class='ocrx_word' id='word_1_407' title='bbox 1361 4815 1595 4886; x_wconf 88' lang='lat' dir='ltr'><strong>undique</strong></span> <span class='ocrx_word' id='word_1_408' title='bbox 1620 4816 1792 4885; x_wconf 86' lang='lat' dir='ltr'><strong>rapit,</strong></span> <span class='ocrx_word' id='word_1_409' title='bbox 1823 4822 1879 4870; x_wconf 90' lang='lat' dir='ltr'><strong>et</strong></span> 
     </span>
    </p>
   </div>
   <div class='ocr_carea' id='block_1_51' title="bbox 243 4905 1876 4982">
    <p class='ocr_par' dir='ltr' id='par_1_51' title="bbox 243 4905 1876 4982">
     <span class='ocr_line' id='line_1_51' title="bbox 243 4905 1876 4982; baseline -0.009 -7"><span class='ocrx_word' id='word_1_410' title='bbox 243 4927 440 4976; x_wconf 70' lang='lat' dir='ltr'><strong>antra</strong></span> <span class='ocrx_word' id='word_1_411' title='bbox 481 4915 660 4979; x_wconf 92' lang='lat' dir='ltr'><strong>subit,</strong></span> <span class='ocrx_word' id='word_1_412' title='bbox 690 4920 749 4967; x_wconf 93' lang='lat' dir='ltr'><strong>ut</strong></span> <span class='ocrx_word' id='word_1_413' title='bbox 774 4912 843 4967; x_wconf 93' lang='lat' dir='ltr'><strong>ibi</strong></span> <span class='ocrx_word' id='word_1_414' title='bbox 873 4918 1099 4982; x_wconf 91' lang='lat' dir='ltr'><strong>reponat</strong></span> <span class='ocrx_word' id='word_1_415' title='bbox 1124 4907 1335 4964; x_wconf 88' lang='lat' dir='ltr'><strong>divitias</strong></span> <span class='ocrx_word' id='word_1_416' title='bbox 1360 4915 1573 4977; x_wconf 76' lang='lat' dir='ltr'><strong>raptas,</strong></span> <span class='ocrx_word' id='word_1_417' title='bbox 1607 4905 1876 4961; x_wconf 88' lang='lat' dir='ltr'><strong>latronum</strong></span> 
     </span>
    </p>
   </div>
   <div class='ocr_carea' id='block_1_52' title="bbox 238 4998 1877 5076">
    <p class='ocr_par' dir='ltr' id='par_1_52' title="bbox 238 4998 1877 5076">
     <span class='ocr_line' id='line_1_52' title="bbox 238 4998 1877 5076; baseline -0.009 -10"><span class='ocrx_word' id='word_1_418' title='bbox 238 5011 479 5067; x_wconf 83' lang='lat' dir='ltr'><strong>ducem</strong></span> <span class='ocrx_word' id='word_1_419' title='bbox 508 5006 670 5076; x_wconf 89' lang='lat' dir='ltr'><strong>ligat,</strong></span> <span class='ocrx_word' id='word_1_420' title='bbox 703 5001 1071 5075; x_wconf 80' lang='lat' dir='ltr'><strong>supplicioque</strong></span> <span class='ocrx_word' id='word_1_421' title='bbox 1102 5000 1321 5056; x_wconf 88' lang='lat' dir='ltr'><strong>meritas</strong></span> <span class='ocrx_word' id='word_1_422' title='bbox 1359 5014 1543 5069; x_wconf 69' lang='lat' dir='ltr'><strong>prunas</strong></span> <span class='ocrx_word' id='word_1_423' title='bbox 1575 4998 1877 5069; x_wconf 83' lang='lat' dir='ltr'><strong>persolutu-</strong></span> 
     </span>
    </p>
   </div>
   <div class='ocr_carea' id='block_1_53' title="bbox 237 5091 1877 5163">
    <p class='ocr_par' dir='ltr' id='par_1_53' title="bbox 237 5091 1877 5163">
     <span class='ocr_line' id='line_1_53' title="bbox 237 5091 1877 5163; baseline -0.009 -5"><span class='ocrx_word' id='word_1_424' title='bbox 237 5115 404 5158; x_wconf 78' lang='lat' dir='ltr'><strong>rum</strong></span> <span class='ocrx_word' id='word_1_425' title='bbox 431 5097 623 5163; x_wconf 88' lang='lat' dir='ltr'><strong>tradit,</strong></span> <span class='ocrx_word' id='word_1_426' title='bbox 656 5094 962 5150; x_wconf 89' lang='lat' dir='ltr'><strong>thesaurum</strong></span> <span class='ocrx_word' id='word_1_427' title='bbox 992 5108 1119 5148; x_wconf 90' lang='lat' dir='ltr'><strong>vero</strong></span> <span class='ocrx_word' id='word_1_428' title='bbox 1157 5091 1272 5161; x_wconf 91' lang='lat' dir='ltr'><strong>ejus</strong></span> <span class='ocrx_word' id='word_1_429' title='bbox 1299 5092 1352 5146; x_wconf 93' lang='lat' dir='ltr'><strong>in</strong></span> <span class='ocrx_word' id='word_1_430' title='bbox 1397 5091 1600 5161; x_wconf 85' lang='lat' dir='ltr'><strong>regium</strong></span> <span class='ocrx_word' id='word_1_431' title='bbox 1629 5105 1877 5145; x_wconf 79' lang='lat' dir='ltr'><strong>:crarium</strong></span> 
     </span>
    </p>
   </div>
   <div class='ocr_carea' id='block_1_54' title="bbox 236 5181 1881 5254">
    <p class='ocr_par' dir='ltr' id='par_1_54' title="bbox 236 5181 1881 5254">
     <span class='ocr_line' id='line_1_54' title="bbox 236 5181 1881 5254; baseline -0.007 -7"><span class='ocrx_word' id='word_1_432' title='bbox 236 5188 559 5249; x_wconf 77' lang='lat' dir='ltr'><strong>convertit</strong></span> <span class='ocrx_word' id='word_1_433' title='bbox 583 5205 597 5243; x_wconf 93' lang='lat'><strong>:</strong></span> <span class='ocrx_word' id='word_1_434' title='bbox 624 5188 702 5242; x_wconf 90' lang='lat' dir='ltr'><strong>sic</strong></span> <span class='ocrx_word' id='word_1_435' title='bbox 726 5194 781 5240; x_wconf 90' lang='lat' dir='ltr'><strong>et</strong></span> <span class='ocrx_word' id='word_1_436' title='bbox 806 5184 1049 5240; x_wconf 88' lang='lat' dir='ltr'><strong>Christus</strong></span> <span class='ocrx_word' id='word_1_437' title='bbox 1078 5183 1221 5248; x_wconf 85' lang='lat' dir='ltr'><strong>fecit,</strong></span> <span class='ocrx_word' id='word_1_438' title='bbox 1252 5182 1542 5254; x_wconf 90' lang='lat' dir='ltr'><strong>principem</strong></span> <span class='ocrx_word' id='word_1_439' title='bbox 1574 5181 1722 5236; x_wconf 91' lang='lat' dir='ltr'><strong>illum</strong></span> <span class='ocrx_word' id='word_1_440' title='bbox 1746 5198 1881 5251; x_wconf 64' lang='lat' dir='ltr'><strong>prte-</strong></span> 
     </span>
    </p>
   </div>
   <div class='ocr_carea' id='block_1_55' title="bbox 234 5274 1879 5342">
    <p class='ocr_par' dir='ltr' id='par_1_55' title="bbox 234 5274 1879 5342">
     <span class='ocr_line' id='line_1_55' title="bbox 234 5274 1879 5342; baseline -0.009 0"><span class='ocrx_word' id='word_1_441' title='bbox 234 5288 492 5342; x_wconf 83' lang='lat' dir='ltr'><strong>donum</strong></span> <span class='ocrx_word' id='word_1_442' title='bbox 533 5289 589 5338; x_wconf 90' lang='lat' dir='ltr'><strong>et</strong></span> <span class='ocrx_word' id='word_1_443' title='bbox 636 5280 869 5337; x_wconf 87' lang='lat' dir='ltr'><strong>carceris</strong></span> <span class='ocrx_word' id='word_1_444' title='bbox 913 5278 1223 5342; x_wconf 87' lang='lat' dir='ltr'><strong>custodem,</strong></span> <span class='ocrx_word' id='word_1_445' title='bbox 1272 5275 1575 5341; x_wconf 86' lang='lat' dir='ltr'><strong>diabolum,</strong></span> <span class='ocrx_word' id='word_1_446' title='bbox 1624 5274 1782 5330; x_wconf 86' lang='lat' dir='ltr'><strong>simul</strong></span> <span class='ocrx_word' id='word_1_447' title='bbox 1825 5284 1879 5328; x_wconf 90' lang='lat' dir='ltr'><strong>et</strong></span> 
     </span>
    </p>
   </div>
   <div class='ocr_carea' id='block_1_56' title="bbox 234 5365 1882 5444">
    <p class='ocr_par' dir='ltr' id='par_1_56' title="bbox 234 5365 1882 5444">
     <span class='ocr_line' id='line_1_56' title="bbox 234 5365 1882 5444; baseline -0.008 -12"><span class='ocrx_word' id='word_1_448' title='bbox 234 5384 543 5440; x_wconf 82' lang='lat' dir='ltr'><strong>mortem,</strong></span> <span class='ocrx_word' id='word_1_449' title='bbox 574 5388 694 5429; x_wconf 89' lang='lat' dir='ltr'><strong>cum</strong></span> <span class='ocrx_word' id='word_1_450' title='bbox 721 5387 819 5444; x_wconf 90' lang='lat' dir='ltr'><strong>per</strong></span> <span class='ocrx_word' id='word_1_451' title='bbox 846 5380 1073 5426; x_wconf 90' lang='lat' dir='ltr'><strong>mortem</strong></span> <span class='ocrx_word' id='word_1_452' title='bbox 1102 5383 1251 5424; x_wconf 90' lang='lat' dir='ltr'><strong>suam</strong></span> <span class='ocrx_word' id='word_1_453' title='bbox 1280 5367 1558 5434; x_wconf 75' lang='lat' dir='ltr'><strong>vinxisset,</strong></span> <span class='ocrx_word' id='word_1_454' title='bbox 1583 5380 1772 5422; x_wconf 89' lang='lat' dir='ltr'><strong>omnes</strong></span> <span class='ocrx_word' id='word_1_455' title='bbox 1798 5365 1882 5421; x_wconf 88' lang='lat' dir='ltr'><strong>di-</strong></span> 
     </span>
    </p>
   </div>
   <div class='ocr_carea' id='block_1_57' title="bbox 235 5463 1876 5541">
    <p class='ocr_par' dir='ltr' id='par_1_57' title="bbox 235 5463 1876 5541">
     <span class='ocr_line' id='line_1_57' title="bbox 235 5463 1876 5541; baseline -0.012 -4"><span class='ocrx_word' id='word_1_456' title='bbox 235 5479 446 5537; x_wconf 73' lang='lat' dir='ltr'><strong>vuias</strong></span> <span class='ocrx_word' id='word_1_457' title='bbox 469 5518 484 5541; x_wconf 89' lang='lat'><strong>,</strong></span> <span class='ocrx_word' id='word_1_458' title='bbox 515 5474 803 5529; x_wconf 87' lang='lat' dir='ltr'><strong>humanum</strong></span> <span class='ocrx_word' id='word_1_459' title='bbox 835 5472 1047 5541; x_wconf 88' lang='lat' dir='ltr'><strong>inquam</strong></span> <span class='ocrx_word' id='word_1_460' title='bbox 1093 5483 1260 5538; x_wconf 82' lang='lat' dir='ltr'><strong>genus</strong></span> <span class='ocrx_word' id='word_1_461' title='bbox 1287 5465 1555 5521; x_wconf 87' lang='lat' dir='ltr'><strong>transtulit</strong></span> <span class='ocrx_word' id='word_1_462' title='bbox 1594 5464 1647 5518; x_wconf 93' lang='lat' dir='ltr'><strong>in</strong></span> <span class='ocrx_word' id='word_1_463' title='bbox 1691 5463 1876 5518; x_wconf 76' lang='lat' dir='ltr'><strong>mraria</strong></span> 
     </span>
    </p>
   </div>
   <div class='ocr_carea' id='block_1_58' title="bbox 236 5558 1879 5643">
    <p class='ocr_par' dir='ltr' id='par_1_58' title="bbox 236 5558 1879 5643">
     <span class='ocr_line' id='line_1_58' title="bbox 236 5558 1879 5643; baseline -0.011 -16"><span class='ocrx_word' id='word_1_464' title='bbox 236 5573 457 5643; x_wconf 67' lang='lat' dir='ltr'><strong>regia.</strong></span> <span class='ocrx_word' id='word_1_465' title='bbox 490 5567 601 5624; x_wconf 89' lang='lat' dir='ltr'><strong>lloc</strong></span> <span class='ocrx_word' id='word_1_466' title='bbox 638 5577 693 5623; x_wconf 93' lang='lat' dir='ltr'><strong>et</strong></span> <span class='ocrx_word' id='word_1_467' title='bbox 740 5564 935 5620; x_wconf 82' lang='lat' dir='ltr'><strong>Paulus</strong></span> <span class='ocrx_word' id='word_1_468' title='bbox 963 5563 1179 5624; x_wconf 88' lang='lat' dir='ltr'><strong>indicat,</strong></span> <span class='ocrx_word' id='word_1_469' title='bbox 1213 5577 1334 5616; x_wconf 90' lang='lat' dir='ltr'><strong>cum</strong></span> <span class='ocrx_word' id='word_1_470' title='bbox 1365 5561 1440 5615; x_wconf 92' lang='lat' dir='ltr'><strong>ait</strong></span> <span class='ocrx_word' id='word_1_471' title='bbox 1469 5577 1482 5613; x_wconf 91' lang='lat'><strong>:</strong></span> <span class='ocrx_word' id='word_1_472' title='bbox 1512 5558 1743 5613; x_wconf 78' lang='lat' dir='ltr'><strong>Redemit</strong></span> <span class='ocrx_word' id='word_1_473' title='bbox 1787 5573 1879 5610; x_wconf 89' lang='lat' dir='ltr'><strong>nos</strong></span> 
     </span>
    </p>
   </div>
   <div class='ocr_carea' id='block_1_59' title="bbox 240 5646 1881 5733">
    <p class='ocr_par' dir='ltr' id='par_1_59' title="bbox 240 5646 1881 5733">
     <span class='ocr_line' id='line_1_59' title="bbox 240 5646 1881 5733; baseline -0.011 -14"><span class='ocrx_word' id='word_1_474' title='bbox 240 5669 328 5719; x_wconf 70' lang='grc' dir='ltr'><strong><em>ιοί</em></strong></span> <span class='ocrx_word' id='word_1_475' title='bbox 358 5668 620 5733; x_wconf 76' lang='lat' dir='ltr'><strong>potestate</strong></span> <span class='ocrx_word' id='word_1_476' title='bbox 644 5659 977 5717; x_wconf 70' lang='lat' dir='ltr'><strong>tetwbrarum,</strong></span> <span class='ocrx_word' id='word_1_477' title='bbox 1000 5665 1046 5708; x_wconf 86' lang='lat' dir='ltr'><strong>et</strong></span> <span class='ocrx_word' id='word_1_478' title='bbox 1077 5653 1328 5708; x_wconf 77' lang='lat' dir='ltr'><strong>transtulit</strong></span> <span class='ocrx_word' id='word_1_479' title='bbox 1349 5652 1400 5704; x_wconf 89' lang='lat' dir='ltr'><strong>in</strong></span> <span class='ocrx_word' id='word_1_480' title='bbox 1420 5665 1629 5719; x_wconf 86' lang='lat' dir='ltr'><strong>regnum</strong></span> <span class='ocrx_word' id='word_1_481' title='bbox 1655 5646 1881 5701; x_wconf 84' lang='lat' dir='ltr'><strong>dilectio-</strong></span> 
     </span>
    </p>
   </div>
   <div class='ocr_carea' id='block_1_60' title="bbox 234 5738 1880 5826">
    <p class='ocr_par' dir='ltr' id='par_1_60' title="bbox 234 5738 1880 5826">
     <span class='ocr_line' id='line_1_60' title="bbox 234 5738 1880 5826; baseline -0.013 -12"><span class='ocrx_word' id='word_1_482' title='bbox 234 5759 347 5814; x_wconf 69' lang='lat' dir='ltr'><strong>nis</strong></span> <span class='ocrx_word' id='word_1_483' title='bbox 379 5755 504 5825; x_wconf 73' lang='lat' dir='ltr'><strong>ejus</strong></span> <span class='ocrx_word' id='word_1_484' title='bbox 534 5757 552 5826; x_wconf 94' lang='lat'><strong>(</strong></span> <span class='ocrx_word' id='word_1_485' title='bbox 577 5751 775 5807; x_wconf 70' lang='lat' dir='ltr'><strong>Colon.</strong></span> <span class='ocrx_word' id='word_1_486' title='bbox 807 5748 864 5804; x_wconf 77' lang='grc'><strong>1.</strong></span> <span class='ocrx_word' id='word_1_487' title='bbox 892 5746 1019 5818; x_wconf 83' lang='grc'><strong>15).</strong></span> <span class='ocrx_word' id='word_1_488' title='bbox 1051 5747 1217 5803; x_wconf 83' lang='lat' dir='ltr'><strong>Porro</strong></span> <span class='ocrx_word' id='word_1_489' title='bbox 1245 5743 1384 5817; x_wconf 88' lang='lat' dir='ltr'><strong>quod</strong></span> <span class='ocrx_word' id='word_1_490' title='bbox 1423 5740 1773 5799; x_wconf 82' lang='lat' dir='ltr'><strong>admiratione</strong></span> <span class='ocrx_word' id='word_1_491' title='bbox 1798 5738 1880 5796; x_wconf 62' lang='lat' dir='ltr'><strong>di.</strong></span> 
     </span>
    </p>
   </div>
   <div class='ocr_carea' id='block_1_61' title="bbox 1291 299 2385 372">
    <p class='ocr_par' dir='ltr' id='par_1_61' title="bbox 1291 299 2385 372">
     <span class='ocr_line' id='line_1_61' title="bbox 1291 299 2385 372; baseline -0.008 -6"><span class='ocrx_word' id='word_1_492' title='bbox 1291 309 1379 366; x_wconf 81' lang='lat' dir='ltr'><strong>DE</strong></span> <span class='ocrx_word' id='word_1_493' title='bbox 1417 308 1856 372; x_wconf 58' lang='lat' dir='ltr'><strong>CWMETERIO</strong></span> <span class='ocrx_word' id='word_1_494' title='bbox 1892 309 1978 365; x_wconf 78' lang='grc' dir='ltr'><strong>ΕΤ</strong></span> <span class='ocrx_word' id='word_1_495' title='bbox 2015 305 2103 362; x_wconf 86' lang='lat' dir='ltr'><strong>DE</strong></span> <span class='ocrx_word' id='word_1_496' title='bbox 2140 299 2385 358; x_wconf 77' lang='lat' dir='ltr'><strong>CBUCE.</strong></span> 
     </span>
    </p>
   </div>
   <div class='ocr_carea' id='block_1_62' title="bbox 3445 312 3548 367">
    <p class='ocr_par' dir='ltr' id='par_1_62' title="bbox 3445 312 3548 367">
     <span class='ocr_line' id='line_1_62' title="bbox 3445 312 3548 367; baseline 0.019 -2"><span class='ocrx_word' id='word_1_497' title='bbox 3445 312 3548 367; x_wconf 55' lang='lat'><strong>5136</strong></span> 
     </span>
    </p>
   </div>
   <div class='ocr_carea' id='block_1_63' title="bbox 1973 415 3550 492">
    <p class='ocr_par' dir='ltr' id='par_1_63' title="bbox 1973 415 3550 492">
     <span class='ocr_line' id='line_1_63' title="bbox 1973 415 3550 492; baseline 0.006 -22"><span class='ocrx_word' id='word_1_498' title='bbox 1973 415 2282 488; x_wconf 79' lang='lat' dir='ltr'><strong>gnissimuni</strong></span> <span class='ocrx_word' id='word_1_499' title='bbox 2311 425 2431 482; x_wconf 85' lang='lat' dir='ltr'><strong>est,</strong></span> <span class='ocrx_word' id='word_1_500' title='bbox 2475 416 2587 486; x_wconf 82' lang='lat' dir='ltr'><strong>ipse</strong></span> <span class='ocrx_word' id='word_1_501' title='bbox 2627 416 2736 472; x_wconf 76' lang='lat' dir='ltr'><strong>Rex</strong></span> <span class='ocrx_word' id='word_1_502' title='bbox 2767 418 2998 474; x_wconf 89' lang='lat' dir='ltr'><strong>advenit.</strong></span> <span class='ocrx_word' id='word_1_503' title='bbox 3031 422 3189 492; x_wconf 82' lang='lat' dir='ltr'><strong>Atqui</strong></span> <span class='ocrx_word' id='word_1_504' title='bbox 3237 420 3416 477; x_wconf 90' lang='lat' dir='ltr'><strong>nullus</strong></span> <span class='ocrx_word' id='word_1_505' title='bbox 3460 439 3550 480; x_wconf 74' lang='lat' dir='ltr'><strong>rex</strong></span> 
     </span>
    </p>
   </div>
   <div class='ocr_carea' id='block_1_64' title="bbox 1970 507 3561 580">
    <p class='ocr_par' dir='ltr' id='par_1_64' title="bbox 1970 507 3561 580">
     <span class='ocr_line' id='line_1_64' title="bbox 1970 507 3561 580; baseline 0.004 -17"><span class='ocrx_word' id='word_1_506' title='bbox 1970 523 2220 579; x_wconf 88' lang='lat' dir='ltr'><strong>umquam</strong></span> <span class='ocrx_word' id='word_1_507' title='bbox 2258 508 2360 563; x_wconf 93' lang='lat' dir='ltr'><strong>hoc</strong></span> <span class='ocrx_word' id='word_1_508' title='bbox 2390 507 2697 580; x_wconf 86' lang='lat' dir='ltr'><strong>dignaretur</strong></span> <span class='ocrx_word' id='word_1_509' title='bbox 2737 507 2934 574; x_wconf 83' lang='lat' dir='ltr'><strong>facere,</strong></span> <span class='ocrx_word' id='word_1_510' title='bbox 2966 511 3059 566; x_wconf 90' lang='lat' dir='ltr'><strong>sed</strong></span> <span class='ocrx_word' id='word_1_511' title='bbox 3090 512 3319 568; x_wconf 87' lang='lat' dir='ltr'><strong>ministri</strong></span> <span class='ocrx_word' id='word_1_512' title='bbox 3349 515 3561 570; x_wconf 82' lang='lat' dir='ltr'><strong>vinetos</strong></span> 
     </span>
    </p>
   </div>
   <div class='ocr_carea' id='block_1_65' title="bbox 1968 599 3550 671">
    <p class='ocr_par' dir='ltr' id='par_1_65' title="bbox 1968 599 3550 671">
     <span class='ocr_line' id='line_1_65' title="bbox 1968 599 3550 671; baseline 0.008 -17"><span class='ocrx_word' id='word_1_513' title='bbox 1968 599 2242 655; x_wconf 91' lang='lat' dir='ltr'><strong>dimittunt</strong></span> <span class='ocrx_word' id='word_1_514' title='bbox 2272 617 2285 654; x_wconf 91' lang='lat'><strong>:</strong></span> <span class='ocrx_word' id='word_1_515' title='bbox 2317 615 2474 655; x_wconf 91' lang='lat' dir='ltr'><strong>secus</strong></span> <span class='ocrx_word' id='word_1_516' title='bbox 2502 601 2620 664; x_wconf 89' lang='lat' dir='ltr'><strong>hic;</strong></span> <span class='ocrx_word' id='word_1_517' title='bbox 2655 601 2878 671; x_wconf 87' lang='lat' dir='ltr'><strong>ipsemet</strong></span> <span class='ocrx_word' id='word_1_518' title='bbox 2898 603 3009 659; x_wconf 82' lang='lat' dir='ltr'><strong>Rex</strong></span> <span class='ocrx_word' id='word_1_519' title='bbox 3050 604 3117 660; x_wconf 88' lang='lat' dir='ltr'><strong>ad</strong></span> <span class='ocrx_word' id='word_1_520' title='bbox 3152 607 3359 663; x_wconf 90' lang='lat' dir='ltr'><strong>vinctos</strong></span> <span class='ocrx_word' id='word_1_521' title='bbox 3387 608 3550 667; x_wconf 71' lang='lat' dir='ltr'><strong>venit.</strong></span> 
     </span>
    </p>
   </div>
   <div class='ocr_carea' id='block_1_66' title="bbox 1969 692 3552 765">
    <p class='ocr_par' dir='ltr' id='par_1_66' title="bbox 1969 692 3552 765">
     <span class='ocr_line' id='line_1_66' title="bbox 1969 692 3552 765; baseline 0.007 -17"><span class='ocrx_word' id='word_1_522' title='bbox 1969 692 2083 748; x_wconf 82' lang='lat' dir='ltr'><strong>Non</strong></span> <span class='ocrx_word' id='word_1_523' title='bbox 2123 694 2334 749; x_wconf 92' lang='lat' dir='ltr'><strong>erubuit</strong></span> <span class='ocrx_word' id='word_1_524' title='bbox 2377 709 2646 749; x_wconf 90' lang='lat' dir='ltr'><strong>carcerem</strong></span> <span class='ocrx_word' id='word_1_525' title='bbox 2667 735 2683 757; x_wconf 90' lang='lat'><strong>,</strong></span> <span class='ocrx_word' id='word_1_526' title='bbox 2714 710 2889 765; x_wconf 89' lang='lat' dir='ltr'><strong>neque</strong></span> <span class='ocrx_word' id='word_1_527' title='bbox 2935 695 3181 752; x_wconf 89' lang='lat' dir='ltr'><strong>deteutos</strong></span> <span class='ocrx_word' id='word_1_528' title='bbox 3210 700 3262 754; x_wconf 92' lang='lat' dir='ltr'><strong>in</strong></span> <span class='ocrx_word' id='word_1_529' title='bbox 3288 715 3504 758; x_wconf 87' lang='lat' dir='ltr'><strong>carcere</strong></span> <span class='ocrx_word' id='word_1_530' title='bbox 3535 719 3552 759; x_wconf 90' lang='lat'><strong>:</strong></span> 
     </span>
    </p>
   </div>
   <div class='ocr_carea' id='block_1_67' title="bbox 1969 784 3558 863">
    <p class='ocr_par' dir='ltr' id='par_1_67' title="bbox 1969 784 3558 863">
     <span class='ocr_line' id='line_1_67' title="bbox 1969 784 3558 863; baseline 0.008 -24"><span class='ocrx_word' id='word_1_531' title='bbox 1969 784 2036 841; x_wconf 89' lang='lat' dir='ltr'><strong>de</strong></span> <span class='ocrx_word' id='word_1_532' title='bbox 2060 800 2125 840; x_wconf 87' lang='lat' dir='ltr'><strong>eo</strong></span> <span class='ocrx_word' id='word_1_533' title='bbox 2149 786 2290 840; x_wconf 86' lang='lat' dir='ltr'><strong>enim</strong></span> <span class='ocrx_word' id='word_1_534' title='bbox 2319 802 2477 857; x_wconf 90' lang='lat' dir='ltr'><strong>quem</strong></span> <span class='ocrx_word' id='word_1_535' title='bbox 2507 786 2756 852; x_wconf 76' lang='lat' dir='ltr'><strong>tinxerat,</strong></span> <span class='ocrx_word' id='word_1_536' title='bbox 2782 787 3105 845; x_wconf 84' lang='lat' dir='ltr'><strong>erubescere</strong></span> <span class='ocrx_word' id='word_1_537' title='bbox 3130 806 3236 845; x_wconf 90' lang='lat' dir='ltr'><strong>non</strong></span> <span class='ocrx_word' id='word_1_538' title='bbox 3263 794 3471 863; x_wconf 90' lang='lat' dir='ltr'><strong>potuit;</strong></span> <span class='ocrx_word' id='word_1_539' title='bbox 3499 805 3558 851; x_wconf 85' lang='lat' dir='ltr'><strong>et</strong></span> 
     </span>
    </p>
   </div>
   <div class='ocr_carea' id='block_1_68' title="bbox 1969 877 3556 953">
    <p class='ocr_par' dir='ltr' id='par_1_68' title="bbox 1969 877 3556 953">
     <span class='ocr_line' id='line_1_68' title="bbox 1969 877 3556 953; baseline 0.006 -20"><span class='ocrx_word' id='word_1_540' title='bbox 1969 877 2233 948; x_wconf 87' lang='lat' dir='ltr'><strong>confregit</strong></span> <span class='ocrx_word' id='word_1_541' title='bbox 2276 878 2453 942; x_wconf 89' lang='lat' dir='ltr'><strong>fores,</strong></span> <span class='ocrx_word' id='word_1_542' title='bbox 2481 889 2536 934; x_wconf 90' lang='lat' dir='ltr'><strong>et</strong></span> <span class='ocrx_word' id='word_1_543' title='bbox 2565 889 2745 934; x_wconf 88' lang='lat' dir='ltr'><strong>vectes</strong></span> <span class='ocrx_word' id='word_1_544' title='bbox 2772 882 3060 947; x_wconf 88' lang='lat' dir='ltr'><strong>contrivit,</strong></span> <span class='ocrx_word' id='word_1_545' title='bbox 3105 886 3433 953; x_wconf 87' lang='lat' dir='ltr'><strong>superastitit</strong></span> <span class='ocrx_word' id='word_1_546' title='bbox 3474 888 3556 942; x_wconf 83' lang='lat' dir='ltr'><strong>in-</strong></span> 
     </span>
    </p>
   </div>
   <div class='ocr_carea' id='block_1_69' title="bbox 1970 969 3561 1045">
    <p class='ocr_par' dir='ltr' id='par_1_69' title="bbox 1970 969 3561 1045">
     <span class='ocr_line' id='line_1_69' title="bbox 1970 969 3561 1045; baseline 0.01 -24"><span class='ocrx_word' id='word_1_547' title='bbox 1970 970 2121 1023; x_wconf 90' lang='lat' dir='ltr'><strong>ferno</strong></span> <span class='ocrx_word' id='word_1_548' title='bbox 2144 1011 2160 1033; x_wconf 94' lang='lat'><strong>,</strong></span> <span class='ocrx_word' id='word_1_549' title='bbox 2188 978 2243 1024; x_wconf 93' lang='lat' dir='ltr'><strong>et</strong></span> <span class='ocrx_word' id='word_1_550' title='bbox 2264 969 2531 1026; x_wconf 89' lang='lat' dir='ltr'><strong>desertam</strong></span> <span class='ocrx_word' id='word_1_551' title='bbox 2560 970 2689 1026; x_wconf 90' lang='lat' dir='ltr'><strong>fecit</strong></span> <span class='ocrx_word' id='word_1_552' title='bbox 2717 980 2881 1027; x_wconf 89' lang='lat' dir='ltr'><strong>totam</strong></span> <span class='ocrx_word' id='word_1_553' title='bbox 2913 973 3054 1029; x_wconf 89' lang='lat' dir='ltr'><strong>illius</strong></span> <span class='ocrx_word' id='word_1_554' title='bbox 3080 977 3373 1032; x_wconf 88' lang='lat' dir='ltr'><strong>custodiam</strong></span> <span class='ocrx_word' id='word_1_555' title='bbox 3394 1018 3411 1045; x_wconf 91' lang='lat'><strong>,</strong></span> <span class='ocrx_word' id='word_1_556' title='bbox 3440 994 3561 1037; x_wconf 58' lang='lat' dir='ltr'><strong>car-</strong></span> 
     </span>
    </p>
   </div>
   <div class='ocr_carea' id='block_1_70' title="bbox 1969 1059 3560 1131">
    <p class='ocr_par' dir='ltr' id='par_1_70' title="bbox 1969 1059 3560 1131">
     <span class='ocr_line' id='line_1_70' title="bbox 1969 1059 3560 1131; baseline 0.008 -19"><span class='ocrx_word' id='word_1_557' title='bbox 1969 1059 2216 1129; x_wconf 88' lang='lat' dir='ltr'><strong>cerisque</strong></span> <span class='ocrx_word' id='word_1_558' title='bbox 2259 1060 2479 1115; x_wconf 67' lang='lat' dir='ltr'><strong>custode</strong></span> <span class='ocrx_word' id='word_1_559' title='bbox 2509 1061 2560 1113; x_wconf 92' lang='lat' dir='ltr'><strong>in</strong></span> <span class='ocrx_word' id='word_1_560' title='bbox 2588 1061 2796 1116; x_wconf 91' lang='lat' dir='ltr'><strong>vincula</strong></span> <span class='ocrx_word' id='word_1_561' title='bbox 2824 1063 3089 1131; x_wconf 85' lang='lat' dir='ltr'><strong>conjecto,</strong></span> <span class='ocrx_word' id='word_1_562' title='bbox 3119 1064 3185 1119; x_wconf 89' lang='lat' dir='ltr'><strong>ad</strong></span> <span class='ocrx_word' id='word_1_563' title='bbox 3219 1081 3315 1120; x_wconf 92' lang='lat' dir='ltr'><strong>nos</strong></span> <span class='ocrx_word' id='word_1_564' title='bbox 3354 1082 3560 1124; x_wconf 86' lang='lat' dir='ltr'><strong>remea-</strong></span> 
     </span>
    </p>
   </div>
   <div class='ocr_carea' id='block_1_71' title="bbox 1970 1148 3556 1221">
    <p class='ocr_par' dir='ltr' id='par_1_71' title="bbox 1970 1148 3556 1221">
     <span class='ocr_line' id='line_1_71' title="bbox 1970 1148 3556 1221; baseline 0.011 -22"><span class='ocrx_word' id='word_1_565' title='bbox 1970 1148 2063 1203; x_wconf 89' lang='lat' dir='ltr'><strong>vit.</strong></span> <span class='ocrx_word' id='word_1_566' title='bbox 2096 1148 2375 1221; x_wconf 78' lang='lat' dir='ltr'><strong>Tyrannus</strong></span> <span class='ocrx_word' id='word_1_567' title='bbox 2419 1151 2659 1219; x_wconf 89' lang='lat' dir='ltr'><strong>captivus</strong></span> <span class='ocrx_word' id='word_1_568' title='bbox 2709 1152 3042 1219; x_wconf 88' lang='lat' dir='ltr'><strong>ducebatur,</strong></span> <span class='ocrx_word' id='word_1_569' title='bbox 3096 1153 3249 1210; x_wconf 85' lang='lat' dir='ltr'><strong>fortis</strong></span> <span class='ocrx_word' id='word_1_570' title='bbox 3300 1159 3556 1216; x_wconf 88' lang='lat' dir='ltr'><strong>vinctus:</strong></span> 
     </span>
    </p>
   </div>
   <div class='ocr_carea' id='block_1_72' title="bbox 1972 1241 3559 1321">
    <p class='ocr_par' dir='ltr' id='par_1_72' title="bbox 1972 1241 3559 1321">
     <span class='ocr_line' id='line_1_72' title="bbox 1972 1241 3559 1321; baseline 0.008 -26"><span class='ocrx_word' id='word_1_571' title='bbox 1972 1241 2082 1310; x_wconf 73' lang='lat' dir='ltr'><strong>ipsa</strong></span> <span class='ocrx_word' id='word_1_572' title='bbox 2113 1259 2258 1298; x_wconf 86' lang='lat' dir='ltr'><strong>mors</strong></span> <span class='ocrx_word' id='word_1_573' title='bbox 2301 1244 2524 1315; x_wconf 86' lang='lat' dir='ltr'><strong>abjectis</strong></span> <span class='ocrx_word' id='word_1_574' title='bbox 2551 1245 2716 1300; x_wconf 90' lang='lat' dir='ltr'><strong>armis</strong></span> <span class='ocrx_word' id='word_1_575' title='bbox 2739 1288 2754 1313; x_wconf 90' lang='lat'><strong>,</strong></span> <span class='ocrx_word' id='word_1_576' title='bbox 2783 1247 2924 1302; x_wconf 87' lang='lat' dir='ltr'><strong>nuda</strong></span> <span class='ocrx_word' id='word_1_577' title='bbox 2953 1247 3019 1304; x_wconf 91' lang='lat' dir='ltr'><strong>ad</strong></span> <span class='ocrx_word' id='word_1_578' title='bbox 3062 1248 3223 1320; x_wconf 82' lang='lat' dir='ltr'><strong>Regis</strong></span> <span class='ocrx_word' id='word_1_579' title='bbox 3253 1251 3417 1321; x_wconf 86' lang='lat' dir='ltr'><strong>pech</strong></span> <span class='ocrx_word' id='word_1_580' title='bbox 3460 1266 3559 1308; x_wconf 86' lang='lat' dir='ltr'><strong>cu-</strong></span> 
     </span>
    </p>
   </div>
   <div class='ocr_carea' id='block_1_73' title="bbox 1970 1338 2154 1390">
    <p class='ocr_par' dir='ltr' id='par_1_73' title="bbox 1970 1338 2154 1390">
     <span class='ocr_line' id='line_1_73' title="bbox 1970 1338 2154 1390; baseline 0 0"><span class='ocrx_word' id='word_1_581' title='bbox 1970 1338 2154 1390; x_wconf 89' lang='lat' dir='ltr'><strong>currit.</strong></span> 
     </span>
    </p>
   </div>
   <div class='ocr_carea' id='block_1_74' title="bbox 2048 1426 3565 1495">
    <p class='ocr_par' dir='ltr' id='par_1_74' title="bbox 2048 1426 3565 1495">
     <span class='ocr_line' id='line_1_74' title="bbox 2048 1426 3565 1495; baseline 0.006 -15"><span class='ocrx_word' id='word_1_582' title='bbox 2048 1426 2153 1481; x_wconf 80' lang='lat' dir='ltr'><strong>Per</strong></span> <span class='ocrx_word' id='word_1_583' title='bbox 2179 1443 2290 1492; x_wconf 71' lang='lat' dir='ltr'><strong>qua:</strong></span> <span class='ocrx_word' id='word_1_584' title='bbox 2318 1428 2502 1482; x_wconf 82' lang='lat' dir='ltr'><strong>vicerat</strong></span> <span class='ocrx_word' id='word_1_585' title='bbox 2531 1429 2762 1484; x_wconf 82' lang='lat' dir='ltr'><strong>diabolus</strong></span> <span class='ocrx_word' id='word_1_586' title='bbox 2803 1431 3049 1495; x_wconf 72' lang='lat' dir='ltr'><strong>vincitur;</strong></span> <span class='ocrx_word' id='word_1_587' title='bbox 3091 1432 3298 1486; x_wconf 79' lang='lat' dir='ltr'><strong>victoria</strong></span> <span class='ocrx_word' id='word_1_588' title='bbox 3337 1434 3448 1488; x_wconf 84' lang='lat' dir='ltr'><strong>sine</strong></span> <span class='ocrx_word' id='word_1_589' title='bbox 3483 1435 3565 1489; x_wconf 76' lang='lat' dir='ltr'><strong>la-</strong></span> 
     </span>
    </p>
   </div>
   <div class='ocr_carea' id='block_1_75' title="bbox 1970 1517 3562 1584">
    <p class='ocr_par' dir='ltr' id='par_1_75' title="bbox 1970 1517 3562 1584">
     <span class='ocr_line' id='line_1_75' title="bbox 1970 1517 3562 1584; baseline 0.008 -13"><span class='ocrx_word' id='word_1_590' title='bbox 1970 1517 2089 1572; x_wconf 91' lang='lat' dir='ltr'><strong>bore</strong></span> <span class='ocrx_word' id='word_1_591' title='bbox 2131 1529 2324 1573; x_wconf 85' lang='lat' dir='ltr'><strong>nostra.</strong></span> <span class='ocrx_word' id='word_1_592' title='bbox 2352 1550 2418 1561; x_wconf 88' lang='lat'><strong>——</strong></span> <span class='ocrx_word' id='word_1_593' title='bbox 2443 1520 2635 1575; x_wconf 82' lang='lat' dir='ltr'><strong>Vidisti</strong></span> <span class='ocrx_word' id='word_1_594' title='bbox 2680 1523 2974 1577; x_wconf 85' lang='lat' dir='ltr'><strong>mirandam</strong></span> <span class='ocrx_word' id='word_1_595' title='bbox 3023 1525 3339 1580; x_wconf 87' lang='lat' dir='ltr'><strong>victoriam?</strong></span> <span class='ocrx_word' id='word_1_596' title='bbox 3382 1528 3562 1584; x_wconf 83' lang='lat' dir='ltr'><strong>vidisti</strong></span> 
     </span>
    </p>
   </div>
   <div class='ocr_carea' id='block_1_76' title="bbox 1969 1610 3565 1685">
    <p class='ocr_par' dir='ltr' id='par_1_76' title="bbox 1969 1610 3565 1685">
     <span class='ocr_line' id='line_1_76' title="bbox 1969 1610 3565 1685; baseline 0.006 -21"><span class='ocrx_word' id='word_1_597' title='bbox 1969 1610 2144 1665; x_wconf 87' lang='lat' dir='ltr'><strong>crucis</strong></span> <span class='ocrx_word' id='word_1_598' title='bbox 2174 1610 2429 1679; x_wconf 71' lang='lat' dir='ltr'><strong>prmclara</strong></span> <span class='ocrx_word' id='word_1_599' title='bbox 2460 1612 2732 1667; x_wconf 82' lang='lat' dir='ltr'><strong>facinora?</strong></span> <span class='ocrx_word' id='word_1_600' title='bbox 2762 1614 2940 1668; x_wconf 89' lang='lat' dir='ltr'><strong>Dicam</strong></span> <span class='ocrx_word' id='word_1_601' title='bbox 2984 1614 3074 1669; x_wconf 91' lang='lat' dir='ltr'><strong>tibi</strong></span> <span class='ocrx_word' id='word_1_602' title='bbox 3105 1616 3353 1685; x_wconf 89' lang='lat' dir='ltr'><strong>quiddam</strong></span> <span class='ocrx_word' id='word_1_603' title='bbox 3385 1618 3565 1674; x_wconf 81' lang='lat' dir='ltr'><strong>adhuc</strong></span> 
     </span>
    </p>
   </div>
   <div class='ocr_carea' id='block_1_77' title="bbox 1972 1701 3567 1780">
    <p class='ocr_par' dir='ltr' id='par_1_77' title="bbox 1972 1701 3567 1780">
     <span class='ocr_line' id='line_1_77' title="bbox 1972 1701 3567 1780; baseline 0.006 -25"><span class='ocrx_word' id='word_1_604' title='bbox 1972 1701 2308 1758; x_wconf 90' lang='lat' dir='ltr'><strong>mirabilius?</strong></span> <span class='ocrx_word' id='word_1_605' title='bbox 2334 1703 2482 1759; x_wconf 89' lang='lat' dir='ltr'><strong>disce</strong></span> <span class='ocrx_word' id='word_1_606' title='bbox 2506 1705 2722 1761; x_wconf 91' lang='lat' dir='ltr'><strong>modum</strong></span> <span class='ocrx_word' id='word_1_607' title='bbox 2754 1707 3013 1775; x_wconf 78' lang='lat' dir='ltr'><strong>victoriae,</strong></span> <span class='ocrx_word' id='word_1_608' title='bbox 3039 1716 3093 1763; x_wconf 90' lang='lat' dir='ltr'><strong>et</strong></span> <span class='ocrx_word' id='word_1_609' title='bbox 3123 1716 3246 1764; x_wconf 89' lang='lat' dir='ltr'><strong>tunc</strong></span> <span class='ocrx_word' id='word_1_610' title='bbox 3275 1711 3443 1780; x_wconf 83' lang='lat' dir='ltr'><strong>magis</strong></span> <span class='ocrx_word' id='word_1_611' title='bbox 3466 1710 3567 1765; x_wconf 85' lang='lat' dir='ltr'><strong>oh-</strong></span> 
     </span>
    </p>
   </div>
   <div class='ocr_carea' id='block_1_78' title="bbox 1974 1795 3561 1869">
    <p class='ocr_par' dir='ltr' id='par_1_78' title="bbox 1974 1795 3561 1869">
     <span class='ocr_line' id='line_1_78' title="bbox 1974 1795 3561 1869; baseline 0.006 -24"><span class='ocrx_word' id='word_1_612' title='bbox 1974 1803 2271 1861; x_wconf 86' lang='lat' dir='ltr'><strong>stupesces.</strong></span> <span class='ocrx_word' id='word_1_613' title='bbox 2299 1795 2402 1851; x_wconf 90' lang='lat' dir='ltr'><strong>Per</strong></span> <span class='ocrx_word' id='word_1_614' title='bbox 2426 1812 2545 1866; x_wconf 71' lang='lat' dir='ltr'><strong>qua:</strong></span> <span class='ocrx_word' id='word_1_615' title='bbox 2572 1799 2715 1852; x_wconf 90' lang='lat' dir='ltr'><strong>enim</strong></span> <span class='ocrx_word' id='word_1_616' title='bbox 2739 1798 2983 1854; x_wconf 90' lang='lat' dir='ltr'><strong>diabolus</strong></span> <span class='ocrx_word' id='word_1_617' title='bbox 3010 1800 3228 1864; x_wconf 75' lang='lat' dir='ltr'><strong>vicerat,</strong></span> <span class='ocrx_word' id='word_1_618' title='bbox 3259 1816 3354 1869; x_wconf 89' lang='lat' dir='ltr'><strong>per</strong></span> <span class='ocrx_word' id='word_1_619' title='bbox 3373 1802 3561 1857; x_wconf 87' lang='lat' dir='ltr'><strong>eadem</strong></span> 
     </span>
    </p>
   </div>
   <div class='ocr_carea' id='block_1_79' title="bbox 1972 1885 3568 1961">
    <p class='ocr_par' dir='ltr' id='par_1_79' title="bbox 1972 1885 3568 1961">
     <span class='ocr_line' id='line_1_79' title="bbox 1972 1885 3568 1961; baseline 0.006 -22"><span class='ocrx_word' id='word_1_620' title='bbox 1972 1885 2214 1940; x_wconf 87' lang='lat' dir='ltr'><strong>Christus</strong></span> <span class='ocrx_word' id='word_1_621' title='bbox 2242 1888 2488 1943; x_wconf 84' lang='lat' dir='ltr'><strong>eumdem</strong></span> <span class='ocrx_word' id='word_1_622' title='bbox 2512 1889 2726 1956; x_wconf 88' lang='lat' dir='ltr'><strong>devicit,</strong></span> <span class='ocrx_word' id='word_1_623' title='bbox 2757 1899 2810 1946; x_wconf 91' lang='lat' dir='ltr'><strong>et</strong></span> <span class='ocrx_word' id='word_1_624' title='bbox 2830 1893 3062 1960; x_wconf 90' lang='lat' dir='ltr'><strong>acceptis</strong></span> <span class='ocrx_word' id='word_1_625' title='bbox 3086 1892 3277 1961; x_wconf 89' lang='lat' dir='ltr'><strong>quibus</strong></span> <span class='ocrx_word' id='word_1_626' title='bbox 3301 1907 3430 1948; x_wconf 82' lang='lat' dir='ltr'><strong>usus</strong></span> <span class='ocrx_word' id='word_1_627' title='bbox 3454 1892 3568 1948; x_wconf 85' lang='lat' dir='ltr'><strong>fue-</strong></span> 
     </span>
    </p>
   </div>
   <div class='ocr_carea' id='block_1_80' title="bbox 1977 1971 3560 2054">
    <p class='ocr_par' dir='ltr' id='par_1_80' title="bbox 1977 1971 3560 2054">
     <span class='ocr_line' id='line_1_80' title="bbox 1977 1971 3560 2054; baseline 0.007 -25"><span class='ocrx_word' id='word_1_628' title='bbox 1977 1985 2059 2031; x_wconf 88' lang='lat' dir='ltr'><strong>rat</strong></span> <span class='ocrx_word' id='word_1_629' title='bbox 2087 1977 2274 2044; x_wconf 88' lang='lat' dir='ltr'><strong>armis,</strong></span> <span class='ocrx_word' id='word_1_630' title='bbox 2306 1994 2428 2034; x_wconf 90' lang='lat' dir='ltr'><strong>eum</strong></span> <span class='ocrx_word' id='word_1_631' title='bbox 2458 1971 2746 2036; x_wconf 82' lang='lat' dir='ltr'><strong>debellavit</strong></span> <span class='ocrx_word' id='word_1_632' title='bbox 2772 2000 2785 2035; x_wconf 92' lang='lat'><strong>:</strong></span> <span class='ocrx_word' id='word_1_633' title='bbox 2811 1990 2866 2038; x_wconf 89' lang='lat' dir='ltr'><strong>et</strong></span> <span class='ocrx_word' id='word_1_634' title='bbox 2887 1984 3178 2053; x_wconf 88' lang='lat' dir='ltr'><strong>quomodo,</strong></span> <span class='ocrx_word' id='word_1_635' title='bbox 3206 1984 3352 2039; x_wconf 91' lang='lat' dir='ltr'><strong>audi.</strong></span> <span class='ocrx_word' id='word_1_636' title='bbox 3383 1984 3560 2054; x_wconf 81' lang='lat' dir='ltr'><strong>Virgo,</strong></span> 
     </span>
    </p>
   </div>
   <div class='ocr_carea' id='block_1_81' title="bbox 1974 2066 3566 2146">
    <p class='ocr_par' dir='ltr' id='par_1_81' title="bbox 1974 2066 3566 2146">
     <span class='ocr_line' id='line_1_81' title="bbox 1974 2066 3566 2146; baseline 0.009 -29"><span class='ocrx_word' id='word_1_637' title='bbox 1974 2066 2173 2135; x_wconf 88' lang='lat' dir='ltr'><strong>lignum</strong></span> <span class='ocrx_word' id='word_1_638' title='bbox 2201 2077 2255 2122; x_wconf 93' lang='lat' dir='ltr'><strong>et</strong></span> <span class='ocrx_word' id='word_1_639' title='bbox 2282 2084 2428 2123; x_wconf 87' lang='lat' dir='ltr'><strong>mors</strong></span> <span class='ocrx_word' id='word_1_640' title='bbox 2454 2070 2622 2125; x_wconf 87' lang='lat' dir='ltr'><strong>cladis</strong></span> <span class='ocrx_word' id='word_1_641' title='bbox 2651 2081 2848 2127; x_wconf 81' lang='lat' dir='ltr'><strong>nostra:</strong></span> <span class='ocrx_word' id='word_1_642' title='bbox 2869 2071 3088 2128; x_wconf 90' lang='lat' dir='ltr'><strong>fuerunt</strong></span> <span class='ocrx_word' id='word_1_643' title='bbox 3115 2074 3377 2145; x_wconf 80' lang='lat' dir='ltr'><strong>symbolo.</strong></span> <span class='ocrx_word' id='word_1_644' title='bbox 3406 2074 3566 2146; x_wconf 83' lang='lat' dir='ltr'><strong>Virgo</strong></span> 
     </span>
    </p>
   </div>
   <div class='ocr_carea' id='block_1_82' title="bbox 1976 2156 3566 2236">
    <p class='ocr_par' dir='ltr' id='par_1_82' title="bbox 1976 2156 3566 2236">
     <span class='ocr_line' id='line_1_82' title="bbox 1976 2156 3566 2236; baseline 0.008 -27"><span class='ocrx_word' id='word_1_645' title='bbox 1976 2167 2090 2211; x_wconf 86' lang='lat' dir='ltr'><strong>erat</strong></span> <span class='ocrx_word' id='word_1_646' title='bbox 2130 2156 2239 2212; x_wconf 83' lang='lat' dir='ltr'><strong>Eva</strong></span> <span class='ocrx_word' id='word_1_647' title='bbox 2269 2177 2281 2212; x_wconf 90' lang='lat'><strong>:</strong></span> <span class='ocrx_word' id='word_1_648' title='bbox 2314 2160 2540 2214; x_wconf 89' lang='lat' dir='ltr'><strong>necdum</strong></span> <span class='ocrx_word' id='word_1_649' title='bbox 2577 2161 2719 2216; x_wconf 91' lang='lat' dir='ltr'><strong>enim</strong></span> <span class='ocrx_word' id='word_1_650' title='bbox 2752 2162 2923 2217; x_wconf 88' lang='lat' dir='ltr'><strong>virum</strong></span> <span class='ocrx_word' id='word_1_651' title='bbox 2963 2174 3318 2234; x_wconf 87' lang='lat' dir='ltr'><strong>cognoverat;</strong></span> <span class='ocrx_word' id='word_1_652' title='bbox 3365 2166 3566 2236; x_wconf 88' lang='lat' dir='ltr'><strong>lignum</strong></span> 
     </span>
    </p>
   </div>
   <div class='ocr_carea' id='block_1_83' title="bbox 1973 2252 3568 2328">
    <p class='ocr_par' dir='ltr' id='par_1_83' title="bbox 1973 2252 3568 2328">
     <span class='ocr_line' id='line_1_83' title="bbox 1973 2252 3568 2328; baseline 0.006 -23"><span class='ocrx_word' id='word_1_653' title='bbox 1973 2262 2090 2305; x_wconf 90' lang='lat' dir='ltr'><strong>erat</strong></span> <span class='ocrx_word' id='word_1_654' title='bbox 2117 2252 2298 2317; x_wconf 90' lang='lat' dir='ltr'><strong>arbor,</strong></span> <span class='ocrx_word' id='word_1_655' title='bbox 2324 2267 2468 2307; x_wconf 90' lang='lat' dir='ltr'><strong>mors</strong></span> <span class='ocrx_word' id='word_1_656' title='bbox 2496 2254 2691 2308; x_wconf 91' lang='lat' dir='ltr'><strong>mnlcta</strong></span> <span class='ocrx_word' id='word_1_657' title='bbox 2719 2254 2929 2311; x_wconf 84' lang='lat' dir='ltr'><strong>Adami.</strong></span> <span class='ocrx_word' id='word_1_658' title='bbox 2951 2257 3021 2310; x_wconf 84' lang='lat' dir='ltr'><strong>At</strong></span> <span class='ocrx_word' id='word_1_659' title='bbox 3042 2271 3169 2311; x_wconf 92' lang='lat' dir='ltr'><strong>ecce</strong></span> <span class='ocrx_word' id='word_1_660' title='bbox 3190 2257 3381 2313; x_wconf 89' lang='lat' dir='ltr'><strong>iterum</strong></span> <span class='ocrx_word' id='word_1_661' title='bbox 3405 2258 3568 2328; x_wconf 87' lang='lat' dir='ltr'><strong>Virgo</strong></span> 
     </span>
    </p>
   </div>
   <div class='ocr_carea' id='block_1_84' title="bbox 1974 2341 3567 2418">
    <p class='ocr_par' dir='ltr' id='par_1_84' title="bbox 1974 2341 3567 2418">
     <span class='ocr_line' id='line_1_84' title="bbox 1974 2341 3567 2418; baseline 0.004 -22"><span class='ocrx_word' id='word_1_662' title='bbox 1974 2351 2028 2396; x_wconf 91' lang='lat' dir='ltr'><strong>et</strong></span> <span class='ocrx_word' id='word_1_663' title='bbox 2057 2341 2256 2411; x_wconf 87' lang='lat' dir='ltr'><strong>lignum</strong></span> <span class='ocrx_word' id='word_1_664' title='bbox 2283 2354 2338 2397; x_wconf 90' lang='lat' dir='ltr'><strong>et</strong></span> <span class='ocrx_word' id='word_1_665' title='bbox 2363 2358 2529 2407; x_wconf 88' lang='lat' dir='ltr'><strong>mors,</strong></span> <span class='ocrx_word' id='word_1_666' title='bbox 2560 2344 2646 2399; x_wconf 90' lang='lat' dir='ltr'><strong>illa</strong></span> <span class='ocrx_word' id='word_1_667' title='bbox 2667 2344 2834 2400; x_wconf 90' lang='lat' dir='ltr'><strong>cladis</strong></span> <span class='ocrx_word' id='word_1_668' title='bbox 2853 2345 3116 2417; x_wconf 85' lang='lat' dir='ltr'><strong>symbola,</strong></span> <span class='ocrx_word' id='word_1_669' title='bbox 3141 2347 3307 2418; x_wconf 91' lang='lat' dir='ltr'><strong>ipsius</strong></span> <span class='ocrx_word' id='word_1_670' title='bbox 3331 2348 3567 2403; x_wconf 68' lang='lat' dir='ltr'><strong>victoriae</strong></span> 
     </span>
    </p>
   </div>
   <div class='ocr_carea' id='block_1_85' title="bbox 1975 2433 3568 2503">
    <p class='ocr_par' dir='ltr' id='par_1_85' title="bbox 1975 2433 3568 2503">
     <span class='ocr_line' id='line_1_85' title="bbox 1975 2433 3568 2503; baseline 0.004 -17"><span class='ocrx_word' id='word_1_671' title='bbox 1975 2433 2214 2503; x_wconf 81' lang='lat' dir='ltr'><strong>symbola</strong></span> <span class='ocrx_word' id='word_1_672' title='bbox 2247 2433 2380 2487; x_wconf 85' lang='lat' dir='ltr'><strong>facta</strong></span> <span class='ocrx_word' id='word_1_673' title='bbox 2411 2442 2557 2488; x_wconf 91' lang='lat' dir='ltr'><strong>sunt.</strong></span> <span class='ocrx_word' id='word_1_674' title='bbox 2587 2440 2721 2490; x_wconf 87' lang='lat' dir='ltr'><strong>Nam</strong></span> <span class='ocrx_word' id='word_1_675' title='bbox 2769 2435 2887 2490; x_wconf 89' lang='lat' dir='ltr'><strong>loco</strong></span> <span class='ocrx_word' id='word_1_676' title='bbox 2926 2437 3053 2491; x_wconf 75' lang='lat' dir='ltr'><strong>Eva:</strong></span> <span class='ocrx_word' id='word_1_677' title='bbox 3090 2446 3173 2493; x_wconf 90' lang='lat' dir='ltr'><strong>est</strong></span> <span class='ocrx_word' id='word_1_678' title='bbox 3206 2437 3400 2501; x_wconf 82' lang='lat' dir='ltr'><strong>Maria;</strong></span> <span class='ocrx_word' id='word_1_679' title='bbox 3446 2438 3568 2493; x_wconf 86' lang='lat' dir='ltr'><strong>loco</strong></span> 
     </span>
    </p>
   </div>
   <div class='ocr_carea' id='block_1_86' title="bbox 1975 2521 3567 2596">
    <p class='ocr_par' dir='ltr' id='par_1_86' title="bbox 1975 2521 3567 2596">
     <span class='ocr_line' id='line_1_86' title="bbox 1975 2521 3567 2596; baseline 0.006 -21"><span class='ocrx_word' id='word_1_680' title='bbox 1975 2521 2101 2591; x_wconf 88' lang='lat' dir='ltr'><strong>ligni</strong></span> <span class='ocrx_word' id='word_1_681' title='bbox 2128 2523 2363 2578; x_wconf 79' lang='lat' dir='ltr'><strong>scientia:</strong></span> <span class='ocrx_word' id='word_1_682' title='bbox 2390 2524 2513 2579; x_wconf 90' lang='lat' dir='ltr'><strong>boni</strong></span> <span class='ocrx_word' id='word_1_683' title='bbox 2542 2534 2593 2579; x_wconf 92' lang='lat' dir='ltr'><strong>et</strong></span> <span class='ocrx_word' id='word_1_684' title='bbox 2623 2526 2748 2580; x_wconf 89' lang='lat' dir='ltr'><strong>mali</strong></span> <span class='ocrx_word' id='word_1_685' title='bbox 2775 2526 2971 2596; x_wconf 85' lang='lat' dir='ltr'><strong>lignum</strong></span> <span class='ocrx_word' id='word_1_686' title='bbox 2998 2528 3202 2592; x_wconf 88' lang='lat' dir='ltr'><strong>crucis;</strong></span> <span class='ocrx_word' id='word_1_687' title='bbox 3226 2529 3345 2584; x_wconf 90' lang='lat' dir='ltr'><strong>loco</strong></span> <span class='ocrx_word' id='word_1_688' title='bbox 3376 2531 3567 2584; x_wconf 86' lang='lat' dir='ltr'><strong>mortis</strong></span> 
     </span>
    </p>
   </div>
   <div class='ocr_carea' id='block_1_87' title="bbox 1973 2614 3570 2691">
    <p class='ocr_par' dir='ltr' id='par_1_87' title="bbox 1973 2614 3570 2691">
     <span class='ocr_line' id='line_1_87' title="bbox 1973 2614 3570 2691; baseline 0.006 -24"><span class='ocrx_word' id='word_1_689' title='bbox 1973 2614 2167 2669; x_wconf 83' lang='lat' dir='ltr'><strong>Adami</strong></span> <span class='ocrx_word' id='word_1_690' title='bbox 2211 2630 2356 2670; x_wconf 89' lang='lat' dir='ltr'><strong>mors</strong></span> <span class='ocrx_word' id='word_1_691' title='bbox 2393 2615 2612 2673; x_wconf 87' lang='lat' dir='ltr'><strong>Christi.</strong></span> <span class='ocrx_word' id='word_1_692' title='bbox 2644 2618 2801 2673; x_wconf 87' lang='lat' dir='ltr'><strong>Vides</strong></span> <span class='ocrx_word' id='word_1_693' title='bbox 2829 2634 2950 2673; x_wconf 92' lang='lat' dir='ltr'><strong>eum</strong></span> <span class='ocrx_word' id='word_1_694' title='bbox 2970 2660 2985 2684; x_wconf 92' lang='lat'><strong>,</strong></span> <span class='ocrx_word' id='word_1_695' title='bbox 3021 2635 3117 2688; x_wconf 87' lang='lat' dir='ltr'><strong>per</strong></span> <span class='ocrx_word' id='word_1_696' title='bbox 3142 2636 3261 2691; x_wconf 79' lang='lat' dir='ltr'><strong>qua:</strong></span> <span class='ocrx_word' id='word_1_697' title='bbox 3285 2621 3441 2685; x_wconf 88' lang='lat' dir='ltr'><strong>vicit,</strong></span> <span class='ocrx_word' id='word_1_698' title='bbox 3474 2638 3570 2691; x_wconf 83' lang='lat' dir='ltr'><strong>per</strong></span> 
     </span>
    </p>
   </div>
   <div class='ocr_carea' id='block_1_88' title="bbox 1974 2707 3570 2781">
    <p class='ocr_par' dir='ltr' id='par_1_88' title="bbox 1974 2707 3570 2781">
     <span class='ocr_line' id='line_1_88' title="bbox 1974 2707 3570 2781; baseline 0.006 -21"><span class='ocrx_word' id='word_1_699' title='bbox 1974 2707 2160 2761; x_wconf 88' lang='lat' dir='ltr'><strong>eadem</strong></span> <span class='ocrx_word' id='word_1_700' title='bbox 2190 2717 2243 2763; x_wconf 89' lang='lat' dir='ltr'><strong>et</strong></span> <span class='ocrx_word' id='word_1_701' title='bbox 2269 2708 2465 2763; x_wconf 89' lang='lat' dir='ltr'><strong>victum</strong></span> <span class='ocrx_word' id='word_1_702' title='bbox 2493 2709 2658 2765; x_wconf 87' lang='lat' dir='ltr'><strong>esse?</strong></span> <span class='ocrx_word' id='word_1_703' title='bbox 2685 2707 2838 2765; x_wconf 87' lang='lat' dir='ltr'><strong>Circa</strong></span> <span class='ocrx_word' id='word_1_704' title='bbox 2868 2712 3114 2766; x_wconf 88' lang='lat' dir='ltr'><strong>arborem</strong></span> <span class='ocrx_word' id='word_1_705' title='bbox 3145 2714 3431 2781; x_wconf 89' lang='lat' dir='ltr'><strong>prostravit</strong></span> <span class='ocrx_word' id='word_1_706' title='bbox 3456 2713 3570 2768; x_wconf 85' lang='lat' dir='ltr'><strong>dia-</strong></span> 
     </span>
    </p>
   </div>
   <div class='ocr_carea' id='block_1_89' title="bbox 1975 2795 3571 2865">
    <p class='ocr_par' dir='ltr' id='par_1_89' title="bbox 1975 2795 3571 2865">
     <span class='ocr_line' id='line_1_89' title="bbox 1975 2795 3571 2865; baseline 0.006 -14"><span class='ocrx_word' id='word_1_707' title='bbox 1975 2795 2134 2851; x_wconf 88' lang='lat' dir='ltr'><strong>bolus</strong></span> <span class='ocrx_word' id='word_1_708' title='bbox 2179 2798 2478 2865; x_wconf 83' lang='lat' dir='ltr'><strong>Adamnm,</strong></span> <span class='ocrx_word' id='word_1_709' title='bbox 2522 2801 2661 2854; x_wconf 86' lang='lat' dir='ltr'><strong>circa</strong></span> <span class='ocrx_word' id='word_1_710' title='bbox 2704 2801 2951 2857; x_wconf 88' lang='lat' dir='ltr'><strong>arborem</strong></span> <span class='ocrx_word' id='word_1_711' title='bbox 3000 2802 3285 2857; x_wconf 86' lang='lat' dir='ltr'><strong>debellavit</strong></span> <span class='ocrx_word' id='word_1_712' title='bbox 3329 2804 3571 2860; x_wconf 84' lang='lat' dir='ltr'><strong>Christus</strong></span> 
     </span>
    </p>
   </div>
   <div class='ocr_carea' id='block_1_90' title="bbox 1977 2889 3568 2964">
    <p class='ocr_par' dir='ltr' id='par_1_90' title="bbox 1977 2889 3568 2964">
     <span class='ocr_line' id='line_1_90' title="bbox 1977 2889 3568 2964; baseline 0.006 -21"><span class='ocrx_word' id='word_1_713' title='bbox 1977 2889 2267 2946; x_wconf 89' lang='lat' dir='ltr'><strong>diabolum.</strong></span> <span class='ocrx_word' id='word_1_714' title='bbox 2297 2892 2359 2947; x_wconf 87' lang='lat' dir='ltr'><strong>Et</strong></span> <span class='ocrx_word' id='word_1_715' title='bbox 2391 2892 2517 2947; x_wconf 92' lang='lat' dir='ltr'><strong>illud</strong></span> <span class='ocrx_word' id='word_1_716' title='bbox 2545 2893 2759 2962; x_wconf 89' lang='lat' dir='ltr'><strong>quidem</strong></span> <span class='ocrx_word' id='word_1_717' title='bbox 2791 2894 2988 2964; x_wconf 86' lang='lat' dir='ltr'><strong>lignum</strong></span> <span class='ocrx_word' id='word_1_718' title='bbox 3035 2895 3280 2951; x_wconf 82' lang='lat' dir='ltr'><strong>mittebat</strong></span> <span class='ocrx_word' id='word_1_719' title='bbox 3314 2897 3383 2951; x_wconf 89' lang='lat' dir='ltr'><strong>ad</strong></span> <span class='ocrx_word' id='word_1_720' title='bbox 3426 2897 3568 2953; x_wconf 85' lang='lat' dir='ltr'><strong>infe-</strong></span> 
     </span>
    </p>
   </div>
   <div class='ocr_carea' id='block_1_91' title="bbox 1977 2981 3570 3056">
    <p class='ocr_par' dir='ltr' id='par_1_91' title="bbox 1977 2981 3570 3056">
     <span class='ocr_line' id='line_1_91' title="bbox 1977 2981 3570 3056; baseline 0.008 -23"><span class='ocrx_word' id='word_1_721' title='bbox 1977 2994 2066 3034; x_wconf 90' lang='lat' dir='ltr'><strong>ros</strong></span> <span class='ocrx_word' id='word_1_722' title='bbox 2093 2997 2107 3033; x_wconf 91' lang='lat'><strong>:</strong></span> <span class='ocrx_word' id='word_1_723' title='bbox 2137 2990 2192 3035; x_wconf 89' lang='lat' dir='ltr'><strong>at</strong></span> <span class='ocrx_word' id='word_1_724' title='bbox 2224 2981 2326 3036; x_wconf 91' lang='lat' dir='ltr'><strong>hoc</strong></span> <span class='ocrx_word' id='word_1_725' title='bbox 2354 2983 2511 3036; x_wconf 82' lang='lat' dir='ltr'><strong>etiam</strong></span> <span class='ocrx_word' id='word_1_726' title='bbox 2545 2983 2686 3047; x_wconf 88' lang='lat' dir='ltr'><strong>illos,</strong></span> <span class='ocrx_word' id='word_1_727' title='bbox 2711 2985 2800 3054; x_wconf 91' lang='lat' dir='ltr'><strong>qui</strong></span> <span class='ocrx_word' id='word_1_728' title='bbox 2824 2985 2934 3055; x_wconf 88' lang='lat' dir='ltr'><strong>jam</strong></span> <span class='ocrx_word' id='word_1_729' title='bbox 2957 3000 3022 3041; x_wconf 92' lang='lat' dir='ltr'><strong>eo</strong></span> <span class='ocrx_word' id='word_1_730' title='bbox 3043 2985 3447 3056; x_wconf 88' lang='lat' dir='ltr'><strong>descenderant,</strong></span> <span class='ocrx_word' id='word_1_731' title='bbox 3479 3005 3570 3045; x_wconf 80' lang='lat' dir='ltr'><strong>re-</strong></span> 
     </span>
    </p>
   </div>
   <div class='ocr_carea' id='block_1_92' title="bbox 1977 3073 3570 3150">
    <p class='ocr_par' dir='ltr' id='par_1_92' title="bbox 1977 3073 3570 3150">
     <span class='ocr_line' id='line_1_92' title="bbox 1977 3073 3570 3150; baseline 0.008 -26"><span class='ocrx_word' id='word_1_732' title='bbox 1977 3074 2220 3127; x_wconf 85' lang='lat' dir='ltr'><strong>vocabat.</strong></span> <span class='ocrx_word' id='word_1_733' title='bbox 2278 3073 2472 3130; x_wconf 82' lang='lat' dir='ltr'><strong>lterum</strong></span> <span class='ocrx_word' id='word_1_734' title='bbox 2536 3075 2800 3144; x_wconf 86' lang='lat' dir='ltr'><strong>lignorqu</strong></span> <span class='ocrx_word' id='word_1_735' title='bbox 2851 3076 3081 3132; x_wconf 90' lang='lat' dir='ltr'><strong>alterum</strong></span> <span class='ocrx_word' id='word_1_736' title='bbox 3136 3077 3408 3134; x_wconf 90' lang='lat' dir='ltr'><strong>hominem</strong></span> <span class='ocrx_word' id='word_1_737' title='bbox 3457 3081 3570 3150; x_wconf 84' lang='lat' dir='ltr'><strong>jam</strong></span> 
     </span>
    </p>
   </div>
   <div class='ocr_carea' id='block_1_93' title="bbox 1977 3166 3572 3238">
    <p class='ocr_par' dir='ltr' id='par_1_93' title="bbox 1977 3166 3572 3238">
     <span class='ocr_line' id='line_1_93' title="bbox 1977 3166 3572 3238; baseline 0.004 -18"><span class='ocrx_word' id='word_1_738' title='bbox 1977 3176 2191 3236; x_wconf 90' lang='lat' dir='ltr'><strong>captum</strong></span> <span class='ocrx_word' id='word_1_739' title='bbox 2233 3166 2540 3238; x_wconf 89' lang='lat' dir='ltr'><strong>nudumque</strong></span> <span class='ocrx_word' id='word_1_740' title='bbox 2587 3168 2917 3223; x_wconf 89' lang='lat' dir='ltr'><strong>occultavit:</strong></span> <span class='ocrx_word' id='word_1_741' title='bbox 2945 3178 3001 3223; x_wconf 91' lang='lat' dir='ltr'><strong>at</strong></span> <span class='ocrx_word' id='word_1_742' title='bbox 3039 3169 3141 3225; x_wconf 91' lang='lat' dir='ltr'><strong>hoc</strong></span> <span class='ocrx_word' id='word_1_743' title='bbox 3181 3171 3438 3227; x_wconf 89' lang='lat' dir='ltr'><strong>victorem</strong></span> <span class='ocrx_word' id='word_1_744' title='bbox 3468 3187 3572 3227; x_wconf 91' lang='lat' dir='ltr'><strong>nu-</strong></span> 
     </span>
    </p>
   </div>
   <div class='ocr_carea' id='block_1_94' title="bbox 1978 3257 3573 3331">
    <p class='ocr_par' dir='ltr' id='par_1_94' title="bbox 1978 3257 3573 3331">
     <span class='ocr_line' id='line_1_94' title="bbox 1978 3257 3573 3331; baseline 0.003 -18"><span class='ocrx_word' id='word_1_745' title='bbox 1978 3258 2106 3313; x_wconf 89' lang='lat' dir='ltr'><strong>dutn</strong></span> <span class='ocrx_word' id='word_1_746' title='bbox 2152 3257 2203 3312; x_wconf 91' lang='lat' dir='ltr'><strong>in</strong></span> <span class='ocrx_word' id='word_1_747' title='bbox 2243 3258 2352 3313; x_wconf 90' lang='lat' dir='ltr'><strong>alto</strong></span> <span class='ocrx_word' id='word_1_748' title='bbox 2385 3258 2633 3313; x_wconf 88' lang='lat' dir='ltr'><strong>omnibus</strong></span> <span class='ocrx_word' id='word_1_749' title='bbox 2676 3259 2931 3317; x_wconf 87' lang='lat' dir='ltr'><strong>ostendit.</strong></span> <span class='ocrx_word' id='word_1_750' title='bbox 2961 3258 3030 3314; x_wconf 84' lang='lat' dir='ltr'><strong>Et</strong></span> <span class='ocrx_word' id='word_1_751' title='bbox 3070 3260 3155 3314; x_wconf 90' lang='lat' dir='ltr'><strong>illa</strong></span> <span class='ocrx_word' id='word_1_752' title='bbox 3182 3260 3395 3331; x_wconf 87' lang='lat' dir='ltr'><strong>quidem</strong></span> <span class='ocrx_word' id='word_1_753' title='bbox 3424 3276 3573 3318; x_wconf 86' lang='lat' dir='ltr'><strong>mors</strong></span> 
     </span>
    </p>
   </div>
   <div class='ocr_carea' id='block_1_95' title="bbox 1979 3351 3571 3423">
    <p class='ocr_par' dir='ltr' id='par_1_95' title="bbox 1979 3351 3571 3423">
     <span class='ocr_line' id='line_1_95' title="bbox 1979 3351 3571 3423; baseline 0.002 -17"><span class='ocrx_word' id='word_1_754' title='bbox 1979 3367 2106 3419; x_wconf 87' lang='lat' dir='ltr'><strong>eos,</strong></span> <span class='ocrx_word' id='word_1_755' title='bbox 2140 3352 2228 3423; x_wconf 91' lang='lat' dir='ltr'><strong>qui</strong></span> <span class='ocrx_word' id='word_1_756' title='bbox 2263 3359 2383 3420; x_wconf 90' lang='lat' dir='ltr'><strong>post</strong></span> <span class='ocrx_word' id='word_1_757' title='bbox 2412 3352 2580 3421; x_wconf 90' lang='lat' dir='ltr'><strong>ipsam</strong></span> <span class='ocrx_word' id='word_1_758' title='bbox 2613 3351 2721 3405; x_wconf 90' lang='lat' dir='ltr'><strong>nati</strong></span> <span class='ocrx_word' id='word_1_759' title='bbox 2754 3360 2913 3417; x_wconf 91' lang='lat' dir='ltr'><strong>sunt,</strong></span> <span class='ocrx_word' id='word_1_760' title='bbox 2953 3351 3359 3410; x_wconf 86' lang='lat' dir='ltr'><strong>condemnavit:</strong></span> <span class='ocrx_word' id='word_1_761' title='bbox 3386 3360 3442 3405; x_wconf 85' lang='lat' dir='ltr'><strong>at</strong></span> <span class='ocrx_word' id='word_1_762' title='bbox 3470 3353 3571 3409; x_wconf 83' lang='lat' dir='ltr'><strong>ista</strong></span> 
     </span>
    </p>
   </div>
   <div class='ocr_carea' id='block_1_96' title="bbox 1979 3441 3571 3513">
    <p class='ocr_par' dir='ltr' id='par_1_96' title="bbox 1979 3441 3571 3513">
     <span class='ocr_line' id='line_1_96' title="bbox 1979 3441 3571 3513; baseline -0.001 -15"><span class='ocrx_word' id='word_1_763' title='bbox 1979 3458 2127 3498; x_wconf 89' lang='lat' dir='ltr'><strong>mors</strong></span> <span class='ocrx_word' id='word_1_764' title='bbox 2145 3443 2305 3498; x_wconf 90' lang='lat' dir='ltr'><strong>etiam</strong></span> <span class='ocrx_word' id='word_1_765' title='bbox 2333 3443 2449 3496; x_wconf 82' lang='lat' dir='ltr'><strong>illos</strong></span> <span class='ocrx_word' id='word_1_766' title='bbox 2474 3443 2563 3513; x_wconf 91' lang='lat' dir='ltr'><strong>qui</strong></span> <span class='ocrx_word' id='word_1_767' title='bbox 2594 3444 2702 3498; x_wconf 88' lang='lat' dir='ltr'><strong>nati</strong></span> <span class='ocrx_word' id='word_1_768' title='bbox 2729 3441 2938 3498; x_wconf 89' lang='lat' dir='ltr'><strong>fuerant</strong></span> <span class='ocrx_word' id='word_1_769' title='bbox 2964 3452 3089 3498; x_wconf 91' lang='lat' dir='ltr'><strong>ante</strong></span> <span class='ocrx_word' id='word_1_770' title='bbox 3114 3443 3303 3511; x_wconf 90' lang='lat' dir='ltr'><strong>ipsam,</strong></span> <span class='ocrx_word' id='word_1_771' title='bbox 3335 3443 3571 3499; x_wconf 80' lang='lat' dir='ltr'><strong>resusci-</strong></span> 
     </span>
    </p>
   </div>
   <div class='ocr_carea' id='block_1_97' title="bbox 1979 3532 3569 3607">
    <p class='ocr_par' dir='ltr' id='par_1_97' title="bbox 1979 3532 3569 3607">
     <span class='ocr_line' id='line_1_97' title="bbox 1979 3532 3569 3607; baseline 0.001 -17"><span class='ocrx_word' id='word_1_772' title='bbox 1979 3536 2128 3590; x_wconf 87' lang='lat' dir='ltr'><strong>tavit.</strong></span> <span class='ocrx_word' id='word_1_773' title='bbox 2156 3535 2283 3600; x_wconf 82' lang='lat' dir='ltr'><strong>Quis</strong></span> <span class='ocrx_word' id='word_1_774' title='bbox 2311 3536 2541 3605; x_wconf 79' lang='lat' dir='ltr'><strong>loquetur</strong></span> <span class='ocrx_word' id='word_1_775' title='bbox 2567 3534 2816 3605; x_wconf 80' lang='lat' dir='ltr'><strong>potentias</strong></span> <span class='ocrx_word' id='word_1_776' title='bbox 2838 3532 3050 3588; x_wconf 84' lang='lat' dir='ltr'><strong>Domini</strong></span> <span class='ocrx_word' id='word_1_777' title='bbox 3081 3532 3249 3604; x_wconf 81' lang='lat' dir='ltr'><strong>(Psal.</strong></span> <span class='ocrx_word' id='word_1_778' title='bbox 3278 3534 3400 3590; x_wconf 82' lang='grc'><strong>105.</strong></span> <span class='ocrx_word' id='word_1_779' title='bbox 3421 3532 3503 3607; x_wconf 71' lang='lat'><strong>2)?</strong></span> <span class='ocrx_word' id='word_1_780' title='bbox 3523 3535 3569 3591; x_wconf 78' lang='grc' dir='ltr'><strong>Α</strong></span> 
     </span>
    </p>
   </div>
   <div class='ocr_carea' id='block_1_98' title="bbox 1980 3623 3569 3696">
    <p class='ocr_par' dir='ltr' id='par_1_98' title="bbox 1980 3623 3569 3696">
     <span class='ocr_line' id='line_1_98' title="bbox 1980 3623 3569 3696; baseline 0.001 -16"><span class='ocrx_word' id='word_1_781' title='bbox 1980 3636 2151 3681; x_wconf 87' lang='lat' dir='ltr'><strong>morte</strong></span> <span class='ocrx_word' id='word_1_782' title='bbox 2182 3625 2508 3681; x_wconf 88' lang='lat' dir='ltr'><strong>immortales</strong></span> <span class='ocrx_word' id='word_1_783' title='bbox 2537 3623 2662 3680; x_wconf 86' lang='lat' dir='ltr'><strong>facti</strong></span> <span class='ocrx_word' id='word_1_784' title='bbox 2686 3640 2910 3683; x_wconf 86' lang='lat' dir='ltr'><strong>sumus:</strong></span> <span class='ocrx_word' id='word_1_785' title='bbox 2944 3625 3059 3680; x_wconf 80' lang='lat' dir='ltr'><strong>haec</strong></span> <span class='ocrx_word' id='word_1_786' title='bbox 3084 3635 3209 3679; x_wconf 89' lang='lat' dir='ltr'><strong>sunt</strong></span> <span class='ocrx_word' id='word_1_787' title='bbox 3233 3627 3406 3681; x_wconf 90' lang='lat' dir='ltr'><strong>crucis</strong></span> <span class='ocrx_word' id='word_1_788' title='bbox 3429 3642 3569 3696; x_wconf 78' lang='lat' dir='ltr'><strong>pne-</strong></span> 
     </span>
    </p>
   </div>
   <div class='ocr_carea' id='block_1_99' title="bbox 1980 3716 2411 3771">
    <p class='ocr_par' dir='ltr' id='par_1_99' title="bbox 1980 3716 2411 3771">
     <span class='ocr_line' id='line_1_99' title="bbox 1980 3716 2411 3771; baseline -0.002 0"><span class='ocrx_word' id='word_1_789' title='bbox 1980 3717 2125 3771; x_wconf 86' lang='lat' dir='ltr'><strong>clara</strong></span> <span class='ocrx_word' id='word_1_790' title='bbox 2157 3716 2411 3771; x_wconf 84' lang='lat' dir='ltr'><strong>facinora.</strong></span> 
     </span>
    </p>
   </div>
   <div class='ocr_carea' id='block_1_100' title="bbox 2050 3805 3571 3866">
    <p class='ocr_par' dir='ltr' id='par_1_100' title="bbox 2050 3805 3571 3866">
     <span class='ocr_line' id='line_1_100' title="bbox 2050 3805 3571 3866; baseline 0.003 -4"><span class='ocrx_word' id='word_1_791' title='bbox 2050 3807 2361 3863; x_wconf 79' lang='lat' dir='ltr'><strong>Intellexisti</strong></span> <span class='ocrx_word' id='word_1_792' title='bbox 2388 3807 2703 3863; x_wconf 83' lang='lat' dir='ltr'><strong>victoriam?</strong></span> <span class='ocrx_word' id='word_1_793' title='bbox 2730 3806 3038 3864; x_wconf 80' lang='lat' dir='ltr'><strong>intellexisti</strong></span> <span class='ocrx_word' id='word_1_794' title='bbox 3060 3807 3278 3863; x_wconf 89' lang='lat' dir='ltr'><strong>modum</strong></span> <span class='ocrx_word' id='word_1_795' title='bbox 3299 3805 3571 3866; x_wconf 68' lang='lat' dir='ltr'><strong>victoriae?</strong></span> 
     </span>
    </p>
   </div>
   <div class='ocr_carea' id='block_1_101' title="bbox 1979 3898 3567 3969">
    <p class='ocr_par' dir='ltr' id='par_1_101' title="bbox 1979 3898 3567 3969">
     <span class='ocr_line' id='line_1_101' title="bbox 1979 3898 3567 3969; baseline 0.004 -17"><span class='ocrx_word' id='word_1_796' title='bbox 1979 3898 2126 3954; x_wconf 89' lang='lat' dir='ltr'><strong>disce</strong></span> <span class='ocrx_word' id='word_1_797' title='bbox 2151 3914 2312 3964; x_wconf 91' lang='lat' dir='ltr'><strong>nunc,</strong></span> <span class='ocrx_word' id='word_1_798' title='bbox 2342 3899 2612 3969; x_wconf 90' lang='lat' dir='ltr'><strong>quomodo</strong></span> <span class='ocrx_word' id='word_1_799' title='bbox 2640 3907 2697 3954; x_wconf 89' lang='lat' dir='ltr'><strong>et</strong></span> <span class='ocrx_word' id='word_1_800' title='bbox 2721 3900 2837 3955; x_wconf 88' lang='lat' dir='ltr'><strong>sine</strong></span> <span class='ocrx_word' id='word_1_801' title='bbox 2864 3899 3047 3955; x_wconf 89' lang='lat' dir='ltr'><strong>labore</strong></span> <span class='ocrx_word' id='word_1_802' title='bbox 3076 3909 3131 3956; x_wconf 93' lang='lat' dir='ltr'><strong>et</strong></span> <span class='ocrx_word' id='word_1_803' title='bbox 3159 3900 3355 3957; x_wconf 88' lang='lat' dir='ltr'><strong>sudore</strong></span> <span class='ocrx_word' id='word_1_804' title='bbox 3382 3912 3567 3958; x_wconf 87' lang='lat' dir='ltr'><strong>nostro</strong></span> 
     </span>
    </p>
   </div>
   <div class='ocr_carea' id='block_1_102' title="bbox 1978 3990 3569 4061">
    <p class='ocr_par' dir='ltr' id='par_1_102' title="bbox 1978 3990 3569 4061">
     <span class='ocr_line' id='line_1_102' title="bbox 1978 3990 3569 4061; baseline 0.001 -14"><span class='ocrx_word' id='word_1_805' title='bbox 1978 3992 2200 4048; x_wconf 87' lang='lat' dir='ltr'><strong>victoria</strong></span> <span class='ocrx_word' id='word_1_806' title='bbox 2218 3991 2335 4047; x_wconf 68' lang='lat' dir='ltr'><strong>hinc</strong></span> <span class='ocrx_word' id='word_1_807' title='bbox 2355 3991 2512 4046; x_wconf 87' lang='lat' dir='ltr'><strong>fuerit</strong></span> <span class='ocrx_word' id='word_1_808' title='bbox 2537 4000 2706 4061; x_wconf 87' lang='lat' dir='ltr'><strong>parta.</strong></span> <span class='ocrx_word' id='word_1_809' title='bbox 2727 3990 2837 4047; x_wconf 89' lang='lat' dir='ltr'><strong>Nos</strong></span> <span class='ocrx_word' id='word_1_810' title='bbox 2858 4007 3003 4046; x_wconf 88' lang='lat' dir='ltr'><strong>arma</strong></span> <span class='ocrx_word' id='word_1_811' title='bbox 3026 4009 3131 4047; x_wconf 92' lang='lat' dir='ltr'><strong>non</strong></span> <span class='ocrx_word' id='word_1_812' title='bbox 3153 3994 3569 4061; x_wconf 86' lang='lat' dir='ltr'><strong>cruentavimus,</strong></span> 
     </span>
    </p>
   </div>
   <div class='ocr_carea' id='block_1_103' title="bbox 1979 4082 3573 4154">
    <p class='ocr_par' dir='ltr' id='par_1_103' title="bbox 1979 4082 3573 4154">
     <span class='ocr_line' id='line_1_103' title="bbox 1979 4082 3573 4154; baseline 0.003 -16"><span class='ocrx_word' id='word_1_813' title='bbox 1979 4100 2086 4138; x_wconf 91' lang='lat' dir='ltr'><strong>non</strong></span> <span class='ocrx_word' id='word_1_814' title='bbox 2128 4085 2370 4138; x_wconf 82' lang='lat' dir='ltr'><strong>stetimus</strong></span> <span class='ocrx_word' id='word_1_815' title='bbox 2400 4083 2451 4138; x_wconf 93' lang='lat' dir='ltr'><strong>in</strong></span> <span class='ocrx_word' id='word_1_816' title='bbox 2482 4082 2597 4138; x_wconf 88' lang='lat' dir='ltr'><strong>acie</strong></span> <span class='ocrx_word' id='word_1_817' title='bbox 2616 4124 2631 4149; x_wconf 95' lang='lat'><strong>,</strong></span> <span class='ocrx_word' id='word_1_818' title='bbox 2661 4098 2766 4141; x_wconf 91' lang='lat' dir='ltr'><strong>non</strong></span> <span class='ocrx_word' id='word_1_819' title='bbox 2792 4085 3094 4152; x_wconf 87' lang='lat' dir='ltr'><strong>accepimus</strong></span> <span class='ocrx_word' id='word_1_820' title='bbox 3119 4084 3335 4139; x_wconf 88' lang='lat' dir='ltr'><strong>vulnera</strong></span> <span class='ocrx_word' id='word_1_821' title='bbox 3354 4125 3369 4146; x_wconf 88' lang='lat'><strong>,</strong></span> <span class='ocrx_word' id='word_1_822' title='bbox 3399 4099 3573 4154; x_wconf 83' lang='lat' dir='ltr'><strong>neque</strong></span> 
     </span>
    </p>
   </div>
   <div class='ocr_carea' id='block_1_104' title="bbox 1978 4174 3571 4241">
    <p class='ocr_par' dir='ltr' id='par_1_104' title="bbox 1978 4174 3571 4241">
     <span class='ocr_line' id='line_1_104' title="bbox 1978 4174 3571 4241; baseline 0.001 -12"><span class='ocrx_word' id='word_1_823' title='bbox 1978 4176 2209 4232; x_wconf 90' lang='lat' dir='ltr'><strong>vidimus</strong></span> <span class='ocrx_word' id='word_1_824' title='bbox 2236 4175 2455 4241; x_wconf 89' lang='lat' dir='ltr'><strong>bellum,</strong></span> <span class='ocrx_word' id='word_1_825' title='bbox 2479 4185 2533 4230; x_wconf 89' lang='lat' dir='ltr'><strong>et</strong></span> <span class='ocrx_word' id='word_1_826' title='bbox 2558 4183 2733 4230; x_wconf 88' lang='lat' dir='ltr'><strong>tamen</strong></span> <span class='ocrx_word' id='word_1_827' title='bbox 2760 4176 3035 4229; x_wconf 90' lang='lat' dir='ltr'><strong>victoriam</strong></span> <span class='ocrx_word' id='word_1_828' title='bbox 3063 4174 3392 4230; x_wconf 89' lang='lat' dir='ltr'><strong>obtinuimus</strong></span> <span class='ocrx_word' id='word_1_829' title='bbox 3415 4192 3429 4229; x_wconf 92' lang='lat'><strong>:</strong></span> <span class='ocrx_word' id='word_1_830' title='bbox 3451 4190 3571 4230; x_wconf 87' lang='lat' dir='ltr'><strong>eer-</strong></span> 
     </span>
    </p>
   </div>
   <div class='ocr_carea' id='block_1_105' title="bbox 1981 4263 3571 4336">
    <p class='ocr_par' dir='ltr' id='par_1_105' title="bbox 1981 4263 3571 4336">
     <span class='ocr_line' id='line_1_105' title="bbox 1981 4263 3571 4336; baseline -0.001 -13"><span class='ocrx_word' id='word_1_831' title='bbox 1981 4278 2158 4323; x_wconf 89' lang='lat' dir='ltr'><strong>tamen</strong></span> <span class='ocrx_word' id='word_1_832' title='bbox 2180 4265 2390 4321; x_wconf 88' lang='lat' dir='ltr'><strong>Domini</strong></span> <span class='ocrx_word' id='word_1_833' title='bbox 2412 4266 2532 4331; x_wconf 83' lang='lat' dir='ltr'><strong>l’uit,</strong></span> <span class='ocrx_word' id='word_1_834' title='bbox 2555 4281 2753 4321; x_wconf 87' lang='lat' dir='ltr'><strong>corona</strong></span> <span class='ocrx_word' id='word_1_835' title='bbox 2776 4276 2980 4322; x_wconf 89' lang='lat' dir='ltr'><strong>nostra.</strong></span> <span class='ocrx_word' id='word_1_836' title='bbox 3003 4263 3138 4320; x_wconf 87' lang='lat' dir='ltr'><strong>Cum</strong></span> <span class='ocrx_word' id='word_1_837' title='bbox 3161 4280 3289 4336; x_wconf 87' lang='lat' dir='ltr'><strong>ergo</strong></span> <span class='ocrx_word' id='word_1_838' title='bbox 3311 4275 3367 4320; x_wconf 89' lang='lat' dir='ltr'><strong>et</strong></span> <span class='ocrx_word' id='word_1_839' title='bbox 3388 4275 3571 4322; x_wconf 80' lang='lat' dir='ltr'><strong>nostra</strong></span> 
     </span>
    </p>
   </div>
   <div class='ocr_carea' id='block_1_106' title="bbox 1980 4356 3574 4427">
    <p class='ocr_par' dir='ltr' id='par_1_106' title="bbox 1980 4356 3574 4427">
     <span class='ocr_line' id='line_1_106' title="bbox 1980 4356 3574 4427; baseline -0.001 -12"><span class='ocrx_word' id='word_1_840' title='bbox 1980 4362 2051 4415; x_wconf 88' lang='lat' dir='ltr'><strong>sit</strong></span> <span class='ocrx_word' id='word_1_841' title='bbox 2082 4359 2324 4425; x_wconf 88' lang='lat' dir='ltr'><strong>victoria,</strong></span> <span class='ocrx_word' id='word_1_842' title='bbox 2354 4357 2550 4414; x_wconf 87' lang='lat' dir='ltr'><strong>milites</strong></span> <span class='ocrx_word' id='word_1_843' title='bbox 2575 4359 2867 4424; x_wconf 91' lang='lat' dir='ltr'><strong>imitemur,</strong></span> <span class='ocrx_word' id='word_1_844' title='bbox 2892 4356 3136 4427; x_wconf 72' lang='lat' dir='ltr'><strong>laetisque</strong></span> <span class='ocrx_word' id='word_1_845' title='bbox 3161 4356 3379 4413; x_wconf 87' lang='lat' dir='ltr'><strong>vocibus</strong></span> <span class='ocrx_word' id='word_1_846' title='bbox 3405 4357 3574 4413; x_wconf 83' lang='lat' dir='ltr'><strong>victo-</strong></span> 
     </span>
    </p>
   </div>
   <div class='ocr_carea' id='block_1_107' title="bbox 1981 4446 3573 4508">
    <p class='ocr_par' dir='ltr' id='par_1_107' title="bbox 1981 4446 3573 4508">
     <span class='ocr_line' id='line_1_107' title="bbox 1981 4446 3573 4508; baseline -0.002 -1"><span class='ocrx_word' id='word_1_847' title='bbox 1981 4451 2076 4508; x_wconf 77' lang='lat' dir='ltr'><strong>ria:</strong></span> <span class='ocrx_word' id='word_1_848' title='bbox 2118 4450 2304 4505; x_wconf 87' lang='lat' dir='ltr'><strong>laudes</strong></span> <span class='ocrx_word' id='word_1_849' title='bbox 2348 4458 2404 4505; x_wconf 92' lang='lat' dir='ltr'><strong>et</strong></span> <span class='ocrx_word' id='word_1_850' title='bbox 2430 4450 2668 4505; x_wconf 89' lang='lat' dir='ltr'><strong>carmina</strong></span> <span class='ocrx_word' id='word_1_851' title='bbox 2713 4448 2870 4503; x_wconf 90' lang='lat' dir='ltr'><strong>hodie</strong></span> <span class='ocrx_word' id='word_1_852' title='bbox 2907 4446 3254 4504; x_wconf 85' lang='lat' dir='ltr'><strong>deeantemns</strong></span> <span class='ocrx_word' id='word_1_853' title='bbox 3287 4466 3301 4503; x_wconf 92' lang='lat'><strong>:</strong></span> <span class='ocrx_word' id='word_1_854' title='bbox 3332 4448 3573 4504; x_wconf 84' lang='lat' dir='ltr'><strong>dicamus</strong></span> 
     </span>
    </p>
   </div>
   <div class='ocr_carea' id='block_1_108' title="bbox 1983 4540 3569 4610">
    <p class='ocr_par' dir='ltr' id='par_1_108' title="bbox 1983 4540 3569 4610">
     <span class='ocr_line' id='line_1_108' title="bbox 1983 4540 3569 4610; baseline -0.001 -12"><span class='ocrx_word' id='word_1_855' title='bbox 1983 4543 2264 4598; x_wconf 88' lang='lat' dir='ltr'><strong>Dominum</strong></span> <span class='ocrx_word' id='word_1_856' title='bbox 2305 4542 2627 4597; x_wconf 87' lang='lat' dir='ltr'><strong>laudantes:</strong></span> <span class='ocrx_word' id='word_1_857' title='bbox 2659 4540 2913 4610; x_wconf 81' lang='lat' dir='ltr'><strong>Absorpta</strong></span> <span class='ocrx_word' id='word_1_858' title='bbox 2953 4551 3028 4595; x_wconf 81' lang='lat' dir='ltr'><strong>est</strong></span> <span class='ocrx_word' id='word_1_859' title='bbox 3068 4557 3204 4595; x_wconf 82' lang='lat' dir='ltr'><strong>mors</strong></span> <span class='ocrx_word' id='word_1_860' title='bbox 3243 4540 3298 4596; x_wconf 86' lang='lat' dir='ltr'><strong>in</strong></span> <span class='ocrx_word' id='word_1_861' title='bbox 3340 4540 3569 4597; x_wconf 75' lang='lat' dir='ltr'><strong>victaria.</strong></span> 
     </span>
    </p>
   </div>
   <div class='ocr_carea' id='block_1_109' title="bbox 1985 4631 3574 4706">
    <p class='ocr_par' dir='ltr' id='par_1_109' title="bbox 1985 4631 3574 4706">
     <span class='ocr_line' id='line_1_109' title="bbox 1985 4631 3574 4706; baseline -0.001 -18"><span class='ocrx_word' id='word_1_862' title='bbox 1985 4633 2082 4689; x_wconf 83' lang='lat' dir='ltr'><strong>Ubi</strong></span> <span class='ocrx_word' id='word_1_863' title='bbox 2119 4643 2191 4689; x_wconf 82' lang='lat' dir='ltr'><strong>est</strong></span> <span class='ocrx_word' id='word_1_864' title='bbox 2210 4673 2227 4698; x_wconf 90' lang='lat'><strong>,</strong></span> <span class='ocrx_word' id='word_1_865' title='bbox 2254 4648 2409 4699; x_wconf 83' lang='lat' dir='ltr'><strong>mors,</strong></span> <span class='ocrx_word' id='word_1_866' title='bbox 2450 4632 2661 4686; x_wconf 76' lang='lat' dir='ltr'><strong>victoria</strong></span> <span class='ocrx_word' id='word_1_867' title='bbox 2684 4632 2800 4685; x_wconf 83' lang='lat' dir='ltr'><strong>tua?</strong></span> <span class='ocrx_word' id='word_1_868' title='bbox 2826 4631 2910 4684; x_wconf 80' lang='lat' dir='ltr'><strong>ubi</strong></span> <span class='ocrx_word' id='word_1_869' title='bbox 2936 4632 3169 4687; x_wconf 81' lang='lat' dir='ltr'><strong>stimulus</strong></span> <span class='ocrx_word' id='word_1_870' title='bbox 3193 4641 3345 4698; x_wconf 76' lang='lat' dir='ltr'><strong>tuus,</strong></span> <span class='ocrx_word' id='word_1_871' title='bbox 3376 4632 3574 4706; x_wconf 70' lang='lat' dir='ltr'><strong>inferne</strong></span> 
     </span>
    </p>
   </div>
   <div class='ocr_carea' id='block_1_110' title="bbox 1982 4718 3571 4797">
    <p class='ocr_par' dir='ltr' id='par_1_110' title="bbox 1982 4718 3571 4797">
     <span class='ocr_line' id='line_1_110' title="bbox 1982 4718 3571 4797; baseline -0.001 -19"><span class='ocrx_word' id='word_1_872' title='bbox 1982 4724 2154 4797; x_wconf 73' lang='lat' dir='ltr'><strong>(Osee</strong></span> <span class='ocrx_word' id='word_1_873' title='bbox 2193 4723 2285 4782; x_wconf 74' lang='lat' dir='ltr'><strong>l5.</strong></span> <span class='ocrx_word' id='word_1_874' title='bbox 2314 4723 2415 4787; x_wconf 76' lang='lat' dir='ltr'><strong>M;</strong></span> <span class='ocrx_word' id='word_1_875' title='bbox 2449 4722 2502 4776; x_wconf 81' lang='lat' dir='ltr'><strong>l.</strong></span> <span class='ocrx_word' id='word_1_876' title='bbox 2531 4718 2651 4777; x_wconf 88' lang='lat' dir='ltr'><strong>Cor.</strong></span> <span class='ocrx_word' id='word_1_877' title='bbox 2675 4722 2763 4777; x_wconf 81' lang='lat' dir='ltr'><strong>l5.</strong></span> <span class='ocrx_word' id='word_1_878' title='bbox 2786 4721 2877 4777; x_wconf 69' lang='grc'><strong>54.</strong></span> <span class='ocrx_word' id='word_1_879' title='bbox 2900 4721 3043 4793; x_wconf 77' lang='lat'><strong>55)?</strong></span> <span class='ocrx_word' id='word_1_880' title='bbox 3067 4720 3193 4777; x_wconf 67' lang='lat' dir='ltr'><strong>llaec</strong></span> <span class='ocrx_word' id='word_1_881' title='bbox 3223 4722 3402 4777; x_wconf 88' lang='lat' dir='ltr'><strong>omnia</strong></span> <span class='ocrx_word' id='word_1_882' title='bbox 3430 4736 3571 4792; x_wconf 76' lang='lat' dir='ltr'><strong>pra:-</strong></span> 
     </span>
    </p>
   </div>
   <div class='ocr_carea' id='block_1_111' title="bbox 1981 4795 3567 4883">
    <p class='ocr_par' dir='ltr' id='par_1_111' title="bbox 1981 4795 3567 4883">
     <span class='ocr_line' id='line_1_111' title="bbox 1981 4795 3567 4883; baseline -0.004 -10"><span class='ocrx_word' id='word_1_883' title='bbox 1981 4795 2138 4873; x_wconf 60' lang='lat' dir='ltr'><strong>clare</strong></span> <span class='ocrx_word' id='word_1_884' title='bbox 2155 4816 2290 4871; x_wconf 88' lang='lat' dir='ltr'><strong>facta</strong></span> <span class='ocrx_word' id='word_1_885' title='bbox 2319 4829 2450 4869; x_wconf 85' lang='lat' dir='ltr'><strong>crux</strong></span> <span class='ocrx_word' id='word_1_886' title='bbox 2480 4812 2636 4868; x_wconf 88' lang='lat' dir='ltr'><strong>nobis</strong></span> <span class='ocrx_word' id='word_1_887' title='bbox 2660 4813 2867 4882; x_wconf 88' lang='lat' dir='ltr'><strong>peperit</strong></span> <span class='ocrx_word' id='word_1_888' title='bbox 2897 4829 2913 4868; x_wconf 94' lang='lat'><strong>:</strong></span> <span class='ocrx_word' id='word_1_889' title='bbox 2943 4828 3072 4868; x_wconf 82' lang='lat' dir='ltr'><strong>crux</strong></span> <span class='ocrx_word' id='word_1_890' title='bbox 3102 4820 3358 4883; x_wconf 66' lang='lat' dir='ltr'><strong>trepaeum</strong></span> <span class='ocrx_word' id='word_1_891' title='bbox 3382 4821 3567 4867; x_wconf 81' lang='lat' dir='ltr'><strong>contra</strong></span> 
     </span>
    </p>
   </div>
   <div class='ocr_carea' id='block_1_112' title="bbox 1980 4901 3571 4975">
    <p class='ocr_par' dir='ltr' id='par_1_112' title="bbox 1980 4901 3571 4975">
     <span class='ocr_line' id='line_1_112' title="bbox 1980 4901 3571 4975; baseline -0.005 -10"><span class='ocrx_word' id='word_1_892' title='bbox 1980 4908 2257 4965; x_wconf 67' lang='lat' dir='ltr'><strong>dazmones</strong></span> <span class='ocrx_word' id='word_1_893' title='bbox 2283 4913 2545 4969; x_wconf 87' lang='lat' dir='ltr'><strong>erectum,</strong></span> <span class='ocrx_word' id='word_1_894' title='bbox 2573 4904 2781 4975; x_wconf 88' lang='lat' dir='ltr'><strong>gladius</strong></span> <span class='ocrx_word' id='word_1_895' title='bbox 2802 4912 2991 4960; x_wconf 87' lang='lat' dir='ltr'><strong>contra</strong></span> <span class='ocrx_word' id='word_1_896' title='bbox 3023 4913 3299 4974; x_wconf 89' lang='lat' dir='ltr'><strong>peccatum</strong></span> <span class='ocrx_word' id='word_1_897' title='bbox 3316 4942 3333 4969; x_wconf 93' lang='lat'><strong>,</strong></span> <span class='ocrx_word' id='word_1_898' title='bbox 3362 4901 3571 4973; x_wconf 79' lang='lat' dir='ltr'><strong>gladius</strong></span> 
     </span>
    </p>
   </div>
   <div class='ocr_carea' id='block_1_113' title="bbox 1982 4994 3572 5072">
    <p class='ocr_par' dir='ltr' id='par_1_113' title="bbox 1982 4994 3572 5072">
     <span class='ocr_line' id='line_1_113' title="bbox 1982 4994 3572 5072; baseline -0.004 -17"><span class='ocrx_word' id='word_1_899' title='bbox 1982 5016 2088 5072; x_wconf 90' lang='lat' dir='ltr'><strong>quo</strong></span> <span class='ocrx_word' id='word_1_900' title='bbox 2113 5008 2416 5069; x_wconf 87' lang='lat' dir='ltr'><strong>serpentem</strong></span> <span class='ocrx_word' id='word_1_901' title='bbox 2445 4997 2686 5053; x_wconf 90' lang='lat' dir='ltr'><strong>confodit</strong></span> <span class='ocrx_word' id='word_1_902' title='bbox 2716 4997 2996 5053; x_wconf 87' lang='lat' dir='ltr'><strong>Christus:</strong></span> <span class='ocrx_word' id='word_1_903' title='bbox 3021 5011 3149 5051; x_wconf 82' lang='lat' dir='ltr'><strong>crux</strong></span> <span class='ocrx_word' id='word_1_904' title='bbox 3182 4996 3352 5051; x_wconf 79' lang='lat' dir='ltr'><strong>Patris</strong></span> <span class='ocrx_word' id='word_1_905' title='bbox 3376 4994 3572 5050; x_wconf 89' lang='lat' dir='ltr'><strong>volun-</strong></span> 
     </span>
    </p>
   </div>
   <div class='ocr_carea' id='block_1_114' title="bbox 1984 5086 3570 5163">
    <p class='ocr_par' dir='ltr' id='par_1_114' title="bbox 1984 5086 3570 5163">
     <span class='ocr_line' id='line_1_114' title="bbox 1984 5086 3570 5163; baseline -0.005 -14"><span class='ocrx_word' id='word_1_906' title='bbox 1984 5104 2102 5160; x_wconf 82' lang='lat' dir='ltr'><strong>tas,</strong></span> <span class='ocrx_word' id='word_1_907' title='bbox 2144 5091 2411 5163; x_wconf 87' lang='lat' dir='ltr'><strong>Unigeniti</strong></span> <span class='ocrx_word' id='word_1_908' title='bbox 2434 5090 2626 5162; x_wconf 85' lang='lat' dir='ltr'><strong>gloria,</strong></span> <span class='ocrx_word' id='word_1_909' title='bbox 2666 5090 2894 5161; x_wconf 91' lang='lat' dir='ltr'><strong>Spiritus</strong></span> <span class='ocrx_word' id='word_1_910' title='bbox 2922 5089 3227 5156; x_wconf 76' lang='lat' dir='ltr'><strong>exsultatio,</strong></span> <span class='ocrx_word' id='word_1_911' title='bbox 3254 5086 3570 5158; x_wconf 86' lang='lat' dir='ltr'><strong>angelorum</strong></span> 
     </span>
    </p>
   </div>
   <div class='ocr_carea' id='block_1_115' title="bbox 1983 5179 3569 5253">
    <p class='ocr_par' dir='ltr' id='par_1_115' title="bbox 1983 5179 3569 5253">
     <span class='ocr_line' id='line_1_115' title="bbox 1983 5179 3569 5253; baseline -0.006 -11"><span class='ocrx_word' id='word_1_912' title='bbox 1983 5188 2163 5251; x_wconf 89' lang='lat' dir='ltr'><strong>decus,</strong></span> <span class='ocrx_word' id='word_1_913' title='bbox 2208 5184 2464 5241; x_wconf 84' lang='lat' dir='ltr'><strong>Ecclesia:</strong></span> <span class='ocrx_word' id='word_1_914' title='bbox 2488 5184 2769 5251; x_wconf 87' lang='lat' dir='ltr'><strong>securitas,</strong></span> <span class='ocrx_word' id='word_1_915' title='bbox 2795 5181 3041 5253; x_wconf 83' lang='lat' dir='ltr'><strong>gloriatio</strong></span> <span class='ocrx_word' id='word_1_916' title='bbox 3068 5179 3235 5245; x_wconf 85' lang='lat' dir='ltr'><strong>Pauli,</strong></span> <span class='ocrx_word' id='word_1_917' title='bbox 3262 5187 3569 5234; x_wconf 89' lang='lat' dir='ltr'><strong>sanctorum</strong></span> 
     </span>
    </p>
   </div>
   <div class='ocr_carea' id='block_1_116' title="bbox 1950 5270 3571 5341">
    <p class='ocr_par' dir='ltr' id='par_1_116' title="bbox 1950 5270 3571 5341">
     <span class='ocr_line' id='line_1_116' title="bbox 1950 5270 3571 5341; baseline -0.004 -8"><span class='ocrx_word' id='word_1_918' title='bbox 1950 5318 1954 5323; x_wconf 78' lang='lat'><strong>.</strong></span> <span class='ocrx_word' id='word_1_919' title='bbox 1983 5292 2200 5341; x_wconf 88' lang='lat' dir='ltr'><strong>murus,</strong></span> <span class='ocrx_word' id='word_1_920' title='bbox 2232 5277 2393 5331; x_wconf 91' lang='lat' dir='ltr'><strong>totius</strong></span> <span class='ocrx_word' id='word_1_921' title='bbox 2433 5275 2579 5331; x_wconf 90' lang='lat' dir='ltr'><strong>orbis</strong></span> <span class='ocrx_word' id='word_1_922' title='bbox 2608 5274 2807 5329; x_wconf 89' lang='lat' dir='ltr'><strong>lumen.</strong></span> <span class='ocrx_word' id='word_1_923' title='bbox 2832 5270 3290 5339; x_wconf 85' lang='lat' dir='ltr'><strong>Quemadmodum</strong></span> <span class='ocrx_word' id='word_1_924' title='bbox 3334 5272 3476 5326; x_wconf 90' lang='lat' dir='ltr'><strong>enim</strong></span> <span class='ocrx_word' id='word_1_925' title='bbox 3524 5270 3571 5326; x_wconf 80' lang='lat' dir='ltr'><strong>si</strong></span> 
     </span>
    </p>
   </div>
   <div class='ocr_carea' id='block_1_117' title="bbox 1983 5362 3568 5441">
    <p class='ocr_par' dir='ltr' id='par_1_117' title="bbox 1983 5362 3568 5441">
     <span class='ocr_line' id='line_1_117' title="bbox 1983 5362 3568 5441; baseline -0.004 -17"><span class='ocrx_word' id='word_1_926' title='bbox 1983 5371 2103 5441; x_wconf 88' lang='lat' dir='ltr'><strong>quis</strong></span> <span class='ocrx_word' id='word_1_927' title='bbox 2145 5369 2415 5423; x_wconf 88' lang='lat' dir='ltr'><strong>lucernam</strong></span> <span class='ocrx_word' id='word_1_928' title='bbox 2461 5366 2514 5421; x_wconf 94' lang='lat' dir='ltr'><strong>in</strong></span> <span class='ocrx_word' id='word_1_929' title='bbox 2554 5365 2714 5421; x_wconf 92' lang='lat' dir='ltr'><strong>domo</strong></span> <span class='ocrx_word' id='word_1_930' title='bbox 2741 5364 2987 5435; x_wconf 87' lang='lat' dir='ltr'><strong>quapiam</strong></span> <span class='ocrx_word' id='word_1_931' title='bbox 3017 5363 3251 5419; x_wconf 90' lang='lat' dir='ltr'><strong>tenebris</strong></span> <span class='ocrx_word' id='word_1_932' title='bbox 3277 5362 3449 5419; x_wconf 88' lang='lat' dir='ltr'><strong>obsita</strong></span> <span class='ocrx_word' id='word_1_933' title='bbox 3477 5375 3568 5417; x_wconf 80' lang='lat' dir='ltr'><strong>ac-</strong></span> 
     </span>
    </p>
   </div>
   <div class='ocr_carea' id='block_1_118' title="bbox 1983 5454 3570 5525">
    <p class='ocr_par' dir='ltr' id='par_1_118' title="bbox 1983 5454 3570 5525">
     <span class='ocr_line' id='line_1_118' title="bbox 1983 5454 3570 5525; baseline -0.005 -7"><span class='ocrx_word' id='word_1_934' title='bbox 1983 5462 2177 5518; x_wconf 90' lang='lat' dir='ltr'><strong>ccudat</strong></span> <span class='ocrx_word' id='word_1_935' title='bbox 2204 5469 2259 5516; x_wconf 89' lang='lat' dir='ltr'><strong>et</strong></span> <span class='ocrx_word' id='word_1_936' title='bbox 2286 5460 2339 5514; x_wconf 94' lang='lat' dir='ltr'><strong>in</strong></span> <span class='ocrx_word' id='word_1_937' title='bbox 2366 5459 2530 5513; x_wconf 90' lang='lat' dir='ltr'><strong>altum</strong></span> <span class='ocrx_word' id='word_1_938' title='bbox 2554 5465 2771 5521; x_wconf 87' lang='lat' dir='ltr'><strong>statuat,</strong></span> <span class='ocrx_word' id='word_1_939' title='bbox 2802 5455 3051 5513; x_wconf 85' lang='lat' dir='ltr'><strong>tenebras</strong></span> <span class='ocrx_word' id='word_1_940' title='bbox 3079 5454 3368 5525; x_wconf 88' lang='lat' dir='ltr'><strong>derepente</strong></span> <span class='ocrx_word' id='word_1_941' title='bbox 3397 5454 3570 5525; x_wconf 87' lang='lat' dir='ltr'><strong>fugat:</strong></span> 
     </span>
    </p>
   </div>
   <div class='ocr_carea' id='block_1_119' title="bbox 1984 5545 3570 5622">
    <p class='ocr_par' dir='ltr' id='par_1_119' title="bbox 1984 5545 3570 5622">
     <span class='ocr_line' id='line_1_119' title="bbox 1984 5545 3570 5622; baseline -0.004 -13"><span class='ocrx_word' id='word_1_942' title='bbox 1984 5555 2063 5609; x_wconf 83' lang='lat' dir='ltr'><strong>sic</strong></span> <span class='ocrx_word' id='word_1_943' title='bbox 2090 5553 2321 5608; x_wconf 85' lang='lat' dir='ltr'><strong>tenebris</strong></span> <span class='ocrx_word' id='word_1_944' title='bbox 2350 5566 2449 5622; x_wconf 90' lang='lat' dir='ltr'><strong>per</strong></span> <span class='ocrx_word' id='word_1_945' title='bbox 2476 5550 2782 5605; x_wconf 89' lang='lat' dir='ltr'><strong>universum</strong></span> <span class='ocrx_word' id='word_1_946' title='bbox 2813 5549 2999 5604; x_wconf 89' lang='lat' dir='ltr'><strong>orbem</strong></span> <span class='ocrx_word' id='word_1_947' title='bbox 3026 5547 3226 5618; x_wconf 87' lang='lat' dir='ltr'><strong>sparsis</strong></span> <span class='ocrx_word' id='word_1_948' title='bbox 3250 5588 3265 5613; x_wconf 89' lang='lat'><strong>,</strong></span> <span class='ocrx_word' id='word_1_949' title='bbox 3297 5545 3570 5607; x_wconf 76' lang='lat' dir='ltr'><strong>Christus.</strong></span> 
     </span>
    </p>
   </div>
   <div class='ocr_carea' id='block_1_120' title="bbox 1988 5636 3574 5714">
    <p class='ocr_par' dir='ltr' id='par_1_120' title="bbox 1988 5636 3574 5714">
     <span class='ocr_line' id='line_1_120' title="bbox 1988 5636 3574 5714; baseline -0.007 -14"><span class='ocrx_word' id='word_1_950' title='bbox 1988 5653 2256 5714; x_wconf 85' lang='lat' dir='ltr'><strong>tamquam</strong></span> <span class='ocrx_word' id='word_1_951' title='bbox 2284 5639 2583 5713; x_wconf 89' lang='lat' dir='ltr'><strong>lampadem</strong></span> <span class='ocrx_word' id='word_1_952' title='bbox 2619 5640 2905 5712; x_wconf 88' lang='lat' dir='ltr'><strong>quamdam</strong></span> <span class='ocrx_word' id='word_1_953' title='bbox 2928 5681 2944 5707; x_wconf 86' lang='lat'><strong>,</strong></span> <span class='ocrx_word' id='word_1_954' title='bbox 2972 5655 3184 5695; x_wconf 89' lang='lat' dir='ltr'><strong>crucem</strong></span> <span class='ocrx_word' id='word_1_955' title='bbox 3215 5636 3457 5694; x_wconf 90' lang='lat' dir='ltr'><strong>accendit</strong></span> <span class='ocrx_word' id='word_1_956' title='bbox 3476 5677 3492 5700; x_wconf 86' lang='lat'><strong>,</strong></span> <span class='ocrx_word' id='word_1_957' title='bbox 3520 5644 3574 5688; x_wconf 83' lang='lat' dir='ltr'><strong>ct</strong></span> 
     </span>
    </p>
   </div>
   <div class='ocr_carea' id='block_1_121' title="bbox 1990 5729 3573 5806">
    <p class='ocr_par' dir='ltr' id='par_1_121' title="bbox 1990 5729 3573 5806">
     <span class='ocr_line' id='line_1_121' title="bbox 1990 5729 3573 5806; baseline -0.009 -14"><span class='ocrx_word' id='word_1_958' title='bbox 1990 5737 2043 5793; x_wconf 90' lang='lat' dir='ltr'><strong>in</strong></span> <span class='ocrx_word' id='word_1_959' title='bbox 2072 5736 2237 5792; x_wconf 87' lang='lat' dir='ltr'><strong>altum</strong></span> <span class='ocrx_word' id='word_1_960' title='bbox 2277 5734 2479 5801; x_wconf 78' lang='lat' dir='ltr'><strong>erexit,</strong></span> <span class='ocrx_word' id='word_1_961' title='bbox 2524 5747 2844 5806; x_wconf 86' lang='lat' dir='ltr'><strong>omnemque</strong></span> <span class='ocrx_word' id='word_1_962' title='bbox 2886 5731 3166 5804; x_wconf 78' lang='lat' dir='ltr'><strong>caliginem</strong></span> <span class='ocrx_word' id='word_1_963' title='bbox 3214 5729 3374 5785; x_wconf 88' lang='lat' dir='ltr'><strong>totius</strong></span> <span class='ocrx_word' id='word_1_964' title='bbox 3417 5735 3573 5781; x_wconf 66' lang='lat' dir='ltr'><strong>terra</strong></span> 
     </span>
    </p>
   </div>
  </div>
