4062 6206
501 319 606 378 ΕΠ

505 430 805 503 dissipavit.
834 427 902 484 Et
930 426 1376 498 quemadmodum
1404 428 1610 498 lampas
1629 443 1787 498 supra
1813 429 1865 482 in
1889 435 2088 482 vertice

507 521 688 576 lumen
718 519 915 586 habet,
943 519 1020 576 sic
1048 525 1104 572 et
1128 531 1257 571 crux
1291 516 1475 572 habuit
1498 532 1659 587 supra
1691 520 1742 570 in
1768 517 1967 571 vertice
1985 517 2087 571 So-

507 611 612 666 lem
635 611 856 680 justitiaa
883 609 1243 678 ctl'ulgentcm.
1280 607 1430 663 Hunc
1467 623 1588 663 cum
1628 607 1831 663 videret
1860 607 2088 662 mundus

507 702 673 756 clavis
699 701 936 765 afﬁxum,
980 698 1274 763 cohorruit,
1315 709 1456 753 mota
1496 710 1578 753 est
1621 708 1796 763 terra,
1841 698 2092 766 disrupta:

509 801 694 860 petrte.
722 790 828 845 Sed
860 791 980 844 licet
1009 790 1262 858 disruptze
1289 792 1393 844 sint
1427 802 1590 859 petra:
1611 832 1627 855 ,
1665 791 1888 845 durities
1916 801 2091 845 tamen

509 883 810 938 Judarorum
855 899 961 938 non
1005 891 1087 938 est
1127 884 1363 952 disrupta
1398 901 1411 936 :
1443 885 1614 938 velum
1656 885 1838 954 templi
1869 885 2094 940 scissum

514 985 616 1035 est.
649 983 702 1028 et
729 989 834 1028 non
865 983 947 1028 est
970 976 1134 1029 scissa
1163 975 1402 1045 improba
1426 975 1636 1029 illorum
1664 977 2010 1045 conspiratio.

597 1065 770 1120 Vatum
795 1065 968 1134 templi
991 1082 1082 1118 cur
1104 1066 1333 1118 scissum.
1361 1095 1433 1104 —
1455 1065 1630 1132 Quare
1650 1066 1873 1120 scissum
1896 1076 1979 1120 est
2009 1082 2098 1121 ve-

514 1155 664 1210 lum?
691 1155 823 1223 Quia
851 1157 1104 1225 templum
1137 1171 1242 1210 non
1275 1157 1442 1226 potuit
1470 1157 1650 1211 videre
1682 1157 1964 1211 Dominum
1986 1172 2098 1211 cru-

515 1246 756 1310 citlxum,
785 1256 838 1300 et
869 1262 962 1316 per
986 1262 1070 1312 ea,
1101 1263 1220 1316 quae
1243 1248 1363 1302 velo
1392 1263 1490 1302 suo
1519 1248 1828 1302 acciderunt
1847 1289 1862 1312 ,
1891 1257 2097 1302 tantum

516 1353 622 1392 non
652 1337 1036 1392 exhortationis
1067 1339 1225 1392 modo
1252 1340 1350 1392 ista
1384 1338 1621 1408 protulit.
1649 1339 1722 1392 De
1750 1348 1946 1393 caetero
1971 1354 2099 1392 san-

516 1438 600 1482 cta
625 1438 929 1482 sanctorum
959 1430 1270 1493 conculcet,
1311 1431 1550 1499 quisquis
1575 1429 1736 1483 volet.
1778 1429 1914 1497 Quid
1957 1429 2098 1484 enim

519 1519 635 1572 istis
655 1533 788 1588 Opus
812 1519 999 1582 habeo,
1027 1521 1115 1572 tali
1134 1521 1398 1574 sacrilicio
1419 1530 1568 1574 extra
1591 1521 1770 1575 obiato
1789 1530 1842 1574 et
1863 1520 2101 1589 peracto?

519 1609 644 1678 quid
672 1610 799 1663 mihi
828 1610 1047 1678 prodest
1073 1611 1490 1666 testamentum?
1517 1613 1712 1667 frustra
1753 1622 1806 1667 et
1837 1613 2101 1667 incassum

521 1711 668 1755 tanto
697 1712 936 1771 tempore
967 1704 1095 1756 istos
1121 1703 1298 1758 docui.
1323 1703 1452 1771 Qua:
1478 1721 1541 1758 ex
1569 1705 1684 1774 lege
1705 1705 1769 1758 ad
1797 1721 1880 1759 me
1909 1706 2104 1758 utilitas

521 1791 696 1845 redit?
726 1792 835 1846 Hoc
868 1801 922 1845 et
961 1793 1216 1862 propheta
1245 1794 1508 1847 clamabat
1545 1794 1767 1848 dicens:
1801 1795 1968 1861 Quare
1996 1797 2102 1866 fre-

520 1894 749 1936 muerunt
776 1895 960 1954 gentes,
991 1895 1036 1938 et
1065 1886 1240 1954 populi
1266 1887 1492 1939 meditati
1513 1897 1627 1950 sum
1651 1887 1825 1940 inania
1853 1886 2022 1960 (Psal.
2047 1887 2103 1942 2.

522 1976 618 2044 1)?
644 1975 940 2030 Audierant
970 1994 982 2029 :
1012 1975 1292 2047 Tamquam
1336 1979 1441 2032 ovis
1480 1979 1549 2031 ad
1592 1979 1890 2032 occisionem
1928 1979 2108 2034 ductus

523 2077 614 2128 est,
637 2077 686 2122 et
707 2078 960 2137 tamquam
980 2086 1141 2140 agnus
1166 2087 1334 2124 coram
1355 2071 1586 2125 tondente
1601 2089 1654 2125 se
1679 2073 1922 2126 obmutuit
1953 2071 2107 2143 (Iani.

523 2159 613 2214 55.
645 2160 704 2229 7)
733 2178 746 2213 :
777 2171 831 2214 et
855 2176 977 2215 cum
1006 2161 1144 2217 hanc
1174 2163 1507 2233 prophetiam
1535 2177 1679 2220 tanto
1705 2176 1948 2236 tempore
1973 2183 2107 2221 con-

523 2249 868 2314 sideras-sent,
895 2262 1157 2321 prarsente
1178 2255 1287 2323 jam
1310 2270 1394 2321 eo,
1418 2257 1557 2325 quod
1585 2257 1891 2326 pra-dictum
1915 2258 2105 2324 fuerat,

525 2353 632 2395 non
660 2342 1019 2397 crediderunt.
1046 2343 1254 2412 Cernis,
1286 2346 1553 2415 quomodo
1581 2346 1816 2402 meditati
1844 2357 1966 2402 sunt
1991 2349 2108 2402 ina-

525 2435 647 2488 nia?
674 2435 960 2504 Propterea
999 2437 1224 2491 scissum
1252 2448 1332 2492 est
1359 2438 1646 2508 templum,
1687 2439 1994 2509 signiﬁcans
2019 2456 2111 2495 so-

526 2524 801 2579 litudinem
845 2536 899 2580 et
943 2528 1293 2583 vastationem
1334 2528 1555 2599 posthac
1597 2530 1648 2583 in
1695 2540 2006 2601 perpetuum
2034 2530 2114 2585 fu-

525 2626 718 2670 turam.

598 2707 653 2760 5.
688 2707 764 2758 Ad
788 2707 1199 2762 Communionem
1220 2725 1320 2779 quo
1345 2722 1491 2780 pacto
1511 2711 1749 2765 eundum.
1772 2743 1844 2752 —
1861 2711 1995 2768 Cum
2018 2713 2115 2783 igi-

527 2806 614 2850 tur
656 2811 810 2862 eum,
858 2797 948 2867 qui
993 2799 1044 2852 in
1092 2813 1250 2855 cruce
1290 2800 1480 2855 afﬁxus
1507 2809 1619 2867 est,
1652 2818 1752 2858 nos
1792 2803 1974 2859 itidem
2013 2802 2112 2858 sub

528 2902 808 2958 vesperam
838 2889 1002 2944 visuri
1048 2891 1248 2955 simus,
1293 2902 1560 2964 tamquam
1603 2909 1798 2964 agnum
1827 2905 2113 2951 mactatum

528 2990 585 3034 et
611 2981 964 3048 immolatum,
995 2999 1187 3039 moneo
1207 3027 1222 3052 ,
1251 2995 1449 3041 etcum
1479 2996 1734 3054 tremore,
1772 2989 2115 3044 veneratione

528 3080 585 3126 et
613 3073 907 3126 reverentia
930 3075 1094 3128 multa
1118 3076 1454 3132 accedamus.
1479 3079 1558 3132 An
1587 3081 1821 3146 nescitis,
1849 3081 2116 3150 quomodo

529 3164 702 3233 angeli
733 3164 1032 3220 adstiterint
1054 3168 1302 3238 sepulcro
1329 3185 1522 3240 corpus
1548 3187 1650 3226 non
1684 3172 1916 3239 habenti,
1939 3173 2118 3243 sepul-

533 3271 629 3311 cro
658 3258 868 3312 vacuo?
891 3267 1124 3314 attamen
1151 3275 1270 3315 cum
1301 3263 1469 3317 semel
1499 3273 1666 3318 totum
1687 3280 1880 3334 corpus
1907 3266 2114 3320 Domini

533 3349 844 3418 recepisset,
873 3350 1097 3404 multum
1130 3351 1348 3407 honoris
1377 3353 1476 3422 ipsi
1505 3355 1664 3408 etiam
1694 3356 1813 3410 loco
1840 3355 2113 3410 exhibent.

535 3442 720 3512 Angcli
745 3483 762 3507 ,
789 3442 879 3512 qui
917 3452 1157 3498 naturam
1197 3457 1434 3500 n05tram
1462 3447 1775 3503 excellentia
1821 3464 1918 3504 sua
1963 3450 2118 3522 longe

535 3543 812 3602 superant,
865 3543 1008 3590 tanta
1055 3538 1354 3592 reverentia
1399 3547 1454 3593 et
1493 3538 1835 3594 observantia
1873 3542 2120 3610 sepulcro

535 3626 793 3680 assistunt
822 3643 836 3679 :
865 3641 964 3681 nos
985 3643 1090 3682 non
1116 3627 1184 3683 ad
1209 3629 1514 3699 sepulcrum
1545 3631 1720 3693 inane,
1741 3631 1834 3687 sed
1859 3632 1924 3687 ad
1951 3633 2119 3702 ipsam

538 3731 777 3770 mensam
797 3759 813 3784 ,
846 3718 896 3772 in
926 3733 1027 3788 qua
1051 3721 1234 3790 Agnus
1264 3721 1468 3790 positus
1492 3730 1602 3787 est,
1629 3723 1857 3788 adituri,
1885 3740 2006 3778 cum
2036 3733 2122 3778 tu-

539 3808 710 3862 multu
738 3817 792 3863 et
823 3810 1125 3866 turbatione
1149 3812 1492 3869 accedimus?
1518 3815 1582 3869 Et
1612 3833 1730 3886 qua:
1756 3817 1908 3872 nobis
1937 3818 2004 3873 de
2033 3834 2120 3873 re-

541 3899 685 3969 liquo
724 3903 877 3956 venia
921 3904 1182 3972 speranda
1212 3905 1352 3960 erit?
1378 3905 1491 3962 Non
1529 3908 1648 3961 dico
1679 3907 1792 3964 hmc
1816 3910 2126 3979 simpliciter

541 4002 597 4047 et
622 4003 842 4060 temere,
868 3996 960 4050 sed
991 4011 1112 4050 cum
1133 3997 1314 4053 videre
1335 3999 1535 4054 soleam
1561 3999 1660 4055 hac
1687 4016 1904 4070 veSpera
1932 4001 2127 4057 multos

544 4084 942 4148 tumultuantes,
975 4086 1289 4154 clamantes,
1311 4102 1429 4144 sese
1454 4099 1640 4146 mutuo
1662 4092 1955 4160 trudentes,
1983 4091 2128 4147 exsi-

544 4175 738 4231 lientes
759 4219 772 4241 ,
805 4179 1040 4234 convicia
1077 4179 1331 4249 iacientes
1352 4223 1367 4248 ,
1401 4184 1673 4253 magisque
1721 4199 1931 4253 poenam
1970 4199 2128 4253 quam

546 4268 769 4321 salutem
798 4270 896 4324 sibi
923 4283 1294 4349 comparantes
1314 4317 1330 4342 ,
1355 4290 1422 4329 ea
1442 4275 1510 4330 de
1537 4291 1697 4330 causa
1728 4275 1866 4331 hanc
1890 4276 2132 4330 admoni-

551 4358 749 4412 tionem
777 4362 1015 4415 instituo.

624 4449 884 4507 Invocatio
935 4453 1159 4523 Spiritus
1193 4468 1374 4512 sancti.
1407 4489 1477 4500 —-
1504 4460 1654 4526 Quod
1710 4461 1838 4516 facis
1867 4502 1883 4528 ,
1933 4461 2132 4516 homo?

553 4541 768 4612 quando
798 4545 1049 4599 sacerdos
1077 4556 1181 4602 stat
1204 4559 1330 4604 ante
1355 4566 1560 4605 sacram
1591 4567 1864 4620 mensam,
1891 4552 2134 4608 manibus

554 4637 607 4694 in
632 4636 820 4692 cadum
843 4638 1096 4707 extensis,
1127 4641 1377 4698 invocans
1398 4642 1651 4714 Spiritum
1673 4653 1932 4714 sanctum,
1962 4654 2018 4702 ut
2043 4645 2137 4701 ad-

1252 313 1311 370 S.
1349 314 1628 371 JOANNIS
1653 311 2137 369 CllRYSOSTOMl
2171 310 2490 365 ARCHIEP.
2531 308 3065 363 CONSTANTl-NOP.

3669 307 3779 362 393

2195 427 2410 491 veniat,
2440 433 2497 479 ut
2525 423 2795 495 proposita
2836 422 2976 477 dona
3020 420 3326 492 contingat,
3373 436 3562 492 magna
3591 423 3783 492 quies.

2196 532 2444 586 magnum
2491 516 2763 569 silentium
2789 533 2803 569 :
2829 513 3041 584 quando
3089 512 3320 582 Spiritus
3363 514 3586 583 gratiam
3631 528 3788 569 suam

2199 610 2413 673 tribuit,
2460 608 2674 679 quando
2715 607 3024 670 descendit,
3075 605 3287 676 quando
3330 608 3598 676 proposita
3645 605 3787 661 dona

2198 701 2494 770 contingit,
2519 698 2732 770 quando
2760 713 2913 753 ovem
2957 707 3241 752 mactatam
3276 706 3332 752 et
3357 705 3788 751 consummatam

2199 795 2396 857 cernis,
2427 805 2550 848 tunc
2579 793 2860 847 tumultum
2884 833 2902 859 ,
2933 800 3059 846 tunc
3096 791 3311 856 turbas,
3343 799 3469 846 tunc
3488 793 3794 846 contentio-

2201 900 2322 938 nem
2348 883 2550 938 excitas
2568 892 2623 938 et
2647 883 2885 937 convicia
2909 881 3081 951 jacis?
3101 880 3379 948 Quomodo
3401 881 3668 937 sacriﬁcio
3688 882 3794 937 hoc

2204 975 2401 1046 perfrui
2428 984 2598 1044 potes,
2627 989 2748 1028 cmn
2777 983 2926 1028 tanto
2955 974 3182 1026 tumultu
3209 982 3263 1027 et
3287 973 3513 1043 strepitu
3541 971 3610 1027 ad
3641 988 3796 1027 meno

2202 1082 2316 1122 sam
2345 1066 2481 1122 hanc
2500 1067 2761 1122 accedas?
2786 1065 2900 1120 Non
2928 1065 3123 1119 Sufﬁcit
3155 1063 3308 1118 nobis
3345 1064 3578 1134 peccatis
3608 1075 3796 1119 conta-

2203 1160 2432 1214 minatos
2459 1159 2736 1224 accedere,
2767 1159 2862 1214 sed
2887 1159 3059 1227 ipsum
3088 1158 3246 1212 etiam
3273 1171 3521 1212 accessus
3545 1172 3796 1212 momen-

2205 1259 2317 1304 tum
2351 1265 2453 1305 non
2484 1251 2707 1304 sinimus
2733 1265 2762 1303 a
2787 1259 3006 1319 peccato
3032 1247 3257 1303 liberum
3297 1248 3590 1318 praeterire.
3617 1248 3800 1315 Quan-

2205 1340 2274 1394 do
2301 1341 2440 1395 enim
2462 1339 2758 1410 jurgamur,
2786 1339 3000 1410 quando
3030 1339 3430 1404 tumultuamur,
3458 1339 3676 1410 quando
3698 1354 3799 1396 nos

2207 1443 2392 1488 mutuo
2423 1433 2753 1498 mordemus,
2785 1430 3055 1502 quomodo
3080 1447 3110 1484 a
3141 1432 3371 1500 peccatis
3395 1432 3664 1486 immunes
3691 1432 3800 1487 eri-

2209 1525 2360 1580 mus?
2390 1526 2484 1579 Dic
2509 1525 2661 1590 mihi,
2688 1524 2815 1592 quid
2845 1523 3137 1592 properas?
3163 1523 3316 1591 cujus
3341 1523 3508 1592 gratia
3539 1523 3764 1578 festinas
3783 1567 3801 1588 ,

2209 1632 2330 1670 cum
2375 1631 2530 1670 ovem
2571 1616 2682 1684 jam
2725 1615 2956 1668 occisam
2986 1614 3216 1682 aspicis?
3242 1629 3362 1667 nam
3393 1614 3438 1667 si
3474 1623 3589 1668 tota
3639 1623 3801 1669 nocte

2209 1707 2527 1760 sacriﬁcium
2556 1705 2659 1760 hoc
2683 1705 2875 1760 intueri
2903 1704 3150 1766 deberes,
3180 1719 3247 1758 an
3275 1704 3641 1774 spectaculum
3669 1705 3796 1770 hoc,

2211 1798 2345 1853 cedo
2369 1839 2384 1863 ,
2433 1799 2731 1852 satietatem
2769 1796 3026 1851 aﬂ‘erret?
3051 1795 3186 1850 'l‘olo
3211 1795 3298 1849 die
3325 1795 3584 1864 patienter
3604 1811 3802 1865 exspe-

2211 1891 2366 1945 ctasti
2390 1933 2404 1954 ,
2433 1891 2627 1944 bonam
2658 1890 2829 1946 noctis
2859 1898 3063 1958 partem
3093 1889 3427 1942 transmisisti
3448 1930 3462 1954 ,
3488 1897 3803 1958 tantumque

2214 1981 2457 2035 laborum
2499 1980 2648 2036 brevi
2682 1981 2935 2049 temporis
2976 1988 3171 2049 puncto
3203 1977 3434 2048 prodigis
3476 1986 3532 2032 et
3575 1978 3800 2048 perdis?

2213 2071 2418 2141 Cogita,
2451 2070 2704 2141 quidnam
2729 2070 2798 2124 sit
2820 2069 2946 2124 illud
2968 2067 3105 2137 quod
3129 2068 3455 2138 propositum
3476 2075 3579 2133 est,
3607 2077 3659 2121 et
3681 2083 3803 2138 quzc

2215 2163 2285 2213 sit
2308 2160 2424 2228 ejus
2452 2175 2611 2214 causa
2643 2177 2655 2211 :
2685 2158 2894 2212 occisus
2921 2167 3004 2213 est
3031 2167 3247 2228 propter
3277 2167 3360 2222 te,
3401 2165 3455 2211 et
3503 2167 3556 2210 tu
3595 2157 3808 2212 deseris

2218 2251 2365 2306 illum
2392 2252 2560 2321 ipsum
2581 2250 2910 2304 immolatum
2930 2249 3211 2318 aspiciens.
3233 2247 3332 2302 Ubi
3353 2248 3584 2313 cadaver,
3610 2248 3802 2318 inquit,

2216 2344 2286 2398 ibi
2310 2354 2357 2398 et
2383 2345 2566 2413 aquin
2586 2342 2795 2416 (Matth.
2826 2341 2915 2397 24.
2944 2341 3060 2411 28).
3087 2340 3194 2396 Nos
3231 2348 3409 2395 autem
3437 2355 3543 2394 non
3566 2350 3628 2396 ut
3653 2345 3807 2410 aqui-

2219 2435 2306 2502 lae,
2337 2435 2431 2490 sed
2462 2445 2518 2489 ut
2543 2449 2707 2490 canes
2730 2433 3034 2488 accedimus
3066 2451 3079 2486 :
3115 2441 3257 2485 tanta
3287 2441 3466 2486 nostra
3505 2440 3590 2486 est
3628 2431 3806 2501 impu-

2218 2527 2422 2584 dentia.
2453 2527 2637 2598 Cogita
2660 2526 2784 2597 quid
2813 2524 3026 2580 tandem
3064 2523 3192 2578 illud
3235 2524 3338 2590 sit,
3387 2522 3528 2594 quod
3570 2523 3805 2577 effusum

2220 2631 2303 2677 est
2328 2640 2341 2676 :
2372 2621 2586 2691 sanguis
2613 2629 2715 2684 est,
2745 2619 2960 2690 sanguis
2988 2618 3075 2688 qui
3104 2615 3513 2686 chirographum
3554 2625 3808 2685 peccato-

2221 2729 2337 2768 rum
2365 2712 2597 2767 delevit:
2628 2711 2877 2781 sanguis,
2905 2709 2997 2780 qui
3041 2708 3272 2763 animam
3314 2717 3456 2761 tuam
3501 2704 3810 2768 mundavit,

2220 2805 2308 2875 qui
2359 2803 2618 2858 maculam
2665 2803 2832 2868 eluit,
2885 2802 2974 2872 qui
3028 2800 3347 2871 principatus
3397 2807 3451 2852 et
3501 2807 3810 2867 potestates

2223 2895 2584 2966 triumphavit.
2602 2893 2911 2961 Exspofiam
2930 2894 3082 2960 enim,
3104 2893 3282 2962 inquit,
3306 2889 3609 2960 principatus
3627 2898 3676 2942 et
3704 2905 3816 2959 po-

2222 2999 2420 3044 testates
2442 2989 2666 3042 traduxit
2686 2987 2996 3055 conﬁdenter
3014 2983 3328 3054 triumphans
3351 2982 3405 3035 in
3423 2997 3568 3034 cruce
3581 2978 3811 3053 (Colon.

2222 3079 2277 3134 2.
2323 3078 2455 3151 15).
2496 3078 2656 3133 Multa
2699 3077 2938 3133 victoria:
2981 3074 3222 3146 symbola
3268 3073 3449 3127 habuit
3495 3080 3761 3139 trop:eum
3796 3088 3812 3124 :

2224 3170 2394 3241 spolia
2439 3184 2670 3240 superne
2719 3168 2788 3224 de
2833 3182 2992 3223 cruce
3047 3165 3298 3237 pendent.
3348 3161 3814 3231 Quemadmodum

2224 3263 2366 3318 enim
2397 3263 2764 3332 magnanimus
2793 3262 2982 3332 aliquis
3008 3276 3128 3324 rex,
3153 3257 3398 3314 confecto
3420 3256 3636 3312 feliciter
3660 3253 3820 3310 diffi-

2225 3354 2429 3408 cillimo
2461 3354 2618 3421 bello,
2649 3353 2920 3407 thoracem
2939 3360 2992 3408 et
3018 3351 3262 3422 clypeum
3287 3360 3340 3404 et
3360 3362 3508 3402 arma
3525 3346 3737 3417 tyranni
3760 3354 3826 3401 et

2226 3445 2451 3499 militum
2473 3459 2608 3516 quos
2632 3444 2847 3509 devicit,
2876 3457 3038 3514 super
3054 3441 3322 3497 excelsum
3345 3447 3600 3508 trepazum
3624 3439 3783 3507 ponit
3801 3454 3820 3491 :

2227 3537 2306 3592 sic
2331 3547 2386 3592 et
2411 3535 2675 3600 Christus,
2708 3535 2859 3590 ﬁnito
2887 3535 3046 3600 bello,
3072 3533 3212 3604 quod
3241 3547 3364 3586 cum
3392 3529 3601 3584 diabolo
3623 3542 3822 3598 gesse-

2227 3637 2343 3692 rat,
2371 3642 2519 3682 arma
2559 3627 2676 3697 ejus
2705 3627 2954 3681 universa
2976 3666 2992 3692 ,
3034 3632 3261 3679 mortem
3291 3631 3344 3676 et
3383 3617 3822 3674 maledictionem

2229 3718 2297 3773 ab
2325 3719 2536 3774 excelsa
2563 3733 2722 3774 cruce
2745 3716 3042 3787 suspendit,
3069 3725 3332 3784 tamquam
3355 3711 3424 3766 de
3449 3720 3654 3780 tropzeo
3678 3724 3827 3779 quo-

2230 3811 2392 3867 dam:
2419 3819 2476 3865 ut
2505 3824 2694 3864 omnes
2740 3817 3000 3878 tropazum
3045 3805 3173 3860 illud
3221 3803 3672 3872 conspicarentur,
3721 3814 3826 3853 su-

2235 3918 2413 3972 perna:
2441 3901 2707 3967 Virtutes,
2739 3917 2858 3971 quae
2887 3900 2940 3954 in
2968 3898 3112 3954 cadis
3132 3937 3146 3960 ,
3180 3895 3424 3950 homines
3443 3936 3458 3960 ,
3489 3893 3573 3963 qui
3604 3890 3830 3947 inferne

2235 4005 2435 4051 terram
2465 3993 2735 4058 incolunt;
2767 3993 2971 4064 ipsique
2997 3989 3121 4045 mali
3155 3988 3429 4044 dzemones
3451 4027 3464 4050 ,
3491 3985 3577 4056 qui
3616 3984 3830 4040 devicti

2237 4097 2381 4142 sunt.
2410 4087 2542 4143 Cum
2577 4087 2734 4157 igitur
2765 4095 2912 4140 tanto
2943 4097 3162 4139 munere
3190 4080 3365 4136 affecti
3399 4079 3599 4141 simus,
3625 4076 3829 4145 dignos

2238 4179 2596 4249 nosmetipsos
2625 4193 2723 4248 pro
2751 4177 2952 4232 viribus
2981 4175 3323 4230 ostendamus
3348 4171 3500 4226 bonis
3533 4170 3630 4226 illis
3648 4209 3661 4234 ,
3688 4183 3828 4236 qua:

2240 4273 2393 4328 nobis
2418 4281 2544 4327 sunt
2571 4285 2826 4326 concessa
2847 4313 2860 4336 ,
2890 4279 2946 4324 ut
2974 4278 3027 4324 et
3056 4267 3303 4322 caelorum
3331 4279 3547 4335 regnum
3571 4275 3829 4330 assequa-

2240 4379 2381 4430 mur,
2411 4364 2578 4434 gratia
2601 4373 2656 4418 et
2681 4361 3008 4416 humanitate
3032 4357 3237 4415 Domini
3264 4355 3430 4412 nostri
3454 4354 3577 4410 Jesu
3598 4351 3827 4418 Christi,

2243 4473 2339 4528 per
2367 4472 2522 4528 quem
2553 4467 2607 4512 et
2632 4471 2752 4511 cum
2791 4470 2898 4526 quo
2924 4453 3066 4509 Patri
3097 4452 3252 4509 simul
3281 4461 3336 4505 et
3359 4447 3578 4519 Spiritui
3604 4453 3826 4509 saneto,

2243 4554 2448 4624 gloria,
2499 4551 2715 4617 honor,
2785 4546 3020 4622 potentia
3045 4589 3060 4616 ,
3113 4547 3165 4602 in
3223 4543 3417 4602 saecula
3481 4537 3835 4596 saeculorum.

2243 4648 2434 4702 Amen.
