4062 6206
274 288 382 348 397

287 401 615 472 Ἐκκλησίας
646 399 680 471 ἠ
703 398 993 469 ἀσφάλεια,
1022 399 1083 452 τὸ
1114 398 1372 471 καύχημα
1394 398 1630 459 Παύλου,
1656 394 1717 450 τὸ
1739 394 1848 450 τῶν

275 484 449 553 ἁγίων
524 484 735 554 τεῖχος,
789 482 848 536 τὸ
895 481 1010 552 φῶς
1069 483 1167 553 τῆς
1230 482 1554 554 οἰκουμένης
1607 480 1847 549 ἀπάσης.

274 567 545 630 Καθάπερ
580 568 691 638 γάρ
729 566 904 636 σκότῳ
924 565 1286 636 κατεχομένου
1312 567 1458 620 οἴκου
1485 562 1743 634 λαμπάδα
1768 580 1852 626 τις

274 651 486 720 ἀνάψας
519 650 615 705 καὶ
659 648 824 720 ὀρθὴν
863 649 1170 719 ἀναστήσας
1207 647 1499 703 ἀπελαύνει
1531 646 1590 700 τὸ
1622 645 1811 709 σκότος
1833 661 1849 677 ο

272 735 417 790 οὑτω
443 734 544 804 τῆς
571 731 895 803 οἰκουμένης
926 731 1030 784 ὑπὸ
1053 730 1216 800 ζόφου
1247 730 1647 801 κατεχομένης,
1680 728 1852 783 καθά-

262 835 384 889 οπερ
416 815 673 886 λαμπάδα
716 814 835 868 τινὰ
902 814 993 868 τὸν
1043 814 1273 883 σταυρὸν
1300 814 1512 883 ἀνάψας
1558 815 1651 866 καὶ
1696 806 1854 883 όρθδν

273 902 588 970 ἀναστήσας
619 901 647 952 ό
694 896 958 969 Χριστὸς,
1009 897 1107 967 τῆς
1159 897 1262 968 γῆς
1309 897 1526 951 ἅπαντα
1563 898 1652 951 τὸν
1694 895 1854 965 ζόφον

276 985 453 1037 ἔλυσε.
482 982 593 1036 Καὶ
618 981 869 1051 καθάπερ
898 982 931 1050 ή
960 979 1181 1051 λαμπὰς
1205 981 1297 1033 ἐπὶ
1318 984 1383 1052 τῇ
1412 979 1620 1051 κεφαλῇ
1655 980 1768 1035 ἄνω
1793 980 1855 1032 τὸ

277 1067 395 1136 φῶς
426 1066 559 1136 ἔχει,
586 1065 728 1118 οὑτω
757 1065 853 1118 καὶ
871 1065 900 1117 ό
932 1064 1163 1135 σταυρὸς
1189 1064 1299 1117 άνω
1324 1065 1382 1116 ἐν
1410 1067 1477 1134 τῇ
1511 1062 1720 1133 κεφαλῇ
1766 1061 1855 1115 τὸν

275 1152 430 1222 ήλιον
450 1151 549 1219 τῆς
566 1145 912 1216 δικαιοσύνης
933 1140 1078 1216 εἶχεν
1105 1145 1475 1216 ἐκλάμποντα.
1501 1146 1699 1199 Τοῦτον
1733 1143 1855 1198 ἰδὼν

276 1220 698 1304 προσηλωμένον
750 1232 780 1283 ό
835 1230 1039 1302 κόσμος
1088 1229 1340 1300 ἔφριξεν,
1383 1220 1645 1300 ἐκλονήθη
1685 1231 1717 1299 ή
1760 1231 1852 1299 γῆν

275 1315 644 1388 διερράγησαν
673 1313 728 1366 αἱ
764 1313 981 1384 πέτραι.
1026 1311 1162 1365 Ἀλλ’
1198 1314 1246 1365 εί
1279 1312 1373 1366 καὶ
1404 1312 1768 1384 διερῤάγησαν
1799 1312 1855 1364 αἱ

276 1400 509 1470 πέτραι,
552 1399 585 1468 ή
620 1397 944 1467 ἀναισθησία
991 1397 1100 1451 τῶν
1145 1397 1412 1452 Ἰουδαίων
1448 1398 1508 1450 οὑ
1549 1396 1812 1467 διερῤἀγη
1839 1412 1854 1428 ⁹

277 1482 503 1554 ἐσχίσθη
536 1482 597 1535 τὸ
630 1481 1025 1551 καταπέτασμα
1046 1522 1062 1545 ,
1111 1482 1207 1535 καὶ
1246 1482 1346 1536 οὑκ
1381 1480 1530 1554 [401]
1562 1479 1786 1552 ἐσχίσθη
1820 1481 1854 1551 ή

278 1565 496 1637 πονηρὰ
529 1564 817 1636 συμφωνία
849 1565 1091 1619 ἐκείνων.
1653 1605 1669 1614 .

357 1648 456 1702 Διὰ
479 1648 530 1702 τί
559 1647 780 1717 ἐσχίσθη
804 1647 863 1699 τὸ
893 1646 1318 1715 καταπέτασμα;
1351 1646 1477 1698 Ὅτι
1500 1645 1601 1699 οὑκ
1625 1645 1856 1713 ἠδύνατο

280 1731 376 1787 τὸν
411 1732 687 1801 Δεσπότην
727 1731 858 1801 όρᾷν
892 1729 1293 1801 σταυρούμενον
1329 1730 1364 1781 ’ό
1401 1729 1527 1791 ναός
1548 1745 1564 1759 ο
1602 1728 1669 1780 δι’
1699 1720 1774 1781 ὧν
1800 1726 1856 1780 δέ

278 1817 364 1879 εἰς
390 1814 451 1867 τὸ
481 1813 647 1867 αὑτοῦ
679 1813 1079 1882 καταπέτασμα
1111 1813 1335 1880 γέγονε,
1385 1809 1664 1881 μονονουχὶ
1702 1807 1858 1862 τοῦτο

276 1899 604 1973 προτρέπων
650 1896 831 1967 φησίν·
874 1896 931 1949 '0
967 1894 1282 1965 βουλόμενος
1312 1892 1551 1946 πατείτω
1594 1891 1662 1945 τὰ
1691 1890 1857 1959 Ἅγια

278 1982 391 2036 τῶν
419 1981 588 2049 ἁγίων
617 1980 820 2036 λοιπόν.
852 1979 917 2032 Τί
943 1978 1052 2050 γάρ
1086 1996 1175 2048 μοι
1201 1978 1261 2031 τὸ
1289 1977 1480 2046 ὄφελος
1503 1976 1729 2039 τούτων,
1753 1975 1858 2040 ἔξω

279 2063 537 2134 τοιαύτης
573 2063 761 2127 θυσίας
801 2060 1278 2131 προσενεχθείσης;
1330 2060 1384 2112 τί
1432 2076 1522 2130 μοι
1565 2058 1626 2111 τὸ
1668 2058 1857 2126 ὄφελος

278 2148 383 2219 τῆς
409 2147 704 2217 διαθήκηςς
746 2144 799 2198 τί
833 2162 922 2216 μοι
941 2144 1003 2197 τὸ
1030 2143 1219 2212 ὄφελος
1249 2141 1344 2196 τοῦ
1376 2142 1576 2212 νόμους
1611 2140 1733 2210 εἰκῆ
1768 2141 1861 2192 καὶ

285 2232 466 2303 μάτην
511 2227 733 2291 τούτους
788 2227 1080 2281 ἐπαίδευσα
1137 2225 1389 2279 τοσοῦτον
1445 2224 1657 2295 χρόνον.
1693 2221 1864 2274 Τοῦτο

280 2314 378 2367 καὶ
429 2315 457 2365 ό
510 2311 799 2382 προφήτης
843 2308 1004 2372 ἐϐόα,
1060 2307 1265 2377 λέγων’
1339 2306 1512 2362 ἰνατί
1556 2303 1865 2374 ἐφρύαξαν

280 2397 429 2461 ἔθνη
452 2435 467 2459 ,
494 2392 596 2447 καὶ
627 2392 765 2447 λαοὶ
790 2390 1167 2462 ἐμελέτησαν
1192 2388 1340 2444 κενά
1369 2405 1387 2453 ;
1422 2391 1717 2442 Ἤκουσαψ
1771 2387 1865 2452 Ὡς

283 2478 585 2546 πρόϐατον
614 2475 713 2529 ἐπὶ
735 2473 981 2545 σφαγὴν
1013 2472 1171 2541 ἤχθη
1191 2513 1206 2537 ,
1232 2472 1329 2526 καί
1352 2472 1433 2537 ὠς
1460 2471 1649 2541 ἀμνὸς
1687 2471 1863 2525 ἐναν-

284 2561 418 2614 τίον
440 2559 549 2614 τοῦ
590 2560 887 2627 κείροντος
923 2557 1112 2612 αὐτὸν
1148 2556 1384 2625 ἄφωνος
1404 2572 1418 2587 ·
1463 2555 1557 2609 καὶ
1601 2553 1867 2625 μελετῶν-

286 2660 378 2707 τες
409 2641 469 2693 ἐν
500 2641 739 2711 τοσούτῳ
763 2639 936 2714 χρόνῳ
967 2639 1065 2707 τὴν
1094 2637 1451 2710 προφητείαν,
1479 2636 1574 2690 τοῦ
1603 2638 1867 2708 πράγμα-

287 2742 379 2788 τος
410 2723 851 2795 παραγενομένου
883 2721 1218 2793 ἠπίστησαν.
1252 2716 1407 2783 Εἶδες
1447 2717 1567 2783 πῶς
1606 2718 1867 2789 ἐμελέτη-

293 2823 394 2862 σαν
448 2806 610 2871 κενά;
666 2803 767 2857 Διά
811 2804 969 2857 τοῦτο
1026 2803 1407 2876 περιεσχίσατο
1467 2805 1497 2855 ό
1549 2799 1711 2865 ναὸς,
1766 2800 1866 2872 τὴν

288 2890 569 2961 ἐρήμωσιν
608 2883 894 2958 προδηλῶν
948 2886 1048 2957 τὴν
1082 2886 1221 2957 μετά
1265 2881 1440 2938 ταῦτα
1484 2883 1747 2954 ἐσομένην
1792 2882 1868 2936 δι-

287 2988 525 3042 ηνικως.

379 3054 530 3107 Ἐπεὶ
552 3048 642 3107 οῦν
668 3053 758 3108 τὸν
787 3054 847 3106 ἐν
874 3052 952 3123 τῷ
986 3051 1205 3124 σταυρῷ
1232 3049 1657 3122 προσηλωμένον
1690 3048 1828 3120 μέλ-

286 3136 457 3207 λομεν
485 3137 575 3190 καὶ
605 3139 765 3207 ήμεϊς
803 3135 943 3190 κατὰ
971 3136 1070 3204 τὴν
1103 3135 1340 3205 ἑσπέραν
1369 3134 1572 3205 ταύτην
1601 3135 1755 3199 ίδείν,
1792 3134 1868 3197 ὡς

286 3221 461 3290 ἀμνὸν
483 3220 823 3290 ἐσφαγμένον
852 3219 945 3272 καὶ
971 3218 1289 3287 τεθυμένον,
1323 3217 1460 3287 μετὰ
1482 3218 1683 3288 φρίκης
1704 3233 1870 3287 προσ-

290 3301 483 3371 ίωμεν,
524 3300 846 3372 παρακαλῶ,
886 3302 979 3355 καὶ
1003 3299 1186 3362 αἰδοῦς
1216 3299 1416 3370 πολλῆς
1439 3300 1533 3353 καὶ
1561 3299 1864 3363 εὐλαϐείας.

286 3384 407 3437 Οὑκ
430 3383 627 3452 ἔγνωτε
668 3384 795 3446 τοὺς
832 3383 1130 3451 ἀγγέλους,
1161 3382 1280 3446 πῶς
1310 3384 1763 3453 παρειστήκεισαν
1788 3382 1867 3454 τῷ

285 3468 446 3537 τάφῳ
501 3468 601 3520 οὑκ
657 3466 833 3537 ἔχοντι
884 3465 1076 3535 σῶμα,
1133 3465 1288 3534 τάφῳ
1346 3462 1521 3535 κενῶς
1579 3464 1692 3517 ἀλλ’
1719 3466 1869 3535 ὅμως

287 3549 479 3619 ἐπειδὴ
507 3549 642 3612 ὅλως
679 3547 895 3613 ἐδέξατο
930 3548 992 3601 τὸ
1026 3546 1184 3618 σῶμα
1205 3545 1266 3599 τὸ
1289 3544 1640 3611 Δεσποτικδν,
1669 3546 1868 3615 πολλὴν

286 3631 626 3702 ἀπονέμουσι
656 3629 850 3701 καὶτῷ
874 3630 1025 3700 τόπῳ
1047 3630 1146 3697 τὴν
1168 3629 1352 3699 τιμήν.
1381 3628 1444 3682 Ol
1466 3628 1683 3697 ἄγγελοι
1705 3630 1870 3700 ὑπερ-

289 3712 568 3778 ϐαίνοντες
594 3713 695 3781 τὴν
718 3712 993 3784 ἡμετέραν
1017 3713 1178 3781 φύσιν
1210 3712 1348 3783 μετὰ
1385 3712 1651 3782 τοσαύτης
1690 3712 1871 3776 αίδοῦς

290 3797 392 3849 καὶ
418 3795 704 3860 εὑλαϐείας
736 3797 1195 3867 παρειστήκεισαν
1217 3795 1295 3866 τῷ
1326 3794 1509 3866 τάφῳ·
1539 3797 1695 3867 ἡμεῖς
1720 3797 1778 3850 δὲ
1807 3797 1868 3850 οὑ

289 3878 452 3949 τάφῳ
487 3879 770 3948 μέλλοντες
813 3877 1180 3948 παρίστασθαι
1224 3876 1399 3948 κενῷ,
1455 3877 1571 3931 ἀλλ’
1622 3879 1757 3949 αὑτῇ
1802 3881 1867 3950 τῇ

286 3962 544 4035 τραπέζῃ
588 3964 655 4033 τῇ
689 3962 784 4015 τὸν
822 3961 993 4032 ἀμνὸν
1032 3959 1229 4031 ἐχούσῃ
1254 4000 1268 4024 ,
1312 3960 1450 4030 μετά
1497 3960 1724 4032 θορύϐου
1778 3963 1872 4016 καὶ⁹

285 4047 541 4117 ταραχῆς
564 4046 862 4116 πρόσιμεν;
889 4045 998 4097 Καὶ
1017 4044 1101 4107 τίς
1127 4046 1257 4115 ήμίν
1279 4042 1429 4098 ἐσται
1451 4044 1745 4115 συγγνώμη
1763 4043 1873 4098 λοι-

290 4127 435 4193 πόν;
471 4128 583 4198 Οὑχ
612 4127 793 4191 ἁπλῶς
824 4126 995 4182 ταῦτα
1036 4125 1179 4194 λέγω
1204 4163 1221 4190 ,
1249 4126 1364 4179 ἀλλ’
1411 4127 1596 4199 ἐπειδὴ
1645 4127 1873 4192 πολλοὺς

289 4209 409 4281 δρῶ
432 4212 573 4263 κατὰ
594 4209 690 4281 τήν
711 4209 948 4281 ἑσπέραν
971 4208 1174 4279 ταύτην
1198 4207 1559 4281 θορυϐοῦντας
1576 4250 1592 4274 ,
1612 4208 1870 4281 βοῶντας,

291 4293 678 4364 ἐπικειμένους
721 4291 1004 4363 ἀλλήλοις,
1052 4289 1333 4362 πηδῶντας
1357 4331 1372 4355 ,
1412 4291 1870 4363 λοιδορουμένους,

294 4375 399 4429 καὶ
447 4375 644 4445 μᾶλλον
674 4377 881 4440 ἑαυτοῖς
932 4374 1150 4428 κόλασιν
1187 4374 1221 4444 ἦ
1252 4377 1522 4448 σωτηρίαν
1548 4376 1872 4448 προξενοῦν-

293 4472 401 4521 τας
418 4474 433 4489 ’
459 4457 643 4512 τούτου
678 4458 838 4529 χάριν
862 4458 961 4527 τήν
994 4457 1133 4527 ὑπὲρ
1155 4457 1361 4511 τούτων
1383 4458 1640 4529 ποιοῦμαι
1673 4461 1874 4531 παραί-

295 4556 469 4598 νεσιν.
502 4541 567 4595 Τί
620 4544 831 4609 ποιεῖς,
871 4540 1158 4613 ἄνθρωπε,
1215 4542 1343 4596 ὅταν
1391 4542 1594 4613 ἑστήκῃ
1624 4542 1732 4611 πρὸ
1772 4544 1873 4613 τῆς

1304 293 1393 349 DE
1430 289 1696 353 C(EMET
1702 286 1863 345 E810
1901 285 1989 341 ET
2020 284 2109 341 DE
2139 282 2385 341 CRUCE.

3422 297 3530 351 398

1952 395 2231 467 τραπέζης
2257 395 2286 447 ὁ
2328 396 2509 466 ἱερεὺς
2527 435 2544 459 ,
2571 395 2670 462 τάς
2694 399 2885 469 χεῖρας
2909 397 3202 454 ἀνατείνων
3232 405 3311 467 είς
3328 406 3419 459 τὸν
3439 411 3529 463 οὐ-

1958 479 2149 549 ρανὸν,
2193 476 2374 531 καλῶν
2400 477 2459 531 τδ
2506 478 2732 550 Πνεῦμα
2760 480 2820 532 τὸ
2857 480 3010 548 ἅγιον
3036 523 3052 547 ,
3089 483 3184 535 τοῦ
3225 493 3523 557 παραγενέα

1953 562 2080 615 σθαι
2117 562 2212 615 καὶ
2239 561 2476 627 ἅψασθαι
2510 562 2619 614 τῶν
2661 564 3062 633 προκειμένων,
3108 566 3276 637 πολλὴ
3311 571 3530 641 ἡσυχία,

1953 645 2121 716 πολλὴ
2146 646 2293 716 σιγήο
2312 646 2439 699 ὅταν
2458 644 2584 716 διδῷ
2604 645 2701 718 τὴν
2727 648 2885 718 χάριν
2910 647 2970 700 τὸ
2987 646 3228 720 Πνεῦμα.
3254 655 3382 707 ὅταν
3403 673 3524 710 κατ-

1955 729 2103 801 έλθῃ,
2117 729 2243 782 ὅταν
2268 728 2471 800 ἅψηται
2486 729 2593 782 τῶν
2617 730 3014 799 προκειμένων,
3036 731 3164 784 ὅταν
3186 733 3299 804 ίδῃς
3321 738 3382 789 τὸ
3403 739 3533 810 πρό.

1954 813 2117 867 ϐατον
2133 813 2562 882 ἐσφαγιασμένον
2579 813 2674 867 καὶ
2694 814 2805 883 άπη
2815 813 3122 883 ρτισμένον,
3140 816 3260 868 τότε
3282 817 3531 889 θόρυϐον,

1951 898 2074 950 τότε
2096 895 2357 967 ταραχὴν,
2389 895 2509 949 τότε
2530 896 2882 964 φιλονεικίαν,
2912 898 3033 950 τότε
3062 897 3327 970 λοιδορίαν
3351 903 3534 957 ἐπεισ-

1954 982 2143 1049 άγεις;
2175 980 2407 1042 καὶπῶς
2434 979 2638 1050 δυνήσῃ
2654 980 2753 1049 τῆς
2777 979 2967 1043 θυσίας
2988 981 3290 1035 ἀπολαῦσαι
3305 984 3531 1057 ταύτης,

1959 1067 2098 1138 μετά
2116 1065 2384 1137 τοσαύτης
2411 1066 2657 1138 ταραχῆς
2679 1068 2742 1137 τῇ
2782 1066 3028 1139 τραπέζῃ
3064 1069 3302 1138 προσιὼν
3325 1072 3496 1145 ταύτῃ
3517 1091 3532 1138 ;

1956 1151 2069 1204 Οὑκ
2105 1151 2264 1220 ἀρκεῖ
2305 1150 2435 1219 ἡμῖν
2466 1150 2547 1202 ὃτι
2600 1149 2737 1219 μετά
2781 1151 3193 1221 ἁμαρτημάτων
3233 1156 3533 1224 προσερχό-

1959 1232 2117 1304 μεθα.
2147 1232 2281 1287 ἀλλὰ
2305 1234 2400 1285 κα)⁸
2431 1232 2589 1284 αὑτὸν
2614 1233 2703 1285 τὸν
2737 1233 2925 1302 καιρὸν
2948 1234 3049 1303 τῆς
3075 1234 3336 1302 προσόδου
3377 1237 3536 1301 ἐκτὸς

1955 1316 2207 1385 γενέσθαι
2259 1313 2746 1386 πλημμελημάτων
2805 1317 2903 1368 οὑκ
2964 1316 3308 1386 ἁνεχόμεθα;
3365 1320 3557 1374 Ὅταν

1955 1399 2064 1470 γὰρ
2094 1397 2485 1468 φιλονεικῶμεν
2509 1439 2524 1464 ,
2554 1398 2680 1451 ὅταν
2708 1398 3085 1469 θορυϐὡμεθα,
3119 1400 3247 1453 ὅταν
3271 1400 3535 1471 ἀλλήλους

1953 1482 2259 1552 δάκνωμεν,
2286 1481 2401 1544 πῶς
2429 1480 2533 1547 ἔξω
2556 1482 2967 1552 ἁμαρτημάτων
2990 1482 3223 1552 ἐσόμεθα
3249 1499 3263 1547 ;
3285 1482 3349 1535 Τί
3375 1485 3534 1537 σπεύ-

1955 1565 2105 1628 δεις,
2137 1565 2257 1618 εἰπέ
2305 1583 2430 1634 μοις
2466 1565 2608 1628 τίνος
2663 1565 2848 1618 ἕνεκεν
2899 1565 3093 1636 ἐπείγῃ
3145 1566 3207 1619 τὸ
3262 1568 3533 1638 πρόϐατον

1956 1646 2096 1718 ὁρῶν
2127 1648 2600 1717 ἐσφαγιασμένον;
2652 1648 2701 1699 εί
2733 1648 2841 1718 γάρ
2886 1647 2972 1701 διὰ
3009 1650 3188 1715 πάσης
3216 1649 3314 1721 τῆς
3342 1650 3536 1714 νυκτὸς

1959 1723 2027 1800 ἦν
2075 1730 2211 1799 πρὸς
2255 1731 2353 1799 τὴν
2409 1732 2598 1784 θυσίαν
2644 1732 2813 1801 αὑτὴν
2836 1732 3007 1801 όρᾷν,
3045 1726 3157 1801 εἶχε
3197 1731 3384 1801 κόρον,
3414 1732 3535 1786 alni

1965 1828 2074 1882 μοι,
2111 1812 2171 1864 τὸ
2203 1815 2437 1882 πρᾶγμα
2459 1831 2472 1878 ;
2497 1813 2648 1884 [402]
2678 1813 2844 1884 Ὅλην
2870 1814 2969 1882 τὴν
2992 1814 3203 1884 ἡμέραν
3235 1815 3537 1886 ἐκαρτέρη-

1964 1910 2098 1958 σας,
2132 1894 2192 1947 τὸ
2245 1894 2406 1949 πλέον
2445 1895 2545 1965 τῆς
2589 1895 2782 1957 νυκτὸς
2813 1894 3099 1964 διήγαγες,
3151 1896 3241 1949 καὶ
3286 1897 3538 1951 τοσοῦτον

1962 1977 2205 2047 κάματον
2233 1978 2291 2031 ἐν
2315 1978 2543 2049 βραχείᾳ
2568 1977 2758 2048 καιροῦ
2792 1980 2931 2049 ῥοπῇ
2955 1977 3215 2048 προδίδως
3241 1979 3335 2032 καὶ
3368 1979 3537 2032 ἀπολ-

1964 2058 2143 2125 λύεις;
2180 2060 2461 2127 Ἐννόησον
2493 2062 2545 2114 τί
2602 2061 2732 2114 ποτέ
2763 2062 2879 2113 ἐστι
2911 2060 2970 2113 τὺ
3020 2062 3379 2133 προκείμενον
3402 2102 3415 2125 ,
3443 2064 3540 2117 καὶ

1961 2142 2124 2196 πόθεν
2157 2142 2313 2196 ἔλαϐε
2343 2145 2441 2215 τὴν
2466 2143 2644 2198 αἰτίαν
2663 2160 2679 2176 ⁸
2719 2144 2933 2214 ἐσφάγη
2979 2143 3065 2197 διά
3105 2144 3164 2197 σὲ
3187 2184 3202 2209 ,
3238 2146 3331 2199 καὶ
3358 2147 3422 2199 σὺ
3450 2146 3542 2215 ἐγ-

1962 2225 2395 2296 καταλιμπάνεις
2420 2225 2581 2280 αὑτὸν
2608 2224 3041 2296 ἐσφαγιασμένον
3069 2224 3231 2296 όρῶν.
3261 2227 3446 2280 Ὅπου
3471 2228 3537 2280 τὸ

1962 2306 2189 2376 πτῶμα,
2223 2308 2409 2379 φησὶν,
2447 2307 2576 2362 ἐκεῖ
2597 2309 2697 2363 καὶ
2741 2311 2794 2363 οἱ
2823 2308 3003 2362 ἀετοί.
3049 2308 3239 2379 Ἡμεῖς
3263 2308 3319 2362 δέ
3344 2308 3441 2380 οὑχ
3464 2310 3541 2374 ὡς

1961 2390 2144 2455 ἀετοὶ,
2176 2390 2291 2444 ἀλλ’
2326 2390 2401 2455 ὡς
2434 2391 2595 2455 κύνες
2620 2388 3035 2462 προσερχόμεθα
3060 2408 3074 2420 ·
3115 2390 3352 2460 τοσαύτη
3381 2392 3541 2461 ήμῶν

1962 2473 1996 2543 ή
2026 2473 2399 2544 ἀναισχυντία.
2442 2475 2719 2544 Ἐννόησον
2745 2474 2797 2526 τί
2820 2473 2950 2526 ποτέ
2982 2474 3099 2526 ἐστι
3116 2472 3176 2526 τὸ
3206 2475 3503 2544 κεχυμένον
3524 2490 3536 2502 ο

1962 2549 2103 2627 αἷμά
2138 2559 2318 2622 ἐστιν,
2342 2553 2480 2628 αἷμα
2517 2557 2547 2610 δ
2597 2556 2660 2609 τὸ
2704 2556 3067 2628 χειρόγραφον
3097 2555 3205 2608 τῶν
3257 2554 3541 2627 ἁμαρτιῶν

1962 2639 2283 2710 ἀπήλειψενο
2315 2635 2455 2710 αἷμα
2495 2639 2524 2692 δ
2550 2640 2649 2710 τὴν
2702 2639 2881 2710 ψυχήν
2932 2656 3025 2692 σου
3054 2637 3349 2710 ἐκάθηρεν,
3391 2638 3419 2691 ὃ
3442 2638 3542 2707 τὴν

1962 2720 2154 2791 κηλῖδα
2200 2722 2508 2776 ἀπέπλυνεν
2531 2760 2547 2784 ,
2595 2722 2625 2775 ὃ
2660 2722 2760 2786 τὰς
2795 2721 2971 2795 ἀρχὰς
3007 2721 3103 2775 καὶ
3137 2718 3239 2785 τὰς
3292 2718 3539 2786 ἐξουσίας

1963 2803 2381 2875 ἐθριάμϐευσεν.
2452 2803 2964 2873 Ἆπεκδυσάμενος
3020 2803 3162 2874 γὰρ,
3215 2805 3389 2875 φησὶ,
3437 2804 3543 2871 τὰς

1963 2887 2154 2957 ἀρχὰς
2182 2889 2278 2942 καί
2315 2887 2423 2954 τὰς
2452 2886 2738 2952 ἐξουσίας
2769 2885 3181 2955 ἐδειγμάτισεν
3214 2887 3286 2939 ἐν
3328 2889 3545 2955 suppu-

1963 2970 2071 3037 σία
2105 2972 2504 3040 θριαμϐεύσας
2529 2971 2599 3024 ἐν
2633 2968 2713 3034 τῷ
2744 2967 3005 3037 σταυρῷ.
3034 2968 3246 3036 Πολλὰ,
3284 2971 3418 3039 φησὶ
3437 3012 3452 3035 ,
3483 2971 3545 3024 τὸ

1963 3052 2223 3122 τρόπαιον
2265 3051 2379 3122 ἔχει
2426 3052 2524 3120 τῆς
2562 3053 2720 3121 νίκης
2769 3052 2837 3105 τὰ
2885 3050 3161 3121 σύμϐολα·
3200 3051 3269 3105 τά
3328 3053 3543 3124 λάφυρα

1965 3135 2236 3204 κρέμαται
2263 3135 2374 3189 ἄνω
2403 3134 2488 3204 ἐφ’
2513 3134 2718 3204 ὑψηλοῦ
2740 3135 2832 3188 ἐπὶ
2853 3133 2947 3187 τοῦ
2983 3134 3237 3206 σταυροῦ.
3274 3134 3544 3206 Καθάπερ

1964 3219 2071 3287 γάρ
2101 3218 2354 3288 βασιλεὺς
2378 3221 2620 3285 γενναῖος
2640 3217 2874 3288 πόλεμον
2892 3218 3119 3287 νικήσας
3140 3216 3541 3286 χαλεπώτατον,

1964 3300 2057 3353 τὸν
2084 3300 2309 3372 θώρακα
2343 3301 2435 3354 κα)⁵
2471 3300 2568 3371 τήν
2594 3300 2796 3354 ἀσπίδα
2824 3299 3011 3353 καὶτὰ
3043 3298 3182 3352 ὅπλα
3213 3298 3305 3352 τοῦ
3340 3301 3544 3372 τυράνο

1967 3400 2059 3437 νου
2088 3384 2184 3437 καὶ
2212 3384 2320 3436 τῶν
2346 3382 2690 3454 στρατιωτῶν
2719 3381 2827 3434 τῶν
2856 3381 3193 3452 ἡττηθέντων
3220 3382 3303 3450 ἐφ’
3338 3380 3542 3453 ὑψηλοῦ

1966 3465 2062 3519 τοῦ
2085 3465 2347 3537 τροπαίου
2374 3465 2586 3534 τίθησιν
2607 3481 2621 3495 ο
2659 3463 2800 3517 οὕτω
2826 3465 2917 3516 καὶ
2951 3465 2979 3516 ό
3005 3463 3239 3536 Χριστὸς
3264 3464 3356 3517 τὸν
3395 3465 3546 3517 πόλε-

1971 3565 2071 3619 μον
2107 3550 2334 3620 νικήσας
2364 3548 2455 3600 τὸν
2493 3547 2629 3618 πρὸς
2679 3546 2770 3599 τὸν
2794 3546 3034 3600 διάϐολον
3053 3590 3067 3612 ,
3096 3546 3165 3599 τά
3210 3546 3349 3600 ὅπλα
3379 3546 3544 3600 αὑτοῦ

1968 3632 2146 3685 πάντα
2166 3672 2180 3696 ,
2224 3631 2315 3684 τὸν
2360 3629 2614 3693 θάνατον,
2669 3629 2768 3698 τὴν
2812 3629 3059 3700 κατάραν
3100 3629 3409 3701 ἐκρέμασεν
3458 3630 3541 3697 ἐφ’

1971 3713 2176 3785 ὑψηλοῦ
2208 3713 2302 3767 τοῦ
2351 3711 2580 3783 σταυροῦ
2603 3752 2618 3777 ,
2663 3711 2914 3782 καθάπερ
2951 3710 3044 3764 ἐπὶ
3084 3712 3346 3783 τροπαίου
3380 3713 3543 3778 τινὸς,

1970 3796 2059 3851 ἴνα
2092 3797 2293 3861 πάντες
2329 3797 2391 3850 τὸ
2418 3796 2679 3866 τρόπαιον
2711 3794 2999 3865 βλέπωσιν,
3037 3795 3094 3847 αί
3136 3794 3248 3849 ἀνω
3269 3794 3543 3867 δυνάμεις,

1971 3882 2028 3935 αἱ
2057 3884 2114 3934 ἐν
2147 3883 2261 3943 τοῖς
2295 3880 2545 3951 οὑρανοῖς
2566 3921 2582 3946 ,
2607 3879 2658 3933 οἱ
2695 3878 2845 3932 κάτω
2877 3876 3185 3949 ἄνθρωποι,
3217 3878 3268 3931 οἱ
3306 3879 3399 3931 ἐπὶ
3446 3880 3546 3948 τῆς

1970 3963 2074 4034 γῆς
2104 4003 2119 4027 ,
2174 3962 2328 4017 αὑτοὶ
2385 3963 2435 4015 οἱ
2496 3961 2723 4033 πονηροὶ
2785 3960 3036 4031 δαίμονες
3084 3962 3134 4014 οἱ
3197 3960 3544 4032 ἡττηθέντες.

1985 4045 2204 4117 Ἐπειδὴ
2233 4042 2326 4100 οὖν
2353 4045 2620 4117 τοσαύτης
2640 4044 3028 4114 ἀπελαύσαμεν
3050 4043 3258 4115 δωρεᾶς
3275 4085 3291 4110 ,
3321 4046 3548 4108 ἑαυτοὺς

1973 4130 2114 4185 κατὰ
2141 4129 2368 4200 δύναμιν
2400 4130 2583 4197 ἀξίους
2635 4127 2990 4196 ἐπιδείξωμεν
3020 4126 3129 4181 τῶν
3179 4127 3546 4200 ὑπηργμένων

1972 4215 2104 4285 ἡμῖν
2122 4212 2363 4283 ἀγαθῶν,
2397 4212 2485 4266 ἴνα
2510 4210 2724 4281 καὶτῆς
2745 4208 3022 4280 βασιλείας
3049 4208 3158 4261 τῶν
3177 4209 3237 4262 οὑ
3247 4208 3422 4280 ρανῶν
3446 4209 3512 4262 τύ
3526 4238 3546 4250 .

1973 4312 2194 4368 χωμεν,
2234 4296 2415 4367 χάριτι
2448 4294 2543 4347 καὶ
2575 4291 2956 4363 φιλανθρωπίᾳ
3002 4290 3099 4345 τοῦ
3138 4290 3344 4362 Κυρίου
3387 4290 3547 4363 ήμῶν

1987 4377 2164 4451 Ἰησοῦ
2192 4376 2451 4451 Χριστοῦ,
2485 4377 2553 4430 δι’
2580 4371 2642 4430 οὑ
2671 4375 2766 4429 καὶ
2792 4374 2909 4447 μεθ’
2938 4369 2999 4429 οῦ
3027 4372 3107 4444 τῷ
3134 4373 3310 4445 Πατρὶ
3333 4372 3449 4444 ἅμα
3471 4372 3550 4443 τῷ

1974 4463 2115 4533 ἁγίῳ
2136 4462 2412 4533 Πνεὺματι
2447 4460 2596 4526 δόξα,
2620 4460 2753 4533 τιμὴ
2773 4502 2789 4528 ,
2826 4459 3059 4531 κράτος,
3085 4460 3164 4524 είς
3199 4459 3326 4524 τοὺς
3349 4456 3551 4521 αἰῶνας

1974 4546 2083 4601 τῶν
2110 4544 2338 4600 αἰώνων.
2375 4545 2566 4615 Ἀμήν.
3050 4534 3053 4539 ⁴
