4062 6206
153 1307 184 1324 Γ

316 317 420 372 599
1082 275 1169 360 DE
1215 302 1444 360 CRUCE
1491 300 1576 356 ET
1624 299 1946 357 LATRONE
1986 299 2215 355 HOMIL.
2259 299 2298 353 l.
2341 329 2407 341 -—
2447 297 2783 354 MONITUM.

3460 300 3566 356 400

1769 627 2170 690 MONITL’M.

388 845 791 909 Αὼερτιριιιιιιηι
834 853 1012 899 autem
1058 846 1161 905 est,
1213 839 1335 896 licet
1366 842 1419 895 in
1470 839 1770 911 posteriore
1798 843 1963 906 dicat,
1998 841 2124 906 Qum
2168 843 2276 896 heri
2325 845 2521 908 monui,
2558 846 2856 900 earumdem
2897 857 2943 900 et
2980 865 3116 902 nunc
3145 854 3568 923 eommonefacio,

319 965 426 1003 non
480 941 691 999 excludi
749 950 928 993 tamen
965 952 1146 1006 parem
1198 936 1629 1006 praecedentibus
1661 938 1854 993 diebus
1898 937 2138 992 habitam
2168 940 2614 994 admouilioncm.
2643 941 2778 995 Nam
2829 943 2884 995 in
2916 943 3126 998 duabus
3155 945 3222 999 de
3261 946 3573 1002 Proditioue

316 1033 468 1088 Judze
493 1031 864 1092 concionibus,
887 1045 1029 1097 quae,
1065 1027 1137 1081 uti
1170 1037 1376 1080 certum
1409 1026 1639 1091 videtur,
1672 1027 1834 1082 hasce
1863 1029 1997 1082 duas
2022 1027 2087 1082 de
2113 1026 2285 1081 Cruce
2312 1039 2365 1082 et
2403 1029 2633 1083 Latrone
2671 1047 2779 1085 uno
2808 1040 3014 1086 tantum
3045 1034 3129 1088 die
3158 1050 3572 1104 praecesserunt,

321 1128 400 1180 sic
429 1127 664 1196 loquitur
691 1121 841 1195 [403]
863 1121 1281 1192 Chrysostomus
1308 1140 1321 1172 ;
1354 1121 1476 1173 Ideo
1499 1128 1691 1189 quarta
1723 1120 1837 1188 jam
1867 1122 1951 1174 die
1993 1122 2137 1189 apud
2163 1138 2250 1174 vos
2280 1138 2569 1175 sermonem
2611 1123 2772 1176 habeo
2806 1125 2868 1177 de
2907 1124 3162 1180 Oratione
3191 1143 3286 1195 pro
3328 1130 3572 1183 inimicis.

321 1216 414 1274 lite
441 1232 604 1289 porro
628 1218 747 1271 dua:
785 1214 1077 1270 conciones
1101 1214 1285 1268 eadem
1317 1225 1629 1269 recurrente
1670 1215 1822 1270 Feria
1853 1215 2037 1284 quinta
2069 1215 2124 1268 in
2146 1213 2313 1269 Coena
2346 1213 2576 1281 Domini,
2616 1216 2709 1271 sed
2737 1217 2968 1272 diversis
2995 1219 3170 1282 annis,
3199 1221 3396 1276 habitae
3425 1232 3574 1288 sunt,

325 1318 383 1364 ut
434 1308 671 1364 diximus
699 1306 753 1359 in
785 1303 988 1358 Monito
1027 1303 1227 1357 ibidem
1257 1321 1270 1356 :
1304 1304 1357 1356 in
1399 1313 1626 1373 utraque
1656 1318 1805 1368 vero,
1847 1314 2037 1373 quarta
2061 1305 2170 1374 jam
2201 1305 2508 1359 adhortatio
2537 1306 2601 1360 ad
2633 1307 2895 1362 orandum
2927 1325 3026 1378 pro
3051 1310 3304 1375 inimicis,
3337 1313 3392 1367 in
3427 1315 3576 1371 hisce

327 1414 506 1459 autem
556 1402 769 1457 duabus
805 1399 996 1470 quinta
1053 1398 1474 1463 numerabatur;
1524 1397 1630 1451 nisi
1694 1397 1920 1453 fortasse
1967 1399 2089 1468 quis
2134 1399 2330 1456 dixerit
2371 1401 2750 1469 posteriorem,
2805 1403 2858 1456 in
2907 1421 3011 1472 qua
3063 1406 3317 1464 hesterna
3367 1419 3574 1466 tantum

326 1495 627 1551 adhortatio
674 1501 1027 1554 memoratur,
1085 1501 1336 1546 neutram
1380 1508 1444 1546 ex
1485 1489 1717 1553 duabus,
1748 1504 1868 1558 qua:
1897 1501 2210 1560 supersunt,
2239 1491 2306 1545 de
2334 1492 2644 1547 Proditione
2676 1493 2827 1548 Judse
2857 1494 3132 1549 homiliaiu
3165 1501 3316 1569 sequi
3348 1502 3573 1569 debere,

327 1590 420 1648 sed
454 1589 507 1641 in
553 1587 715 1641 alium
756 1601 957 1655 annum
997 1599 1117 1640 esse
1147 1584 1536 1654 conjiciendum
1581 1607 1594 1642 :
1626 1603 1811 1642 verum
1845 1587 1894 1641 id
1933 1600 2031 1657 pro
2077 1593 2226 1639 certo
2264 1592 2502 1638 statuere
2539 1601 2646 1639 non
2695 1588 2890 1642 ausim.
2930 1589 3005 1643 De
3041 1599 3285 1660 tempore
3326 1601 3381 1646 et
3409 1609 3572 1660 anno,

329 1696 437 1750 quo
470 1679 665 1732 habitae
710 1687 838 1730 sunt
876 1678 960 1731 lue
1011 1677 1130 1730 duae
1174 1677 1483 1739 conciones,
1531 1679 1655 1733 vide
1700 1679 1755 1732 in
1804 1678 2006 1732 Monito
2048 1679 2114 1732 ad
2162 1676 2420 1731 ilomilias
2464 1678 2530 1731 de
2563 1677 2872 1734 Proditione
2901 1680 3072 1737 Judae.

404 1769 600 1824 Prioris
631 1768 865 1822 humilia:
903 1767 1404 1837 interpretationem
1439 1769 1681 1822 Latinam
1711 1769 2122 1833 adornavimus;
2153 1769 2462 1837 posterioris
2496 1786 2622 1821 vero
2661 1787 2689 1823 a
2728 1771 2981 1829 Gretsero
3011 1774 3209 1829 editam
3243 1777 3567 1847 versionem,

327 1863 424 1918 sed
467 1862 824 1926 emendatam,
876 1861 1087 1916 damus.

1846 2157 2229 2170 p—-—.———-—-—

309 2253 590 2298 HOMILIA
635 2253 699 2296 IN
745 2255 997 2297 CRUCEM
1045 2254 1124 2296 ET
1167 2253 1228 2296 IN
1301 2254 1639 2297 ιΑΤιιοΝΕΜ
1685 2257 1702 2296 τ

3256 2156 3586 2168 _—.—-———_

1749 2255 1898 2297 ΠἘΜ

2004 2255 2032 2296 Β
2077 2253 2362 2296 SECUNDO
2405 2253 2654 2296 CHRISTI
2699 2249 3024 2306 ADVENTU,
3071 2251 3151 2291 ΕΤ
3220 2248 3388 2300 QUOD
3433 2248 3588 2290 ιιίιη-

1303 2355 1596 2406 QUENTER
1639 2352 1738 2398 sur
1764 2355 2071 2398 cunmm
2114 2353 2234 2396 eno
2281 2353 2548 2395 INIMICIS
2595 2337 2635 2393 '.

1645 2501 1876 2513 ᾙ

773 2544 998 2586 ιιοιίιιιλ
1030 2543 1044 2582 1

382 2610 586 2676 Quanta
614 2611 757 2665 nobis
783 2611 914 2664 bona
941 2565 1070 2665 crus;
1102 2609 1284 2676 afferat
1308 2627 1328 2676 ;
1356 2611 1517 2680 quivis
1547 2612 1688 2665 locus
1715 2627 1895 2682 preca-

301 2702 436 2756 tioni
471 2713 639 2772 aptus.
663 2731 732 2743 —-
759 2701 926 2756 Hodie
958 2701 1211 2756 Dominus
1245 2711 1428 2756 noster
1453 2701 1607 2756 Jesus
1653 2700 1897 2756 Christus

303 2795 366 2848 in
388 2808 566 2858 cruce,
597 2803 651 2848 et
680 2809 778 2848 nos
799 2795 989 2848 festum
1016 2794 1240 2863 agimus,
1266 2802 1325 2848 ut
1344 2792 1520 2847 discas
1540 2807 1753 2847 crucem
1776 2787 1897 2848 esse

306 2883 508 2939 festum
556 2893 611 2938 ct
656 2883 1023 2940 celebritatem
1073 2884 1425 2952 spiritualem.
1467 2883 1706 2938 Antehac
1752 2885 1894 2938 enim

300 2989 447 3029 crux
484 2989 676 3029 nomen
702 2985 818 3029 erat
855 2974 1242 3040 damnationis,
1270 2990 1411 3029 nunc
1438 2990 1567 3029 vero
1608 2990 1696 3030 res
1726 2976 1896 3030 hono-

306 3066 504 3120 rabilis
527 3065 704 3122 cil‘ecta
730 3075 814 3122 est
841 3084 854 3120 :
887 3068 1036 3138 prius
1065 3067 1365 3138 symbolum
1402 3067 1861 3122 condemnationis
1879 3108 1894 3135 ,

305 3173 461 3212 nunc
475 3168 842 3228 argumentum
870 3159 1076 3214 salutis.
1103 3159 1227 3214 llaec
1242 3158 1387 3214 enim
1413 3159 1568 3215 nobis
1595 3159 1898 3215 innumera-

296 3248 495 3303 bilium
537 3247 794 3304 bonorum
839 3264 998 3304 causa
1041 3249 1228 3305 eﬁecta
1255 3259 1340 3306 est
1372 3266 1385 3303 :
1417 3249 1535 3305 haec
1573 3264 1673 3305 nos
1705 3249 1774 3304 ab
1812 3266 1900 3304 cr-

301 3353 439 3394 rore
465 3340 728 3405 liberavit,
775 3339 891 3395 haec
936 3342 988 3396 in
1035 3341 1272 3396 tenebris
1315 3341 1518 3412 positos
1557 3340 1895 3408 illuminavit,

298 3434 429 3489 lucc
451 3434 559 3504 jam
590 3435 918 3499 debellatus,
945 3450 1065 3490 cum
1116 3435 1224 3489 Deo
1268 3435 1650 3501 reconciliavit,
1695 3435 1898 3489 abalie-

298 3535 470 3579 natos
515 3524 838 3580 domesticos
883 3524 1089 3592 eﬁ‘ecit,
1146 3525 1328 3594 procul
1377 3525 1577 3594 positos
1626 3526 1900 3594 proximos

301 3619 588 3672 consuluit
618 3636 630 3671 :
663 3619 780 3673 haec
810 3618 1100 3673 inimicitia:
1124 3617 1433 3683 destructio,
1467 3619 1612 3689 pacis
1637 3627 1896 3683 tutamen,

218 3773 222 3776 ,
296 3718 686 3764 sescentorum
732 3709 994 3764 bonorum
1037 3709 1342 3764 thesaurus.
1372 3709 1596 3778 Propter
1627 3724 1746 3764 eam
1791 3723 1896 3764 non

296 3799 451 3854 ultra
481 3800 532 3853 in
563 3799 790 3854 desertis
817 3814 1106 3870 vagamur;
1146 3815 1329 3855 veram
1362 3800 1558 3870 quippe
1582 3801 1720 3855 viam
1750 3801 1899 3855 novi-

296 3904 479 3945 mus:
513 3903 620 3944 non
663 3890 892 3959 amplius
933 3899 1082 3944 extra
1115 3891 1315 3961 regiam
1361 3890 1636 3960 degimus;
1682 3891 1898 3959 januam

297 3980 456 4035 enim
488 3980 784 4036 invenimus
820 3997 832 4033 :
862 3996 967 4034 non
1014 3981 1264 4034 timemus
1311 3980 1472 4051 ignita
1522 3980 1717 4036 diaboli
1761 3982 1895 4048 tela,

295 4072 518 4128 fontem
547 4073 808 4141 siquidem
854 4073 1105 4128 vidimus.
1134 4073 1236 4128 Per
1274 4089 1488 4128 crucem
1535 4089 1642 4128 non
1670 4075 1898 4144 amplius

296 4163 368 4216 in
399 4160 659 4216 viduitate
683 4176 901 4228 sumus;
934 4178 1188 4233 sponsum
1228 4164 1370 4218 enim
1414 4164 1716 4234 recepimus
1748 4183 1761 4218 :
1792 4180 1897 4219 non

301 4254 569 4308 timemus
593 4255 805 4324 lupum;
837 4255 1034 4311 bonum
1065 4257 1261 4326 quippe
1291 4265 1556 4325 pastorem
1595 4256 1852 4312 habemus
1883 4275 1896 4311 :

303 4360 438 4400 nam
460 4385 477 4410 ,
515 4344 622 4418 Ego
650 4363 781 4411 sum,
814 4347 1006 4418 inquit,
1039 4356 1211 4416 pastor
1250 4347 1409 4402 bonus
1438 4345 1616 4418 (Joan.
1659 4348 1748 4403 10.
1783 4350 1896 4418 11).

304 4435 424 4490 Per
449 4434 585 4491 hanc
619 4447 899 4507 tyrannum
941 4453 1047 4491 non
1090 4437 1574 4506 perhorrescimus;
1601 4438 1732 4508 Regi
1755 4439 1897 4494 enim

310 4527 614 4582 assidemus
643 4546 657 4584 :
684 4537 740 4585 et
768 4529 888 4584 ideo
918 4528 1109 4584 festum
1137 4531 1362 4600 agimus,
1387 4530 1560 4584 crucis
1590 4532 1898 4585 memoriam

309 4621 670 4677 celebrantes.
713 4621 790 4676 Ita
821 4631 876 4676 et
899 4621 1094 4676 Paulus
1131 4621 1290 4691 jussit
1325 4635 1420 4689 per
1455 4636 1667 4675 crucem
1709 4621 1898 4674 festum

309 4724 476 4782 agerc
507 4729 522 4765 :
553 4710 760 4766 Festum
796 4729 1026 4783 agamus,
1059 4713 1258 4782 inquit,
1304 4728 1406 4766 non
1447 4712 1498 4764 in
1543 4711 1786 4782 fermento
1818 4727 1900 4765 ve-

311 4805 434 4868 teri,
456 4806 546 4858 sed
560 4805 613 4858 in
633 4806 823 4876 azymis
848 4806 1148 4859 sinceritatis
1175 4815 1220 4860 et
1249 4806 1468 4859 veritatis
1489 4805 1565 4876 (i.
1588 4804 1706 4859 Cor.
1731 4806 1784 4860 5.
1819 4805 1898 4874 8).

315 4895 530 4950 Deinde
565 4910 781 4952 causam
823 4895 1114 4967 adjiciens,
1158 4897 1229 4950 ita
1270 4897 1483 4967 pergit:
1527 4895 1660 4965 Quia
1701 4896 1903 4951 Pascha

309 4995 548 5039 nostrum
577 5003 671 5059 pro
700 4988 842 5042 nobis
868 4989 1156 5042 immolatus
1177 4997 1251 5043 est
1278 4987 1528 5043 Christus.
1565 4988 1749 5043 Viden’
1770 5002 1903 5058 quo-

313 5076 483 5138 modo
509 5093 606 5147 per
630 5093 844 5134 crucem
892 5078 1083 5134 festum
1125 5093 1282 5149 agere
1322 5077 1626 5146 prtecipiat?
1653 5078 1704 5132 in
1743 5093 1903 5133 cruce

313 5184 552 5240 namque
592 5171 896 5227 immolatus
921 5182 1005 5227 est
1032 5171 1294 5226 Christus.
1323 5169 1422 5226 Ubi
1462 5185 1693 5241 namque
1731 5169 1900 5225 sacri-

315 5257 526 5323 ﬁcium,
555 5259 626 5314 ibi
655 5271 994 5330 peccatorum
1021 5261 1260 5326 abolitio,
1293 5261 1363 5315 ibi
1393 5260 1758 5317 reconciliatio
1781 5278 1902 5318 cum

315 5351 576 5418 Domino,
619 5352 688 5408 ibi
728 5353 922 5408 festum
963 5364 1019 5408 et
1064 5353 1262 5407 lmtitia.
1298 5351 1500 5406 Pascha
1542 5362 1767 5407 nostrum
1811 5369 1903 5423 pro

311 5443 466 5498 nobis
492 5445 779 5501 immolatus
806 5456 878 5501 est
907 5445 1154 5500 Christus.
1185 5444 1307 5510 Ubi,
1341 5444 1903 5515 quaeso,immolatus?

317 5533 382 5590 In
412 5537 626 5594 excelso
673 5539 929 5610 patibulo.
972 5538 1179 5594 Novum
1222 5538 1390 5593 altare
1434 5536 1592 5606 hujus
1631 5537 1899 5604 sacriﬁcii,

390 5673 408 5705 ⁸
444 5672 629 5737 Adiecit
659 5671 824 5735 Savil.,
847 5672 1011 5725 habita
1029 5679 1102 5726 est
1123 5671 1176 5725 in
1196 5678 1362 5727 sancta
1380 5679 1428 5727 et
1448 5687 1623 5742 magna
1652 5673 1732 5727 die
1752 5683 1902 5730 Pareo

316 5746 502 5786 scenes.

649 5821 922 5882 Ps'raou.
971 5820 1086 5881 Gn.
1124 5818 1353 5885 XLIX.

1880 2477 2038 2531 esse

2048 2498 2326 2508 —————-—

2003 2611 2128 2682 quia
2175 2611 2348 2680 ipsum
2406 2607 2722 2664 sacriﬁcium
2768 2622 2961 2662 novum
3007 2606 3432 2676 stupendumque
3479 2615 3580 2661 est.

2006 2701 2150 2756 Idem
2175 2699 2373 2772 quippe
2402 2709 2456 2754 et
2477 2699 2796 2754 sacriﬁcium
2828 2709 2882 2754 et
2901 2697 3154 2754 sacerdos
3190 2707 3304 2753 erat
3333 2715 3348 2750 :
3377 2699 3583 2752 sacriﬁ-

2001 2792 2144 2848 cium
2186 2791 2479 2848 secundum
2523 2807 2776 2858 carnem,
2806 2792 3056 2848 sacerdos
3096 2790 3384 2846 secundum
3424 2791 3586 2862 spiri-

2007 2892 2116 2938 tum
2148 2901 2162 2938 :
2197 2882 2335 2938 idem
2361 2893 2414 2939 et
2443 2883 2722 2949 offerebat,
2750 2891 2806 2938 et
2833 2883 3126 2938 secundum
3151 2897 3366 2938 carnem
3393 2882 3587 2939 odere-

2003 2973 2176 3028 batur.
2209 2972 2346 3028 Audi
2363 2973 2633 3044 quomodo
2658 2974 2774 3028 haec
2796 2974 2954 3028 ambo
2975 2973 3170 3029 Paulus
3193 2972 3542 3028 declaraverit
3569 2991 3583 3028 :

2007 3062 2186 3118 Omnis
2214 3063 2488 3136 Pontifex,
2516 3064 2716 3134 inquit,
2744 3081 2806 3118 ea:
2833 3065 3117 3118 hominibus
3145 3072 3464 3134 assumptus,
3497 3080 3588 3133 pro

2005 3157 2290 3213 hominibus
2341 3158 2700 3224 constituitur;
2749 3157 2883 3212 unde
2934 3172 3132 3211 necesse
3183 3166 3256 3210 est
3302 3166 3356 3210 ut
3410 3157 3588 3210 habeat

2003 3251 2299 3321 quidpiam,
2335 3250 2471 3320 quod
2509 3249 2712 3318 offerat.
2766 3248 2900 3303 Ecce
2937 3250 3044 3319 ipse
3078 3247 3226 3314 offert
3268 3250 3589 3317 semetipsum

2005 3340 2192 3412 (Hebr.
2221 3343 2275 3398 5.
2310 3343 2334 3397 1
2361 3360 2380 3406 ;
2407 3351 2454 3396 et
2479 3341 2530 3398 8.
2555 3341 2631 3414 5).
2659 3341 2798 3396 Alibi
2828 3356 2958 3396 vero
2977 3340 3106 3395 dicit
3135 3356 3150 3394 :
3183 3338 3410 3393 Christus
3435 3339 3589 3392 semel

2005 3433 2202 3488 oblatus
2229 3434 2294 3486 ad
2335 3433 2608 3487 multorum
2643 3432 2924 3504 auferenda
2950 3440 3153 3502 peccata
3170 3472 3186 3496 ,
3213 3431 3475 3500 apparebit
3499 3447 3589 3485 e1:-

2003 3527 2339 3594 spectantibus
2390 3542 2443 3579 se
2484 3527 2538 3578 in
2587 3523 2816 3578 salutem
2843 3521 3030 3591 (Hebr.
3070 3521 3124 3576 9.
3151 3522 3267 3594 ‘28).
3295 3521 3436 3579 Ecce
3500 3522 3588 3577 hic

2004 3617 2214 3672 oblatus
2259 3626 2361 3684 ρει,
2419 3618 2528 3672 illic
2569 3629 2702 3672 vero
2748 3617 3096 3685 semetipsum
3139 3615 3349 3670 obtulit.
3401 3614 3588 3670 Viden‘

2003 3709 2276 3779 quomodo
2295 3719 2350 3763 et
2373 3708 2698 3764 sacriﬁcium
2722 3717 2777 3763 ct
2801 3706 3052 3762 sacerdos
3071 3705 3238 3760 factus
3267 3706 3352 3770 sit,
3378 3715 3431 3760 et
3455 3721 3584 3760 crux

2004 3801 2172 3856 altare
2201 3801 2398 3856 fuerit?
2426 3801 2496 3856 Et
2528 3816 2644 3864 cur,
2675 3801 2912 3872 inquies,
2940 3813 3045 3853 non
3093 3800 3145 3852 in
3187 3799 3384 3868 templo
3411 3797 3584 3852 hostia

2003 3891 2243 3957 oﬁ‘ertur,
2271 3891 2366 3946 sed
2393 3900 2543 3947 extra
2574 3890 2760 3945 urbem
2804 3899 2859 3945 et
2882 3887 3116 3944 mania?
3143 3888 3213 3944 Ut
3271 3882 3594 3953 impleretur

2007 3982 2158 4044 illud.
2174 3982 2298 4036 Cum
2314 3983 2499 4050 iniquis
2514 3991 2772 4052 reputatus
2793 3991 2864 4034 est
2882 3979 3033 4051 (Isai.
3053 3980 3141 4035 5'5.
3161 3978 3274 4047 12).
3291 3977 3398 4032 Cur
3409 3988 3588 4032 autem

2003 4073 2058 4129 in
2087 4072 2298 4128 sublimi
2325 4072 2561 4141 patibulo
2584 4071 2877 4142 jugulatur,
2912 4087 3016 4124 non
3043 4071 3143 4125 sub
3157 4069 3330 4124 tecto?
3355 4068 3425 4124 Ut
3447 4069 3589 4123 aeris

2004 4173 2248 4220 naturam
2279 4173 2559 4235 purgaret;
2607 4163 2730 4220 ideo
2755 4165 2807 4218 in
2848 4163 3098 4228 sublimi,
3131 4177 3236 4220 non
3276 4162 3590 4216 imminente

1995 4264 2167 4320 tecto,
2207 4255 2301 4311 sed
2342 4256 2654 4310 imminente
2688 4254 2841 4309 cado.
2884 4255 2991 4308 Aer
3015 4253 3210 4324 quippe
3245 4253 3587 4322 purgabatur,

2004 4363 2126 4403 cum
2143 4348 2259 4402 ovis
2288 4348 2340 4402 in
2366 4347 2576 4402 sublimi
2605 4346 3008 4402 immolaretur:
3043 4345 3366 4416 purgabatur
3389 4345 3514 4400 item
3535 4353 3591 4400 et

2007 4449 2146 4495 terra
2167 4457 2180 4492 :
2211 4439 2406 4494 ﬂuebat
2425 4439 2568 4495 enim
2591 4454 2622 4493 e
2638 4438 2805 4493 latere
2823 4438 3037 4507 sanguis
3054 4437 3106 4491 in
3124 4437 3315 4507 ipsam.
3337 4435 3461 4492 Ideo
3483 4451 3590 4491 non

2005 4534 2104 4588 sub
2135 4542 2295 4598 tecto,
2329 4532 2448 4587 ideo
2477 4547 2581 4586 non
2629 4531 2682 4585 in
2713 4531 2912 4601 templo
2929 4529 3180 4594 .lndaico;
3205 4545 3270 4585 ne
3289 4529 3390 4584 sibi
3419 4528 3590 4584 Judaei

2008 4624 2236 4678 hostiam
2289 4629 2708 4692 sequestrarent,
2756 4635 2892 4676 neve
2918 4630 3132 4690 putares
3172 4635 3269 4689 pro
3299 4619 3386 4673 illa
3431 4627 3590 4688 gente

2007 4724 2209 4770 tantum
2240 4713 2378 4769 hanc
2406 4713 2608 4768 oﬂ‘erri.
2651 4713 2854 4768 Idcirco
2873 4721 3023 4768 extra
3061 4711 3245 4767 urbem
3273 4719 3328 4765 et
3358 4710 3583 4773 muenia,

1989 4818 2065 4864 -ιιι
2092 4808 2269 4863 discas
2309 4807 2610 4863 universale
2651 4805 2971 4862 sacriﬁcium
3021 4819 3162 4869 esse,
3194 4804 3315 4872 quia
3343 4816 3438 4872 pro
3467 4801 3588 4855 uni-

2007 4918 2161 4958 versa
2189 4910 2328 4958 terra
2371 4909 2487 4956 erat
2512 4899 2748 4956 oblatio:
2788 4909 2846 4955 ut
2889 4899 3122 4954 disceres
3161 4897 3287 4949 item
3320 4894 3587 4964 purgatio-

2007 5011 2152 5060 nem,
2211 5007 2566 5058 communem,
2627 5007 2734 5046 non
2781 4990 3102 5062 peculiarem
3145 5000 3286 5051 esse,
3332 4984 3587 5056 quemad-

2009 5087 2225 5144 modum
2267 5086 2408 5156 apud
2453 5083 2686 5141 Iudaeos.
2740 5083 2940 5138 Judaeis
2979 5081 3121 5135 enim
3173 5079 3293 5134 ideo
3334 5077 3586 5148 praecepit

2008 5178 2149 5233 Deus
2197 5184 2256 5232 ut
2284 5177 2585 5232 universam
2627 5183 2825 5230 terram
2863 5171 3252 5240 relinquerent,
3285 5178 3338 5222 ct
3382 5183 3489 5222 uno
3533 5168 3586 5222 in

2009 5268 2128 5324 loco
2157 5267 2360 5322 hostias
2379 5251 2436 5322 et
2475 5279 2662 5336 preces
2685 5264 2960 5329 oiferrent,
2991 5262 3113 5332 quia
3158 5269 3265 5316 tota
3295 5269 3438 5316 terra
3481 5259 3588 5314 im-

2009 5371 2144 5427 pura
2175 5366 2310 5424 erat,
2345 5355 2512 5422 fumo,
2546 5356 2732 5411 nidore
2761 5353 3085 5424 reliquisque
3109 5352 3357 5407 omnibus
3375 5351 3589 5422 gentili-

2009 5449 2202 5504 tiorum
2221 5447 2602 5504 sacriﬁciorum
2618 5445 3034 5517 inquinamentis
3044 5458 3164 5500 eam
3177 5444 3580 5514 occupantibus.

2007 5539 2172 5597 Nobis
2191 5556 2338 5606 vero,
2371 5542 2493 5611 quia
2533 5539 2776 5595 Christus
2801 5537 3013 5593 tandem
3039 5537 3258 5592 veniens
3295 5546 3463 5593 totum
3491 5550 3586 5592 or-

2006 5633 2128 5688 bem
2159 5634 2434 5704 purgavit,
2462 5632 2634 5704 quivis
2659 5631 2808 5689 locus
2845 5629 3032 5686 orandi
3063 5629 3212 5684 locus
3237 5629 3457 5685 effectus
3478 5640 3586 5685 est.

2009 5725 2134 5783 Ideo
2160 5724 2353 5782 Paulus
2397 5723 2728 5784 conﬁdenter
2771 5722 3114 5788 hortabatur,
3140 5729 3214 5868 ll;
3239 5722 3433 5792 ubique
3469 5721 3591 5776 sine

3215 5813 3253 5868 5

3215 5813 3253 5874 5
