4062 6206
399 305 516 359 65'5-

401 423 604 486 ζοντσι.
639 422 746 474 Καὶ
785 423 894 493 γάρ
912 423 1127 487 ἑκόντες
1152 423 1244 477 καὶ
1266 424 1489 489 ἄκοντες
1523 421 1691 479 πολλὰ
1729 425 1980 498 ἁμαρτάι

399 505 644 557 νουσιιοί
667 503 996 568 δικάζοντες·
1024 505 1056 578 ἢ
1087 507 1196 577 γὰρ
1226 508 1547 575 ἀγνοοῦντες
1572 510 1633 562 τὸ
1662 509 1868 563 δίκαιον
1889 512 1982 564 καὶ

401 587 766 660 ἀπατώμενοι,
793 589 826 658 ἢ
853 589 1050 653 εἰδότες
1087 590 1207 660 μὲν,
1239 591 1342 645 ὑπὸ
1375 592 1667 664 χρημάτων
1683 591 1737 644 δὲ
1759 593 1984 662 διαφθα-

407 671 608 740 ρέντες,
645 671 960 744 προέδωκαν
1003 673 1263 736 πολλάκις
1287 673 1383 744 τὴν
1413 674 1608 744 ψῆφον.
1635 677 1781 730 ’Λνω
1807 677 1862 729 δὲ
1892 671 1982 728 ούὲ

404 751 492 803 δὲν
523 751 761 805 τοιοῦτόν
793 755 958 807 ἐστιν·
988 757 1016 807 6
1041 756 1146 827 γὰρ
1179 755 1311 819 Θεὸς
1329 758 1519 828 κριτὴς
1548 758 1772 822 δίκαιος,
1811 760 1984 812 καὶτὸ

405 837 580 906 κρῖμα
615 836 776 890 αὑτοῦ
819 837 893 902 ὡς
946 839 1058 907 φῶς
1117 838 1458 902 ἐξελεύσεται
1499 841 1598 894 ούκ
1649 842 1770 913 ἕχον
1794 843 1982 906 σκότος

405 917 524 970 οὐδὲ
553 917 795 985 ἄγνοιαν.
844 921 960 972 ’Ίνα
991 920 1100 991 γάρ
1157 921 1231 991 μὴ
1279 921 1432 994 λέγῃ,
1484 925 1566 976 δτι
1620 923 1980 996 κατεδικάσθη

407 1001 559 1054 κάτω
593 1001 684 1054 καὶ
717 1002 1038 1074 κατεκρίθη,
1076 1005 1352 1074 ἀνήγαγεν
1387 1005 1553 1058 αὐτὸν
1603 1007 1738 1076 πρὸς
1771 1007 1831 1059 τὸ
1873 1009 1984 1061 ἄνω

409 1086 774 1156 δικαστήριον·
791 1086 1096 1158 ἀνέμνησεν
1119 1087 1326 1160 ἐκείνου
1351 1087 1444 1140 τοῦ
1461 1089 1692 1160 φοϐεροῦ
1719 1090 1981 1161 βήματος,

411 1170 690 1246 μονονουχί
721 1161 918 1237 λέγων·¹
951 1169 1099 1225 Ἐκεῖ
1120 1170 1302 1245 βλέπε,
1327 1173 1420 1226 καὶ
1445 1173 1544 1224 οὐκ
1563 1173 1730 1236 οίσεις
1756 1174 1854 1243 τὴν
1881 1193 1984 1228 κα-

403 1252 761 1323 τακρίνουσαν
783 1254 982 1324 ψῆφον,
1023 1254 1146 1307 οὐδὲ
1183 1257 1356 1326 στήσῃ
1395 1259 1534 1326 μετὰ
1568 1256 1675 1309 τῶν
1707 1258 1856 1312 κάτω
1902 1258 1983 1310 διο

405 1333 762 1404 εφθαρμένων
793 1335 1016 1407 κριτῶν,
1045 1335 1405 1409 ἀλλ’ἀποδέξῃ
1437 1339 1534 1409 τὴν
1554 1339 1665 1392 ἀνω
1689 1341 1986 1412 γενομένην

408 1416 610 1485 κρίσιν.
645 1413 799 1481 Εἶδες
838 1417 1156 1488 φιλοσοφίαν
1184 1418 1414 1493 λῃστοῦς
1461 1417 1600 1485 είδες
1639 1423 1853 1476 σύνεσιν
1893 1425 1986 1478 καὶ

407 1499 780 1566 διδασκαλίαν;
827 1499 1045 1572 Ἀθρόον
1083 1501 1297 1555 ἀπὸτοῦ
1332 1504 1564 1574 σταυροῦ
1595 1507 1674 1569 εἰς
1697 1505 1787 1558 τὸν
1819 1506 1986 1578 ούρα-

407 1583 495 1636 νὸν
517 1584 876 1655 ἀνεπήδησεν.
923 1583 1053 1638 Εἶτα
1086 1588 1180 1640 καὶ
1223 1589 1286 1640 ὲκ
1327 1588 1642 1658 περιουσίας
1676 1589 1837 1645 αὐτὸν
1863 1591 1986 1642 ἐπι-

408 1667 697 1737 στομίζων,
727 1669 809 1720 Οὐ
834 1667 1125 1734 δέδοικας,
1157 1672 1341 1740 φησὶν,
1361 1670 1449 1724 ότι
1481 1671 1550 1723 ἐν
1574 1669 1652 1737 τῷ
1677 1671 1836 1738 αὐτῷ
1864 1673 1988 1740 κρί-

401 1751 546 1819 ματι
604 1751 800 1820 ὲσμεν;
853 1750 918 1802 Τί
954 1752 1120 1814 ἐστιν,
1157 1753 1276 1805 Ὅτι
1329 1754 1398 1806 ἐν
1435 1752 1515 1818 τῷ
1551 1753 1711 1819 αὐτῷ
1751 1757 1987 1823 κρίματι

407 1833 630 1902 tower;
663 1833 752 1884 Ἐν
779 1835 844 1902 τῇ
877 1834 1012 1904 αὐτῇ
1048 1833 1285 1888 κολάσει.
1315 1836 1406 1906 Μὴ
1431 1837 1538 1906 γὰρ
1571 1837 1691 1907 ούχὶ
1713 1838 1806 1890 καὶ
1834 1838 1896 1890 σὺ
1929 1840 1986 1891 ὲν

406 1914 485 1984 τῷ
515 1913 734 1984 σταυρῷ
753 1909 837 1978 εἷ;
868 1913 1104 1969 Ἐκεῖνον
1133 1917 1310 1970 τοίνυν
1339 1919 1632 1984 ὀνειδίζων,
1663 1920 1854 1974 ἑαυτὸν
1882 1921 1988 1990 πρὸ

409 1997 616 2051 ἑκείνου
661 1997 958 2072 προϐάλλῃ.
1002 1999 1211 2072 Ὥσπερ
1267 2002 1375 2072 γάρ
1409 2004 1436 2055 6
1481 2003 1540 2055 ὲν
1591 2004 1988 2074 ἁμαρτήμασιν

408 2080 504 2144 ὢν,
522 2081 707 2153 ἕτερον
728 2082 1072 2156 κατηγορῶν,
1093 2084 1287 2138 ἑαυτὸν
1313 2086 1416 2156 πρὸ
1436 2087 1647 2139 ἐκείνου
1670 2092 1986 2160 κατηγορεῖ,

409 2162 550 2217 οὕτω
577 2165 672 2217 καὶ
702 2166 730 2217 6
763 2165 820 2218 ἐν
857 2167 1112 2236 συμφορᾷ
1135 2163 1212 2218 ὢν
1241 2169 1334 2219 καὶ
1351 2168 1625 2233 ὀνειδίζων
1651 2171 1829 2241 ἑτέρῳ
1857 2189 1992 2242 συμο

411 2247 603 2318 φοράν,
647 2247 794 2320 [407]
843 2248 1032 2303 ἑαυτὸν
1069 2250 1174 2321 πρὸ
1204 2251 1412 2304 ἐκείνου
1457 2253 1724 2319 ὀνειδίζει.
1771 2255 1891 2309 Ὅτι
1919 2255 1991 2308 ἐν

408 2331 490 2399 τῷ
521 2331 681 2397 αὐτῷ
709 2333 946 2402 κρΙματί
985 2335 1172 2404 ἐσμεν.
1229 2334 1610 2390 Ἀποστολικὸν
1640 2337 1790 2406 αὐτῷ
1825 2338 1990 2408 νόμον

408 2414 795 2483 ἀναγινώσκει,
837 2416 1169 2484 εύαγγελικὰ
1203 2419 1422 2489 ῥήματα
1458 2420 1708 2488 λέγοντα·
1751 2419 1848 2488 ιυπὴ
1877 2423 1992 2490 κρί-

409 2499 684 2562 νετε,1να
729 2499 816 2568 μὴ
865 2499 1123 2568 κριθῆτε.
1161 2501 1288 2555 Ὅτι
1325 2503 1394 2555 ἐν
1423 2501 1502 2568 τῷ
1549 2503 1711 2568 αὐτῷ
1757 2505 1994 2574 κρίματι

412 2583 600 2650 ἐσμεν.
641 2581 706 2633 Τί
755 2585 948 2648 ποιεῖς,
999 2576 1044 2634 ὧ
1091 2583 1301 2654 λῃστά;
1359 2584 1807 2655 ἀπολογήσασθαι
1853 2588 1992 2658 ὑπὲρ

410 2663 574 2716 αὑτοῦ
603 2664 919 2734 ἐπιχειρῶν,
945 2667 1202 2718 κοινωνὸν
1231 2667 1425 2720 σαυτὸν
1469 2669 1731 2738 ἐποίησας
1775 2670 1868 2724 τοῦ
1908 2671 1995 2743 λῃ-

414 2744 573 2810 στοῦ;
613 2745 768 2816 Οὐχὶ,
804 2746 956 2816 φησί·
1010 2747 1329 2819 διορθοῦμαι
1357 2750 1455 2820 τὴν
1492 2751 1745 2804 ὑπόνοιαν
1789 2752 1993 2824 ταύτην

412 2828 498 2882 διὰ
519 2828 624 2882 τῶν
652 2831 800 2902 ἑξῆς.
838 2831 954 2884 Ἵνα
973 2831 1082 2901 γὰρ
1113 2833 1186 2903 μὴ
1215 2831 1303 2885 διὰ
1335 2832 1432 2903 τὴν
1461 2833 1750 2888 κοινωνίαν
1783 2836 1884 2906 τῆς
1909 2855 1993 2890 τι-

415 2912 627 2986 μωρίας
653 2913 882 2986 νομίσῃς
909 2917 990 2969 ὃτι
1015 2917 1269 2970 κοινωνὸν
1285 2917 1448 2970 αὐτὸν
1471 2919 1693 2988 ἐποίησε
1713 2920 1811 2990 τῆς
1824 2921 1996 2993 ἀμαρ-

410 2995 552 3060 τίας,
586 2997 836 3066 ἐπήγαγε
867 2997 966 3068 τὴν
986 2997 1292 3069 διόρθωσιν,
1325 2999 1518 3068 λέγων·
1551 3002 1660 3058 Καὶ
1689 3003 1860 3072 ἡμεῖς
1878 3005 1996 3074 μὲν

417 3078 672 3144 δικαίως·
713 3078 854 3142 ἄξια
913 3080 1020 3149 γὰρ
1063 3075 1150 3134 ὧν
1197 3081 1540 3152 ἐπράξαμεν
1589 3089 1989 3154 πεπόνθαμεν.

409 3156 568 3222 ,Εἶδες
601 3161 986 3233 ἐξομολόγησιν
1027 3164 1473 3236 ἀπηρτισμένην;
1514 3160 1652 3231 εἶδες
1685 3169 1802 3232 πῶς
1836 3171 1894 3222 ὲν
1917 3167 1995 3241 τῷ

419 3243 636 3316 σταυρῷ
659 3245 727 3298 τὰ
754 3246 1129 3316 ἁμαρτήματα
1161 3246 1492 3313 ἀπεδύσατος
1513 3250 1662 3321 Λέγε
1677 3253 1806 3322 γὰρ,
1839 3255 1994 3324 φησι,

425 3327 496 3380 τὺ
525 3329 631 3393 τὰς
661 3327 948 3396 ἁμαρτίας
973 3343 1090 3382 σου
1127 3327 1379 3396 πρῶτος,
1409 3331 1510 3384 ἳνα
1530 3331 1867 3404 δικαιωθῇς.
1888 3337 1996 3388 06-

411 3410 525 3474 δεῖς
552 3411 681 3480 ήνάῖ
696 3427 884 3472 κασεν,
925 3410 1098 3471 οὐδεὶς
1141 3411 1416 3480 ἐϐιάσατο,
1459 3415 1575 3468 ἀλλ’
1613 3417 1774 3482 αὐτὸς
1805 3421 1995 3476 ἑαυτὸν

416 3493 840 3562 ἑξεπόμπευσεν,
875 3493 1064 3546 εἰπών·
1089 3494 1202 3548 Καὶ
1226 3495 1398 3564 ἡμεῖς
1419 3497 1539 3567 μὲν
1568 3497 1831 3567 δικαίως·
1857 3501 1998 3565 ἄξια

416 3579 526 3645 γὰρ
554 3569 642 3630 ὧν
665 3575 1040 3646 ἐποιήσαμεν
1058 3579 1462 3648 πεπόνθαμεν·
1503 3577 1683 3648 οὗτος
1723 3581 1791 3636 δὲ
1815 3585 1998 3638 οὐδὲν

416 3660 686 3730 πονηρὸν
717 3660 988 3728 ἐποίησε.
1007 3662 1114 3715 Καὶ
1138 3662 1277 3732 μετὰ
1295 3662 1470 3717 ταῦτά
1491 3682 1644 3736 φησι·
1679 3667 1998 3738 Μνήσθητι

409 3761 552 3813 μου,
591 3745 786 3812 Κύριε,
829 3745 898 3798 ἐν
927 3743 1000 3813 τῇ
1035 3746 1327 3814 βασιλείᾳ
1375 3763 1512 3803 σου.
1571 3750 1684 3803 οὐκ
1727 3751 1995 3822 ἐτόλμησε

416 3826 684 3898 πρότερον
723 3829 920 3893 εἰπεῖν,
952 3827 1277 3896 Μνήσθητι
1328 3847 1449 3898 μου
1495 3830 1566 3884 ἐν
1605 3831 1681 3900 τῇ
1705 3833 1996 3902 ,βασιλείᾳ

415 3910 688 3984 σουηέως
723 3911 812 3964 ὅτε
854 3911 943 3964 διὰ
981 3915 1080 3983 τῆς
1125 3911 1565 3985 ὲξομολογήσεως
1605 3917 1836 3972 ἀπέθετο
1889 3919 1996 3973 τῶν

415 3993 700 4064 ἁμαρτιῶν
722 3991 1048 4066 τὸνφορτίον.
1613 4025 1617 4028 ·
1677 4047 1682 4054 .

487 4075 649 4147 Ὁρᾷς
675 4076 839 4130 πόσον
867 4077 1019 4132 ἐστὶν
1049 4077 1465 4152 ὲξομολόγησις;
1491 4078 1832 4156 Ἐξωμολογή
1843 4101 1992 4147 σατο,

417 4159 631 4212 καὶτὸν
683 4159 1006 4230 παράδεισον
1063 4161 1298 4232 ἠνέῳξεν
1319 4181 1332 4194 ·
1383 4163 1853 4236 ὲξωμολογήσατο,
1901 4169 1995 4222 καὶ

416 4242 728 4312 παρρησίαν
744 4243 903 4296 ἔλαϐε
930 4244 1216 4314 τοσαύτην,
1232 4247 1307 4308 ὡς
1323 4246 1430 4299 ἀπὸ
1445 4248 1700 4320 λῃστείας
1719 4249 1994 4319 βασιλείαν

416 4323 655 4393 αίτῆσαι.
675 4323 836 4396 Ὁρᾷς
852 4326 1035 4378 πόσων
1079 4327 1301 4395 ἀγαθῶν
1332 4331 1465 4398 ἡμῖν
1484 4329 1656 4393 αἴτιος
1679 4333 1706 4384 6
1728 4335 1990 4403 σταυρός;

416 4405 703 4487 βασιλείας
740 4407 1043 4478 μέμνησαι;
1069 4409 1134 4462 Τί
1164 4410 1272 4482 γὰρ
1293 4411 1426 4482 ὁρᾷς
1453 4412 1849 4476 τοιοῦτον,είπέ
1869 4435 1991 4487 μοι;

419 4483 578 4544 Ἦλοι
622 4490 716 4542 καὶ
749 4489 982 4562 σταυρὸς
1019 4491 1089 4544 τὰ
1119 4491 1398 4564 ὁρώμενα·
1435 4493 1550 4548 ἀλλ’
1579 4496 1742 4562 αὐτὸς
1786 4483 1938 4564 οὗτος
1966 4483 1996 4555 6

425 4573 678 4644 σταυρὸς,
707 4573 862 4644 φησὶ,
875 4573 972 4645 τῆς
989 4574 1265 4645 βασιλείας
1289 4576 1404 4630 ἐστὶ
1421 4577 1708 4649 σύμϐολον.
1724 4581 1822 4637 Διά
1837 4583 1995 4638 τοῦτο

419 4656 476 4710 δὲ
509 4657 668 4710 αὐτὸν
702 4655 928 4728 βασιλέα
979 4658 1149 4724 καλῶ,
1183 4659 1370 4733 ἐπειδὴ
1414 4660 1596 4730 βλέπω
1630 4663 1796 4720 αὐτὸν
1826 4683 1993 4722 σταυ-

419 4739 702 4811 ρούμενον·
741 4739 1004 4811 βασιλέως
1037 4741 1162 4812 γάρ
1191 4743 1308 4795 ἐστι
1347 4743 1408 4798 τὸ
1433 4743 1575 4816 ὑπὲρ
1616 4747 1724 4800 τῶν
1761 4747 1994 4822 ἀρχομέ-

415 4841 523 4880 νων
552 4824 934 4894 ἀποθνήσκειν.
975 4824 1148 4888 Αύτὸς
1167 4824 1233 4878 δι’
1255 4826 1447 4880 ἑαυτοῦ
1473 4824 1645 4884 εἶπεν·
1687 4830 1739 4884 '0
1765 4833 1994 4903 ποιμὴν

413 4910 450 4961 ὁ
481 4909 670 4973 καλὸς
688 4907 804 4974 τὴν
826 4911 1038 4978 ψυχὴν
1063 4908 1249 4963 αὐτοῦ
1276 4909 1516 4978 τίθησιν
1529 4912 1680 4980 ὑπὲρ
1709 4909 1994 4984 τῶνλπρο-

365 5039 372 5048 .
415 4993 627 5047 ϐάτων.
668 4993 875 5047 Οὐκοῦν
933 4993 1026 5046 καὶ
1067 4995 1094 5047 6
1129 4992 1378 5062 βασιλεὺς
1413 4996 1441 5048 6
1487 4995 1651 5059 καλὸς
1691 4996 1786 5069 τὴν
1814 4997 1994 5070 ψυχὴν

414 5074 581 5132 αὑτοῦ
609 5075 831 5154 ,τίθησιν
859 5076 999 5145 ὑπὲρ
1039 5073 1148 5128 τῶν
1197 5076 1533 5148 ἀρχομένων.
1580 5078 1730 5132 Ἐπεὶ
1756 5075 1854 5146 ,οὖν
1892 5083 1994 5154 τὴν

414 5159 592 5229 ψυχὴν
609 5149 783 5214 ἀὑτοῦ
814 5158 1031 5230 ἔθηκεν,
1075 5157 1164 5212 διά
1191 5159 1351 5212 τοῦτο
1376 5159 1538 5214 αὐτὸν
1563 5160 1787 5231 βασιλέα
1815 5149 1988 5218 καλῶ.

413 5241 729 5308 Μνήσθητί
751 5259 888 5311 μου,
921 5242 1117 5309 Κύριε,
1140 5242 1210 5294 ἑν
1231 5241 1306 5310 τῇ
1321 5243 1612 5310 βασιλείῃ
1639 5262 1777 5299 σου.

483 5321 548 5377 δ’.
585 5320 735 5387 Εἶδες
775 5324 889 5388 πῶς
929 5325 1022 5378 καὶ
1060 5324 1333 5396 βασιλείας
1369 5328 1397 5380 6
1425 5327 1656 5399 σταυρὸς
1690 5327 1987 5400 σύμϐολον;

415 5405 590 5476 Βοὰλῃ
619 5407 710 5458 καὶ
735 5407 996 5478 ἑτέρωθεν
1019 5407 1175 5478 τοῦτο
1207 5409 1396 5477 μαθεῖν
1417 5427 1430 5477 ;
1459 5411 1573 5465 Οὐκ
1595 5411 1806 5482 ἀφῆκεν
1827 5413 1990 5468 αὐτὸν

413 5484 555 5544 εἶναι
587 5487 682 5540 ἐπὶ
705 5489 803 5558 τῆς
831 5491 952 5558 γῆς,
979 5490 1090 5544 ἀλλ’
1113 5491 1417 5547 ἀνέσπασεν
1449 5493 1630 5554 αὐτὸν,
1663 5496 1756 5550 καὶ
1787 5498 1868 5560 είς
1899 5497 1990 5553 τὸν

415 5569 642 5643 οὐρανὸν
685 5571 945 5642 ἀνήγαγε.
993 5573 1162 5628 Πόθεν
1202 5575 1360 5630 τοῦτο
1391 5577 1581 5648 δῆλον;
1611 5579 1829 5651 Ἐπειδὴ
1869 5583 1988 5652 μετ’

415 5653 581 5709 αὐτοῦ
605 5654 787 5725 μέλλει
819 5653 1070 5728 ἔρχεσθαι
1093 5658 1149 5709 ὲν
1188 5661 1252 5730 τῇ
1282 5661 1512 5733 δευτέρα
1545 5664 1638 5716 καὶ
1669 5663 1860 5734 ἐνδόξῳ
1893 5668 1991 5720 αύ-

413 5735 512 5791 τοῦ
555 5737 860 5811 παρουσία,
909 5740 997 5794 ἵνα
1048 5739 1224 5810 μάθῃς
1273 5745 1390 5806 πῶς
1437 5744 1630 5814 σεμνὸν
1681 5747 1910 5817 πρᾶγμα
1955 5751 1984 5804 ὀ

417 5819 671 5893 σταυρὸς,
717 5821 799 5877 διὸ
844 5822 1125 5890 καὶδόξαν
1167 5824 1326 5878 αὑτὸν
1365 5825 1642 5884 ἐκάλεσεν.
1691 5828 1828 5881 Ἀλλ’
1861 5829 1980 5883 ἴδω-

1119 305 1176 360 S.
1213 307 1499 363 JOANNIS
1533 307 2018 365 CHRYSOSTOMI
2061 307 2377 365 ARCIIIEP.
2421 310 2965 367 CONSTANTINOP.

3549 315 3652 370 ΑΜ

2089 442 2191 496 μεν
2227 425 2340 490 πῶς
2373 427 2511 496 μετά
2549 429 2640 482 τοῦ
2676 428 2908 500 σταυροῦ
2947 429 3180 498 ἔρχεται·
3224 428 3517 496 ἀναγκαῖον
3549 431 3657 502 γάρ

2084 509 2445 578 ἐπαναγαγεῖν
2488 510 2585 581 τὴν
2627 511 2919 575 ἀπόδειξιν.
2979 511 3111 564 Ἐὰν
3151 512 3398 573 εἴπωσι,
3451 511 3616 582 φησὶν
3641 553 3658 573 ,

2083 592 2215 645 ἰδοὺ
2237 592 2308 646 ἐν
2337 593 2464 662 τοῖς
2497 597 2756 664 ταμείοις
2780 594 2950 648 ἐστὶν
2977 597 3010 648 ὀ
3043 594 3314 661 Χριστὸς,
3345 594 3472 649 ἰδοὺ
3491 595 3561 648 ἐν
3582 595 3660 662 τῇ

2083 670 2277 739 ἐρήμῳ
2300 671 2450 734 ἐστὶ,
2478 672 2564 742 μὴ
2603 672 2920 739 ἀπέλθητε·
2969 675 3096 742 περὶ
3138 673 3236 741 τῆς
3271 673 3530 743 δευτέρας
3558 674 3662 726 αύ-

2083 753 2176 807 τοῦ
2233 753 2534 826 παρουσίας
2584 755 2756 824 λέγων
2797 755 2898 824 τῆς
2939 755 3147 822 ἐνδόξου
3181 755 3268 808 διὰ
3309 757 3436 818 τοὺς
3464 754 3660 824 ψευδο-

2085 831 2394 912 χρίστους,.
2421 837 2507 890 διὰ
2553 838 2679 901 τοὺς
2701 833 3151 909 ψευδοπροφήτας
3173 878 3188 902 ,
3231 839 3319 892 διὰ
3359 839 3451 892 τὸν
3484 839 3662 892 ’Δντί-

2085 909 2332 992 χριστον,
2347 921 2431 974 ἵνα
2459 923 2530 992 μή
2549 939 2632 984 τις
2651 921 2944 993 πλανηθεὶς
2967 922 3160 993 ἐκείνῳ
3179 923 3468 994 περιπέσῃ.
3487 923 3662 976 Ἐπει-

2085 1003 2147 1076 δὴ
2185 1005 2292 1074 γὰρ
2327 1004 2432 1076 πρὸ
2458 1004 2552 1058 τοῦ
2582 1004 2816 1076 Χριστοῦ
2850 1007 2877 1058 6
2911 1005 3273 1075 Ἀντίχριστος
3301 1005 3538 1076 ἔρχεται,
3571 1007 3662 1060 ἵνα

2089 1087 2163 1158 μὴ
2201 1086 2380 1158 ζητῶν
2413 1105 2498 1150 τις
2535 1089 2626 1141 τὸν
2663 1087 2894 1159 ποιμένα
2931 1087 3008 1158 τῷ
3050 1087 3197 1158 λύκῳ
3229 1088 3522 1160 περιπέσῃ,
3568 1087 3664 1140 διά

2085 1168 2244 1221 τοῦτό
2283 1187 2363 1222 σοι
2401 1169 2544 1238 λέγω
2581 1169 2866 1243 γνώρισμα
2896 1170 2998 1239 τῆς
3023 1169 3117 1223 τοῦ
3156 1171 3412 1241 ποιμένος
3451 1188 3664 1239 παρου-

2089 1251 2227 1314 σίας.
2271 1252 2484 1323 Ἐπειδὴ
2515 1253 2684 1324 γάρή
2725 1253 2913 1324 πρώτη
2954 1250 3120 1306 αὐτοῦ
3153 1253 3422 1323 παρουσία
3461 1252 3664 1306 λανθά-

2086 1350 2254 1388 νουσα
2289 1336 2534 1404 γέγονεν,
2576 1337 2664 1391 ἵνα
2704 1338 2777 1407 μὴ
2821 1337 3070 1408 νομίσῃς,
3107 1337 3189 1390 ὅτι
3231 1337 3324 1390 καὶ
3367 1338 3400 1405 ἡ
3429 1335 3662 1405 δευτέρα

2086 1416 2306 1488 τοιαύτη
2334 1419 2559 1486 γίνεται,
2600 1419 2757 1472 τοῦτο
2785 1419 2982 1472 δέδωκε
3016 1419 3076 1472 τὸ
3105 1419 3348 1489 σημεῖον.
3383 1417 3529 1488 Αὕτη
3559 1418 3664 1487 μὲν

2087 1498 2198 1569 γάρ
2217 1500 2549 1555 λανθάνουσα
2585 1503 2806 1565 εἰκότως
2829 1503 3072 1571 γέγονεν·
3101 1498 3232 1572 ἦλθε
3257 1503 3366 1572 γάρ
3391 1500 3568 1570 ζητῶν
3599 1502 3663 1553 τὸ

2088 1583 2380 1648 ἀπολωλός·
2427 1585 2608 1654 εκείνη
2653 1585 2708 1638 δὲ
2747 1585 2844 1654 οὐχ
2879 1584 3085 1648 οὕτως·
3129 1585 3262 1638 ἀλλά
3311 1585 3460 1647 πῶς,
3499 1584 3666 1644 είπέ;

2089 1667 2313 1736 ’Ὠσπερ
2343 1669 2452 1736 γὰρ
2470 1667 2772 1736 ἐξέρχεται
2801 1667 2838 1732 ή
2867 1665 3144 1734 ἀστραπὴ
3171 1666 3288 1720 ἀπὸ
3321 1665 3662 1726 ἀνατολῶν,

2088 1751 2182 1804 καί
2199 1751 2468 1818 φαίνεται
2487 1749 2597 1815 ἕως
2617 1747 2884 1817 δυσμῶν,
2911 1749 3092 1813 οὕτως
3115 1748 3286 1802 ἔσται
3336 1746 3432 1800 καί
3453 1741 3494 1810 ἡ
3521 1762 3668 1813 παρ-

2088 1835 2268 1887 ουσία
2315 1833 2420 1886 τοῦ
2464 1833 2598 1886 Υίοῦ
2659 1833 2766 1886 τοῦ
2819 1831 3148 1899 ἀνθρώπου.
3217 1830 3435 1900 Ἀθρόον
3464 1829 3666 1883 ’ἅπασι

2089 1917 2408 1985 φανήσεται,
2442 1917 2537 1970 καὶ
2564 1917 2624 1968 ού
2657 1915 2903 1984 δεήσεται
2931 1914 3102 1976 οὐδεὶς
3127 1912 3422 1984 ἐρωτῆσαι,
3451 1910 3563 1964 εἴτε
3585 1911 3668 1962 ὲν-

2087 1998 2280 2062 ταῦθα,
2305 1998 2414 2051 εἴτε
2437 2001 2553 2052 ἐκεῖ
2579 1997 2730 2069 [408]
2757 2001 2785 2051 6
2803 1997 3052 2069 Χριστός.
3088 1997 3300 2066 Ὥσπερ
3324 1995 3434 2069 γάρ
3460 1995 3668 2064 ἀστρα-

2091 2082 2199 2150 πῆς
2247 2082 2579 2153 φαινομένης
2611 2083 2671 2135 ού
2717 2082 2946 2153 δεόμεθα
2992 2079 3262 2146 ἐξετάζειν
3317 2081 3366 2132 εί
3419 2079 3668 2147 ἐγένετο·

2089 2165 2230 2218 οὓτω
2261 2165 2362 2235 τῆς
2402 2165 2698 2237 παρουσίας
2727 2165 3015 2235 γινομένης
3054 2163 3147 2216 τοῦ
3179 2161 3436 2234 Χριστοῦ,
3471 2162 3534 2213 ού
3557 2161 3668 2215 δεό-

2094 2249 2233 2320 μεθα
2273 2249 2565 2315 ἐξετάζειν,
2599 2250 2648 2301 εί
2691 2249 3021 2320 παρεγένετο
3051 2246 3372 2318 ὀΧριστόςι
3417 2244 3579 2299 Ἀλλά
3609 2245 3674 2297 τὸ

2093 2332 2441 2405 ζητούμενον,
2462 2335 2514 2386 εί
2545 2334 2681 2404 μετά
2705 2333 2937 2404 σταυροῦ
2961 2332 3197 2402 ἔρχεται·
3228 2331 3302 2401 μὴ
3331 2329 3440 2399 γάρ
3466 2328 3530 2399 δὴ
3557 2330 3671 2381 ἑπι-

2091 2416 2380 2488 λαθὼμεθα
2424 2418 2524 2488 τῆς
2581 2417 2942 2488 ὑποσχέσεως.
3013 2417 3279 2468 Ἀκουσον
3327 2414 3508 2466 τοίνυν
3561 2413 3674 2464 τῶν

2095 2500 2236 2572 ἑξῆς.
2268 2503 2426 2566 Τότε,
2459 2501 2613 2573 φησί·
2637 2502 2780 2564 τότε,
2813 2501 2975 2566 πότε;
3001 2499 3189 2552 ’Ὅταν
3205 2498 3450 2567 ἔρχηται
3471 2500 3504 2550 ό
3537 2496 3674 2560 Υἱὸς

2094 2586 2201 2640 τοῦ
2221 2586 2554 2653 ἀνθρώπου,
2585 2588 2617 2639 ό
2653 2585 2822 2651 ἥλιος
2853 2582 3338 2650 σκοτισθήσεται,
3373 2581 3468 2632 καὶ
3496 2582 3534 2647 ἡ
3559 2595 3672 2636 σε-

2093 2668 2252 2735 λήνη
2283 2671 2352 2722 οὐ
2395 2667 2572 2722 δώσει
2626 2667 2692 2721 τὸ
2736 2666 2950 2736 φέγγος
2997 2665 3206 2732 αὐτῆς.
3259 2666 3502 2734 Τοσαύτη
3555 2664 3670 2734 γὰρ

2095 2751 2248 2805 ἔσται
2281 2751 2374 2804 τοῦ
2405 2753 2581 2820 φωτὸς
2610 2751 2729 2804 τότε
2754 2752 2787 2820 ή
2817 2748 3110 2819 ὑπερϐολὴ,
3137 2749 3212 2811 ὡς
3237 2749 3411 2802 καὶτὰ
3441 2747 3670 2816 φαιδρόο

2095 2851 2232 2887 τατα
2263 2833 2440 2904 ἄστρα
2475 2833 2871 2904 ἁποκρυϐῆναι.
2913 2833 3048 2885 Τότε
3083 2830 3173 2884 καί
3204 2833 3254 2884 οι
3283 2830 3536 2896 ἀστέρες
3562 2845 3666 2880 πε⁸

2095 2915 2368 2981 σοῦνται,
2407 2917 2541 2970 τότε
2581 2916 2648 2969 τὸ
2699 2914 2949 2985 σημεῖον
2983 2913 3309 2983 φανήσεται
3359 2911 3465 2965 τοῦ
3519 2911 3662 2964 Υίοῦ

2097 3000 2203 3054 τοῦ
2234 3001 2544 3067 ἀνθρώπου
2587 3000 2656 3052 ὲν
2690 2997 2767 3063 τῷ
2807 2995 3057 3065 οὐρανῷ.
3112 2992 3262 3060 Εἶδες
3313 2993 3456 3064 πόση
3499 2993 3674 3065 ἀρετὴ

2095 3083 2189 3136 τοῦ
2223 3083 2449 3154 σημείου
2479 3082 2570 3136 τοῦ
2612 3081 2881 3150 σταυροῦ;
2934 3081 2993 3134 '0
3038 3080 3190 3150 ἥλιος
3235 3077 3672 3148 σκοτισθήσεται,

2097 3166 2191 3220 καὶ
2225 3167 2258 3236 ή
2297 3165 2494 3236 σελήνη
2543 3165 2600 3217 ού
2649 3164 2965 3234 φανήσεται·
3017 3163 3192 3216 ἐκεῖνο
3233 3161 3289 3214 δὲ
3337 3159 3539 3230 λάμπει
3571 3160 3670 3212 καὶ

2099 3249 2294 3318 φαίνει,
2329 3247 2417 3300 ἰ’να
2444 3246 2620 3320 μάθῃς
2647 3247 2730 3300 δτι
2754 3247 2848 3300 καὶ
2895 3245 3043 3317 ἡλίου
3074 3245 3166 3298 καὶ
3199 3243 3422 3314 σελήνης
3451 3241 3670 3311 φαιδρόο

2096 3348 2271 3403 τερον.
2312 3331 2422 3386 Καὶ
2451 3330 2699 3401 καθάπερ
2734 3329 2994 3400 βασιλέως
3017 3329 3098 3392 είς
3123 3327 3277 3381 πόλιν
3317 3327 3600 3388 εἰσιόντος.
3623 3327 3674 3378 οἱ

2099 3415 2424 3486 στρατιῶται
2455 3413 2926 3485 προλαμϐάνοντες
2953 3413 3022 3466 τὰ
3061 3413 3331 3482 λεγόμενα
3367 3409 3544 3478 σίγνα,
3579 3409 3678 3478 βα-

2099 3498 2381 3562 στάζουσιν
2402 3497 2494 3550 ὲπὶ
2519 3497 2628 3550 τῶν
2661 3496 2826 3567 ὤμων
2858 3495 3056 3558 αὐτῶν,
3093 3492 3554 3565 προαγγέλλοντες
3575 3494 3681 3564 τὴν

2097 3581 2300 3635 εἴσοδον
2322 3579 2507 3634 αὐτοῦ·
2535 3579 2677 3634 οὕτω
2706 3580 2798 3634 καὶ
2823 3579 2915 3634 τοῦ
2939 3580 3143 3651 Κυρίου
3167 3577 3447 3640 κατιόντος
3479 3579 3542 3630 ἐκ
3565 3577 3682 3646 τῶν

2097 3665 2156 3719 ού
2166 3663 2342 3736 ρανῶν
2367 3663 2694 3735 προέρχεται
2713 3662 2781 3717 τὰ
2817 3661 3152 3734 στρατόπεδα
3173 3660 3283 3714 τῶν
3313 3659 3563 3728 ἀγγέλων
3583 3661 3679 3712 καὶ

2095 3745 2480 3819 ἀρχαγγέλων,
2529 3745 2590 3798 τὸ
2633 3749 2853 3816 σημεῖον
2901 3747 3077 3798 ἐκεῖνο
3119 3743 3377 3814 φέροντες
3427 3742 3520 3794 ἐπὶ
3567 3740 3676 3793 τῶν

2097 3829 2282 3902 ὤμων,
2311 3831 2404 3884 καὶ
2437 3829 2534 3900 τὴν
2565 3828 2848 3899 βασιλικὴν
2879 3825 3039 3880 αὐτοῦ
3072 3826 3273 3880 εἴσοδον
3300 3825 3674 3894 ἀπαγγέλλον-

2095 3931 2185 3978 τες
2220 3915 2370 3985 ἡμῖν.
2431 3913 2565 3967 Τότε
2603 3911 3088 3979 σαλευθήσονται
3139 3911 3199 3962 αι
3241 3906 3522 3976 δυνάμεις
3551 3906 3674 3958 τῶν

2096 3996 2391 4066 οὐρανῶν,
2427 3995 2556 4067 περὶ
2587 3995 2696 4048 τῶν
2731 3994 2974 4063 ἀγγέλων
3016 3992 3168 4064 φησί·
3211 3992 3413 4063 τρόμος
3443 3989 3674 4061 λήψεται

2097 4083 2291 4146 αὐτοὺς
2316 4081 2438 4134 τότε
2475 4081 2568 4134 καὶ
2599 4079 2760 4148 φόϐος
2791 4078 2973 4142 πολύς.
3006 4079 3116 4132 Καὶ
3145 4075 3289 4140 τίνος
3321 4076 3523 4146 ἕνεκεν,
3550 4072 3676 4126 εἰπέ

2100 4182 2217 4238 μοις
2251 4164 2481 4235 Φοϐερὸν
2505 4163 2656 4216 ἔσται
2686 4163 2747 4215 τὸ
2777 4162 3122 4232 δικαστήριον
3146 4161 3342 4214 ἐκεῖνο·
3373 4159 3517 4210 πᾶσα
3557 4157 3672 4238 γάρ

2096 4237 2252 4318 ήμῶν
2283 4250 2315 4318 ή
2348 4247 2506 4316 φύσις
2551 4245 2732 4315 μέλλει
2769 4244 3043 4316 κρίνεσθαι
3077 4244 3172 4298 καὶ
3195 4238 3556 4318 ,παρίστασθαι
3583 4237 3674 4308 τῷ

2097 4330 2315 4402 φοϐερῴ
2348 4331 2599 4400 δικαστῇ.
2648 4328 2803 4390 Τίνος
2843 4323 2934 4380 οὖν
2963 4327 3149 4396 ἕνεκεν
3178 4327 3227 4379 οί
3258 4322 3470 4391 ἄγγελοι
3495 4321 3674 4376 δεδοίο

2097 4431 2226 4468 κασι
2249 4414 2343 4466 καὶ
2375 4414 2686 4482 φρίττουσιν
2713 4429 2727 4478 ;
2759 4411 2818 4463 ού
2852 4411 2960 4482 γὰρ
3011 4411 3209 4464 ἐκεῖνοι
3257 4406 3510 4478 μέλλουσι
3543 4405 3678 4476 κρί-

2097 4495 2301 4550 νεσθαι.
2338 4495 2603 4564 Καθάπερ
2643 4493 2754 4564 γάρ
2794 4493 3051 4563 ἄρχοντος
3095 4489 3424 4554 δικάζοντος,
3463 4487 3586 4558 οὐχὶ
3623 4488 3680 4542 οἱ

2097 4579 2386 4634 ὑπεύθυνοι
2415 4579 2594 4647 μόνον,
2625 4576 2763 4630 ἀλλὰ
2790 4577 2882 4629 καὶ
2913 4578 2962 4629 οί
3009 4575 3111 4645 τῆς
3159 4574 3388 4638 τάξεως,
3422 4573 3471 4624 οῖ
3505 4571 3678 4642 μηδὲν

2097 4665 2311 4727 ἑαυτοῖς
2359 4661 2661 4724 συνειδότες
2695 4661 2965 4714 δεδοίκασι
3010 4660 3106 4712 καὶ
3154 4659 3438 4728 φρίττουσι
3463 4657 3554 4709 διὰ
3585 4657 3680 4709 τὸν
3725 4670 3730 4678 ‘

2097 4747 2258 4818 φόϐον
2285 4746 2378 4799 τοῦ
2414 4744 2686 4799 δικαστοῦ·
2715 4743 2857 4797 οὕτω
2898 4743 2988 4796 καὶ
3015 4743 3156 4806 τότε,
3194 4742 3292 4810 τῆς
3329 4740 3547 4810 φύσεως
3577 4740 3684 4810 τῆς
3733 4773 3738 4776 -

2095 4829 2369 4901 ἡμετέρας
2397 4826 2742 4898 κρινομένης,
2777 4825 2871 4879 καὶ
2903 4826 2955 4878 οἱ
2999 4825 3161 4896 μηδὲν
3199 4825 3411 4901 ἑαυτοῖς
3439 4821 3683 4874 συνειδό-

2094 4931 2183 4977 τες
2219 4911 2436 4982 ἆγγελοι
2473 4911 2743 4964 δεδοίκασι
2770 4910 2858 4963 διὰ
2899 4909 2994 4980 τὴν
3021 4907 3325 4979 ὑπερϐολὴν
3355 4905 3449 4960 τοῦ
3505 4905 3684 4974 φόδου
3705 4901 3718 4912 ³

2094 4995 2188 5050 τοῦ
2217 4992 2490 5068 δικαστοῦ.
2538 4993 2697 5046 Ἀλλὰ
2733 4991 2819 5045 διὰ
2847 4993 2900 5045 τί
2932 4995 2960 5045 6
2994 4991 3226 5070 σταυρὸς
3245 4991 3494 5070 φαίνεται
3529 4989 3680 5052 τότε,

2096 5079 2190 5133 καὶ
2222 5078 2308 5132 διὰ
2331 5077 2382 5130 τί
2419 5076 2557 5147 ἔχων
2593 5077 2755 5130 αὐτὸν
2785 5074 3036 5146 ἔρχεται;
3081 5067 3199 5126 Ἵνα
3232 5067 3444 5144 μάθωσι
3465 5071 3570 5141 τὴν
3597 5071 3682 5122 οἱ-

2095 5163 2249 5232 κείαν
2282 5159 2460 5213 αὐτῶν
2503 5159 2894 5229 ἀγνωμοσύνην
2937 5159 2983 5210 οί
3024 5151 3441 5229 σταυρώσαντες
3487 5155 3679 5216 αὐτὸν,

2094 5246 2183 5300 διὰ
2217 5243 2372 5298 τοῦτο
2398 5242 2529 5296 αὐτὸ
2555 5243 2617 5294 τὸ
2654 5240 2920 5311 σύμϐολον
2947 5241 3045 5312 τῆς
3071 5239 3456 5310 ἀναισχυντίας
3495 5236 3682 5290 αὐτῶν

2095 5330 2352 5384 δείκνυσι.
2383 5327 2492 5380 Καὶ
2513 5327 2594 5380 ὅτι
2623 5324 2710 5378 διὰ
2740 5323 2897 5377 τοῦτο
2927 5323 3089 5378 αὐτὸν
3119 5323 3293 5395 φέρει,
3321 5323 3558 5376 ἄκουσον
3584 5319 3679 5372 τοῦ

2097 5413 2374 5483 προφήτου
2411 5409 2679 5478 λέγοντος·
2729 5407 2865 5461 Τότε
2911 5409 3204 5475 κόψονται
3252 5409 3313 5459 αἱ
3344 5404 3538 5473 φυλαὶ
3573 5401 3680 5468 τῆς

2092 5496 2228 5568 τῆς,
2245 5495 2538 5565 βλέπουσαι
2561 5493 2652 5545 τὸν
2673 5494 2996 5562 κατήγορον,
3016 5491 3110 5545 καὶ
3133 5487 3594 5558 ἐπιγινώσκουσαι
3619 5483 3680 5536 τὸ

2093 5579 2417 5650 ἁμάρτημα.
2459 5577 2567 5630 Καὶ
2597 5575 2649 5628 τί
2680 5575 3001 5645 θαυμάζεις,
3041 5575 3089 5626 εί
3115 5573 3206 5625 τὸν
3239 5571 3471 5641 σταυρὸν
3495 5569 3682 5650 φέρων

2093 5649 2337 5735 ἔρχεται,
2380 5663 2512 5714 ὅπου
2545 5677 2607 5728 γε
2655 5659 2746 5712 καὶ
2793 5655 2933 5710 αύτά
2973 5657 3040 5710 τὰ
3078 5655 3367 5728 τραύματα
3397 5653 3518 5706 τότε
3569 5649 3688 5704 δεί-

2097 5762 2303 5800 κνυσιν·
2339 5745 2625 5811 ’Ὄψονται
2656 5741 2781 5813 γάρ,
2809 5741 2994 5810 φησὶν,
3025 5741 3110 5807 είς
3135 5739 3207 5794 ὃν
3235 5735 3687 5803 ἐξεκέντησανδ

2091 5828 2361 5902 Καθάπερ
2383 5826 2490 5900 γὰρ
2514 5827 2604 5881 ἐπὶ
2627 5826 2718 5881 τοῦ
2741 5827 2911 5898 Θωμᾶ
2934 5823 3178 5896 ἐποίησε,
3201 5823 3526 5896 βουλόμενος
3550 5819 3690 5873 ἀπι-
