4062 6206
431 289 533 344 4θῦ

400 399 788 480 ‘dimittuntur,
816 411 871 460 et
908 404 1110 462 innoxii
1153 407 1458 465 afllciuntur
1485 412 1766 484 supplicio.
1800 415 2008 470 Etenim

424 493 653 561 judices,
675 494 838 550 velint
867 496 1052 562 nolint,
1079 498 1336 555 inmultis
1362 513 1612 570 peccant;
1641 504 1902 575 siquidem
1931 507 2014 561 vel

427 587 515 654 jus
541 585 848 656 ignorantes
875 595 931 642 et
957 587 1188 660 decepti,
1218 592 1300 646 vel
1344 593 1491 663 gnari
1531 593 1767 664 quidem,
1800 595 1894 650 sed
1921 613 2014 664 pe-

433 679 593 735 cunia
616 680 852 750 corrupti
876 696 1062 736 verum
1091 683 1352 738 calculum
1375 685 1744 755 prodiderunt.
1776 687 2019 758 Stiperne

431 779 609 825 autem
653 784 812 826 secus
841 788 857 827 :
891 772 1042 834 Deus.
1073 774 1214 828 enim
1250 774 1414 844 judex
1453 775 1648 846 justus,
1678 789 1732 833 et
1762 778 2018 848 judicium

433 875 551 930 ejus
575 861 726 931 quasi
754 861 841 917 lux
869 863 1190 934 egredietur,
1218 881 1322 920 non
1356 868 1611 934 tenebris,
1643 884 1748 923 non
1775 869 2020 941 ignoran-

437 954 507 1007 tia
538 951 963 1008 obscurantibus.
1010 954 1230 1009 Etenim
1245 971 1311 1012 ne
1334 956 1568 1023 diceret,
1599 974 1720 1014 eum
1752 960 1885 1014 infra
1922 960 2020 1015 da-

439 1053 682 1101 mnatum
719 1043 902 1112 fuisse,
932 1046 998 1102 ad
1026 1063 1317 1117 supernum
1351 1051 1577 1106 tribunal
1605 1052 1754 1108 illum
1781 1053 2014 1118 deduxit,

438 1133 851 1190 commonefecit
879 1135 1022 1192 illius
1047 1123 1298 1194 horrendi
1329 1140 1642 1209 tribunalis;
1687 1159 1750 1199 ac
1791 1145 1834 1198 si
1875 1143 2020 1198 diee-

440 1237 564 1282 ret:
599 1225 676 1282 Eo
723 1229 928 1299 respice
951 1272 967 1297 ,
1004 1245 1103 1286 nec
1141 1230 1498 1288 damnationis
1539 1235 1802 1291 calculum
1846 1237 2022 1302 feres,

441 1334 614 1390 neque
642 1321 778 1376 infra
809 1322 975 1379 stabis
1009 1339 1130 1379 cum
1161 1327 1428 1396 corruptis
1448 1327 1734 1396 judicibus,
1762 1331 1854 1385 sed
1879 1331 2022 1400 judi-

441 1413 584 1468 cium
609 1428 840 1480 superne
865 1415 1030 1472 latum
1060 1418 1384 1488 acceptabis.
1411 1419 1603 1476 Vidisti
1634 1421 2023 1493 philosophiam

445 1505 705 1562 latronis?
726 1507 898 1564 vidisti
923 1509 1277 1580 prudentiam,
1300 1521 1354 1568 et
1376 1512 1716 1569 doctrinam?
1735 1515 2026 1571 Confestim

442 1613 472 1649 a
497 1612 656 1653 cruce
675 1597 727 1652 in
749 1599 936 1654 cadum
958 1601 1208 1656 avolavit.
1235 1602 1436 1658 Deinde
1455 1619 1519 1659 ex
1539 1604 1830 1661 abundanti
1853 1607 2024 1677 ipsum

449 1690 726 1760 increpans
756 1708 770 1744 :
804 1689 925 1746 Non
950 1693 1111 1755 times,
1140 1693 1376 1757 dicebat,
1393 1697 1512 1765 quia
1540 1697 1592 1750 in
1617 1697 1791 1752 eadem
1817 1699 2030 1752 damna-

449 1783 584 1838 tione
605 1797 790 1839 sumus
817 1783 964 1856 (Luc.
992 1786 1081 1840 25.
1112 1785 1223 1856 40).
1254 1786 1391 1853 Quid
1433 1787 1534 1842 sibi
1564 1789 1675 1843 vult
1715 1787 1868 1856 illud,
1899 1790 2030 1856 Quia

447 1875 501 1927 in
523 1873 697 1928 eadem
717 1873 1040 1930 damnatione
1059 1876 1272 1931 sumus?
1296 1877 1352 1932 ln
1382 1877 1570 1933 eodem
1600 1893 1793 1948 nempe
1824 1878 2023 1949 suppli-

444 1967 552 2020 cio.
583 1965 770 2021 Nonne
796 1976 851 2020 tu
874 1968 1033 2022 etiam
1057 1982 1116 2022 es
1137 1968 1187 2022 in
1211 1969 1405 2024 cruce?
1434 1969 1566 2023 Dum
1593 1984 1722 2039 ergo
1744 1969 1817 2024 illi
1843 1970 2028 2024 convi-

445 2057 625 2120 ciaris,
646 2057 873 2128 teipsum
897 2059 1042 2128 prius
1061 2060 1300 2129 impetis.’
1319 2059 1775 2127 Quemadmodum
1798 2060 1940 2115 enim
1964 2060 2031 2128 is,

447 2149 536 2219 qni
561 2149 630 2212 in
672 2151 902 2218 peccatis
942 2159 1043 2215 est,
1085 2151 1130 2205 si
1169 2151 1767 2218 alterum'criminetur,
1799 2152 2030 2222 seipsum

453 2241 598 2310 prius
625 2240 939 2295 criminatur
967 2260 980 2294 :
1012 2241 1090 2296 sic
1117 2250 1171 2297 et
1200 2241 1274 2309 is,
1305 2244 1394 2312 qui
1427 2242 1477 2296 in
1507 2243 1810 2299 calamitate
1837 2244 2037 2299 consti-

453 2341 615 2398 tutus,
650 2333 805 2387 alteri
843 2333 1198 2404 calamitatem
1243 2333 1374 2387 vitio
1412 2335 1587 2400 vertit,
1614 2335 1846 2404 seipsum
1886 2336 2035 2405 prius

456 2425 692 2480 damnat.
737 2425 869 2493 Quia
899 2427 950 2480 in
977 2427 1149 2481 eadem
1179 2427 1502 2480 damnatione
1529 2443 1721 2481 sumus.
1768 2426 2036 2497 Apostoli-

455 2532 571 2571 eam
609 2517 736 2587 legit
774 2516 872 2587 ipsi
915 2518 1104 2589 legem,
1135 2517 1249 2574 haec
1277 2519 1476 2574 scilicet
1502 2520 1802 2590 evangelica
1829 2520 1988 2576 verba
2021 2538 2035 2576 :

460 2607 633 2662 Nolite
645 2609 900 2679 judicare,
928 2620 982 2663 ut
1012 2627 1112 2664 non
1130 2611 1431 2680 judicemini
1459 2609 1668 2681 (Matth.
1696 2611 1746 2664 7.
1779 2611 1856 2683 l).
1906 2611 2039 2678 Quia

457 2718 508 2754 tn
537 2701 712 2755 cadent
737 2701 1059 2758 damnatione
1081 2719 1271 2756 sumus.
1303 2702 1438 2771 Quid
1466 2703 1612 2765 facis.
1642 2717 1676 2758 ο
1707 2702 1877 2757 latro't
1910 2703 2037 2757 dum

456 2809 578 2846 eum
601 2791 860 2854 defendis.
883 2793 1178 2848 latronisne
1201 2794 1403 2849 socium
1427 2803 1476 2848 te
1493 2794 1654 2849 facis?
1677 2777 2036 2864 Nequaquam,

457 2885 530 2937 ait
561 2902 573 2936 :
604 2899 668 2937 ex
706 2883 1052 2954 sequentibus
1095 2884 1234 2938 hanc
1276 2886 1633 2953 suspicionem
1676 2901 1920 2941 amoveo.
1963 2885 2040 2942 Ne

462 2983 616 3044 putes
652 2974 794 3030 enim
829 2990 951 3029 eum
979 2990 1044 3029 ex
1071 2976 1445 3031 communione
1471 2977 1712 3047 supplicii
1738 2987 2040 3033 consortem

467 3066 610 3121 illum
655 3067 858 3137 peccati
902 3065 1114 3134 fecisse,
1145 3067 1222 3122 sic
1260 3068 1406 3137 prius
1450 3069 1648 3124 dictum
1679 3070 1896 3139 corrigit
1929 3088 1941 3123 :
1977 3069 2040 3124 Et

463 3175 552 3212 nos
576 3159 778 3229 quidem
795 3159 939 3230 juste
967 3175 986 3213 :
1011 3176 1127 3213 nam
1153 3159 1309 3231 digna
1334 3162 1482 3231 factis
1511 3161 1732 3230 patimur
1770 3160 1920 3234 (Luc.
1948 3161 2040 3218 25.

464 3253 574 3320 ll).
608 3251 768 3307 Vides
806 3251 1198 3307 confessionem
1242 3252 1562 3322 perfectam?
1589 3254 1736 3310 vides
1777 3255 2045 3324 quomodo

463 3345 514 3399 in
543 3360 701 3412 cruce
731 3353 944 3414 peccata
975 3345 1153 3400 exuit?
1193 3345 1322 3400 Nam
1354 3347 1581 3415 legitur:
1616 3346 1710 3402 Dic
1752 3359 1805 3402 tu
1839 3359 2044 3420 peccata

461 3446 546 3489 tua
573 3438 784 3506 primus,
812 3445 866 3490 ut
881 3437 1181 3506 justiﬁceris
1207 3435 1370 3509 (lsai.
1403 3439 1492 3493 45.
1515 3438 1585 3493 26
1609 3438 1649 3509 ).
1682 3438 1850 3494 Nemo
1873 3439 2046 3511 coegit

465 3526 636 3590 illum,
660 3541 820 3582 nemo
841 3527 948 3582 vim
979 3529 1076 3596 ipsi
1106 3526 1250 3592 fecit,
1282 3529 1374 3583 sed
1410 3529 1522 3597 ipse
1545 3531 1890 3599 semetipsum
1923 3545 2046 3599 pro-

466 3617 583 3672 tulit
608 3617 792 3673 dicens
819 3636 834 3674 :
858 3616 926 3672 Et
952 3635 1044 3671 nos
1063 3619 1264 3688 quidem
1283 3621 1444 3688 juste,
1468 3637 1586 3674 nam
1609 3622 1761 3692 digna
1784 3622 1932 3689 [actis
1953 3639 2047 3691 pa-

465 3711 650 3773 timur;
679 3711 762 3764 hic
786 3725 900 3764 vero
928 3710 1057 3763 nihil
1085 3711 1206 3764 mali
1226 3711 1340 3781 fecit
1366 3711 1512 3780 (Luc.
1545 3711 1634 3765 25.
1668 3713 1755 3768 41.
1788 3711 1878 3783 42)
1905 3730 1918 3764 :
1951 3713 2046 3768 ad-

465 3801 644 3873 ditque
691 3811 874 3871 postea
908 3820 921 3856 :
957 3801 1208 3856 Memento
1233 3804 1331 3857 mei
1351 3843 1367 3869 ,
1412 3803 1654 3871 Domine,
1682 3805 1734 3858 in
1763 3822 1915 3874 regno
1940 3814 2043 3859 tuo.

465 3892 580 3948 Non
613 3894 938 3963 priusausus
963 3904 1046 3950 est
1070 3895 1268 3960 dicere,
1300 3893 1553 3950 Memento
1575 3897 1670 3950 mei
1689 3898 1740 3951 in
1763 3914 1915 3967 regno
1936 3907 2042 3964 tuo,

467 3999 624 4052 quam
670 4000 766 4054 per
802 3981 1191 4040 confessionem
1223 3996 1563 4055 peccatorum
1596 4001 1858 4042 sarcinam
1884 3987 2048 4058 depo-

470 4072 683 4128 suisset.
1631 4123 1635 4126 .

540 4163 991 4237 Confessioquanta
1009 4186 1086 4223 res
1101 4168 1183 4222 sit.
1204 4198 1273 4208 -—
1291 4168 1476 4224 Viden‘
1501 4179 1693 4241 quanta
1722 4186 1806 4224 res
1832 4170 1900 4224 sit
1920 4185 2047 4225 con—

469 4258 666 4314 fessio?
687 4259 974 4316 Confessus
993 4271 1093 4324 est,
1117 4270 1171 4316 et
1193 4261 1488 4331 paradisum
1515 4263 1754 4332 aperuit:
1777 4262 2051 4318 confessus

470 4357 571 4414 ost,
594 4358 648 4404 et
667 4342 866 4405 tamam
887 4353 1092 4420 accepit
1113 4352 1377 4414 fiduciam,
1402 4363 1458 4408 ut
1480 4369 1508 4408 a
1533 4354 1807 4410 latrocinio
1829 4369 2048 4425 regnum

471 4447 692 4510 peteret.
721 4440 908 4495 Viden’
934 4452 1250 4509 quantorutn
1276 4443 1428 4496 nobis
1451 4442 1710 4498 bonorum
1733 4460 1858 4498 crux
1891 4460 2050 4498 causa

470 4530 660 4585 fuerit?
691 4529 931 4600 Regnum
961 4532 1135 4601 petis?
1173 4533 1306 4600 Quid
1351 4533 1498 4586 vides
1540 4531 1876 4601 hujusmodi?
1903 4534 2051 4588 Clavi

469 4630 521 4674 et
537 4637 667 4676 crux
693 4622 742 4675 in
765 4632 1050 4693 conspectu
1073 4633 1223 4687 sunt;
1249 4638 1429 4678 verum
1459 4637 1519 4677 ea
1543 4623 1653 4691 ipsa
1681 4636 1832 4688 crus,
1861 4624 2050 4693 inquit,

468 4722 550 4768 est
590 4714 891 4785 symbolum
937 4715 1106 4785 regni.
1150 4715 1274 4770 ldeo
1313 4715 1483 4784 ipsum
1523 4730 1698 4786 regem
1738 4731 1888 4781 voco,
1933 4716 2052 4784 quia

467 4805 623 4861 video
647 4806 960 4862 crucifixum
991 4828 1004 4863 :
1033 4810 1170 4878 regis
1214 4809 1356 4863 enim
1397 4819 1478 4863 est
1517 4823 1610 4877 pro
1647 4809 1870 4863 subditis
1896 4809 2052 4863 mori.

470 4899 568 4954 Hie
613 4899 728 4970 ipse
771 4897 904 4954 dixit
929 4916 943 4953 :
974 4899 1146 4954 Bonus
1176 4913 1344 4967 pastor
1367 4902 1588 4952 animam
1622 4917 1765 4953 suam
1796 4901 1934 4970 ponit
1963 4916 2054 4970 pro

469 4994 641 5048 oribus
667 4990 862 5064 (Joan.
894 4992 975 5049 10.
1010 4994 1067 5048 ll
1097 4993 1115 5064 )
1146 5009 1309 5062 :ergo
1359 5001 1414 5048 et
1461 4993 1630 5047 bonus
1678 5007 1771 5047 rex
1823 4993 2053 5046 animam

471 5100 622 5141 suam
672 5085 820 5155 ponit
868 5101 964 5154 pro
1008 5083 1254 5140 subditis.
1301 5083 1562 5152 Quoniam
1614 5084 1775 5154 igitur
1822 5083 2054 5138 animam

471 5193 620 5232 suam
665 5178 858 5246 posuit,
891 5178 1010 5232 ideo
1055 5192 1235 5248 regem
1284 5177 1430 5232 illum
1460 5191 1613 5232 voco.
1657 5174 1911 5230 Memento
1939 5176 2054 5242 mei,

475 5270 717 5334 Domine,
744 5272 797 5324 in
823 5287 978 5340 regno
1001 5279 1108 5324 tuo.

548 5361 602 5414 ι.
637 5361 822 5416 Viden‘
852 5363 1120 5432 quomodo
1149 5377 1278 5417 crux
1308 5361 1377 5416 sit
1401 5361 1545 5430 regni
1575 5359 1914 5432 symbolum?
1942 5357 2058 5412 Vis-

478 5468 545 5507 ne
566 5460 623 5508 ct
639 5454 852 5509 aliunde
880 5454 1004 5509 illud
1027 5455 1271 5510 discere?
1299 5454 1412 5509 Non
1437 5455 1645 5521 reliquit
1671 5467 1791 5508 eum
1815 5453 1865 5506 in
1893 5461 2054 5517 terra,

477 5544 572 5599 sed
615 5545 832 5600 attraxit
859 5562 978 5602 eum
1009 5556 1061 5602 et
1096 5547 1146 5600 in
1177 5547 1365 5600 ctelum
1390 5544 1624 5599 deduxit.
1659 5542 1938 5598 Undehoc
1969 5556 2060 5612 pa-

479 5636 584 5690 lam
607 5637 723 5691 est?
749 5636 881 5705 Quia
905 5647 1157 5693 venturus
1177 5647 1257 5691 est
1277 5652 1395 5691 cum
1427 5635 1514 5689 illo
1541 5636 1590 5690 in
1619 5634 1850 5690 secundo
1872 5644 1924 5690 et
1943 5633 2058 5705 glo-

480 5728 624 5785 rioso
650 5726 766 5799 ejus
793 5728 1020 5786 adventu
1041 5771 1056 5799 ,
1086 5739 1140 5784 ut
1164 5728 1338 5785 discas
1364 5743 1573 5785 crucem
1605 5743 1721 5786 esse
1749 5743 1857 5783 rem
1890 5726 2058 5782 hono-

1469 290 1557 348 ΒΕ
1591 292 1822 351 CRUCE
1862 291 1951 348 ET
1986 293 2331 352 LATRONE.
2373 295 2599 352 llOMIL.
2641 295 2683 351 1.

3589 297 3696 356 404

2125 414 2381 480 rabilem;
2409 429 2571 484 quare
2597 414 2886 485 et‘gloriam
2919 415 3058 470 illam
3081 417 3308 470 vocavit.
3343 422 3408 470 At
3428 417 3696 473 videamus

2121 507 2390 577 quomodo
2418 522 2537 561 cum
2564 521 2722 561 cruce
2752 508 2928 561 veniat
2961 526 2972 559 :
3009 523 3225 563 necesse
3265 509 3460 579 quippe
3498 519 3580 564 est
3608 510 3693 564 de-

2129 598 2562 652 monstrationem
2592 599 2643 651 itt
2673 597 2902 651 medium
2931 599 3202 655 reducere.
3252 601 3312 654 Si
3350 600 3589 664 dixerint,
3624 601 3713 662 in:

2122 689 2256 760 quit,
2282 705 2394 743 ecce
2425 690 2476 742 in
2515 689 2852 756 penetralibus
2889 700 2960 743 est
3005 681 3230 744 Christus
3249 734 3261 756 ,
3296 709 3406 746 ecce
3432 692 3484 745 in
3510 693 3705 746 deserto

2125 791 2232 847 est;
2261 774 3075 849 ηεαὸραιίε(ΜαιιΙι.24.26);(Ιθ
3088 771 3346 832 secundo
3374 793 3426 837 et
3473 782 3705 853 glorioso

2126 887 2224 928 suo
2250 872 2476 928 adventu
2503 872 2578 927 sic
2603 873 2827 942 loquens
2858 881 3074 940 pr0pter
3102 871 3261 925 falsos
3286 871 3524 928 Christos
3542 913 3557 940 ,
3586 887 3707 942 pro-

2127 974 2246 1034 pter
2272 964 2429 1020 falsos
2461 964 2744 1034 pmphetas
2763 1005 2776 1027 ,
2813 973 3029 1040 propter
3054 963 3436 1040 Antichristum
3455 1003 3468 1028 ,
3498 978 3565 1017 ne
3591 963 3708 1033 quis

2127 1057 2380 1112 seductus
2423 1056 2476 1110 in
2523 1055 2670 1110 illum
2717 1054 2991 1109 incideret.
3021 1055 3153 1121 Quia
3185 1053 3325 1108 enim
3355 1053 3710 1107 Autichristus

2127 1157 2380 1203 venturus
2403 1157 2484 1202 est
2505 1156 2628 1202 ante
2647 1145 2938 1207 Christum,
2964 1146 3166 1214 nequis
3189 1153 3451 1213 pastorem
3471 1157 3712 1212 qumrens

2101 1271 2106 1281 -
2131 1240 2182 1294 in
2210 1239 2390 1309 lupum
2417 1237 2634 1304 incidat,
2659 1237 2856 1292 ideirco
2879 1235 3129 1290 indicium
3160 1235 3252 1289 tibi
3282 1234 3350 1289 do
3371 1233 3598 1302 pastoris
3618 1233 3713 1287 ad-

2107 1340 2342 1385 .ventus.
2371 1329 2502 1384 Nam
2530 1329 2654 1399 quia
2682 1329 2827 1398 prior
2851 1328 2966 1396 ejus
2992 1326 3250 1381 adventus
3279 1326 3446 1390 latuit,
3474 1339 3540 1379 ne
3560 1333 3714 1393 putes

2130 1426 2423 1483 secundum
2453 1425 2736 1480 adventum
2767 1423 2920 1478 talem
2955 1422 3185 1476 futurum
3217 1435 3358 1485 esse,
3392 1418 3494 1472 hoc
3520 1417 3611 1473 tibi
3639 1418 3712 1471 si-

2132 1535 2294 1590 gnum
2321 1518 2485 1574 dedit.
2514 1509 2641 1572 Iure
2667 1524 2840 1570 autem
2867 1515 2956 1569 ille
2975 1514 3231 1568 adventus
3251 1511 3388 1567 clam
3419 1509 3716 1563 fuit-:venit

2133 1610 2275 1665 enim
2305 1608 2586 1679 qutusitum
2615 1606 2754 1677 quod
2785 1605 3048 1677 perierat;
3097 1611 3152 1658 at
3192 1603 3277 1656 hic
3315 1599 3580 1655 secundus
3609 1614 3713 1652 non

2136 1701 2230 1766 ita,
2273 1699 2368 1755 sed
2407 1698 2708 1770 quomodo,
2737 1698 2959 1767 quasso?
2990 1695 3136 1750 Sicut
3175 1695 3305 1747 enim
3340 1692 3510 1763 fulgur
3530 1690 3630 1744 exit
3655 1691 3717 1741 ab

2139 1790 2363 1852 Oriente,
2389 1799 2434 1843 et
2459 1799 2669 1859 apparet
2691 1778 2846 1858 usque
2873 1787 2940 1839 ad
2969 1786 3309 1845 Occidentem,
3338 1785 3409 1836 sic
3438 1784 3528 1836 erit
3554 1791 3600 1835 et
3625 1782 3718 1832 ad-

2137 1891 2308 1936 uentus
2356 1879 2482 1934 Filii
2530 1880 2745 1934 hominis
2792 1877 2954 1948 (ibid.
2988 1893 3035 1931 tt.
3065 1875 3190 1946 27).
3218 1874 3505 1930 Confestim
3549 1874 3720 1928 omni-

2138 1975 2237 2030 bus
2259 1973 2551 2045 apparebit,
2583 1972 2889 2042 neminique
2919 1972 3243 2039 interrogato
3269 1982 3403 2037 opus
3425 1967 3559 2033 erit,
3592 1981 3717 2020 num

2139 2068 2225 2124 hic
2246 2109 2261 2136 ,
2292 2083 2419 2124 num
2450 2067 2560 2123 illic
2582 2068 2652 2121 sit
2675 2064 2939 2122 Christus.
2973 2061 3428 2142 Quemadmodum
3457 2059 3597 2115 enim
3624 2073 3720 2127 ap-

2139 2168 2360 2232 parente
2384 2161 2605 2231 fulgure,
2633 2175 2741 2214 non
2773 2146 3015 2230 opusest
3041 2157 3347 2227 perquirere
3375 2169 3439 2207 an
3461 2166 3722 2222 apparue-

2138 2253 2242 2318 rit;
2290 2251 2369 2307 sic
2408 2261 2463 2307 et
2496 2251 2549 2306 in
2577 2251 2805 2306 adventu
2829 2248 3024 2303 Christi
3057 2262 3160 2302 non
3185 2260 3320 2317 opus
3346 2245 3449 2300 erit
3482 2257 3722 2314 quaerere

2139 2358 2207 2399 an
2232 2342 2477 2399 Christus
2506 2331 2799 2397 advenerit.
2832 2342 2898 2396 At
2928 2339 3067 2411 quod
3099 2339 3352 2409 qumritur
3378 2345 3478 2399 est,
3506 2351 3571 2388 an
3601 2349 3720 2389 cum

2141 2431 2299 2490 cruce
2324 2443 2579 2488 venturus
2616 2433 2686 2487 sit
2718 2449 2730 2484 :
2759 2446 2864 2486 non
2895 2431 3039 2485 enim
3072 2429 3316 2499 promissi
3338 2413 3493 2482 obliti
3517 2439 3720 2479 sumus.

2142 2525 2279 2581 Audi
2325 2525 2484 2596 igitur
2521 2540 2602 2591 ea,
2636 2539 2754 2594 qua:
2801 2531 3112 2593 sequuntur.
3145 2520 3307 2581 Tunc,
3337 2518 3534 2587 inquit;
3576 2525 3722 2577 tunc.

2141 2619 2514 2691 quandonam?
2542 2617 2667 2673 Cum
2688 2616 2876 2671 venerit
2909 2613 3070 2668 Filius
3091 2612 3324 2676 hominis,
3343 2607 3726 2664 sol‘obscurabi-

2145 2723 2266 2780 tur,
2308 2720 2352 2765 ct
2409 2711 2529 2765 luna
2593 2724 2693 2763 non
2745 2707 2882 2762 dabit
2939 2707 3096 2759 lucem
3150 2719 3292 2758 suam
3347 2700 3479 2772 (Ib.
3512 2716 3560 2753 ιν.
3591 2697 3724 2768 29).

2100 2868 2105 2872 _
2147 2803 2314 2857 Tanta
2355 2801 2495 2856 enim
2536 2808 2661 2854 tunc
2705 2798 2806 2853 erit
2852 2796 2980 2851 lucis
3023 2793 3195 2862 capia,
3242 2801 3300 2846 nt
3343 2789 3729 2860 splendidiores

2144 2893 2313 2949 stella:
2334 2891 2681 2947 obscuranda:
2702 2889 2828 2942 sint.
2857 2885 2996 2939 Tunc
3011 2885 3168 2938 stella!
3181 2884 3378 2946 cadent,
3397 2890 3513 2934 tunc
3527 2881 3726 2949 signum

2149 2980 2274 3036 Filii
2298 2980 2512 3034 hominis
2537 2976 2798 3050 apparebit
2834 2978 2886 3029 in
2910 2975 3054 3029 cazlo.
3087 2973 3270 3027 Viden‘
3299 2979 3494 3041 quanta
3523 2971 3588 3024 sit
3614 2970 3724 3023 vir-

2149 3085 2233 3130 tus
2259 3074 2394 3144 signi
2417 3071 2628 3127 crucis?
2656 3069 2748 3126 Sol
2777 3067 3166 3131 obscurabitur,
3198 3075 3250 3120 et
3280 3065 3400 3118 luna
3432 3078 3537 3117 non
3560 3077 3726 3131 appa-

2147 3165 2328 3222 rebit:
2362 3162 2487 3218 illud
2517 3176 2642 3217 vero
2688 3160 2854 3231 fulget
2899 3168 2955 3214 et
2997 3164 3244 3228 apparet,
3290 3165 3345 3210 ut
3381 3155 3557 3209 discas
3602 3151 3729 3207 illud

2148 3271 2266 3311 esse
2291 3254 2618 3325 splendidius
2637 3251 2751 3307 sole
2772 3261 2824 3307 et
2847 3251 2990 3306 luna.
3018 3249 3094 3302 Ac
3113 3245 3578 3318 quemadmodum,
3605 3259 3732 3313 rege

2151 3349 2203 3404 in
2233 3347 2419 3403 urbem
2441 3346 2692 3411 intrante,
2723 3344 2916 3398 milites
2957 3351 3171 3410 accepta
3218 3339 3387 3406 signa,
3430 3346 3484 3390 ut
3516 3345 3725 3398 vocant,

2149 3447 2358 3510 gestant
2384 3437 2620 3493 humeris
2645 3478 2658 3502 ,
2692 3435 2807 3503 ejus
2833 3435 3129 3503 ingressum
3171 3429 3584 3499 prtenuntiantes
3615 3444 3627 3478 :
3654 3427 3730 3479 sic

2150 3541 2204 3585 et
2233 3528 2456 3583 Domino
2482 3523 2837 3582 descendente
2879 3521 2946 3576 dc
2983 3521 3149 3584 caelis,
3178 3518 3441 3589 prmibunt
3465 3517 3730 3572 exercitus

2151 3619 2459 3692 angelorum
2501 3625 2554 3673 et
2596 3613 3059 3684 archangelorum,
3091 3612 3296 3681 signum
3327 3607 3626 3679 hujusmodi
3653 3605 3748 3662 fel

2152 3721 2329 3767 rentes
2360 3709 2614 3770 humeris,
2639 3716 2692 3762 et
2717 3708 2916 3776 regium
2945 3705 3061 3773 ejus
3089 3703 3381 3772 ingressum
3416 3699 3567 3754 nobis
3599 3713 3732 3767 prae-

2151 3799 2472 3855 nuntiantes.
2531 3796 2674 3850 Tunc
2726 3793 3158 3849 commorebuntur
3225 3789 3440 3843 Virtutes
3497 3789 3732 3842 caelorum

2153 3893 2361 3964 (Ibid),
2396 3891 2462 3946 de
2489 3888 2690 3960 angelis
2715 3887 2950 3957 loquitur
2973 3903 2985 3936 :
3012 3893 3209 3940 tremor
3229 3879 3588 3952 apprehendat
3615 3893 3728 3943 eos,

2153 3992 2208 4040 et
2237 3984 2396 4038 timor
2420 3993 2662 4051 magnus.
2684 3978 2751 4033 Et
2769 3992 2884 4041 cur,
2899 3972 3118 4046 quaaso?
3141 3970 3496 4028 Tremendum
3518 3972 3621 4024 erit
3641 3968 3733 4022 tri-

2154 4075 2313 4134 bunal
2341 4073 2465 4129 illud
2493 4091 2505 4125 :
2533 4071 2777 4126 universa
2797 4069 2991 4139 quippe
3007 4076 3190 4121 natura
3211 4073 3388 4118 nostra
3402 4061 3623 4132 iudicari
3641 4061 3733 4115 de-

2154 4171 2264 4236 bet,
2281 4148 2334 4224 et
2350 4172 2560 4222 adstare
2586 4172 2708 4218 ante
2731 4159 3114 4216 formidabilem
3134 4157 3278 4211 illum
3294 4154 3546 4225 judicem.
3561 4151 3736 4218 Quare

2154 4277 2282 4332 ergo
2307 4258 2480 4328 angeli
2506 4257 2695 4311 timent
2731 4261 2785 4308 et
2822 4249 3252 4306 cxhorreseunt?
3295 4261 3465 4315 neque
3488 4243 3630 4299 enim
3663 4242 3737 4297 illi

2153 4351 2421 4426 judicandi
2465 4356 2607 4404 sunt.
2653 4341 3110 4414 Quemadmodum
3147 4339 3418 4410 judicante
3466 4336 3734 4405 principe,

2159 4463 2264 4502 non
2293 4444 2370 4499 rei
2402 4450 2604 4497 tantum
2632 4480 2646 4504 ,
2679 4436 2771 4492 sed
2797 4436 2956 4492 etiam
2983 4433 3070 4488 alii
3097 4448 3162 4488 ex
3193 4430 3400 4493 militia,
3429 4427 3520 4498 qui
3544 4426 3739 4480 nullius

2159 4535 2259 4590 sibi
2289 4532 2528 4589 criminis
2562 4527 2758 4584 conscii
2801 4534 2961 4590 sunt,
2993 4525 3182 4578 timent
3205 4530 3257 4575 et
3283 4520 3500 4573 horrent
3526 4516 3595 4570 ob
3623 4531 3737 4569 me-

2161 4637 2269 4681 tum
2313 4622 2514 4678 iudicis
2544 4637 2558 4674 :
2594 4621 2663 4672 ita
2694 4626 2747 4672 et
2774 4625 2897 4671 tunc
2923 4630 3041 4669 cum
3069 4613 3135 4666 de
3164 4621 3349 4665 natura
3381 4615 3558 4661 nostra
3592 4605 3740 4671 judi-

2159 4715 2381 4776 cabitur,
2411 4711 2607 4766 nullius
2639 4708 2761 4763 mali
2791 4707 2890 4762 sibi
2916 4703 3114 4760 conscii
3142 4701 3314 4770 angeli
3341 4697 3634 4759 timebunt,
3667 4696 3738 4750 ob

2162 4808 2474 4860 immensam
2520 4799 2720 4855 iudicis
2769 4794 3123 4850 formidinem.
3170 4790 3365 4844 Verum
3409 4800 3574 4856 quare
3617 4793 3742 4839 tunc

2161 4914 2290 4956 crux
2313 4894 2606 4967 apparebit,
2629 4900 2684 4948 et
2707 4906 2802 4946 cur
2821 4904 2942 4944 cum
2966 4887 3052 4940 illa
3073 4891 3322 4938 venturus
3341 4879 3456 4934 est?
3483 4878 3548 4934 Ut
3574 4877 3628 4943 ii,
3652 4877 3742 4947 qui

2163 4992 2310 5048 illum
2334 4986 2729 5048 cruciﬁxerunt,
2756 4981 2942 5052 ingrati
2972 4975 3132 5032 animi
3161 4973 3243 5029 sui
3271 4971 3557 5040 nequitiam
3579 4983 3744 5039 agno-

2163 5091 2348 5138 scant:
2378 5079 2497 5134 ideo
2521 5077 2730 5131 illorum
2756 5067 3094 5142 impudentia;
3134 5062 3434 5135 symbolum
3477 5059 3740 5115 ostendet.

2163 5174 2318 5243 Quod
2343 5181 2519 5228 autem
2550 5169 2670 5224 ideo
2698 5166 2840 5221 illam
2866 5162 3123 5215 allaturus
3149 5157 3246 5219 sit,
3277 5151 3398 5207 audi
3428 5149 3740 5243 prophetam

2166 5239 2525 5322 declarantem
2583 5277 2596 5313 :
2648 5256 2793 5312 Tunc
2843 5251 3080 5322 plangant
3131 5245 3286 5300 tribus
3334 5253 3481 5297 terra!
3535 5239 3643 5312 (lb.
3695 5256 3742 5294 υ.

2166 5359 2278 5430 50).
2306 5356 2546 5410 videntes
2570 5357 2956 5409 accusatorem,
2983 5351 3036 5396 et
3065 5349 3338 5410 peceatum
3368 5344 3742 5406 agnoscentes.

2167 5424 2352 5505 Etvcur
2381 5442 2590 5500 miraris
2633 5441 2678 5495 si
2723 5451 2934 5492 crucem
2977 5442 3192 5504 gestans
3233 5427 3428 5493 veniet,
3453 5424 3666 5497 quando
3694 5431 3748 5478 ct

2169 5542 2280 5611 ipsa
2322 5537 2537 5589 vulnera
2583 5542 2708 5584 tunc
2751 5525 3030 5582 ostendet?
3075 5522 3206 5578 Nam
3251 5521 3368 5575 ait:
3411 5516 3656 5611 Videbunt
3695 5515 3749 5567 in

2167 5604 2312 5702 quem
2352 5626 2710 5694 transﬁxorum
2761 5619 2959 5690 (lac-Ii.
2992 5615 3076 5672 ιε.
3113 5613 3242 5683 10).
3292 5604 3747 5702 Quemadmodum

2170 5691 2312 5778 enim
2342 5733 2465 5790 erga
2491 5691 2754 5772 Thomam
2778 5709 2920 5778 fecit,
2950 5723 3091 5776 cum,
3120 5714 3175 5759 ut
3200 5699 3440 5771 discipuli
3462 5691 3753 5752 increduli~
