4062 6206
352 291 457 347 ωδ

354 414 509 461 tatem
542 400 870 465 eruendaret,
898 401 1126 458 ostendit
1156 401 1202 456 ei
1228 400 1446 467 ﬁxuram
1465 400 1730 456 clavorum
1752 409 1806 453 et
1827 400 1941 453 vul-

355 513 481 552 nera
521 496 705 551 dicens
740 514 752 550 :
783 493 927 566 Infer
955 511 1157 551 manum
1193 504 1349 556 tuam,
1382 502 1429 546 et
1456 492 1567 545 vide
1586 492 1706 562 quia
1730 492 1940 559 spiritus

353 604 555 643 carnem
578 596 623 642 et
651 603 766 643 ossa
791 602 891 641 non
918 584 1060 640 liabet
1092 583 1265 655 (Joan.
1296 584 1385 643 20.
1413 584 1511 648 27;
1541 581 1665 645 Luc.
1695 581 1785 639 2t.
1816 582 1937 653 59);

355 682 432 733 sic
454 689 507 734 et
535 689 657 733 tunc
684 678 926 737 ostendet
952 677 1167 737 vulnera
1192 686 1244 739 et
1268 691 1502 749 crucem,
1529 685 1583 730 ut
1611 675 1942 743 dtnionstret

357 770 497 833 hunc
523 772 694 839 ipsum
722 786 840 831 esse
864 769 953 840 qui
977 770 1257 829 cruciﬁxus
1289 768 1402 822 fuit.

430 864 485 921 5.
512 863 693 933 Neque
718 879 782 922 ex
813 878 969 917 cruce
1000 871 1223 926 tantum,
1252 861 1345 919 sed
1375 861 1531 923 etiam
1560 878 1623 923 ex
1653 862 1830 917 verbis
1852 860 1939 925 bis

356 957 411 1015 in
442 972 599 1021 cruce
631 957 846 1025 prolatis
878 956 1189 1029 immensam
1226 955 1340 1026 ejus
1365 956 1740 1025 benignitatem
1757 955 1940 1011 videre

355 1061 438 1109 est
466 1068 481 1104 :
509 1050 793 1110 cruciﬁxus
818 1048 983 1115 enim,
1010 1047 1267 1117 dicteriis,
1292 1048 1565 1103 Caeliinnis
1585 1059 1638 1102 ct
1660 1047 1828 1117 sputis
1853 1046 1941 1103 dc-

355 1143 666 1199 honestatus
692 1143 902 1198 diccbat
936 1163 948 1198 :
978 1143 1153 1208 Pater,
1175 1144 1367 1201 dimitte
1394 1145 1495 1199 illis
1521 1153 1776 1215 peccatum
1802 1160 1939 1200 :non

354 1236 486 1290 enim
510 1237 675 1290 sciunt
703 1235 824 1304 quid
848 1237 1041 1306 faciunt
1068 1237 1084 1305 (
1112 1234 1238 1289 Luc.
1265 1235 1357 1292 25.
1388 1237 1455 1291 54
1557 1236 1625 1295 Et
1652 1235 1940 1293 cruciﬁxus

355 1342 453 1395 pro
499 1327 930 1396 cruciﬁgentibus
976 1335 1220 1396 precatur
1248 1344 1262 1380 :
1294 1343 1611 1398 quamquam
1645 1328 1718 1385 illi
1752 1337 1940 1383 contra

352 1419 600 1475 dicebant
632 1437 646 1475 :
678 1420 737 1474 Si
768 1419 932 1483 Filius
962 1419 1054 1474 Dei
1090 1438 1141 1475 es
1160 1460 1174 1486 ,
1211 1420 1453 1477 descende
1476 1421 1539 1476 de
1565 1437 1729 1485 cruce,
1760 1430 1807 1479 et
1833 1437 1939 1476 cre-

354 1511 527 1566 demus
552 1512 637 1564 tibi
665 1510 684 1581 (
710 1510 895 1565 Matth.
924 1511 1013 1565 27.
1041 1512 1129 1575 40.
1159 1520 1203 1566 et
1228 1511 1355 1582 ιε).
1384 1511 1541 1581 Atqui
1568 1512 1687 1575 ideo
1713 1512 1802 1575 ille
1830 1526 1937 1569 non

353 1600 629 1655 descendit
650 1601 715 1655 de
740 1618 920 1668 cruce,
942 1605 1063 1672 quia
1097 1602 1263 1667 Filius
1292 1602 1385 1656 Dei
1409 1613 1516 1668 est;
1547 1610 1601 1663 et
1627 1601 1747 1657 ideo
1768 1602 1937 1669 venit,

356 1700 415 1745 ut
457 1693 860 1763 cruciﬁgeretur
908 1708 1003 1763 pro
1049 1693 1222 1749 nubis.
1272 1693 1533 1763 Descende
1559 1694 1623 1752 de
1652 1710 1820 1759 cruce,
1854 1694 1939 1749 in-

353 1786 561 1854 quiunt,
592 1796 637 1840 et
666 1788 924 1853 credemus
949 1788 1056 1842 tibi.
1089 1788 1212 1853 Haec
1237 1788 1397 1847 verba
1434 1796 1577 1854 sunt,
1610 1796 1665 1843 et
1688 1787 1939 1857 incredu-

352 1873 516 1931 litatis
544 1876 809 1939 obtentus.
858 1877 989 1948 Nam
1017 1878 1187 1943 multo
1220 1878 1392 1947 majus
1417 1888 1530 1937 erat
1555 1878 1727 1948 lapide
1748 1894 1941 1948 super—

354 1970 529 2039 posito
557 1985 625 2024 ex
654 1973 898 2039 sepulcro
923 1988 1220 2043 resurgere,
1247 1988 1403 2043 quam
1434 1974 1503 2034 de
1528 1989 1690 2035 cruce
1716 1976 1941 2032 descen-

353 2060 511 2126 dere;
554 2062 722 2116 multo
748 2062 919 2131 majus
946 2072 1059 2118 erat
1093 2074 1359 2129 mortuum
1396 2067 1627 2124 vinctum
1655 2076 1710 2124 et
1731 2068 1939 2137 quatri-

352 2151 585 2206 duanum
634 2152 892 2213 Lazarum
948 2169 1067 2211 cum
1122 2156 1249 2224 ipsis
1297 2156 1475 2213 lasciis
1518 2172 1552 2212 e
1596 2167 1939 2217 monumento

353 2241 603 2307 educere,
632 2260 789 2311 quam
826 2244 893 2303 do
918 2262 1075 2303 cruce
1100 2246 1447 2303 descendere.
1495 2248 1575 2305 Illi
1604 2248 1764 2319 igitur
1791 2248 1937 2311 dica-

353 2331 482 2388 bant
512 2352 525 2387 :
556 2334 617 2388 Si
644 2334 811 2390 Filius
856 2336 951 2391 Dei
992 2354 1076 2404 es,
1117 2338 1312 2393 salvum
1350 2339 1433 2407 [ac
1476 2340 1790 2410 temetipsum
1812 2340 1937 2397 :ille

352 2436 482 2477 vero
512 2423 639 2478 nihil
671 2441 775 2485 non
804 2427 1027 2497 agebat,
1073 2436 1130 2483 ut
1169 2429 1286 2495 illos
1316 2429 1460 2499 ipsos
1484 2431 1573 2501 qui
1602 2445 1661 2491 se.
1684 2431 1937 2489 conviciis

352 2516 648 2577 onerabant
679 2519 858 2591 salvos
884 2519 1100 2591 faceret,
1129 2521 1312 2580 dicens
1343 2539 1357 2575 :
1386 2521 1592 2579 Dimitte
1623 2521 1726 2579 illis
1760 2537 1936 2589 pecca-

356 2616 462 2661 tum
511 2622 533 2663 :
577 2625 677 2664 non
700 2612 1755 2687 enimsciuntquidfaciunt(Luc.25.254)-
1800 2614 1938 2682 Quid

354 2699 546 2767 igitur?
574 2716 697 2755 num
724 2701 827 2759 illis
859 2711 1131 2771 peccatum
1157 2704 1395 2771 dimisit?
1417 2706 1714 2767 DimiStsset
1733 2706 1934 2776 utique,

334 2791 399 2844 si
428 2790 720 2857 voluissent
750 2794 1113 2863 pqanitentiam
1155 2810 1335 2866 agere.
1376 2796 1429 2851 Si
1475 2796 1617 2859 enim
1648 2813 1753 2857 non
1782 2798 1940 2855 dimi-

354 2884 508 2938 sisset
541 2886 642 2940 illis
665 2896 959 2954 peccatum,
985 2904 1274 2958 numquam
1304 2889 1495 2949 Paulus
1521 2890 1705 2947 fuisset
1723 2901 1939 2963 aposto-

354 2974 481 3030 lus:
514 2975 558 3030 si
603 2992 707 3031 non
753 2976 1040 3039 dimisisset
1083 2980 1187 3035 illis
1230 2991 1527 3049 peccatum,
1560 2996 1667 3039 non
1712 2983 1809 3038 tria
1851 2982 1938 3039 illa

355 3067 543 3131 millia,
575 3083 680 3122 non
702 3070 934 3139 quinque
963 3072 1145 3135 millia,
1182 3088 1285 3127 non
1316 3074 1495 3130 multa:
1526 3074 1791 3147 myriades
1814 3090 1937 3131 cre-

353 3158 636 3214 didissent.
695 3160 846 3229 Quod
899 3161 1040 3216 enim
1088 3163 1269 3219 multa:
1311 3164 1617 3223 Judaeorum
1673 3167 1939 3238 myriades

354 3249 711 3317 crediderint,
748 3251 872 3307 audi
901 3252 1025 3322 quid
1062 3254 1287 3323 apostoli
1319 3255 1482 3311 Paulo
1509 3256 1727 3312 dicant:
1770 3256 1936 3325 Vides,

354 3345 533 3413 frater,
564 3352 682 3409 quot
727 3344 828 3398 sint
866 3345 1117 3414 myriades
1157 3343 1453 3413 Iudaeorum
1498 3346 1584 3417 qui
1620 3347 1939 3413 crediderunt

357 3432 842 3571 (Ac;i't:2qitet??girca
880 3506 1153 3565 orationem
1172 3523 1265 3576 pro
1292 3507 1506 3570 inimicis
1532 3507 1832 3565 admonitio.
1862 3540 1936 3571 -ν

344 3593 629 3673 imitemur
650 3597 827 3667 itaque
854 3597 1159 3665 Dominum,
1186 3606 1237 3655 et
1263 3614 1357 3667 pro
1379 3599 1606 3659 inimicis
1636 3615 1932 3669 precemur:

356 3687 597 3745 eamdem
626 3690 765 3744 enim
792 3690 1215 3748 cohortationem
1242 3706 1476 3757 resumo,
1500 3691 1609 3761 jam
1637 3692 1824 3762 quinto
1849 3691 1937 3751 die

357 3779 508 3835 vobis
532 3779 599 3847 de
622 3780 812 3836 eodem
844 3790 1155 3851 argumento
1198 3782 1425 3857 dissero,
1468 3798 1573 3839 non
1600 3785 1751 3855 quasi
1779 3784 1934 3851 illOb?

356 3880 643 3942 sequentes
663 3888 757 3929 vos
771 3889 1017 3951 arguens,
1045 3873 1182 3929 absit
1204 3892 1219 3939 ;
1249 3875 1342 3931 sed
1365 3891 1588 3944 sperans
1609 3891 1703 3931 vos
1730 3876 1935 3932 obtem-

354 3971 632 4033 peraturos
659 3979 795 4019 esse.
825 3964 975 4032 Quod
997 3967 1040 4027 si
1064 3967 1150 4039 qui
1170 3966 1277 4031 sint
1299 3967 1435 4037 duri,
1471 3968 1709 4024 iracundi
1732 3978 1787 4025 et
1812 3985 1933 4027 m0-

357 4055 485 4119 rosi,
519 4054 605 4125 qui
630 4056 823 4117 nostris
848 4056 987 4112 circa
1019 4057 1313 4113 orationem
1352 4059 1565 4115 monitis
1592 4074 1696 4117 non
1728 4075 1932 4121 morem

352 4155 558 4214 gerant,
579 4161 644 4203 ex
676 4163 896 4215 numero
925 4149 1112 4223 saltem
1142 4148 1347 4205 dierum
1375 4149 1661 4221 pudefacti,
1704 4151 1933 4207 inimici-

354 4238 455 4293 tias
483 4247 536 4295 et
569 4240 867 4297 simultates
892 4240 1178 4310 deponent.
1212 4241 1424 4298 Imitare
1455 4244 1734 4299 Dominum
1762 4262 1775 4297 :
1805 4260 1929 4300 cru-

354 4327 543 4393 cilisus
567 4339 667 4393 est,
697 4339 751 4385 et
777 4346 870 4400 pro
898 4332 1323 4401 crucifigentibus
1338 4333 1547 4403 Patrem
1574 4334 1930 4403 compellavit.

354 4416 421 4474 Et
451 4419 717 4488 quomodo
762 4421 979 4490 possim,
1012 4421 1241 4492 inquies,
1272 4422 1554 4477 Dominum
1600 4424 1794 4479 imitari
1823 4425 1846 4479 ?
1876 4424 1933 4481 Si

354 4510 506 4576 velis,
532 4511 729 4581 poteris
768 4512 903 4572 :nisi
932 4512 1072 4583 enim
1105 4528 1288 4583 posses
1315 4513 1506 4571 imitari
1531 4556 1543 4578 ,
1574 4530 1669 4579 cur
1688 4515 1926 4582 dixisset,

355 4600 546 4667 Discite
587 4619 619 4655 a
650 4620 727 4656 me
751 4604 871 4675 quia
910 4605 1044 4658 mitis
1073 4621 1183 4658 sum
1208 4616 1255 4669 et
1295 4606 1503 4661 humilis
1538 4607 1689 4667 corde
1716 4606 1930 4677 (Hall/1.

352 4696 441 4752 11.
471 4696 611 4765 29)?
657 4695 765 4763 Nisi
821 4711 1005 4766 posses
1046 4696 1260 4763 imitari,
1312 4713 1415 4754 non
1454 4699 1673 4755 dixisset
1714 4700 1929 4769 Paulus,

352 4784 641 4840 lmitatores
686 4787 783 4851 mei
823 4796 997 4852 estote,
1027 4788 1154 4851 sicut
1184 4799 1230 4842 et
1254 4805 1345 4860 ego
1376 4789 1563 4844 Christi
1597 4792 1673 4860 (l.
1702 4790 1819 4846 Cor.
1841 4792 1928 4848 11.

351 4878 716 4946 1).Οίιιιοι·ιιηι
767 4880 811 4934 si
849 4896 954 4936 non
992 4880 1074 4937 vis
1127 4881 1319 4949 imitari
1373 4882 1673 4947 Dominum,
1722 4884 1932 4940 imitare

348 4987 685 5039 conservum,
716 4975 1043 5045 Stephanum
1069 4975 1313 5031 videlicet
1338 4978 1635 5047 apostolum
1670 4994 1684 5030 :
1725 4977 1924 5033 etenim

350 5063 440 5119 ille
468 5064 745 5131 Dominum
792 5066 1025 5121 imitatus
1068 5075 1169 5123 est.
1199 5067 1266 5122 Et
1302 5067 1747 5137 quemadmodum
1778 5067 1931 5135 Chri-

349 5163 461 5209 stus
504 5156 641 5219 inter
667 5157 1057 5227 cruciﬁgentes,
1091 5159 1250 5227 missa
1291 5173 1468 5224 cruce,
1494 5158 1669 5224 missis
1696 5159 1779 5224 iis,
1812 5174 1929 5229 qua:

348 5245 414 5300 ad
447 5260 505 5300 se
528 5249 855 5315 spectabant,
889 5263 986 5318 pro
1012 5249 1440 5320 cruciﬁgentibus
1465 5264 1523 5305 se
1564 5251 1771 5305 Patrem
1801 5266 1925 5320 pre-

347 5336 602 5398 cabatur;
643 5340 712 5409 ita
755 5348 807 5395 et
838 5354 1025 5396 servus
1062 5342 1199 5396 inter
1225 5341 1541 5411 lapidantes,
1570 5341 1638 5397 ab
1677 5342 1927 5397 omnibus

348 5428 638 5497 impetitus,
670 5431 939 5500 excipiens
965 5432 1197 5501 lapidum
1219 5434 1374 5497 ictus,
1402 5436 1565 5487 misso
1587 5432 1791 5499 dolore,
1819 5447 1926 5503 quo

350 5520 475 5576 hinc
498 5518 843 5588 afﬁciebatur,
875 5523 1104 5589 dicebat,
1131 5524 1364 5589 Domine,
1398 5542 1460 5579 ne
1478 5534 1673 5582 statuas
1702 5526 1805 5579 illis
1830 5526 1923 5580 hoc

350 5622 605 5683 peccatum
635 5613 767 5683 (Act.
797 5614 849 5669 7.
878 5614 990 5683 59).
1015 5616 1193 5689 Viden’
1220 5619 1491 5687 quomodo
1530 5618 1776 5688 loquatur
1816 5617 1921 5671 Do-

346 5705 564 5774 minus?
599 5706 783 5777 V‘idcn'
813 5706 1077 5782 quomodo
1102 5717 1346 5779 precetur
1386 5726 1571 5785 servus
1594 5713 1615 5765 ζ’
1658 5708 1746 5785 llic
1776 5710 1923 5786 dicit,

1096 287 1156 342 8.
1195 286 1475 346 105Nle
1514 289 1983 352 CHRYSOSTOMI
2016 291 2328 349 ARGIIIEP.
2370 288 2903 346 COXSTANTINOB

3515 282 3622 345 λος

2050 399 2223 467 Pater,
2258 401 2452 455 dimitte
2468 401 2571 456 illis
2598 400 2692 454 hoc
2717 412 3016 471 peccatum;
3042 417 3142 455 non
3168 401 3300 456 enim
3320 403 3481 457 sciunt
3506 407 3626 474 quid

2044 493 2240 562 faciunt
2263 492 2411 565 (Luc.
2442 491 2531 547 25.
2561 493 2654 559 54)
2686 511 2699 547 :
2745 493 2830 546 hic
2868 507 3015 556 vero,
3050 491 3131 546 Ne
3160 503 3355 547 statuas
3381 495 3487 549 illis
3533 498 3629 552 Itoc

2044 595 2320 656 peccatum.
2350 584 2419 641 Ut
2444 600 2572 640 vero
2601 585 2775 641 discas
2820 584 2967 639 illum
3006 583 3242 639 studiose
3269 588 3494 655 precari,
3520 603 3629 641 non

2044 688 2213 743 stans,
2263 678 2521 747 lapidibus
2548 677 2673 733 licet
2692 677 2931 743 obrutus,
2960 686 3077 731 orat
3095 720 3109 743 ,
3138 678 3233 732 sed
3264 679 3447 747 positis
3474 680 3625 749 geni-

2042 772 2145 829 bus
2170 786 2290 827 cum
2331 771 2735 840 compunctione
2776 770 3029 839 loquitur,
3058 779 3113 824 et
3137 785 3256 823 eum
3288 771 3449 825 multa
3476 786 3625 825 corn-

2043 863 2403 922 miseratione.
2422 863 2513 917 .Vis
2540 861 2816 917 ostendam
2833 861 2921 915 tibi
2943 874 3259 916 conservum
3289 863 3449 916 alium
3468 862 3625 932 longe

2045 954 2312 1025 graviora,
2345 968 2501 1023 quam
2533 952 2640 1017 ille,
2666 952 2998 1022 patientem?
3026 952 3219 1006 Paulus
3238 953 3331 1019 ait,
3362 953 3404 1007 Α
3428 952 3628 1007 Iudaeis

2046 1056 2121 1103 ter
2148 1046 2301 1117 virgis
2328 1062 2490 1100 casus
2517 1062 2653 1112 sum,
2676 1046 2832 1099 semel
2865 1045 3122 1114 lapidatus
3147 1062 3278 1113 sum,
3312 1057 3455 1100 nocte
3479 1056 3525 1100 et
3545 1048 3629 1101 die

2044 1138 2098 1193 in
2117 1138 2372 1209 profundo
2392 1139 2469 1208 fui
2498 1136 2578 1209 (2.
2604 1137 2719 1190 Cor.
2744 1137 2834 1191 11.
2863 1137 2952 1192 21.
2974 1135 3089 1207 95).
3108 1136 3244 1202 Quid
3274 1147 3380 1190 tum
3404 1148 3584 1215 postea
3607 1139 3633 1194 ?

2048 1227 2318 1299 Optabam,
2339 1228 2525 1298 inquit,
2550 1229 2661 1297 ipse
2686 1227 2956 1291 anathema
2976 1242 3081 1287 esse
3104 1244 3196 1297 pro
3216 1229 3459 1298 fratribus
3477 1230 3620 1300 meis,

2044 1319 2269 1389 cognatis
2294 1319 2414 1385 meis
2454 1317 2731 1374 secundum
2766 1333 2966 1373 carnem
2992 1316 3172 1384 (Rom.
3205 1318 3256 1374 9.
3287 1318 3535 1388 3).Visue
3572 1331 3630 1374 ct

2043 1410 2206 1481 alium
2238 1410 2438 1476 videre,
2467 1424 2572 1464 non
2596 1425 2661 1464 ex
2690 1424 2848 1475 novo,
2866 1408 2960 1463 sed
2985 1424 3050 1464 ex
3081 1409 3247 1463 veteri
3262 1409 3630 1465 Testamento?

2043 1500 2157 1571 Hoc
2181 1501 2322 1561 enim
2358 1511 2439 1555 est
2484 1499 2716 1569 maxime
2755 1500 2990 1569 omnium
3028 1500 3291 1563 mirabile,
3344 1500 3482 1570 quod
3536 1501 3629 1569 ubi

2042 1609 2153 1650 non
2200 1594 2643 1663 praecipiebantur
2684 1593 2929 1649 inimicos
2970 1592 3213 1664 diligere,
3267 1594 3392 1664 quin
3447 1596 3629 1665 potius

2042 1684 2253 1745 oculum
2288 1699 2381 1751 |~ro
2409 1683 2564 1740 oculo
2615 1682 2947 1751 exsculpere,
2978 1692 3030 1737 et
3060 1683 3273 1737 dentem
3318 1697 3415 1753 pro
3462 1684 3629 1741 dente

2042 1773 2237 1845 (Exod.
2264 1774 2352 1830 21.
2377 1774 2464 1833 26.
2494 1774 2608 1844 95),
2637 1783 2796 1843 atque
2813 1773 3034 1829 inmalis
3060 1790 3155 1843 par
3178 1774 3292 1844 pari
3318 1773 3538 1843 referre,
3558 1776 3628 1833 ad

2043 1866 2389 1936 apostolicam
2418 1867 2760 1935 pervenerint
2788 1865 3192 1936 philosophiam.
3216 1866 3354 1920 Audi
3390 1868 3514 1937 quid
3538 1868 3627 1921 di-

2040 1967 2128 2016 cat
2144 1958 2372 2035 Moyses,
2394 1959 2481 2028 qui
2501 1973 2643 2027 stt-pe
2668 1956 2911 2013 aludaris
2928 1957 3206 2027 lapidatus,
3230 1967 3283 2011 et
3304 1959 3629 2036 contemptui

2044 2051 2257 2113 habitus
2280 2060 2363 2107 est
2392 2051 2489 2106 :Si
2504 2050 2714 2104 dimittis
2738 2051 2840 2104 illis
2869 2060 3148 2122 peccatum,
3180 2052 3414 2116 dimitte;
3444 2052 3489 2106 si
3511 2068 3631 2111 vero

2043 2158 2164 2208 non,
2187 2142 2339 2203 etiam
2368 2157 2447 2195 me
2471 2140 2583 2195 dele
2609 2140 2820 2195 delibro
2856 2152 3007 2207 quem
3025 2137 3283 2203 scripsisti
3298 2135 3499 2206 (Exod,
3536 2141 3629 2197 52.

2043 2235 2135 2293 51.
2166 2232 2278 2305 52).
2308 2232 2492 2289 Viden‘
2516 2231 2807 2302 quemlibet
2837 2246 2901 2286 ex
2922 2231 3081 2300 iustis
3102 2231 3324 2285 aliorum
3363 2230 3630 2286 seem-ita.-

2046 2333 2153 2389 tetu
2198 2325 2550 2395 pra-posuisse
2591 2322 2745 2378 saluti
2789 2336 2900 2377 sua:
2926 2321 2950 2375 i
2980 2320 3120 2375 Nihil
3150 2321 3401 2391 peccasti,
3444 2329 3504 2377 et
3529 2336 3631 2377 cur

2046 2414 2130 2479 vis
2158 2430 2280 2477 esse
2324 2429 2509 2475 eorum
2557 2412 2803 2485 supplicii
2848 2412 3108 2467 consors?
3148 2412 3307 2483 Quia,
3357 2413 3629 2484 inquiunt,

2046 2508 2256 2566 caeteris
2295 2507 2437 2565 malo
2462 2506 2685 2570 allectis,
2707 2505 2782 2564 rei
2814 2520 2947 2561 meae
2975 2520 3247 2576 prospera:
3274 2520 3491 2562 sensum
3517 2521 3629 2566 non

2042 2598 2303 2670 percipio.
2332 2597 2459 2655 Haec
2485 2599 2727 2667 exempla
2756 2599 2884 2657 satis
2910 2606 3094 2653 essent
3116 2614 3129 2651 :
3156 2596 3223 2653 ad
3249 2597 3501 2666 majorem
3520 2612 3623 2652 au-

2044 2696 2153 2753 tem
2181 2688 2349 2746 nostri
2398 2689 2825 2753 emendationem
2868 2690 3028 2757 alium
3070 2687 3255 2757 eadem
3289 2689 3620 2760 philosophia

2046 2787 2283 2844 utentem
2312 2779 2366 2835 in
2392 2778 2622 2837 medium
2651 2779 2932 2836 adducam.
2963 2779 3035 2834 At
3084 2780 3223 2843 enim
3247 2778 3408 2833 David
3433 2780 3625 2838 beatus

2043 2872 2135 2929 ille
2185 2880 2597 2941 mansuetusque
2625 2872 2738 2937 vir,
2768 2880 3045 2942 postquam
3081 2871 3335 2935 exercitus
3356 2878 3497 2924 totus
3522 2869 3617 2924 de-

2042 2964 2264 3029 fecerat,
2296 2972 2462 3033 atque
2488 2979 2676 3019 necem
2703 2964 2818 3034 ejus
2844 2964 3071 3018 moliens
3098 2964 3206 3017 ﬁlio
3234 2962 3513 3017 Abesalom
3533 2972 3623 3034 ty-

2042 3055 2319 3119 rannidem
2349 3055 2646 3121 detulerat;
2692 3055 2886 3111 deinde
2931 3056 3040 3112 Deo
3088 3056 3157 3111 ob
3181 3054 3313 3111 illud
3341 3055 3542 3113 facinus
3571 3057 3626 3115 in

2045 3147 2177 3209 iram
2198 3146 2463 3211 concitato
2483 3144 2632 3218 (quid
2673 3147 2817 3201 enim
2855 3146 3078 3203 interest
3125 3147 3169 3202 si
3197 3147 3355 3202 aliam
3382 3147 3621 3200 interne-

2043 3237 2213 3295 cionis
2256 3253 2471 3295 causam
2498 3236 2731 3306 proferat
2748 3236 2793 3307 i)
2827 3237 3047 3308 ipsoque
3082 3237 3329 3307 angelum
3358 3236 3623 3302 mittente,

2041 3329 2133 3400 qui
2171 3329 2413 3395 districto
2456 3329 2632 3401 gladio
2660 3330 2866 3400 plagam
2903 3345 3129 3399 superne
3150 3329 3387 3395 inferret,
3416 3329 3629 3394 videns,

2038 3419 2280 3490 inquam,
2314 3420 2478 3475 David
2521 3435 2707 3476 omnes
2729 3419 2902 3491 gladio
2931 3419 3144 3486 cadere,
3167 3419 3292 3490 quid
3323 3419 3491 3474 dicit?
3512 3417 3631 3490 Ego

2047 3513 2133 3583 qui
2154 3523 2327 3583 pastor
2348 3528 2461 3566 sum
2480 3512 2701 3582 peccavi,
2730 3520 2777 3567 et
2797 3528 2887 3584 ego
2909 3520 3080 3581 pastor
3104 3512 3274 3581 inique
3291 3512 3370 3581 egi
3391 3526 3410 3564 :
3435 3512 3499 3565 sit
3523 3527 3631 3563 nta-

2042 3618 2137 3665 nus
2161 3612 2248 3657 tua
2288 3618 2440 3671 super
2466 3617 2561 3669 me,
2592 3611 2637 3655 et
2658 3617 2810 3667 super
2835 3602 3041 3655 domum
3067 3602 3227 3670 patris
3250 3602 3349 3653 mei
3381 3600 3458 3667 (ἱ.
3492 3599 3625 3671 Reg.

2040 3693 2130 3753 24.
2158 3691 2269 3764 17).
2298 3692 2457 3748 Vides
2480 3693 2672 3749 iterum
2698 3691 2890 3748 similia
2922 3691 3177 3761 praeclare
3192 3701 3337 3760 gesta
3363 3691 3387 3743 ’ἰ
3421 3690 3510 3745 Vis
3531 3704 3627 3744 os-

2042 3785 2255 3851 tendam
2304 3784 2397 3841 tibi
2440 3794 2494 3840 et
2540 3784 2744 3845 alium?
2778 3798 2951 3853 neque
2976 3783 3115 3839 enim
3156 3783 3324 3839 deerit
3349 3782 3484 3838 alter
3530 3773 3635 3854 qni'

2042 3876 2231 3932 eodem
2271 3875 2432 3932 modo
2462 3874 2885 3946 philosOphetur.
2922 3874 3135 3932 Samuel
3176 3874 3267 3929 ille
3311 3874 3567 3944 propheta
3589 3888 3622 3939 η

2040 3966 2239 4032 Judrcis
2249 3966 2569 4025 contumelia
2586 3965 2808 4025 allectus
2824 3975 2925 4031 est,
2948 3965 3239 4034 depositus,
3262 3972 3619 4031 contemptus,

2041 4058 2113 4113 ita
2156 4064 2214 4112 ut
2253 4057 2392 4113 Deus
2420 4057 2593 4127 ipsum
2639 4055 2902 4111 consolari
2928 4054 3146 4123 cupiens
3173 4054 3393 4119 diceret,
3428 4051 3623 4105 Nonte

2040 4156 2463 4222 contempserunt,
2490 4148 2579 4203 sed
2618 4163 2697 4201 me
2720 4146 2796 4219 (1.
2830 4145 2957 4215 Reg.
2996 4146 3048 4201 8.
3080 4145 3156 4215 7).
3179 4143 3315 4210 Quid
3343 4144 3497 4212 igitur
3520 4142 3616 4211 ille

2047 4243 2412 4305 contemptus,
2432 4234 2741 4302 despectus,
2763 4226 3090 4289 contumelia
3119 4227 3377 4295 allectus?
3396 4226 3543 4280 Absit
3566 4241 3603 4279 ιι

2043 4344 2125 4395 pte
2150 4338 2208 4383 ut
2245 4328 2322 4383 ita
2342 4340 2565 4396 peccem,
2590 4332 2646 4377 ut
2666 4336 2857 4377 cessem
2879 4335 3032 4385 orare
3047 4334 3139 4387 pro
3160 4320 3300 4383 vobis
3324 4317 3604 4381 Dominum

2044 4420 2123 4493 (1.
2143 4417 2267 4488 Reg.
2295 4416 2383 4481 12,
2403 4414 2518 4486 25).
2537 4413 2825 4473 Peccatum
2844 4410 3054 4485 putavit
3069 4424 3190 4471 esse
3211 4426 3318 4464 non
3337 4425 3491 4467 orare
3507 4424 3612 4477 pro

2044 4513 2306 4571 inimicis.
2330 4513 2487 4568 Absit
2519 4527 2549 4566 a
2574 4527 2661 4579 me
2687 4520 2745 4565 ut
2766 4510 2835 4563 ita
2860 4523 3100 4579 peccem,
3120 4515 3181 4565 ut
3206 4521 3315 4564 non
3338 4518 3485 4563 orem
3507 4516 3610 4571 pro

2041 4605 2219 4662 vobis!
2235 4602 2485 4659 Christus
2496 4602 2627 4656 dicit
2643 4617 2655 4652 :
2677 4599 3061 4665 Pater,dimitte
3076 4597 3184 4657 illis
3200 4604 3492 4665 peccatum;
3508 4607 3616 4657 non

2039 4702 2179 4771 enim
2200 4701 2372 4754 sciunt
2388 4698 2511 4771 quid
2531 4697 2738 4766 faciunt
2765 4694 3025 4763 (Luc.23,
3044 4694 3157 4764 31):
3184 4691 3494 4759 Stephanus
3516 4702 3614 4742 ve-

2040 4807 2126 4865 ro,
2151 4790 2392 4855 Domine,
2412 4805 2472 4843 ne
2491 4796 2697 4847 statuas
2723 4786 2832 4855 illis
2852 4785 2945 4838 hoc
2965 4792 3234 4853 peccatum
3260 4784 3398 4852 (Act.
3423 4778 3612 4845 7.59);

2038 4882 2232 4938 Paulus
2276 4889 2474 4943 autem,
2506 4876 2757 4947 Optabam
2791 4875 3064 4935 anathema
3092 4888 3199 4933 esse
3234 4889 3327 4942 pro
3371 4870 3622 4942 fratribus

2037 4972 2179 5039 meis,
2230 4969 2454 5039 cognatis
2504 4968 2628 5021 meis
2680 4966 2955 5021 secundum
3000 4980 3201 5017 carnem
3244 4963 3419 5032 (Rom.
3447 4961 3501 5018 ο.
3533 4962 3620 5029 5).

2036 5061 2244 5133 Moyses
2267 5058 2412 5129 dicit,
2438 5056 2498 5111 Si
2519 5056 2727 5111 dimittis
2749 5064 3007 5125 peccatum
3031 5053 3156 5119 illis,
3179 5053 3371 5109 dimitte
3397 5069 3417 5105 :
3436 5051 3479 5103 si
3501 5065 3622 5103 vero

2034 5171 2157 5220 non,
2186 5152 2338 5207 etiant
2366 5166 2443 5204 me
2472 5150 2582 5212 dele
2602 5149 2663 5217 de
2687 5148 2835 5212 libro,
2857 5164 3003 5218 quem
3030 5146 3278 5216 scripsisti
3299 5143 3491 5213 (Exod.
3520 5143 3619 5198 32.

2035 5248 2122 5307 51.
2155 5245 2269 5315 52);
2292 5242 2454 5298 David
2481 5257 2629 5307 vero,
2657 5242 2739 5295 Sit
2767 5258 2945 5294 manus
2975 5249 3062 5305 tua
3089 5255 3243 5309 super
3270 5254 3368 5302 me,
3402 5247 3448 5292 et
3464 5253 3624 5306 super

2034 5338 2238 5401 domum
2280 5335 2439 5407 patris
2480 5335 2577 5389 mei
2622 5329 2703 5409 (l.
2732 5331 2858 5403 Reg.
2899 5332 2990 5391 26.
3022 5331 3133 5401 17);
3162 5330 3373 5387 Samuel
3410 5338 3617 5395 autem,

2035 5430 2174 5487 Absit
2218 5446 2249 5484 a
2275 5445 2352 5483 me
2376 5429 2445 5481 ita
2470 5442 2691 5496 peccare,
2727 5434 2778 5478 ut
2807 5440 3017 5487 cesssctu
3050 5440 3197 5481 orare
3220 5439 3312 5490 pro
3336 5422 3473 5476 vobis
3501 5419 3620 5474 Do-

2033 5524 2224 5581 mittunt
2254 5517 2304 5591 (i
2322 5559 2337 5575 .
2361 5519 2487 5590 Reg.
2532 5517 2619 5573 12.
2658 5516 2771 5585 25).
2795 5516 2963 5584 Quam
3012 5516 3170 5586 igitur
3189 5516 3397 5579 veniam
3423 5526 3615 5573 cause-

2031 5630 2279 5684 quemur,
2309 5612 2534 5669 Domino
2560 5621 2615 5666 ct
2641 5610 2808 5667 servis
2836 5621 2945 5665 tum
2976 5610 3097 5669 novi
3128 5618 3241 5665 tum
3272 5609 3471 5664 veteris
3498 5606 3608 5667 Teo

2032 5706 2280 5781 statuenti
2308 5703 2691 5765 concitantibus
2720 5701 2785 5759 ad
2816 5701 3106 5769 orationem
3139 5715 3234 5773 pro
3279 5698 3531 5773 inimicis.
3562 5697 3619 5759 sl
