4062 6206
430 5613 454 5647 δ

473 352 574 408 ιοτ

475 467 615 536 ὑπὲρ
635 464 742 518 τῶν
774 464 981 536 ἐχθρῶν
1012 465 1197 536 εὐχὴν,
1221 467 1374 519 αὐτοὶ
1389 465 1450 517 τὸ
1481 463 1720 518 ἐναντίον
1745 461 2040 539 ποιοῦντες,

474 551 568 602 καὶ
601 550 742 601 κατά
766 548 871 600 τῶν
901 547 1108 620 ἐχθρῶν
1134 551 1436 618 εύχόμενοι;
1463 549 1572 617 Μὴ,
1599 543 1921 618 παρακαλῶ,
1946 544 2040 615 μὴ,

475 630 710 699 ἀδελφοί.
761 632 868 683 Καὶ
905 631 1012 702 γὰρ
1046 633 1156 702 ὅσῳ
1215 631 1437 684 πλείονα
1494 630 1563 682 τὰ
1600 627 2040 699 παραδείγματα,

473 713 746 784 τοσούτῳ,
775 715 867 767 ἐὰν
905 715 979 785 μὴ
1035 713 1441 785 μιμησώμεθα,
1486 711 1748 782 μείζωνὴ
1800 710 2040 772 κόλασις.

476 796 676 860 Μεῖζον
703 796 763 848 τὸ
794 797 930 867 ὑπὲρ
959 796 1068 849 τῶν
1098 796 1308 867 ἐχθρῶν
1338 794 1591 864 εὔχεσθαι
1629 792 1723 845 τοῦ
1760 793 1899 869 ὑπὲρ
1939 790 2047 843 τῶν

477 877 647 945 φίλων
669 895 682 908 ⁸
708 879 827 930 ούδέ
846 882 956 950 γὰρ
971 879 1142 942 οὕτως
1166 880 1310 948 ὑμᾶς
1333 878 1532 947 ὠφελεῖ
1549 877 1746 938 ἐκεῖνο,
1763 875 1838 938 ώς
1864 873 2042 928 τοῦτο.

469 961 624 1014 ’Ἐὰν
636 963 745 1030 γὰρ
759 962 976 1030 φιλῆτε
993 962 1132 1027 τοὺς
1159 962 1487 1030 φιλοῦντας
1513 959 1687 1029 ὑμᾶς,
1704 957 1883 1012 οὐδὲν
1895 956 2047 1026 μέγα

478 1044 716 1107 ποιεῖτε,
748 1047 913 1114 φησί·
948 1047 1045 1099 καὶ
1080 1046 1188 1115 γὰρ
1210 1047 1265 1098 οὶ
1296 1043 1542 1097 τελῶναι
1576 1043 1642 1096 τὸ
1667 1041 1814 1095 αὐτὸ
1841 1040 2044 1094 ποιοῦ-

479 1142 602 1180 σιν.
638 1128 796 1180 Ὥστε
833 1128 927 1181 ἐὰν
959 1129 1096 1198 ὑπὲρ
1137 1127 1246 1180 τῶν
1283 1127 1449 1196 φίλων
1477 1123 1782 1194 εὐξώμεθα,
1824 1122 2047 1176 ὀὐδέπω

479 1211 584 1264 τῶν
608 1210 834 1264 ἐθνικῶν
867 1211 1167 1280 ἥτελωνῶν
1193 1208 1489 1280 ἐγενόμεθα
1528 1207 1797 1277 βελτίουςσ
1831 1207 1957 1258 ὅταν
1992 1205 2047 1258 δὲ

481 1411 533 1424 φ,
545 1409 1768 1420 .—._....—.__.__.._.—____——-——_——————————-

1208 354 1263 408 s.
1303 349 1590 408 JOANNIS
1625 320 2056 405 cnmrSosm:

2164 342 2465 400 \RCIIIEP.
2506 337 3060 396 CONSTANTINOP.

3612 334 3721 392 ιοο

2151 459 2276 521 τοὺς
2338 455 2565 527 ἐχθροὺς
2617 455 2952 526 φιλήσωμεν,
3000 452 3092 505 τοῦ
3140 449 3274 504 Θεοῦ
3311 449 3448 502 κατά
3494 449 3723 520 δύναμιν

2153 541 2304 613 [Ml]
2330 539 2676 610 ἀνθρωπίνην
2711 541 2884 608 ὅμοιοι
2909 537 3231 606 γεγόναμεν,
3270 536 3352 587 ὅτι
3401 533 3510 585 Τὸν
3545 533 3725 600 ἣλιον

2150 624 2336 679 αὑτοῦ
2374 625 2690 678 ἀνατέλλει
2723 623 2820 675 ἐπὶ
2852 619 3152 688 πονηροὺς
3177 617 3275 671 καὶ
3301 616 3593 685 ἀγαθοὺς,
3627 631 3728 668 και

2140 708 2351 778 βρέχει
2372 706 2471 759 ἐπὶ
2495 705 2765 770 δικαίους
2797 703 2894 756 καὶ
2912 703 3179 767 ἀδίκους.
3223 697 3513 770 Γενώμεθα
3545 697 3730 751 τοίνυν

2152 792 2327 860 ὅμοιοι
2347 789 2440 842 τοῦ
2469 789 2700 859 Πατρός.
2744 788 3000 840 Γίνεσθε
3027 783 3159 856 γὰρ,
3182 783 3366 854 φησὶν,
3396 782 3585 851 ὅμοιοι
3618 780 3728 837 τοῦ

2155 871 2384 940 Πατρός
2435 870 2602 941 ὑμῶν
2632 869 2737 924 τοῦ
2769 869 2839 922 ἐν
2863 868 2986 934 τοῖς
3029 866 3342 935 οὐρανοῖς,
3375 867 3461 918 ἵνα
3494 864 3591 917 καὶ
3627 869 3731 933 τῆς

2155 955 2430 1026 βασιλείας
2461 954 2568 1008 τῶν
2621 951 2869 1024 οὐρανῶν
2915 949 3354 1020 καταξιωθῶμεν,
3409 947 3592 1018 χάριτι
3631 945 3732 1003 καὶ

2155 1038 2347 1108 φιλανθ
2357 1036 2535 1109 ρωπίᾳ
2561 1036 2653 1090 τοῦ
2675 1035 2881 1106 Κυρίου
2912 1035 3006 1088 καὶ
3024 1031 3160 1086 Θεοῦ
3182 1034 3276 1085 καὶ
3299 1031 3548 1100 Σωτῆρος
3570 1029 3732 1099 ἡμῶν

2169 1120 2342 1192 Ἰησοῦ
2379 1120 2640 1192 Χριστοῦ,
2673 1113 2776 1191 ᾦή
2821 1117 2950 1185 δόξα
2997 1117 3091 1171 καὶ
3133 1117 3194 1170 τὸ
3241 1116 3439 1186 κράτος
3483 1116 3561 1176 είς
3601 1113 3733 1180 τοὺς

2156 1203 2360 1267 αἰῶνας
2389 1205 2495 1258 τῶν
2530 1203 2763 1258 αἰώνων.
2811 1203 3001 1274 Ἀμήν.

3451 1392 3730 1410 ’σῂέ

484 1646 590 1710 Εἰς
613 1642 719 1696 τὸν
745 1639 1031 1710 σταυρὸν,
1060 1642 1276 1710 ἐλέχθή
1307 1643 1395 1704 εἰς
1425 1640 1538 1707 τὴν
1557 1642 1736 1710 ἁγίαν
1765 1643 1860 1696 καὶ
1887 1640 2162 1711 μεγάλην
2203 1634 2599 1706 ΙῘαρασκευιιὲν
2620 1651 2632 1663 ·
2690 1634 2786 1688 καί
2847 1635 2932 1700 εἰς
2985 1633 3096 1699 τὴν
3122 1630 3560 1700 ἐξομολόγησιν
3619 1630 3731 1684 τοῖο

1178 1726 1435 1798 λῃστοῦ,
1465 1729 1560 1782 καὶ
1598 1728 1686 1781 ὅτι
1728 1732 1844 1798 χρὴ
1882 1728 2041 1798 ’ἡμᾶς
2074 1725 2225 1795 ὑπὲρ
2249 1726 2366 1780 τῶν
2402 1723 2632 1796 ἐχθρῶν
2674 1724 2976 1790 εὔχεσθαι.

1117 1983 1445 2054 Ὀμιλίαβᾌ

551 2079 618 2126 α’.
638 2072 860 2142 Ἐορτὴν
887 2071 1090 2141 ἄγομεν
1111 2078 1346 2144 σήμερον
1372 2073 1463 2128 καὶ
1494 2074 1816 2143 πανήγυριν,
1839 2073 2056 2139 ἀγαπη-

489 2157 612 2210 τοί·
646 2158 673 2209 6
699 2156 808 2227 γάρ
845 2156 1121 2226 Δεσπότης
1164 2158 1192 2209 6
1227 2157 1495 2226 ἡμέτερος
1547 2156 1639 2209 ἐπὶ
1690 2153 1785 2208 τοῦ
1825 2153 2058 2222 σταυροῦ

480 2239 740 2310 τυγχάνει
773 2240 887 2302 τοῖς
921 2237 1071 2307 ἥλοις
1112 2238 1481 2312 πεπαρμένος.
1523 2238 1634 2292 Καὶ
1675 2237 1750 2308 μὴ
1790 2235 2057 2306 ξενισθῇς,

481 2326 530 2376 εἰ
553 2321 648 2376 τοῦ
678 2321 1006 2393 πράγματος
1033 2321 1358 2395 σκυθρωποῦ
1375 2321 1734 2394 τυγχάνοντος
1762 2321 1920 2390 ἡμεῖς
1943 2319 2063 2389 ἐορ-

479 2406 744 2478 τάζομεν·
772 2405 994 2463 τοιαῦτα
1029 2405 1136 2479 γὰρ
1169 2407 1385 2462 ᾶπαντα
1429 2404 1497 2459 τά
1530 2401 1874 2474 πνευματικά
1896 2442 1912 2467 ,
1956 2402 2061 2457 ἀπ-

480 2489 728 2553 εναντίας
757 2491 822 2559 τῇ
857 2488 1116 2559 συνηθείᾳ
1153 2491 1220 2560 τῇ
1267 2488 1584 2561 ἀνθρωπίνῃ
1633 2485 1772 2541 ἐστί.
1821 2485 1934 2540 Καὶ
1974 2486 2061 2540 ἵνα

483 2571 662 2644 μάθῃς
686 2571 844 2624 τοῦτο
869 2570 1136 2644 ἀκριὸῶς.
1170 2573 1198 2630 ὁ
1224 2571 1455 2642 σταυρὸς
1479 2570 1740 2642 πρότερον
1765 2567 2060 2638 καταδίκης

481 2656 649 2727 ὃνομα
682 2655 774 2706 καὶ
798 2653 1069 2723 τιμωρίας
1098 2648 1187 2726 ἦν,
1205 2654 1301 2707 νῦν
1317 2655 1375 2706 δὲ
1402 2655 1632 2724 πρᾶγμα
1657 2651 1848 2722 γέγονε
1883 2651 2067 2721 τίμιον

479 2736 574 2788 καί
606 2735 856 2788 ποθεινόν
879 2752 893 2765 ·
926 2737 955 2788 6
981 2737 1216 2806 σταυρὸς
1266 2737 1532 2807 πρότερον
1564 2736 1828 2805 αἰσχύνης
1865 2730 1932 2804 ἦν
1968 2737 2062 2787 καὶ

478 2817 752 2882 κολάσεως
780 2817 1056 2881 ὑπόθεσις,
1095 2817 1190 2871 νῦν
1228 2819 1285 2871 δὲ
1315 2818 1508 2886 γέγονε
1556 2819 1714 2889 δόξης
1771 2818 1868 2872 καὶ
1898 2819 2063 2888 τιμῆς

478 2902 725 2973 ἀφορμή.
756 2902 866 2954 Καὶ
899 2902 982 2956 ὃτι
1019 2900 1145 2966 δόξα
1177 2903 1206 2954 6
1240 2902 1492 2973 σταυρὸς,
1524 2901 1757 2960 ἄκουσον
1801 2900 1896 2956 τοῦ
1931 2903 2064 2970 Χρι-

480 2983 607 3037 στοῦ
625 2983 874 3053 λέγοντος
895 2998 909 3013 ⁶
937 2983 1149 3054 Πάτερ,
1171 2983 1439 3050 δόξασόν
1451 3002 1528 3054 με
1553 2983 1626 3054 τῇ
1653 2985 1802 3053 δόξῃ
1833 2979 1872 3056 ᾖ
1898 2980 2065 3054 εἶχον

477 3067 590 3134 πρὸ
617 3067 725 3119 τοῦ
748 3067 854 3118 τὸν
868 3069 1101 3135 κόσμον
1114 3064 1267 3125 εἶναι
1289 3069 1448 3136 παρὰ
1463 3069 1583 3132 σοὶ,
1600 3068 1757 3133 δόξαν
1779 3069 1870 3122 τὸν
1897 3085 2062 3122 σταυ-

483 3149 574 3218 ρὸν
602 3147 804 3202 καλῶν.
839 3149 1080 3218 Σταυρδς
1108 3150 1168 3203 τὸ
1192 3151 1487 3220 κεφάλαιον
1524 3154 1621 3224 τῆς
1669 3153 1940 3223 σωτηρίας
1968 3154 2066 3224 τῆς

478 3230 784 3302 ἡμετέρας·
822 3231 1112 3304 σταυρὸςὴ
1144 3232 1254 3286 τῶν
1291 3234 1500 3303 μυρίων
1526 3233 1748 3302 ἀγαθῶν
1782 3235 2068 3296 ὑπόθεσις.

479 3313 577 3367 Διά
597 3313 787 3369 τοῦτον
807 3316 856 3368 οἰ
881 3315 1144 3388 πρότερον
1171 3316 1510 3385 ἠτιμωμένοι
1535 3317 1629 3370 καὶ
1649 3316 1940 3380 ἐκπτωτοι,
1965 3317 2061 3371 νῦν

479 3400 560 3460 εἰς
585 3397 687 3469 τὴν
714 3397 822 3452 τῶν
848 3397 978 3451 υἱῶν
1008 3397 1164 3463 τάξιν
1189 3396 1487 3471 ἐδέχθημεν
1514 3413 1525 3425 ⁸
1555 3397 1645 3452 διὰ
1665 3398 1855 3452 τοῦτον
1881 3401 2064 3454 ούκέτι

482 3480 832 3550 πλανώμεθα,
867 3480 1007 3535 ἀλλά
1033 3480 1131 3553 τὴν
1154 3481 1412 3552 ἀλήθειαν
1435 3481 1755 3554 ἐπέγνωμεν
1776 3498 1789 3511 ⁸
1827 3484 1914 3537 διὰ
1943 3485 2064 3538 τοῦ·

478 3579 570 3616 τον
593 3563 641 3616 οἰ
671 3561 802 3629 ξύλα
837 3564 931 3618 καὶ
955 3563 1136 3627 λίθους
1171 3562 1605 3636 προσκυνοῦντες
1640 3566 1928 3636 πρότερον,
1968 3567 2064 3621 νῦν

480 3647 795 3716 ἐπέγνωμεν
821 3646 912 3698 τὸν
947 3647 1057 3698 τῶν
1078 3646 1334 3705 ἁπάντων
1371 3647 1704 3718 δημιουργόν
1721 3665 1732 3677 ·
1759 3648 1846 3702 διά
1874 3649 2063 3705 τοῦτον

479 3731 525 3781 οξ
562 3729 738 3782 δοῦλοι
763 3729 860 3800 τῆς
887 3730 1162 3800 ἁμαρτίας
1185 3731 1266 3794 εἰς
1295 3729 1393 3800 τὴν
1431 3731 1744 3801 ἐλευθερίαν
1787 3744 1813 3772 ει
1852 3733 1948 3804 τῆς
1979 3734 2062 3786 δια

482 3811 776 3882 καιοσύνης
815 3811 1157 3882 ἀνήχθημεν·
1190 3811 1278 3868 διὰ
1311 3812 1496 3868 τοῦτον
1520 3815 1554 3884 ἡ
1596 3814 1670 3883 γῆ
1697 3814 1925 3885 οὐρανὸς
1951 3816 2063 3870 λοι-

481 3893 582 3946 πὸν
612 3893 860 3962 γέγονεν.
897 3889 1064 3956 Οὗτος
1091 3897 1240 3965 ἡμᾶς
1270 3896 1372 3965 τῆς
1407 3895 1614 3966 πλάνης
1661 3896 2068 3967 ἠλευθέρωσεν,

481 3971 634 4041 οὗτος
659 3978 795 4048 πρὸς
839 3976 936 4050 τὴν
960 3977 1218 4047 ἀλήθειαν
1256 3978 1718 4050 ἐχειραγὼγησεν,
1746 3976 1900 4044 οὗτος
1929 3999 2060 4035 κατ-

483 4061 724 4130 αλλαγὰς
760 4060 896 4116 Θεοῦ
936 4062 1069 4130 πρὸς
1092 4062 1410 4134 ἀνθρώπους
1433 4064 1750 4134 ἐποιήσατο,
1775 4057 1928 4129 οὗτος
1951 4068 2060 4120 ἀπὸ

482 4144 575 4197 τοῦ
609 4143 772 4212 βυθοῦ
824 4145 924 4218 τῆς
971 4145 1168 4208 κακίας
1198 4147 1346 4216 ἡμᾶς
1377 4147 1716 4209 ἀνασπάσας,
1771 4150 1850 4210 εἰς
1889 4148 2058 4220 αὐτὴν

482 4226 583 4296 τῆς
610 4226 812 4295 ἀρετῆς
836 4227 934 4299 τὴν
964 4228 1208 4298 κορυφὴν
1229 4229 1524 4298 ἀνήγαγεν,
1554 4223 1707 4291 οὗτος
1737 4228 1844 4281 τῶν
1868 4230 2058 4301 δαιμό-

484 4326 588 4362 νων
624 4310 720 4380 τὴν
755 4309 963 4380 πλάνην
993 4310 1233 4375 ἔσϐεσεν,
1259 4305 1414 4374 οὗτος
1442 4312 1540 4381 τὴν
1569 4313 1784 4382 ἀπάτην
1817 4312 2053 4369 καθεῖλε.

483 4393 581 4446 Διά
612 4393 796 4445 τοῦτον
829 4393 1011 4444 οὐκέτι
1063 4392 1271 4454 καπνὸς
1320 4395 1413 4445 καὶ
1465 4395 1656 4446 κνίσσα
1686 4397 1778 4449 καὶ
1809 4398 2056 4466 αἱμάτων

483 4476 691 4545 ἀλόγων
718 4475 960 4546 ἔκχυσις,
986 4475 1122 4532 ἀλλὰ
1148 4475 1423 4545 πανταχοῦ
1462 4477 1706 4548 λατρείαι
1753 4496 2052 4551 πνευματι-

482 4558 596 4623 καὶ,
637 4557 794 4630 ὕμνοι
850 4560 943 4611 καὶ
995 4557 1177 4627 εὐχαί·
1210 4557 1296 4612 διὰ
1330 4558 1515 4613 τοῦτον
1566 4560 1817 4632 δαίμονες
1851 4562 2052 4634 δραπε-

481 4641 718 4708 τεύουσι,
743 4640 832 4694 διὰ
847 4639 1031 4693 τοῦτον
1046 4644 1073 4694 6
1088 4639 1332 4704 διάϐολος
1354 4642 1740 4712 φυγαδεύεται,
1757 4645 1844 4699 διὰ
1865 4647 2055 4704 τοῦτον

483 4728 516 4796 ὴ
560 4725 874 4796 ἀνθρωπίνη
905 4724 1067 4794 φύσις
1120 4725 1254 4796 πρὸς
1283 4726 1383 4796 τὴν
1433 4727 1733 4799 ἀγγελικὴν
1784 4729 2058 4785 πολιτείαν

483 4809 798 4880 ἁμιλλᾶται,
838 4808 926 4863 διὰ
948 4809 1136 4862 τοῦτον
1160 4809 1427 4880 παρθενία
1448 4812 1540 4863 ἐπὶ
1559 4811 1663 4880 γῆς
1693 4812 2053 4872 πολιτεύεται.

493 4894 612 4962 Ἀφ’
650 4886 712 4946 οὗ
742 4893 853 4964 γὰρ
898 4896 927 4946 6
957 4895 1024 4945 ἐκ
1050 4891 1328 4963 Παρθένου
1385 4894 1656 4965 προῆλθε,
1697 4895 1795 4965 τῆς
1847 4897 2048 4968 ἀρετῆς

481 4977 685 5048 ταύτης
715 4977 814 5049 τὴν
835 4975 952 5030 ὁδὸν
971 4974 1238 5045 ἐπέγνωὴ
1273 4974 1383 5032 τῶν
1411 4976 1710 5048 ἀνθρώπων
1747 4978 1926 5045 φύσις.
1959 4977 2060 5035 Οὖ-

482 5075 574 5122 τος
605 5061 753 5130 ἡμᾶς
769 5061 827 5111 ἐν
853 5057 1030 5111 σκότει
1047 5056 1390 5128 καθημένους
1416 5058 1700 5128 ἐφώτισεν,
1731 5053 1885 5124 οὗτος
1909 5064 1941 5132 ἡ
1952 5064 2058 5133 μᾶς

485 5141 1042 5212 ὲκπεπολεμωμένους
1074 5138 1425 5212 κατήλλαξε-ι,
1460 5135 1612 5205 οὗτος
1651 5142 1866 5214 μακρὰν
1897 5144 2060 5208 ὄντας

484 5226 648 5293 ἐγγὺς
679 5221 816 5278 εἶναι
855 5222 1175 5294 πεποίηκεν,
1212 5218 1364 5285 οὗτος
1403 5222 1951 5294 ἀπηλλοτριωμένους
1979 5225 2062 5279 66-.

483 5323 582 5368 τας
609 5306 903 5375 ᾠκείωσεν,
938 5300 1093 5368 οὗτος
1124 5305 1304 5370 ξένους
1329 5304 1653 5373 γεγονότας,
1688 5306 1920 5377 ούρανοῦ
1963 5325 2061 5361 πο-

481 5388 633 5450 λίτας
670 5387 1091 5453 κατεσκεύασεν,
1134 5382 1288 5451 οὗτος
1315 5389 1447 5458 ἡμῖν
1481 5387 1732 5458 πολέμων
1782 5391 2060 5463 ἀναίρεσις

484 5471 724 5538 γέγονεν,
750 5463 904 5533 οὗτος
927 5472 1060 5541 ἡμῖν
1077 5471 1296 5542 εἰρήνης
1316 5469 1586 5540 ἀσφάλεια
1611 5471 1866 5544 κατέστη.
1903 5472 2058 5551 [412]

542 5707 565 5735 ³
596 5705 744 5757 Sui].
773 5703 820 5756 in
840 5715 990 5765 marg.
1023 5703 1086 5759 εἰς
1107 5704 1190 5762 τήν
1211 5701 1434 5770 mpupigv.

2161 2065 2258 2120 Διά
2303 2068 2490 2122 τοῦτον
2521 2069 2704 2122 οὐκέτι
2741 2066 3051 2140 φοϐούμεθα
3101 2066 3172 2119 τά
3205 2066 3578 2138 πεπυρωμένα
3612 2065 3742 2137 βέλη

2160 2149 2252 2202 τοῦ
2275 2149 2522 2204 διαϐόλου
2544 2164 2559 2179 ⁸
2589 2151 2686 2222 τὴν
2717 2151 2826 2222 γὰρ
2855 2152 3038 2222 πηγὴν
3066 2153 3166 2222 τῆς
3186 2149 3335 2220 ζωῆς
3359 2150 3591 2220 ε’ύρομεν
3613 2168 3627 2183 ·
3651 2150 3743 2204 διὰ

2160 2233 2349 2286 τοῦτον
2369 2235 2469 2287 οὐκ
2501 2235 2667 2305 ἐσμὲν
2688 2237 2746 2288 ἐν
2775 2236 2972 2305 χηρείᾳ
2991 2252 3003 2267 ·
3027 2235 3120 2287 τὸν
3141 2234 3253 2305 γὰρ
3278 2235 3512 2303 νυμφίον
3542 2234 3746 2289 ἀπελά-

2164 2315 2331 2386 ϐομεν
2351 2331 2364 2345 ·
2398 2317 2487 2370 διὰ
2521 2316 2711 2370 τοῦτον
2740 2319 2927 2371 οὐκέτι
2949 2316 3267 2386 δεδοίκαμεν
3297 2315 3390 2368 τὸν
3420 2316 3582 2371 λύκον
3602 2333 3619 2348 ⁸
3648 2317 3745 2370 τὸν

2163 2400 2272 2472 γὰρ
2298 2402 2532 2471 ποιμένα
2562 2402 2654 2455 τὸν
2680 2401 2841 2455 καλὸν
2873 2401 3224 2471 ἐπέγνωμενο
3267 2400 3417 2470 Ἐγὼ
3453 2401 3565 2472 γάρ
3598 2404 3743 2470 εἰμι,

2165 2483 2349 2554 φησὶν,
2381 2488 2414 2538 ό
2442 2484 2668 2554 ποιμὴν
2689 2488 2722 2539 ό
2743 2485 2948 2550 καλός.
2971 2484 3069 2537 Διά
3099 2482 3287 2536 τοῦτον
3315 2483 3494 2537 οὐκέτι
3521 2490 3747 2555 φρίττο-

2169 2584 2266 2637 μεν
2293 2567 2385 2620 τὸν
2411 2567 2677 2639 τύραννον
2699 2583 2714 2598 ⁸
2747 2567 2824 2638 τῷ
2874 2567 2982 2639 γάρ
3028 2565 3239 2636 βασιλεί
3268 2566 3742 2638 προσεδράμομεν.

2178 2650 2340 2721 Ὁρᾷς
2361 2651 2543 2711 πόσων
2565 2653 2699 2722 ἡμῖν
2723 2650 2948 2719 ἀγαθῶν
2974 2648 3230 2711 ὑπόθεσις
3255 2651 3282 2701 6
3307 2650 3560 2720 σταυρόςς
3587 2649 3749 2703 Εἰκό-

2164 2749 2271 2796 τως
2299 2728 2390 2786 οῦν
2419 2732 2611 2804 ἑορτὴν
2633 2733 2861 2802 ἄγομεν.
2894 2732 3050 2785 υῦτω
3083 2733 3178 2785 καὶ
3221 2731 3425 2793 Παῦλος
3455 2731 3748 2802 ἑορτάζειν

2169 2818 2422 2886 παραινεῖ
2473 2815 2680 2884 λέγων’
2717 2817 2901 2874 Ὥστε
2938 2815 3288 2884 ἑορτάζωμεν
3325 2815 3412 2883 μὴ
3457 2816 3530 2866 ἐν
3584 2815 3741 2883 (vita

2167 2898 2412 2966 παλαιᾷ,
2441 2898 2594 2968 μηδέ
2619 2900 2690 2953 ἐν
2719 2899 2865 2968 ζύμῃ
2895 2899 3109 2965 κακίας
3139 2899 3231 2951 καὶ
3259 2897 3567 2965 πονηρίας,
3590 2899 3736 2951 ἀλλ’

2165 2985 2235 3037 ἐν
2256 2977 2494 3053 ἀζύμοις
2539 2984 2920 3051 εὶλικρινείας
2975 2983 3074 3036 καὶ
3116 2982 3420 3049 ἀληθείας.
3450 2981 3565 3032 Καὶ
3596 2980 3747 3044 τίνος

2167 3067 2350 3124 ἓινεκεν
2371 3064 2651 3136 ἑορτάζειν
2680 3067 2828 3135 ἡμᾶς
2857 3064 3101 3128 κελεύεις
3121 3105 3135 3128 ,
3171 3058 3216 3117 ὦ
3248 3063 3483 3134 μακάριε
3528 3061 3746 3128 Παῦλε;

2173 3150 2302 3203 Εἰπὲ
2331 3150 2430 3219 τὴν
2462 3149 2661 3210 αἰτίαν,
2696 3149 2824 3202 ’Ὁτι
2854 3148 2920 3202 τὸ
2949 3148 3165 3216 Πάσχα
3191 3146 3362 3216 ἡμῶν
3383 3146 3532 3214 ὑπὲρ
3546 3145 3743 3216 ἡμῶν,

2169 3232 2354 3301 φησὶν,
2375 3231 2554 3298 ἐτύθη
2582 3230 2837 3298 Χριστὸς
2870 3232 2902 3283 o'
2937 3231 3102 3296 Θεός.
3151 3230 3318 3301 ὀρᾷς
3364 3231 3480 3290 πῶς
3517 3230 3680 3302 ἑορτὴ
3717 3233 3750 3284 6

2171 3314 2430 3386 σταυρός,
2461 3314 2704 3385 Ἔμαθες
2730 3314 2811 3374 ὃτι
2829 3313 2922 3376 διὰ,
2940 3313 3028 3366 τὸν
3062 3314 3294 3384 σταυρὸν
3317 3313 3533 3370 κλεύει
3559 3314 3754 3384 ἐορτάο

2171 3396 2282 3470 ζειν
2305 3415 2320 3463 ;
2367 3399 2455 3451 Ἐν
2483 3398 2589 3471 γὰρ
2617 3397 2695 3468 τῷ
2725 3395 2945 3468 σταυρῷ
2963 3396 3127 3468 ἐτύθη
3145 3412 3159 3424 ⁸
3189 3397 3324 3450 ὅπου
3348 3397 3406 3451 δὲ
3433 3397 3612 3465 θυσία,
3636 3399 3760 3454 ἐκεῖ

2171 3481 2578 3552 ἁμαρτημάτων
2611 3480 2909 3552 ἀναίρεσις,
2956 3481 3072 3532 ἐκεῖ
3101 3479 3420 3549 καταλλαγὴ
3452 3481 3754 3548 Δεσπάτου,

2170 3564 2285 3617 ἐκεῖ
2315 3564 2476 3636 ἑορτὴ
2505 3565 2601 3618 καὶ
2632 3566 2798 3636 χαρά.
2831 3563 2901 3622 Τὸ
2925 3563 3138 3632 Πάσχα
3159 3562 3348 3632 ἡμῶν,
3379 3565 3567 3635 φησὶν,
3598 3566 3756 3634 ὑπὲρ

2168 3645 2337 3716 ἡμῶν
2365 3647 2544 3714 ἐτύθη
2573 3648 2848 3714 Χριστός.
2885 3644 2994 3705 Ποῦ
3025 3645 3210 3715 ἐτύθη,
3231 3645 3390 3711 εἰπές
3428 3647 3541 3715 Ἐφ’
3597 3647 3754 3716 667,-

2168 3729 2260 3783 λοῦ
2284 3729 2540 3800 σταυροῦ.
2572 3729 2771 3782 Καινὸν
2801 3729 2896 3781 καὶ
2919 3728 3067 3794 ξένον
3094 3727 3152 3780 τὸ
3169 3727 3577 3800 θυσιαστήριον,
3600 3731 3753 3782 ἐπει.

2165 3813 2228 3883 δὴ
2264 3812 2386 3883 ξένη
2419 3813 2514 3866 καὶ
2563 3811 2994 3883 παρηλλαγμένη
3031 3813 3067 3881 ἡ
3095 3811 3273 3864 θυσία.
3310 3812 3370 3864 'O
3426 3811 3588 3875 αὐτὸς
3640 3812 3752 3883 γὰρ

2165 3896 2259 3948 καὶ
2281 3895 2442 3948 θυσία
2468 3895 2564 3948 καὶ
2596 3894 2807 3965 ἱερεύςο
2833 3894 2992 3947 θυσία
3020 3895 3138 3965 μὲν,
3168 3894 3311 3948 κατά
3341 3896 3538 3965 σάρκα,
3566 3897 3752 3966 ἱερεὺς

2163 3977 2375 4031 δὲκατά
2402 3976 2620 4048 πνεῦμα
2641 3994 2654 4008 ·
2686 3977 2713 4028 ὁ
2731 3977 2893 4040 αὐτὸς
2915 3977 3006 4029 καί
3031 3978 3273 4048 προσῆγε
3296 3978 3390 4031 καὶ
3414 3981 3744 4048 προσήγετο.

2170 4061 2364 4113 Ἄκουε
2397 4060 2559 4114 πάλιν
2586 4059 2680 4112 τοῦ
2710 4059 2924 4114 Παύλου
2953 4061 3235 4128 λέγοντοςο-
3258 4061 3381 4128 Πᾶς
3408 4063 3516 4130 γὰρ
3547 4062 3753 4130 ἀρχιε-

2156 4143 2301 4212 ρεὺς
2321 4144 2390 4208 ἐξ
2410 4141 2736 4211 ἀνθρώπων
2752 4145 3224 4213 λαμϐανόμενος,
3247 4145 3398 4213 ὑπὲρ
3421 4145 3754 4212 ἀνθρώπων

2163 4227 2512 4280 καθίσταται
2544 4225 2615 4278 τὰ
2643 4226 2794 4293 πρὸς
2821 4226 2927 4280 τὸν
2957 4228 3123 4280 Θεόν.
3164 4227 3328 4281 Ὅθεν
3349 4229 3553 4297 ἀνάγκη
3590 4227 3751 4296 ἔχειν

2160 4325 2213 4361 τι
2244 4309 2336 4360 καὶ
2360 4308 2569 4371 τοῦτον,
2602 4307 2630 4360 6
2668 4308 3030 4381 προσενέγκῃ.
3075 4309 3206 4363 Ἰδοὺ
3233 4310 3364 4372 τέως
3413 4311 3745 4380 προσφέρει.

2173 4389 2427 4460 ’Λλλαχοῦ
2445 4390 2502 4443 δὲ
2521 4390 2682 4443 πάλιν
2710 4390 2871 4461 φησίν
2893 4408 2905 4420 ’
2937 4393 3098 4445 Οὕτω
3127 4393 3229 4445 καὶ
3259 4397 3292 4446 ό
3310 4392 3560 4462 Χριστὸς
3582 4392 3755 4459 ἅπαξ

2159 4473 2583 4541 προσενεχθεὶς
2603 4477 2690 4539 εἰς
2708 4474 2772 4526 τὸ
2801 4472 3048 4527 πολλῶν
3068 4475 3414 4544 ἀνενεγκεῖν
3431 4475 3750 4544 ἁμαρτίας.

2172 4556 2300 4610 Ἰδοὺ
2325 4556 2559 4612 ἐνταῦθα
2587 4556 2954 4628 προσηνέχθη,
2978 4559 3095 4610 ἐκεῖ
3124 4559 3318 4610 ἑαυτὸν
3346 4560 3750 4630 προσήνεγκεν,

2158 4635 2310 4703 Εἶδες
2340 4639 2456 4703 πῶς
2485 4642 2578 4692 καὶ
2608 4640 2768 4694 θυσία
2798 4642 2891 4693 καὶ
2925 4643 3103 4711 ἱερεὺς
3136 4643 3376 4710 ἐγένετο,
3423 4643 3517 4694 καὶ
3557 4641 3756 4696 θυσιας

2157 4723 2378 4793 στήριον
2405 4719 2472 4794 ἦν
2497 4726 2524 4776 6
2553 4725 2814 4795 σταυρός;
2855 4723 2994 4778 Ἀλλ’
3020 4725 3317 4791 ἀναγκαῖον
3346 4723 3558 4794 μαθεῖν,
3601 4726 3757 4791 τίνος

2155 4803 2340 4858 ἕνεκεν
2377 4805 2478 4857 οὐκ
2506 4807 2562 4858 ἐν
2599 4806 2676 4876 τῷ
2708 4806 2883 4877 ναῷὴ
2935 4807 3094 4859 θυσία
3133 4808 3529 4879 προσφέρεται,
3583 4809 3644 4859 ἐν
3675 4810 3756 4880 τῷ

2156 4886 2270 4958 ναῷ
2300 4887 2444 4956 λέγω
2475 4887 2552 4959 τῷ
2605 4889 2903 4960 Ἰουδαῖκῷ,
2931 4890 3044 4941 ἀλλ’
3077 4889 3183 4953 ἔξω
3223 4891 3323 4961 τῆς
3361 4891 3592 4954 πόλεως,
3643 4890 3757 4956 ἔξω

2166 4969 2274 5026 τῶν
2293 4969 2511 5040 τειχῶν.
2542 4970 2688 5038 Ἔξω
2717 4973 2824 5043 γὰρ
2848 4973 2947 5042 τῆς
2976 4973 3182 5036 πόλεως
3205 4974 3545 5045 ἐσταυρώθη,
3577 4973 3758 5028 καθά-

2166 5067 2271 5123 περ
2294 5069 2375 5116 τις
2402 5053 2715 5120 κατάδικος,
2749 5056 2837 5112 ’ίνα
2879 5055 3140 5128 πληρωθῇ
3194 5056 3256 5108 τὸ
3286 5057 3448 5127 ῥηθὲν
3497 5056 3602 5109 ὑπὸ
3654 5055 3755 5112 τοῦ

2166 5137 2466 5208 προφήτου,
2491 5138 2574 5191 ὅτι
2602 5139 2710 5194 Καὶ
2745 5139 2815 5192 ἐν
2854 5140 2977 5205 τοῖς
3013 5140 3260 5208 ἀνόμοις
3289 5141 3600 5211 ἐλογίσθη.

2230 5283 2389 5348 Τίνος
2421 5279 2515 5338 οῦν
2549 5284 2736 5338 ἕνεκεν
2767 5285 2873 5353 ἔξω
2907 5287 3006 5356 τῆς
3029 5287 3256 5351 πόλεως,
3284 5286 3368 5354 ἐφ’
3392 5285 3624 5356 ὑψηλοῦ,
3659 5287 3755 5342 καὶ

2158 5368 2258 5437 οὐχ
2284 5368 2388 5420 ὑπὸ
2415 5367 2611 5438 στέγην
2635 5370 2759 5423 τινά
2779 5386 2795 5436 ;
2829 5369 2942 5440 Ούχ
2965 5369 3150 5434 ἁπλῶς
3174 5370 3295 5422 ούδέ
3319 5368 3498 5432 τοῦτο,
3522 5369 3641 5422 ἀλλ’
3665 5372 3754 5432 ἵνα

2158 5451 2254 5504 τοῦ
2283 5450 2447 5521 ἀέρος
2471 5451 2684 5522 καθάρῃ
2711 5453 2813 5526 τὴν
2844 5452 3027 5521 φύσιν.
3063 5453 3163 5506 Διά
3191 5452 3348 5506 τοῦτο
3377 5455 3474 5510 καί⁵
3502 5456 3590 5523 ἐφ’
3619 5453 3750 5522 ὕψη.

2165 5533 2282 5598 λοῦ,
2308 5534 2402 5586 καὶ
2433 5533 2534 5586 ούκ
2579 5534 2936 5606 ἐπικειμένης
2975 5536 3198 5606 στέγης,
3232 5537 3347 5590 ἀλλ’
3375 5539 3496 5591 ἀντὶ
3547 5537 3751 5606 στέγης

2165 5615 2512 5686 ἐπικειμένου
2551 5615 2645 5668 τοῦ
2692 5616 2947 5687 οὐρανοῦ,
3008 5620 3096 5673 ἵνα
3143 5618 3391 5692 καθαρθῇ
3439 5621 3469 5673 6
3519 5621 3754 5690 οὐρανὸς

2164 5696 2330 5764 ἃπαξ,
2357 5699 2442 5774 ἐφ’
2473 5698 2676 5772 ὑψηλοῦ
2705 5699 2969 5772 θυομένου
2991 5704 3082 5758 τοῦ
3109 5706 3403 5779 προϐάτου.
3433 5705 3754 5776 Ἐκαθάρθη
