4062 6206
308 356 411 413 ᾹΟἹ

306 468 414 511 nos
432 465 465 506 e
483 448 749 510 contrario
766 455 952 506 contra
973 446 1216 505 inimicos
1232 448 1551 517 precemur?
1576 447 1674 514 Ne,
1693 465 1899 520 quaeso,

314 561 389 602 ne
409 541 463 597 id
502 554 740 611 agamus,
772 537 982 595 fratres.
1015 538 1221 593 Etenim
1251 545 1449 608 quanto
1472 537 1620 607 plura
1641 540 1905 610 exempla,

315 641 471 690 tanto
499 629 690 701 majus,
713 630 757 683 si
784 643 880 684 eos
935 643 1043 683 non
1076 628 1360 693 imitemur,
1392 628 1729 697 supplicium.
1762 629 1906 684 Prae-

318 719 549 777 stantius
568 728 650 774 est
672 734 770 793 pro
797 718 1045 785 inimicis,
1072 734 1228 789 quam
1260 733 1357 788 pro
1383 719 1565 773 amicis
1589 734 1778 775 orare:
1802 736 1907 775 non

321 811 461 866 enim
493 819 696 865 tantum
744 810 887 876 hinc,
914 819 1169 881 quantum
1213 810 1339 865 inde
1382 811 1522 865 lucri
1568 808 1801 866 refertis.
1850 811 1912 867 Si

326 903 460 957 enim
486 901 783 966 dilexeritis,
819 903 1007 972 inquit,
1038 918 1141 969 eos,
1170 903 1257 973 qui
1278 918 1362 957 vos
1385 903 1619 973 diligunt,
1650 904 1778 958 nihil
1798 922 1910 958 ma-

318 992 405 1060 gni
420 992 589 1061 facitis
607 1008 625 1046 :
643 992 825 1045 etenim
839 1001 886 1045 et
902 992 1157 1062 publicani
1174 994 1267 1046 hoc
1288 992 1481 1063 faciunt
1496 991 1707 1062 (Matth.
1723 994 1774 1049 5.
1793 993 1908 1063 46).

327 1082 512 1152 itaque
557 1082 602 1138 si
628 1098 722 1152 pro
751 1083 937 1139 amicis
965 1098 1181 1138 oremus
1211 1093 1431 1147 tantmu,
1463 1082 1688 1139 ethnicis
1715 1094 1768 1139 et
1809 1100 1908 1153 pu-

320 1171 544 1227 blicanis
589 1172 823 1227 nondum
867 1174 1115 1228 meliores
1158 1173 1279 1228 facti
1326 1187 1528 1228 sumus.
1562 1175 1629 1228 At
1652 1189 1771 1228 cum
1801 1173 1909 1229 ini-

1402 336 1489 393 DE
1516 336 1743 395 CllUCE
1782 337 1872 395 ΕΤ
1912 340 2251 397 LATRONE.
2296 343 2525 400 1103111..
2567 345 2632 399 11.

3505 347 3535 402 4
3542 343 3610 401 08

2018 453 2184 508 micos
2210 452 2501 523 diligimus,
2549 453 2659 508 Deo
2708 468 2803 523 pro
2834 454 3062 510 humana
3118 456 3368 513 facultate
3395 460 3598 517 similes

2016 544 2297 608 efficimur,
2334 542 2435 609 Qui
2456 543 2613 596 solem
2641 560 2788 596 suum
2815 545 2935 597 oriri
2957 547 3079 615 facit
3096 564 3247 610 super
3268 550 3427 603 malos
3448 559 3493 602 et
3517 551 3599 602 bo-

2017 650 2129 699 nos,
2160 643 2205 687 et
2232 634 2359 703 pluit
2377 650 2529 703 super
2546 635 2713 704 justas
2741 644 2787 686 et
2809 635 3023 703 injustas
3054 635 3264 707 (Matth.
3290 640 3343 692 5.
3369 640 3483 708 45).
3511 639 3599 692 Si-

2020 741 2137 780 mus
2170 726 2327 796 igitur
2352 726 2553 779 similes
2584 726 2755 779 Patris
2786 744 2801 780 :
2831 742 2949 779 nam
2975 724 3172 790 Estote,
3204 730 3392 798 inquit,
3412 731 3600 784 sit-tiles

2023 814 2193 890 Patris
2218 816 2384 881 vestri,
2408 816 2494 885 qui
2522 816 2573 868 in
2604 815 2741 870 cretis
2767 824 2857 878 est,
2885 825 2941 870 ut
2966 831 3187 885 regnum
3203 819 3452 872 cmlorum
3473 834 3599 873 cou-

2019 905 2171 974 sequi
2199 920 2530 969 mereamur,
2559 906 2727 975 gratia
2754 916 2806 960 et
2837 905 3163 975 benignitate
3194 906 3397 960 Domini
3425 918 3478 962 et
3508 908 3601 963 Dei

2019 1006 2073 1050 et
2098 994 2389 1050 Sulvatoris
2428 996 2594 1050 nostri
2620 995 2748 1051 Jesu
2792 995 3009 1061 Christi,
3040 997 3122 1050 cui
3150 996 3318 1066 gloria
3344 1007 3397 1051 et
3428 998 3595 1067 impe-

2020 1087 2156 1141 rium
2184 1087 2236 1141 in
2267 1087 2461 1143 seccula
2485 1087 2818 1142 saeculorum.
2850 1086 3041 1141 Amen.

326 1420 558 1465 ORATIO
596 1421 655 1464 IN
701 1420 954 1465 CRL'CEM
1002 1421 1080 1463 ET
1125 1420 1186 1462 IN
1219 1418 1693 1464 COXFESSIONEM
1725 1414 2054 1469 LATRONIS,
2090 1414 2398 1457 RECITATA
2444 1415 2507 1457 IN
2553 1416 2788 1460 SA‘NC’I‘A
2836 1418 2916 1461 ET
2959 1419 3173 1461 MAGNA
3222 1395 3604 1477 PARASCEVB,

1330 1520 1408 1561 ΕΤ
1449 1517 1619 1571 QUOD
1649 1515 1982 1560 OPORTEAT
2026 1513 2145 1555 PRO
2191 1515 2454 1558 [NIMICIS
2496 1514 2735 1560 ORARE.

299 1582 309 1629 ί
346 1630 355 1643 τ

1633 1658 2054 1713 -———<é{’$®

790 1728 1009 1768 llOMlLIA
1034 1731 1091 1769 ll.

410 1809 457 1860 ί.
491 1805 690 1870 Quanta
727 1803 869 1858 nobis
906 1805 1033 1857 bona
1059 1801 1198 1855 Crux
1225 1799 1425 1866 a/I'erat.
1456 1830 1527 1840 -—-
1568 1799 1783 1854 Festum
1812 1798 1909 1853 ho-

329 1898 414 1952 die
440 1898 643 1967 agimus
669 1907 723 1951 et
751 1905 1106 1961 conventum,
1136 1894 1418 1957 carissimi,
1449 1892 1700 1963 quoniam
1734 1892 1913 1947 Domi-

330 2004 430 2043 nus
457 1997 636 2043 noster
657 1986 820 2043 clavis
849 1995 932 2041 est
959 1985 1102 2041 cruci
1134 1983 1341 2039 affixus.
1368 1983 1550 2053 Neque
1574 1983 1912 2054 peregrinum

334 2080 425 2135 tibi
471 2078 714 2133 videatur
735 2118 749 2140 ,
792 2077 836 2131 si
862 2092 981 2132 cum
1014 2090 1100 2131 res
1125 2074 1311 2129 odiosa
1338 2083 1390 2129 et
1415 2073 1708 2128 aversanda
1736 2072 1913 2137 fuerit,

331 2188 427 2225 nos
471 2171 660 2226 festmn
705 2168 846 2224 diem
891 2168 1241 2223 celebremus.
1294 2163 1568 2234 Ejusmodi
1611 2164 1751 2217 enim
1794 2170 1919 2217 sunt

331 2262 507 2316 omnia
536 2260 829 2331 Spiritualia
857 2300 869 2324 ,
915 2258 1182 2314 contraria
1223 2256 1467 2310 humana:
1508 2263 1729 2309 natura}.
1770 2253 1838 2308 Et
1863 2261 1920 2307 ut

334 2355 436 2408 hoc
485 2354 650 2421 probe
678 2365 969 2421 cognoscas
992 2390 1007 2415 ,
1052 2365 1178 2404 crux
1214 2364 1263 2417 pi
1278 2348 1357 2401 ius
1384 2346 1841 2401 condemnatiouis
1867 2353 1921 2400 et

330 2442 580 2513 supplicii
625 2456 818 2497 nomen
855 2450 1003 2505 erat;
1044 2450 1097 2493 at
1137 2453 1278 2492 nunc
1308 2453 1393 2492 res
1420 2447 1503 2492 est
1527 2436 1844 2491 venerabilis
1868 2442 1922 2490 et

330 2532 720 2589 desiderabilis.
769 2533 908 2587 Crux
955 2539 1111 2585 antea
1159 2529 1438 2584 dedecoris
1464 2537 1517 2583 et
1557 2542 1728 2597 poenae
1753 2541 1919 2596 argu-

333 2633 576 2678 mentum
615 2635 761 2687 erat;
815 2636 953 2676 nunc
987 2621 1169 2690 gloria:
1198 2629 1251 2673 et
1297 2619 1519 2673 honoris
1544 2627 1628 2673 est
1664 2618 1919 2673 occasio:

333 2711 581 2781 quodque
610 2726 739 2765 crux
771 2710 838 2765 sit
865 2711 1031 2780 gloria
1058 2749 1072 2771 .
1123 2708 1244 2763 audi
1292 2709 1563 2764 Christum
1611 2708 1918 2763 dicentem:

355 2802 541 2862 Pater,
561 2799 805 2867 clari/ica
826 2813 902 2850 me
932 2797 1096 2867 gloria
1121 2834 1136 2860 ,
1171 2812 1321 2865 quam
1367 2795 1518 2849 habui
1556 2793 1696 2864 apud
1732 2804 1778 2849 te
1820 2800 1936 2848 ante

351 2891 525 2945 utendi
551 2888 955 2943 constitutionem
983 2886 1173 2954 (Joan.
1214 2888 1300 2943 l7.
1325 2884 1430 2955 5);
1472 2886 1694 2955 gloriam
1721 2901 1931 2940 crucem

354 2983 653 3037 nominans.
682 2977 828 3033 Crux
864 2986 1021 3046 caput
1048 2986 1246 3031 nostra:
1273 2976 1458 3029 salutis
1487 2992 1500 3028 :
1530 2990 1657 3029 crux
1696 2974 1932 3029 infinito-

355 3088 473 3129 rum
498 3072 753 3126 honorum
791 3076 1181 3140 argumentum.
1228 3067 1453 3135 Pr0pter
1497 3065 1634 3121 hanc
1670 3080 1801 3133 nos,
1843 3068 1933 3137 qui

354 3165 495 3235 prius
531 3162 740 3234 inglorii
777 3168 831 3217 et
856 3158 1040 3229 rejecti
1081 3172 1309 3218 eramus.
1339 3157 1553 3211 nuncin
1584 3157 1812 3212 filiorum
1842 3173 1932 3213 or-

350 3258 527 3313 dinem
571 3253 771 3323 recepti
812 3266 997 3307 sumus
1027 3268 1041 3304 :
1068 3258 1286 3319 propter
1324 3248 1459 3302 hanc
1488 3264 1591 3301 non
1624 3248 1933 3303 aberramus

350 3350 616 3422 amplius,
659 3346 754 3402 sed
793 3345 1069 3401 veritatem
1109 3342 1496 3412 cognovimus:
1538 3352 1755 3411 propter
1798 3342 1935 3398 hanc

349 3458 481 3510 uos,
526 3442 615 3513 qui
660 3439 804 3510 prius
839 3437 979 3506 ligna
1020 3443 1074 3490 et
1119 3432 1324 3515 lapides
1363 3432 1751 3498 adorabamus,
1795 3448 1934 3490 nunc

349 3536 585 3591 omnium
606 3546 784 3588 rerum
801 3526 1113 3582 Creatorem
1125 3524 1473 3592 cognovimus
1494 3526 1510 3577 ':
1534 3534 1750 3594 propter
1773 3524 1930 3591 hanc,

347 3628 436 3700 qui
488 3624 628 3681 servi
676 3619 878 3693 peccati
928 3630 1177 3680 eramus,
1218 3614 1284 3668 ad
1334 3614 1632 3669 libertatem
1662 3614 1679 3646 ⁸
1715 3614 1935 3685 iustitia:

348 3718 523 3775 evecti
550 3730 734 3771 sumus
762 3732 775 3766 :
806 3718 1021 3782 propter
1055 3708 1191 3760 hanc
1223 3714 1363 3761 terra
1389 3707 1579 3761 caelum
1626 3706 1693 3761 de
1735 3717 1934 3761 caetero

349 3810 483 3866 facta
505 3820 607 3864 est.
651 3808 776 3862 llaec
804 3806 872 3861 ab
900 3819 1085 3859 errore
1111 3817 1207 3858 nos
1236 3799 1502 3864 liberavit,
1537 3798 1649 3851 haec
1676 3797 1742 3852 ad
1787 3797 1933 3851 veri-

350 3916 513 3962 tatem
544 3900 794 3965 adduxit,
818 3898 931 3952 hzec
968 3894 1454 3951 reconciliationem
1482 3891 1576 3945 Dei
1601 3905 1723 3944 cum
1742 3889 1945 3973 (bomi-q

347 3996 505 4050 nibus
531 3991 791 4059 instituit,
824 3989 940 4045 tunc
960 4001 1060 4042 nos
1079 4002 1145 4042 ex
1163 3984 1425 4056 profundo
1452 3982 1670 4036 maliti-1:
1695 3988 1930 4050 ereptos,

345 4086 402 4142 in
430 4083 823 4154 ipsumvirtutis
845 4080 1108 4150 fastigium
1138 4076 1354 4140 eduxit;
1393 4075 1507 4129 lucc
1535 4087 1775 4129 errorem
1819 4070 1933 4125 dm-

347 4192 566 4232 monum
593 4173 864 4241 exstinxit,
896 4174 1009 4229 haec
1033 4172 1403 4240 deceptionem
1431 4183 1462 4222 e
1490 4167 1666 4221 medio
1691 4165 1929 4220 sustulit.

349 4270 573 4342 Propter
590 4267 726 4324 hanc
743 4282 846 4319 non
866 4274 947 4322 est
967 4264 1195 4334 amplius
1212 4262 1383 4316 fumus
1396 4270 1449 4315 et
1467 4258 1639 4324 nidor,
1659 4264 1714 4312 et
1730 4256 1932 4326 sangui-

346 4362 429 4419 nis
450 4360 589 4415 bruti
609 4358 829 4421 effusio;
858 4357 952 4410 sed
973 4355 1166 4422 ubique
1186 4352 1358 4407 cultus
1378 4349 1698 4419 Spirituales,
1726 4348 1929 4421 hymni,

347 4453 560 4515 laudes,
590 4460 644 4506 et
688 4450 1025 4521 precationes
1066 4446 1348 4500 visuntur:
1381 4450 1601 4511 propter
1643 4441 1781 4494 hanc
1818 4441 1930 4494 dae-

347 4558 529 4597 mones
561 4541 785 4611 fugiunt,
816 4537 1167 4606 diaholusque
1199 4533 1505 4605 profligatur
1525 4549 1537 4584 :
1560 4539 1774 4599 prepter
1792 4529 1933 4584 hanc

346 4633 571 4686 humana
605 4643 792 4687 natura
820 4646 939 4684 cum
959 4627 1193 4698 angelica
1229 4623 1441 4679 vivendi
1470 4622 1677 4677 ratione
1704 4629 1931 4676 conten-

351 4708 472 4763 dit:
506 4720 723 4780 propter
769 4711 905 4766 hauc
938 4713 1214 4782 virginitas
1245 4713 1296 4766 in
1341 4712 1497 4767 terris
1543 4721 1806 4767 versatur.
1863 4706 1955 4767 Ex

352 4814 460 4869 quo
500 4799 642 4855 enim
686 4817 751 4855 ex
786 4801 998 4872 \‘irgiuc
1031 4804 1117 4858 ille
1146 4804 1378 4873 prodiit,
1424 4804 1672 4874 cognovit
1709 4803 1941 4857 humana

358 4899 542 4944 natura
574 4891 784 4945 virtutis
826 4892 981 4962 hujus
1025 4895 1186 4948 viam.
1235 4894 1360 4949 ll;ec
1391 4908 1490 4949 nos
1517 4894 1568 4947 in
1597 4894 1829 4949 tenebris
1858 4909 1955 4948 sc-‘

351 4980 541 5035 dentes
570 4982 922 5047 illuminavit;
966 4982 1082 5039 hrec
1113 4999 1210 5038 nos
1240 4994 1569 5056 expugnatos
1611 4993 1666 5039 et
1703 4984 1960 5040 debella-‘

354 5080 438 5127 tos
470 5073 747 5138 liberavit;
782 5075 898 5131 haec
926 5092 1042 5141 nos,
1073 5077 1163 5147 qui
1192 5078 1378 5148 procul
1403 5077 1707 5143 abcramus,
1740 5076 1961 5133 vicinos

354 5176 476 5217 esse
504 5162 658 5228 fecit;
695 5164 807 5220 lucc
828 5181 926 5220 nos
946 5166 1274 5221 abalienatos
1295 5168 1613 5223 domesticos
1638 5168 1794 5233 fecit;
1831 5168 1947 5223 hmc

355 5267 454 5307 nos
482 5256 793 5323 peregrinos
820 5257 986 5313 factos
1014 5259 1128 5314 εαξΙί
1159 5261 1303 5315 cives
1328 5260 1632 5325 constituit;
1659 5261 1772 5316 haec
1795 5261 1947 5316 nobis

355 5343 495 5398 bella
528 5347 774 5413 sustulit,
830 5349 975 5417 pacis
1022 5351 1284 5406 securitas
1328 5350 1517 5406 effecta
1560 5360 1663 5406 est.
1725 5351 1949 5421 Propter

357 5428 497 5489 hanc
526 5451 629 5492 non
667 5438 1013 5498 formidamus
1041 5444 1267 5514 amplius
1298 5444 1458 5517 ignita
1498 5444 1696 5501 diaboli
1729 5445 1903 5516 jacula
1929 5440 1959 5510 ;

357 5542 478 5583 nam
512 5530 632 5585 vita:
680 5532 881 5590 fontem
918 5535 1215 5593 invenimus
1246 5556 1261 5593 :
1301 5548 1521 5610 propter
1558 5539 1695 5597 hanc
1721 5554 1824 5597 non
1855 5553 1945 5595 su-

422 5730 435 5761 '
472 5733 593 5784 savii
638 5746 686 5784 m
714 5733 953 5800 margine,
977 5741 1042 5790 ait
1061 5750 1317 5791 stunmum.

2059 1681 2291 1695 ξ..

2030 1816 2149 1855 mus
2177 1801 2227 1855 in
2257 1802 2548 1869 viduitate;
2582 1818 2837 1873 sponsum
2865 1806 3007 1861 enim
3036 1807 3331 1876 recepimus
3355 1823 3366 1857 :
3393 1817 3608 1877 propter

2022 1893 2159 1948 hanc
2194 1909 2298 1948 non
2328 1895 2575 1949 timemus
2600 1897 2829 1965 amplius
2861 1897 3080 1967 lupum;
3128 1914 3249 1953 nam
3281 1899 3477 1953 bonum
3509 1914 3607 1968 pa-

2022 1994 2219 2039 storem
2246 1986 2555 2055 agnovimus
2579 2003 2593 2045 :
2627 1985 2754 2041 dicit
2777 1987 2921 2042 enim
2942 2028 2957 2052 ,
2987 1986 3098 2059 Ego
3125 2005 3237 2042 sum
3267 1997 3437 2058 pastor
3453 1989 3613 2042 bonus

2025 2074 2202 2147 (Joau.
2235 2076 2320 2131 10.
2353 2077 2460 2145 Η).
2510 2078 2735 2147 Propter
2772 2077 2909 2133 hanc
2936 2094 3040 2133 non
3080 2080 3359 2133 horremus
3387 2079 3616 2149 amplius

2026 2174 2343 2235 tyrannum;
2386 2165 2450 2219 ad
2484 2166 2681 2238 Regem
2705 2168 2845 2223 enim
2873 2169 3224 2223 occurrimus.
3259 2168 3615 2238 Vides-quan-

2027 2265 2198 2310 torum
2241 2257 2499 2312 bonorum
2540 2274 2669 2313 crux
2719 2260 2788 2313 sit
2831 2260 2982 2315 nobis
3030 2262 3234 2315 causa?
3280 2260 3409 2315 ,Ιηιέ
3458 2261 3614 2330 igitur

2025 2346 2165 2402 diem
2192 2348 2384 2402 festmn
2424 2347 2655 2417 agimus.
2704 2349 2793 2405 Sic
2814 2358 2867 2404 et
2898 2338 3089 2405 Paulus
3119 2360 3300 2405 mouet
3332 2361 3387 2405 ut
3409 2349 3613 2405 festivi-

2028 2447 2189 2492 tatem
2230 2453 2449 2509 agamus
2494 2438 2576 2494 his
2615 2440 2834 2495 verbis:
2882 2440 3064 2510 Itaque
3114 2442 3380 2513 ferientur,
3426 2458 3526 2495 nou
3563 2442 3616 2495 iu

2027 2531 2269 2598 fermento
2291 2529 2469 2593 veteri,
2505 2546 2662 2599 neque
2698 2530 2749 2583 in
2790 2534 3033 2601 feronruto
3062 2532 3267 2585 mulititc
3292 2542 3338 2586 et
3359 2532 3613 2601 nequitia',

2025 2617 2113 2671 sed
2133 2619 2183 2670 in
2220 2619 2410 2688 azymis
2444 2620 2743 2673 sinceritatis
2778 2631 2824 2676 et
2852 2622 3071 2676 reritatis
3110 2623 3184 2692 (Ι.
3209 2622 3326 2677 Car.
3359 2623 3412 2677 5.
3437 2622 3516 2691 8).
3552 2623 3617 2676 lit

2026 2708 2176 2778 cujus
2202 2710 2368 2779 gratia
2402 2726 2499 2765 uos
2527 2711 2669 2766 diem
2696 2712 2888 2767 festum
2920 2728 3080 2783 agere
3110 2715 3371 2784 mammis,
3403 2730 3436 2767 ο
3463 2714 3617 2770 beate

2030 2798 2228 2853 Paule?
2254 2800 2491 2870 Agedum
2518 2815 2734 2856 causam
2762 2802 2957 2857 iudica.
3000 2803 3131 2870 Quia
3160 2803 3358 2858 Pascha
3388 2814 3616 2859 nostrum

2028 2908 2121 2962 pro
2157 2891 2297 2946 nobis
2335 2893 2620 2947 immolatus
2693 2901 2773 2945 est
2822 2888 3067 2946 Christus
3120 2892 3258 2946 Deus
3308 2888 3607 2963 (lbid.7l.

2030 2982 2191 3038 \‘ides
2234 2984 2503 3053 quomodo
2545 2999 2675 3039 crux
2720 2986 2788 3040 sit
2827 2985 2980 3041 nobis
3029 2984 3262 3041 festum?
3310 2986 3617 3043 intellexisti

2027 3073 2166 3141 quod
2206 3083 2422 3143 propter
2441 3089 2654 3129 crucem
2686 3090 2783 3130 nos
2814 3075 3005 3130 festum
3033 3076 3308 3131 celebrare
3338 3076 3527 3146 jubet?
3555 3078 3610 3129 tu

2028 3178 2187 3219 cruce
2214 3164 2357 3218 enim
2398 3164 2609 3220 oblatus
2634 3176 2749 3228 est;
2782 3166 2870 3219 ubi
2903 3181 3030 3241 vero
3058 3167 3380 3221 sacrificium
3409 3208 3423 3232 ,
3472 3167 3543 3222 ibi
3564 3176 3620 3220 et

2030 3266 2365 3325 peccatorqu
2410 3256 2691 3323 remissio,
2738 3257 2808 3312 ibi
2858 3258 3224 3313 reconciliatio
3257 3258 3503 3327 Domini,
3549 3257 3620 3311 ibi

2031 3345 2223 3401 festum
2253 3355 2306 3401 et
2326 3346 2600 3417 gaudium.
2636 3346 2835 3401 Pascha
2863 3359 3108 3408 nostrum,
3144 3347 3335 3415 inquit,
3367 3363 3457 3416 pro
3479 3347 3620 3400 nobis

2030 3438 2317 3492 immolatus
2345 3448 2416 3492 est
2440 3437 2691 3493 Christus.
2727 3438 2821 3493 L'bi
2855 3438 3156 3492 inuuolatus
3176 3436 3300 3491 est?
3324 3435 3379 3489 lu
3407 3437 3619 3491 excelsa

2031 3542 2208 3583 cruce.
2255 3527 2458 3581 Novum
2485 3538 2539 3605 et
2575 3529 2908 3598 peregrinum
2945 3529 3140 3594 altare,
3190 3543 3311 3582 cum
3347 3543 3539 3581 novum
3568 3539 3622 3581 et

2035 3619 2343 3674 inusitatum
2387 3619 2543 3673 fuerit
2578 3620 2921 3675 sacrilicium.
2971 3618 3111 3674 Idem
3139 3630 3193 3674 et
3218 3620 3534 3674 sacrificium
3566 3630 3624 3674 et

2033 3710 2283 3765 sacerdos
2303 3721 2413 3765 erat
2437 3752 2451 3774 ,
2479 3710 2798 3764 sacrificium
2833 3710 3126 3765 secundum
3156 3724 3411 3776 carnem,
3444 3725 3641 3783 sacer-~

2034 3802 2131 3858 dos
2156 3801 2447 3858 secundum
2478 3803 2757 3871 Spiritum;
2802 3802 2940 3858 idem
2973 3802 3263 3857 immolavit
3286 3812 3340 3856 et
3377 3801 3622 3855 immola-

2038 3893 2210 3947 batur.
2256 3893 2390 3946 Audi
2440 3894 2629 3947 iterum
2678 3893 2899 3947 Puulum
2942 3893 3206 3947 dicentem
3238 3909 3252 3944 :
3286 3891 3463 3945 Omnis
3491 3892 3622 3945 enim

2038 3986 2264 4054 pontifex
2288 4000 2349 4038 et
2376 3985 2659 4037 hominibus
2688 3995 2977 4052 assumptus
2995 4026 3010 4049 ,
3036 4000 3127 4052 pro
3173 3983 3455 4036 hominibus
3500 3998 3625 4035 cou-

2036 4075 2258 4127 stituitur
2291 4074 2341 4126 iu
2370 4074 2448 4127 his
2474 4090 2587 4141 qtttc
2610 4084 2725 4126 sunt
2751 4075 2819 4126 at!
2849 4074 3007 4126 Deum
3041 4072 3195 4145 (llcb.
3225 4072 3277 4126 5.
3315 4073 3362 4126 1.
3388 4080 3434 4123 ει
3460 4076 3513 4125 8.
3547 4072 3624 4139 5).

2042 4163 2193 4219 L‘ndc
2237 4179 2457 4220 Ilt‘Ct‘SSC
2483 4175 2563 4218 est
2598 4174 2650 4217 et
2680 4165 2818 4218 hunc
2862 4164 3057 4218 habere
3087 4162 3282 4231 aliquid
3324 4161 3467 4231 quod
3495 4161 3627 4215 offe-

2041 4264 2139 4308 rat.
2186 4256 2319 4310 Ecce
2349 4256 2584 4324 seipsum
2616 4254 2791 4308 ofl'crt.
2836 4253 2973 4307 Alibi
3003 4268 3131 4307 vero
3162 4253 3353 4307 iterum
3392 4252 3465 4304 ait
3493 4270 3506 4305 :
3539 4251 3629 4306 Sic

2041 4359 2085 4402 ct
2109 4348 2335 4402 Christus
2372 4346 2526 4400 semel
2566 4346 2760 4400 oblatus
2786 4330 2855 4400 est
2882 4346 2949 4398 ad
2988 4328 3258 4398 multorum
3285 4344 3630 4399 exhauriendo

2043 4436 2247 4511 peccata
2279 4432 2535 4504 (Ilebr.9.
2549 4438 2662 4510 28).
2680 4438 2819 4495 Ecce
2833 4441 2918 4494 hic
2932 4439 3143 4495 oblatus
3158 4442 3258 4497 est,
3285 4434 3355 4489 ibi
3382 4436 3615 4504 seipsum

2042 4532 2250 4586 obtulit.
2277 4530 2481 4592 Vidisti,
2505 4528 2773 4599 quomodo
2792 4528 2931 4584 idem
2958 4528 3278 4583 sacrificium
3296 4542 3390 4580 seu
3414 4527 3626 4582 victima

2042 4630 2097 4676 et
2124 4621 2373 4675 sacerdos
2405 4620 2559 4673 fuerit
2588 4636 2601 4671 :
2640 4627 2694 4673 et
2722 4635 2851 4674 crux
2895 4628 3009 4672 erat
3048 4619 3235 4672 altare.
3285 4616 3390 4671 Sed
3420 4616 3627 4685 disqui-

2046 4713 2269 4769 rcndum
2301 4724 2403 4780 cst,
2435 4729 2530 4768 cur
2560 4728 2667 4767 non
2700 4712 2751 4766 in
2778 4711 2977 4780 templo
3004 4709 3326 4765 sacrificium
3350 4708 3628 4774 offeratur,

2047 4808 2099 4862 in
2127 4807 2358 4876 templo,
2400 4807 2619 4876 inquam
2645 4847 2659 4871 ,
2706 4803 2958 4869 Judaico,
3009 4802 3102 4858 sed
3143 4810 3292 4856 extra
3338 4799 3629 4861 civitatem,

2046 4908 2195 4953 extra
2220 4898 2435 4954 muenia.
2468 4897 2627 4951 Extra
2655 4895 2922 4952 civitatem
2946 4893 3231 4949 crucifixus
3255 4898 3338 4945 est
3364 4900 3630 4960 tamquam

2047 4989 2327 5044 damnatus
2351 4988 2611 5058 quiSpiam
2638 4996 2691 5042 et
2716 5001 2841 5042 reus
2864 5028 2879 5053 ,
2908 4994 2963 5039 ut
3008 4982 3321 5053 impleretur
3349 4980 3476 5035 illud
3507 4995 3633 5049 pro-

2048 5080 2227 5150 pheta:
2270 5080 2514 5135 dictum:
2547 5079 2615 5133 Et
2659 5095 2773 5134 cum
2820 5075 3007 5144 iniquis
3051 5082 3312 5144 reputatus
3360 5080 3432 5126 est
3466 5068 3629 5141 (ιεαί.

2048 5174 2137 5228 55.
2170 5171 2284 5242 ιε).
3236 5240 3239 5245 ν
3432 5228 3437 5233 .

2123 5263 2288 5318 Extra
2332 5264 2579 5316 civitatem
2612 5277 2705 5315 cur
2751 5275 2928 5331 passus
2967 5256 3217 5311 Christus.
3269 5252 3536 5320 Templum
3564 5258 3636 5305 est

2041 5359 2156 5429 jam
2190 5367 2294 5411 tota
2333 5366 2493 5429 terra.
2526 5383 2597 5393 —
2639 5354 2813 5419 Quare
2862 5350 3020 5421 igitur
3069 5354 3220 5402 extra
3266 5344 3535 5399 civitatem
3582 5343 3635 5396 in

2050 5452 2197 5507 edito
2226 5452 2362 5514 loco,
2391 5460 2445 5504 et
2471 5428 2576 5503 non
2602 5447 2702 5502 sub
2732 5454 2871 5503 tecto
2894 5442 3183 5515 quopiam?
3202 5440 3316 5496 Νοιι
3342 5440 3458 5495 sine
3478 5452 3636 5493 causa

2053 5543 2157 5598 hoc
2204 5541 2458 5611 contigit,
2501 5539 2595 5595 scd
2636 5548 2693 5594 ut
2736 5538 2875 5593 aeris
2919 5544 3163 5591 naturam
3193 5540 3487 5603 purgaret:
3519 5530 3639 5583 ideo

2052 5637 2104 5691 in
2133 5634 2347 5692 excelso
2365 5633 2485 5688 loco
2510 5631 2720 5687 oblatus
2753 5638 2836 5686 est
2859 5670 2874 5695 ,
2907 5629 3005 5684 sub
3032 5626 3177 5682 nullo
3204 5635 3365 5691 tecto,
3394 5620 3486 5676 scd
3520 5619 3640 5673 loco

2056 5728 2178 5785 tecti
2206 5723 2339 5782 caelo
2368 5721 2807 5797 superimposito,
2854 5730 2907 5776 ut
2932 5718 3241 5775 univcrsqu
3270 5714 3453 5771 cadum
3486 5720 3638 5763 mun-
