4062 6206
432 273 538 331 409

437 377 656 434 daretur
680 389 781 431 ove
800 374 853 430 in
874 372 1091 431 sublimi
1107 372 1229 429 loco
1247 372 1541 429 immolata.
1567 372 1853 443 Purgatum
1867 372 2029 442 igitur

439 477 525 524 est
546 468 771 527 caelum.
811 474 1034 538 purgata
1072 474 1239 521 terra.
1280 464 1527 520 Stillabat
1552 464 1695 519 enim
1727 464 1939 533 sanguis
1962 479 2030 519 ex

436 559 605 614 latere
629 572 793 628 super
814 566 1030 623 terram,
1058 570 1352 625 omnesque
1377 555 1493 625 ejus
1514 554 1750 610 maculas
1770 563 1827 609 et
1849 554 2029 626 inqui-

435 657 687 712 namenta
727 648 878 704 eluit.
927 648 995 703 Et
1035 649 1194 718 hujus
1241 647 1455 717 quidem
1491 646 1658 716 gratia
1708 645 2028 702 sacriﬁcium

436 740 539 795 hoc
565 739 666 794 sub
693 750 831 795 tecto
852 755 958 794 non
990 739 1279 809 peragitur,
1312 753 1477 808 quare
1506 752 1634 792 vero
1667 752 1771 791 non
1823 738 1875 791 in
1914 739 2029 806 ipso

436 834 638 900 templo
672 831 892 886 Judaico
915 830 938 883 ?
978 829 1160 898 Neque
1186 828 1287 883 hoc
1314 838 1513 883 temere
1537 838 1589 882 ot
1616 828 1733 883 sine
1754 843 1916 883 causa
1939 842 2029 882 ac-

434 925 563 979 cidit
594 941 607 978 :
637 924 884 978 videlicet
914 938 982 978 ne
1004 923 1173 977 Judtei
1201 921 1304 977 hoc
1341 921 1659 977 sacriﬁcium
1688 920 1788 976 sibi
1819 927 1881 977 ut
1909 935 2031 989 pro.

436 1016 609 1085 prium
643 1015 973 1069 vindicarent
992 1056 1007 1079 ,
1040 1028 1107 1067 ne
1129 1021 1344 1082 putares
1376 1028 1472 1082 pro
1500 1013 1613 1067 sola
1643 1012 1731 1070 illa
1754 1021 1911 1082 gente
1937 1026 2028 1067 sa-

360 1088 693 1170 ,'criﬁcium
752 1108 854 1161 hoc
906 1106 1139 1160 oblatum
1195 1121 1315 1161 esse
1362 1124 1377 1163 :
1425 1114 1708 1175 propterea
1763 1104 1822 1158 ﬁt
1870 1111 2023 1159 extra

434 1202 655 1266 mantia,
680 1210 739 1253 ut
762 1200 957 1264 discas,
982 1196 1232 1268 generale
1252 1212 1375 1253 esse
1403 1197 1747 1259 sacriﬁcium,
1778 1204 1835 1249 ut
1856 1194 2029 1249 discas

434 1307 534 1364 pro
578 1292 825 1346 universa
876 1300 1016 1344 terra
1062 1289 1387 1347 oblationem
1431 1304 1550 1344 esse
1594 1297 1650 1343 et
1688 1301 2027 1343 communem

436 1386 792 1453 expiationem
840 1384 1063 1437 institui.
1109 1382 1312 1438 Judaeis
1350 1383 1493 1437 enim
1522 1382 1590 1435 ob
1631 1381 1732 1435 hoc
1777 1380 2029 1453 praecepit

436 1477 579 1532 Dcus
603 1517 617 1541 ,
650 1486 707 1529 ut
736 1486 844 1530 tota
874 1487 1014 1531 terra
1051 1476 1233 1531 relicta
1262 1476 1314 1529 in
1339 1489 1445 1528 uno
1468 1474 1585 1528 loco
1616 1474 1950 1527 immolarent
1975 1480 2031 1527 et

434 1582 626 1637 preces
663 1567 717 1621 in
768 1582 874 1620 uno
907 1566 1026 1621 loco
1067 1566 1369 1621 funderent.
1417 1564 1550 1619 Nam
1577 1579 1698 1619 cum
1740 1573 1849 1617 tota
1889 1572 2031 1619 terra

438 1668 566 1714 tunc
591 1659 944 1714 contaminata
968 1668 1110 1713 esset
1138 1658 1281 1711 fumo
1305 1666 1359 1713 et
1387 1657 1575 1711 nidore
1613 1664 1668 1711 et
1696 1655 2029 1710 idololatrico

437 1751 714 1822 sanguine,
741 1759 797 1805 et
832 1751 954 1805 aliis
979 1750 1256 1821 gentilium
1299 1749 1713 1819 inquinamentis
1733 1789 1748 1814 ,
1783 1747 1904 1801 ideo
1926 1747 2028 1800 illis

437 1858 603 1898 unum
636 1842 811 1896 locum
851 1842 1148 1911 imperavit.
1191 1840 1296 1895 Sed
1342 1855 1463 1894 cum
1490 1837 1732 1893 Christus
1758 1837 1938 1904 venit,
1973 1847 2029 1892 et

437 1943 586 1988 extra
614 1933 881 1987 civitatem
910 1939 1136 1987 mortem
1158 1931 1309 1998 obiit,
1334 1930 1633 1985 universam
1654 1939 1850 1983 terram
1877 1944 2032 1981 mun-

436 2025 622 2091 davit,
674 2036 995 2095 omnemque
1042 2024 1218 2079 locum
1262 2023 1489 2078 orationi
1537 2022 1788 2076 idoneum
1829 2019 2026 2075 effecit.

437 2116 532 2171 Vis
560 2115 766 2171 discere
791 2115 1059 2185 quomodo
1090 2125 1196 2170 tota
1225 2124 1367 2169 terra
1399 2114 1451 2169 in
1490 2122 1762 2183 posterum
1792 2112 1860 2167 sit
1888 2120 2030 2167 tem-

435 2209 580 2279 plum
620 2206 804 2262 effecta
828 2248 843 2271 ,
891 2214 946 2261 et
982 2206 1249 2277 quomodo
1290 2206 1467 2261 omnis
1502 2205 1653 2260 locus
1688 2203 1917 2257 orationi
1960 2202 2030 2257 sit

436 2301 771 2356 destinatus?
801 2299 939 2354 Audi
970 2300 1163 2355 iterum
1200 2299 1413 2354 beatum
1458 2299 1682 2353 Paulum
1712 2297 1979 2351 dicentem
2010 2312 2025 2349 :

430 2392 504 2447 1n
526 2394 661 2445 onmi
696 2393 805 2446 loco
831 2392 1046 2445 levantes
1073 2408 1228 2461 puras
1260 2408 1441 2444 manus
1470 2390 1577 2445 sine
1603 2391 1683 2444 ira
1703 2399 1748 2444 et
1777 2389 2027 2458 discepta-

441 2486 573 2538 tione
595 2486 670 2555 (ι.
702 2484 832 2538 Tim.
857 2484 913 2540 2.
932 2485 1009 2552 8).
1043 2483 1232 2538 Vidisti
1259 2482 1526 2553 quomodo
1558 2491 1818 2537 terrarum
1842 2480 2026 2535 orbem

440 2576 790 2645 cxpurgarit?
827 2575 1004 2629 vidisti
1030 2574 1299 2643 quomodo
1321 2572 1514 2643 ubique
1539 2577 1699 2642 puras
1732 2586 1919 2625 manus
1950 2570 2028 2624 le-

440 2682 569 2720 vare
608 2667 911 2735 possimus?
942 2664 1129 2719 Omnis
1156 2664 1298 2718 enim
1337 2673 1479 2716 terra
1510 2663 1575 2716 de
1609 2672 1805 2716 caetero
1830 2661 2029 2714 sancti-

439 2757 592 2810 ﬁcata
627 2764 711 2810 est
735 2797 750 2820 ,
797 2757 905 2809 imo
944 2754 1178 2808 sanctior
1206 2762 1288 2807 est
1316 2753 1421 2806 illis
1453 2750 1764 2805 Judmorum
1805 2750 2027 2803 sanctis.

439 2849 552 2914 Qua
600 2844 848 2900 ratione?
883 2845 1014 2913 Quia
1057 2844 1127 2899 ibi
1163 2843 1374 2913 quidem
1415 2841 1640 2897 rationis
1680 2856 1872 2911 expers
1896 2881 1910 2906 ,
1945 2840 2029 2894 hic

442 2952 570 2991 vero
611 2938 815 2990 ratione
859 2934 1080 3004 praedita
1108 2935 1222 2988 ovis
1248 2932 1424 2986 oblata
1466 2940 1567 2986 est.
1618 2932 1827 2998 Quanto
1870 2930 2032 2999 igitur

441 3026 782 3096 prmstantius
813 3025 863 3078 id
894 3024 1034 3093 quod
1057 3024 1317 3079 rationem
1350 3023 1530 3089 habet,
1560 3037 1625 3076 co
1655 3021 1794 3092 quod
1824 3026 2031 3076 ratione

439 3125 624 3181 caret,
673 3124 819 3169 tanto
859 3115 1086 3184 amplior
1122 3124 1175 3168 et
1218 3114 1305 3168 hic
1349 3112 1700 3168 sanctificatio
1743 3121 1843 3167 est.
1891 3111 2031 3167 Vere

442 3208 603 3278 igitur
627 3222 755 3261 crux
787 3206 941 3260 nobis
965 3206 1156 3260 festum
1179 3204 1318 3259 diem
1351 3208 1506 3273 parit.

511 3297 564 3352 2.
594 3296 661 3350 In
685 3295 844 3352 Cruce
868 3313 960 3350 cur
981 3296 1255 3364 promissus
1281 3294 1569 3365 paradisus.
1598 3324 1669 3334 —
1694 3294 1784 3349 Vis
1811 3303 1865 3349 et
1884 3294 2029 3349 aliud

441 3388 615 3444 crucis
647 3386 842 3441 factum
869 3386 1332 3455 prtcclarissimum
1353 3424 1369 3450 ,
1415 3394 1469 3438 et
1507 3384 1647 3454 quod
1687 3400 1901 3439 omnem
1935 3384 2035 3439 hu-

442 3496 655 3535 manam
683 3477 1081 3547 intelligentiam
1109 3470 1361 3545 superat,
1395 3473 1679 3529 ediscere?
1720 3474 2031 3530 Paradisum

442 3573 681 3627 clausum
711 3572 918 3640 aperuit
944 3570 1137 3624 hodie:
1167 3567 1326 3622 hodie
1355 3566 1497 3621 enim
1526 3567 1784 3622 latronem
1809 3567 1859 3621 in
1884 3567 2030 3621 illum

443 3664 753 3721 introduxit.
802 3663 916 3717 Duo
961 3660 1366 3732 praeclarissima
1415 3658 1696 3717 facinora:
1731 3659 2031 3730 paradisum

442 3754 740 3819 reseravit,
770 3762 825 3807 et
853 3753 1111 3807 latronem
1154 3752 1470 3807 introduxit.
1520 3750 1769 3806 Reddidit
1793 3750 1864 3803 illi
1892 3748 2033 3804 antio

443 3864 601 3918 quam
636 3847 859 3917 patriam
882 3886 897 3911 ,
930 3845 1136 3900 reduxit
1166 3846 1218 3899 in
1246 3854 1519 3915 paternam
1547 3844 1836 3899 civitatem.
1870 3840 2036 3895 Hodie

445 3954 639 3993 mecum
666 3938 800 4001 eris,
833 3936 1036 4005 inquit,
1077 3936 1129 3989 in
1165 3936 1401 4007 paradiso
1437 3934 1584 4004 (Luc.
1610 3935 1700 3991 25.
1735 3936 1851 4004 l5).
1897 3932 2033 4000 Quid

443 4028 614 4086 dicis?
640 4028 921 4083 cruciﬁxus
949 4035 1004 4082 et
1028 4028 1175 4083 cruci
1203 4028 1367 4082 clavis
1396 4027 1585 4081 afﬁxus
1614 4043 1673 4082 es
1696 4069 1709 4090 ,
1738 4036 1791 4083 et
1820 4025 2033 4098 paradi-

446 4136 567 4177 sum
600 4120 906 4191 promittis?
944 4119 1212 4190 quomodo
1252 4119 1367 4175 hmo
1394 4120 1513 4174 talia
1555 4120 1833 4191 largieris?
1877 4122 2035 4187 Atqui

447 4212 642 4267 Paulus
682 4211 756 4265 ait
788 4227 801 4263 :
830 4209 1116 4278 Cruciﬁxus
1162 4219 1235 4264 est
1279 4227 1342 4264 ea:
1367 4211 1679 4277 inﬁrmitate.
1732 4210 1865 4264 Audi
1910 4226 2037 4263 vero

448 4320 577 4376 quae
630 4313 975 4374 sequuntur:
1006 4304 1109 4357 Sed
1156 4305 1281 4357 vivit
1324 4319 1389 4358 ea:
1432 4305 1620 4357 virtute
1659 4301 1869 4372 Dei(2.
1895 4300 2020 4357 Cor.

451 4396 541 4450 15.
574 4394 653 4464 4).
673 4396 736 4448 ιι
762 4409 950 4448 rursus
968 4394 1093 4448 alibi
1117 4410 1131 4446 :
1169 4393 1349 4446 Virtus
1364 4409 1478 4446 mea
1501 4394 1553 4446 in
1576 4393 1887 4462 inﬁrmitate
1902 4409 2024 4461 per-

446 4489 628 4559 ﬁcitur
658 4488 733 4555 (2.
764 4486 890 4541 Cor.
911 4487 999 4541 12.
1026 4486 1104 4558 9).
1136 4485 1432 4558 Propterea
1470 4484 1525 4540 in
1555 4500 1716 4540 cruce
1736 4485 2026 4557 polliceor,

451 4584 591 4629 utet
634 4589 729 4643 per
767 4575 904 4626 hanc
947 4574 1122 4627 discas
1160 4588 1331 4627 meam
1380 4574 1690 4643 potentiam.
1731 4574 1861 4627 Cum
1892 4576 2037 4631 enim

448 4679 579 4720 crux
607 4664 675 4717 sit
700 4676 788 4717 res
813 4662 1097 4731 injucunda
1120 4672 1174 4717 et
1203 4662 1424 4717 molesta
1443 4704 1457 4727 ,
1503 4679 1569 4717 ne
1594 4663 1793 4718 vultum
1819 4663 2037 4733 dejicias

452 4754 520 4809 ad
544 4753 717 4809 crucis
762 4762 1007 4807 naturam
1048 4752 1331 4808 attendens
1355 4794 1370 4819 ,
1398 4753 1492 4808 sed
1520 4762 1577 4808 ut
1602 4754 1754 4809 laetus
1779 4762 1833 4808 et
1859 4754 2040 4810 alacer

455 4844 703 4901 cfﬁciaris
726 4885 741 4909 ,
790 4843 856 4897 ad
898 4842 1135 4899 cruciﬁxi
1185 4844 1474 4912 potentiam
1522 4845 1813 4914 respiciens
1836 4887 1851 4911 ,
1883 4861 1944 4900 ea
1972 4845 2039 4901 de

455 4953 613 4994 causa
644 4936 732 4991 ille
762 4935 833 4990 ibi
864 4949 1014 4989 suam
1044 4935 1136 4990 tibi
1168 4935 1413 4989 virtutem
1441 4936 1691 4991 ostendit.
1736 4935 1852 4991 Non
1897 4939 2037 4992 enim

460 5038 722 5085 mortuum
758 5027 1029 5093 excitans,
1061 5042 1167 5081 non
1206 5025 1337 5081 mari
1369 5026 1671 5096 imperans,
1702 5042 1806 5081 non
1834 5026 2037 5081 daemo-

459 5135 553 5174 nes
580 5122 880 5191 increpans,
927 5119 1021 5174 sed
1046 5119 1353 5183 cruciﬁxus,
1393 5119 1557 5173 clavis
1584 5118 1776 5174 afﬁxus
1799 5159 1815 5184 ,
1849 5119 2040 5189 injuria

459 5208 701 5278 affectus,
724 5212 893 5283 Sputis
920 5211 1134 5274 oblitus,
1163 5210 1416 5265 conviciis
1442 5211 1731 5280 impetitus,
1778 5212 1954 5267 irrisui
1986 5221 2041 5267 et

426 5284 434 5339 Ι
464 5298 692 5354 ludibrio
718 5302 857 5371 apud
882 5317 1069 5357 omnes
1108 5301 1338 5368 habitus,
1372 5302 1540 5373 potuit
1564 5302 1629 5357 ad
1653 5318 1709 5358 se
1739 5303 1931 5357 malam
1959 5304 2040 5358 la-

468 5391 636 5445 tronis
677 5404 907 5448 mentem
945 5395 1234 5451 attrahere.
1285 5395 1417 5450 Vide
1458 5398 1724 5467 utrimque
1750 5400 2038 5466 pOtentiam

464 5480 607 5536 illius
652 5482 1099 5553 eﬂ'ulgescentem.
1155 5486 1462 5543 Creaturam
1507 5490 1808 5557 concussit,
1863 5504 2041 5561 petras

463 5572 691 5644 disrupit
713 5615 727 5639 ,
760 5576 987 5629 animam
1021 5577 1239 5632 latronis
1275 5588 1419 5648 petra
1447 5580 1715 5635 duriorem
1750 5596 1871 5636 cera
1904 5583 2040 5637 mol-

466 5665 655 5725 liorem
702 5666 896 5725 cﬂecit.
950 5667 1117 5725 Hodie
1163 5685 1352 5724 mecum
1395 5674 1492 5728 eris
1532 5673 1583 5727 in
1613 5674 1869 5744 paradiso.
1902 5673 2038 5743 Quid

1164 256 1222 312 8.
1262 256 1544 316 JOANNIS
1582 258 2055 321 ειιιιῖδοετοιιι
2093 263 2409 321 ARCHIEP.
2450 262 2983 325 CONSTANTINOP.

2136 376 2312 431 dicis?
2345 375 2635 432 Cherubim
2664 387 2716 433 et
2738 378 3019 435 flammeus
3055 380 3201 436 ensis
3236 384 3537 441 custodiunt
3563 402 3723 458 para-

2135 466 2331 534 disum,
2365 478 2419 524 et
2444 477 2501 522 tu
2526 469 2717 524 latroni
2749 464 3043 541 ingressum
3075 487 3139 527 eo
3169 474 3479 544 polliceris?
3510 477 3726 551 Utique,

2136 559 2227 613 ait.
2259 558 2389 612 Nam
2416 570 2468 613 et
2497 574 2596 630 ego
2623 559 3045 616 Cherubinorum
3080 562 3334 619 Dominus
3359 579 3479 620 sum
3501 608 3516 632 ,
3560 578 3725 639 atque

2136 650 2270 720 ignis
2295 658 2349 705 et
2371 651 2632 721 gehenna:
2652 692 2666 717 ,
2709 652 2936 721 vitaeque
2963 662 3017 707 et
3056 657 3244 710 mortis
3273 666 3586 726 potestatem
3624 660 3726 715 ha-

2135 742 2272 807 beo;
2324 753 2604 812 propterca
2635 744 2761 798 dicit
2794 762 2806 796 :
2849 744 3016 799 Hodie
3045 764 3239 801 mecum
3264 750 3362 803 eris
3388 751 3439 802 in
3462 751 3721 819 paradiso.

2135 835 2266 890 Cum
2296 836 2515 890 virtutes
2542 836 2644 891 illa:
2685 837 2965 893 Dominum
2995 838 3258 905 viderint,
3284 842 3462 895 statim
3506 841 3723 908 cedent,

2134 927 2416 1006 locumque
2441 927 2664 990 dalmnt.
2707 929 2859 997 Atqui
2900 930 3075 991 nullus
3096 946 3190 986 rex
3221 947 3467 1002 umquam
3495 934 3728 1002 patiatur

2134 1018 2417 1084 latronem,
2441 1029 2529 1074 aut
2550 1020 2714 1075 alium
2733 1023 3033 1092 quempiam
3059 1038 3124 1078 ex
3153 1021 3363 1079 famulis
3381 1039 3562 1079 secum
3588 1040 3726 1081 con-

2134 1112 2394 1168 sidentem
2441 1113 2493 1166 in
2526 1113 2710 1167 urbem
2760 1113 2961 1183 ingredi
3007 1133 3020 1168 :
3063 1126 3118 1170 at
3162 1118 3261 1171 iste
3306 1117 3727 1174 humanissimus

2135 1203 2391 1258 Dominus
2420 1205 2518 1257 hoc
2546 1204 2666 1259 fecit
2698 1221 2709 1257 :
2752 1206 2803 1258 in
2829 1214 3065 1260 sanctam
3087 1221 3234 1261 suam
3265 1208 3486 1276 patriam
3518 1199 3727 1279 ingresé

2132 1308 2227 1348 sus
2268 1293 2524 1348 latronem
2550 1309 2730 1349 secum
2774 1295 3087 1361 introducit,
3122 1312 3226 1350 non
3268 1297 3599 1354 inhonorans
3624 1314 3729 1370 pa-

2134 1386 2386 1449 radisum,
2419 1388 2588 1452 absit,
2624 1387 2845 1455 pedibus
2875 1387 3095 1442 latronis
3115 1429 3131 1452 ,
3160 1388 3253 1442 sed
3286 1389 3385 1443 hoc
3410 1390 3526 1459 ipso
3554 1392 3726 1460 magis

2135 1475 2422 1530 honoratis.
2479 1476 2659 1530 llonor
2709 1477 2850 1530 enim
2897 1477 3130 1546 paradisi
3179 1488 3259 1533 est
3313 1478 3510 1534 habere
3560 1481 3725 1536 talem

2134 1565 2415 1620 Dominum
2440 1606 2456 1632 ,
2492 1576 2596 1620 tam
2629 1576 2896 1635 potentem
2922 1576 2975 1627 et
3004 1568 3292 1621 humanum
3313 1610 3327 1629 ,
3377 1579 3433 1623 ut
3467 1580 3522 1625 et
3562 1571 3727 1626 latro-

2133 1672 2256 1712 nem
2284 1657 2453 1727 possit
2475 1656 2688 1711 efﬁcere
2716 1657 2932 1726 dignum
2964 1658 3193 1726 paradisi
3224 1659 3453 1715 deliciis.
3504 1660 3717 1717 Etenim

2133 1746 2347 1815 quando
2392 1746 2701 1816 publicanos
2728 1757 2782 1800 et
2812 1748 3114 1802 meretrices
3145 1748 3201 1802 in
3226 1764 3444 1818 regnum
3474 1750 3715 1815 voeabat,

2134 1855 2239 1894 non
2272 1841 2449 1910 utique
2478 1839 2530 1893 id
2572 1838 2694 1893 fecit
2723 1855 2842 1893 cum
2873 1840 3017 1909 regni
3048 1840 3129 1894 sui
3172 1840 3437 1899 dedecore
3456 1882 3475 1906 ,
3500 1842 3594 1896 sed
3620 1858 3717 1911 po-

2134 1930 2238 1985 tius
2264 1931 2465 1999 majore
2489 1945 2610 1984 cum
2642 1929 2845 1987 honore
2871 1947 2891 1997 ί
2923 1932 3155 1985 ostendit
3179 1932 3321 1986 enim
3347 1948 3407 1988 se
3431 1947 3550 1988 esse
3577 1933 3726 2001 ejus-

2136 2020 2277 2077 modi
2304 2020 2453 2093 regni
2476 2021 2728 2077 cielorum
2757 2023 3034 2078 Dominum
3051 2024 3140 2093 qui
3167 2024 3327 2078 etiam
3348 2026 3656 2080 meretrices
3669 2034 3729 2081 et

2137 2113 2445 2183 publicanos
2464 2121 2571 2167 tam
2594 2114 2841 2183 probatos
2866 2113 3040 2171 facere
3064 2124 3252 2185 queat,
3265 2124 3322 2171 ut
3337 2116 3479 2185 digni
3501 2116 3724 2173 videan-

2135 2215 2221 2262 tur
2245 2221 2309 2261 ea
2328 2247 2341 2271 ,
2372 2221 2489 2276 qua:
2511 2205 2636 2261 inibi
2667 2215 2779 2270 est,
2808 2207 2973 2277 gloria
3002 2216 3055 2262 et
3085 2223 3325 2263 munere.
3353 2208 3719 2281 Quemadmo-

2134 2299 2260 2356 dum
2293 2300 2449 2369 igitur
2472 2298 2734 2353 medicum
2764 2308 2871 2351 tum
2899 2299 3227 2354 admiramur
3250 2340 3265 2363 ,
3307 2314 3426 2354 cum
3455 2301 3729 2355 intuemur

2134 2405 2255 2446 eum
2295 2390 2537 2445 homines
2583 2388 2961 2444 incurabilibus
3006 2389 3208 2443 morbis
3236 2389 3575 2454 laborantes,
3621 2390 3724 2445 de-

2134 2483 2282 2552 pulsa
2314 2482 2636 2547 infirmitate,
2658 2482 2894 2551 pristinae
2920 2489 2974 2535 et
3000 2497 3146 2552 purae
3169 2482 3383 2536 sanitati.
3400 2483 3684 2537 restituere
3704 2498 3722 2535 :

2136 2574 2207 2628 ita
2236 2583 2288 2628 et
2312 2570 2580 2626 Christum
2611 2572 2877 2627 admirare
2900 2612 2915 2636 ,
2955 2572 3227 2627 carissime
3248 2614 3265 2638 ,
3296 2582 3346 2626 et
3370 2572 3722 2640 obstupesce,

2135 2663 2257 2735 quia
2280 2662 2524 2718 homines
2566 2662 3046 2717 immedicabilibus
3071 2663 3260 2717 anima:
3298 2663 3495 2717 morbis
3518 2661 3727 2716 obstri-

2135 2764 2252 2810 ctos
2295 2756 2460 2823 potuit
2485 2763 2590 2808 eta
2633 2754 2833 2808 malitia
2884 2754 3146 2819 liberare,
3190 2762 3241 2807 et
3267 2769 3425 2823 regno
3452 2754 3716 2809 caelorum

2135 2845 2324 2918 dignos
2352 2845 2576 2901 reddere
2613 2860 2704 2899 eos
2727 2887 2742 2911 ,
2788 2846 2876 2915 qui
2914 2846 2981 2900 ad
3022 2860 3323 2914 supremum
3357 2844 3718 2911 improbitatis

2135 2937 2346 2991 culmen
2394 2937 2767 2993 ascenderant.
2824 2935 2992 2990 Hodie
3035 2951 3227 2989 mecum
3250 2935 3347 2988 eris
3375 2934 3427 2986 in
3453 2935 3722 3004 paradiso.

2137 3027 2365 3083 Grandis
2388 3028 2557 3082 honor
2582 3071 2596 3091 ,
2637 3028 2822 3096 ingens
2846 3027 3002 3096 hujus
3024 3026 3364 3081 humanitatis
3387 3024 3719 3094 magnitudo,

2137 3117 2521 3187 inexplicabilis
2570 3118 2725 3187 hujus
2772 3118 3022 3173 bonitatis
3072 3117 3419 3172 immensitas.
3470 3116 3601 3171 Nam
3648 3131 3721 3172 eo

2137 3211 2278 3280 quod
2310 3210 2611 3280 paradisum
2658 3209 2987 3279 ingreditur,
3038 3209 3211 3278 major
3254 3209 3421 3279 gloria
3451 3217 3539 3263 est
3576 3207 3727 3277 quod

2137 3318 2257 3359 cum
2289 3303 2511 3356 Domino
2533 3301 2841 3371 ingreditur.
2885 3300 3021 3366 Quid
3045 3341 3061 3367 ,
3089 3314 3303 3370 qumso,
3331 3298 3558 3354 accidit?
3596 3298 3728 3368 quid

2139 3393 2272 3447 latro
2295 3391 2558 3461 ejusmodi
2586 3392 2728 3461 egit,
2758 3400 2815 3445 ut
2838 3405 2903 3444 ex
2934 3390 3222 3459 improviso
3247 3389 3314 3444 de
3342 3404 3500 3443 cruce
3528 3387 3727 3459 dignus

2140 3487 2385 3558 paradiso
2404 3484 2772 3556 judicaretur?
2798 3484 3036 3539 Breviter
3054 3525 3070 3549 ,
3097 3484 3143 3538 si
3169 3483 3371 3552 placet,
3402 3482 3574 3537 dicam
3595 3523 3611 3547 ,
3641 3480 3727 3534 la-

2139 3578 2413 3646 tronisque
2442 3577 2729 3632 bonitatem
2759 3584 2813 3631 et
2833 3574 3150 3645 probitatem
3174 3572 3471 3631 ostendam.
3501 3570 3725 3641 Quando

2139 3673 2327 3727 Petrus
2353 3670 2731 3740 discipulorum
2764 3668 3008 3741 princeps
3038 3666 3265 3738 negabat
3292 3665 3451 3732 infra,
3484 3674 3608 3719 tunc
3636 3664 3727 3719 ille

2140 3778 2297 3832 supra
2328 3761 2463 3816 ﬁxus
2496 3760 2547 3813 in
2578 3773 2737 3813 cruce
2765 3757 3039 3814 confessus
3062 3767 3163 3812 est.
3219 3757 3288 3812 Et
3329 3755 3431 3810 hoc
3470 3770 3575 3810 non
3609 3753 3722 3809 dixi

2139 3854 2318 3907 animo
2341 3848 2764 3921 reprehendendi
2794 3848 3007 3903 Petrum
3030 3889 3045 3913 ,
3072 3848 3248 3914 absit;
3296 3846 3389 3901 sed
3418 3854 3473 3901 ut
3492 3859 3722 3914 magna-

2140 3943 2432 3999 nimitatem
2466 3940 2708 4007 latronis,
2733 3948 2789 3997 et
2813 3942 3158 3996 excellentem
3185 3939 3291 3993 illis
3315 3935 3739 4008 philosophandi.

2141 4036 2397 4090 rationem
2423 4032 2864 4087 demonstrarem.
2888 4029 2982 4086 llle
3002 4045 3105 4084 non
3130 4028 3245 4083 tulit
3260 4029 3508 4098 simplicis
3529 4024 3726 4098 puellae

2141 4126 2353 4190 minas;
2382 4124 2467 4178 hic
2494 4132 2660 4177 totum
2692 4121 2938 4192 populum
2978 4119 3350 4182 insanientem,
3382 4128 3433 4172 et
3458 4117 3727 4170 assistenq

2144 4225 2272 4280 tem,
2305 4223 2360 4269 et
2385 4213 2761 4267 vociferantem
2786 4253 2802 4279 ,
2846 4219 2900 4264 et
2928 4210 3131 4266 infinita
3160 4210 3213 4264 in
3253 4207 3550 4264 cruciﬁxum
3575 4219 3713 4259 con-

2142 4306 2275 4360 vicia
2318 4303 2608 4374 jactantem
2653 4302 2991 4371 conspicatus
3019 4342 3034 4366 ,
3086 4316 3193 4355 non
3234 4299 3388 4354 vertit
3427 4296 3611 4351 oculos
3651 4295 3727 4350 ad

2141 4395 2386 4465 injuriam
2434 4394 2710 4458 cruciﬁxi;
2759 4392 2854 4448 sed
2894 4391 3017 4446 ﬁdei
3043 4392 3211 4451 oculis
3239 4391 3415 4445 omnia
3446 4389 3559 4443 hsce
3583 4404 3730 4458 pra:-

2142 4497 2446 4542 tercurrens
2471 4525 2488 4553 ,
2533 4485 2784 4556 omnique
2827 4485 3037 4555 indigna
3060 4524 3078 4552 ,
3117 4494 3171 4539 et
3197 4499 3314 4555 qua:
3346 4482 3730 4553 impedimento

2143 4593 2261 4633 esse
2291 4585 2496 4647 poterat
2520 4617 2535 4641 ,
2563 4576 2912 4646 persuasione
2936 4575 3139 4644 abjecta
3164 4615 3181 4641 ,
3216 4574 3432 4644 agnovit
3470 4572 3731 4627 caelorum

2143 4673 2447 4738 Dominum,
2478 4671 2699 4741 paucula
2729 4670 2814 4724 illa
2841 4670 2997 4725 verba
3018 4669 3367 4741 proloquutus
3388 4708 3403 4733 ,
3434 4680 3552 4737 qua
3574 4664 3730 4719 illum

2141 4764 2388 4837 paradiso
2417 4762 2634 4832 dignum
2670 4760 3056 4817 ostenderunt:
3101 4759 3355 4814 Memento
3397 4759 3492 4813 mei
3539 4758 3592 4811 in
3640 4764 3731 4811 tuo

2142 4871 2295 4926 regno
2318 4852 2467 4926 (Luc.
2493 4853 2582 4908 ΞΖ).
2610 4852 2725 4919 42).
2754 4851 2832 4906 Ne
2852 4851 3282 4921 prtetervolemus
3303 4848 3612 4919 simpliciter
3624 4847 3735 4901 hoc

2142 4947 2341 5003 dictum
2366 4988 2381 5012 ,
2406 4959 2576 5015 neque
2615 4943 2808 5013 pudeat
2835 4958 2934 4997 nos
2962 4943 3271 5012 magistrum
3293 4941 3535 5011 accipere
3557 4939 3731 4994 latro-

2144 5045 2287 5098 nem,
2316 5030 2467 5098 cujus
2494 5027 2774 5083 Dominum
2804 5037 3045 5082 nostrum
3073 5040 3179 5080 non
3203 5025 3411 5097 puduit,
3442 5023 3733 5094 quominus

2145 5123 2371 5194 primum
2420 5120 2471 5173 in
2521 5117 2818 5188 paradisum
2868 5117 3192 5173 induceret:
3236 5132 3303 5171 ne
3349 5117 3736 5171 erubescamus

2146 5214 2454 5285 magistrum
2496 5211 2688 5266 habere
2735 5210 3003 5265 hominem
3036 5210 3183 5264 illum
3209 5252 3225 5277 ,
3272 5208 3362 5280 qui
3406 5215 3529 5263 an‘te
3553 5216 3731 5263 totum

2146 5305 2432 5360 humanum
2476 5317 2643 5372 genus
2691 5301 2884 5373 dignus
2928 5310 3006 5357 est
3057 5300 3268 5356 habitus
3316 5300 3733 5355 conversatione

2148 5397 2395 5469 paradisi.
2420 5394 2634 5465 Singula
2661 5394 2820 5465 igitur
2840 5393 2996 5448 verba
3020 5393 3380 5464 expendamus
3403 5435 3418 5460 ,
3446 5400 3508 5449 ut
3524 5401 3578 5448 et
3604 5392 3730 5446 hinc

2146 5490 2398 5545 virtutem
2427 5487 2599 5541 crucis
2625 5470 2912 5540 discamus.
2968 5484 3150 5554 Neque
3179 5485 3321 5539 enim
3351 5483 3417 5539 ad
3455 5485 3602 5538 illum
3625 5524 3640 5546 ,
3672 5491 3730 5535 ut

2146 5582 2213 5638 ad
2245 5582 2455 5637 Petrum
2496 5588 2552 5634 et
2588 5578 2852 5633 Andream
2876 5618 2891 5643 ,
2923 5577 3055 5632 dixit
3084 5593 3105 5633 :
3142 5576 3315 5632 Venite
3347 5587 3395 5632 et
3429 5578 3612 5645 faciam
3645 5590 3736 5629 vos

2146 5672 2416 5746 piscatores
2464 5671 2718 5727 hominum
2761 5669 2983 5741 (Matth.
3016 5672 3068 5729 4.
3102 5670 3200 5743 19)
3231 5688 3243 5726 :
3273 5683 3444 5742 neque
3488 5665 3624 5724 dixit
3663 5666 3737 5723 ad
