4062 6206
532 287 626 342 311

531 394 630 452 ἐπὶ
657 394 886 450 δώδεκα
910 397 1163 462 θρόνους
1191 399 1498 466 κρίνοντες
1523 400 1630 467 τὰς
1651 400 1880 456 δώδεκα
1909 404 2115 472 φυλὰς

531 479 640 532 τοῦ
686 476 954 545 Ἰσραήλ.
983 478 1164 541 Ὀλως
1183 479 1238 531 δὲ
1263 479 1382 533 οὐδὲ
1408 484 1650 553 ῥήματος
1671 485 1833 538 αὐτὸν
1854 485 2111 554 ἠξίωσεν.

531 561 666 617 Οὐδέ
694 555 1121 631 θαύματαεῖδεν,
1140 561 1201 614 οὐ
1223 564 1414 634 νεκρὸν
1439 565 1818 637 ἀνιστάμενον,
1838 571 1897 620 οὐ
1921 568 2114 638 δαίμο-

530 639 1066 714 ναςέλαυνομένους,
1105 645 1166 698 ού
1214 646 1484 701 θάλατταν
1511 643 1514 646 ’
1541 649 1793 704 εἴκουσαν
1833 651 1998 706 αὐτοῦ
2031 655 2115 726 τῷ

529 729 879 798 ἐπιτάγματι.
911 728 970 780 ού
1005 729 1132 796 περὶ
1161 727 1437 798 βασιλείας
1475 731 1624 801 αὐτῷ
1655 732 1922 805 διελέχθη·
1957 734 2111 810 [415]

531 809 694 864 πόθεν
720 813 777 865 δὲ
794 813 908 882 ᾔδει
927 812 1019 865 καὶ
1041 813 1139 878 τῆς
1159 811 1434 882 βασιλείας
1457 813 1516 866 τὸ
1536 815 1734 886 ὅνομα;
1758 817 1981 888 Ἴδωμεν
2005 809 2112 870 αύὲ

529 893 620 947 τοῦ
639 895 735 966 τὴν
755 897 966 947 σύνεσιν
987 895 1082 965 τὴν
1105 895 1325 965 πολλήν.
1357 897 1644 968 Ἐλοιδόρει
1667 901 1850 966 αὐτὸν,
1870 902 2058 972 φησὶν,
2078 906 2110 956 ὀ

529 977 718 1046 ἕτερος·
736 977 938 1048 λῃστής
957 994 970 1006 ·
1019 977 1117 1029 καὶ
1140 979 1248 1049 γὰρ
1270 979 1454 1048 ἔτερος
1483 976 1551 1051 ἦν
1582 980 1782 1053 λῃστὴς
1812 1000 2108 1037 συνεσταυ-

531 1060 792 1129 ρωμένος,
817 1061 904 1113 ἵνα
925 1059 1184 1130 πληρωθῇ
1203 1061 1262 1113 τὸ
1277 1055 1436 1138 ’παρά
1465 1063 1555 1116 τοῦ
1583 1067 1860 1136 προφήτου
1879 1066 2107 1142 είρημέέ

486 1141 496 1164 ’
527 1159 638 1204 νον,
677 1145 758 1195 ὃτι
791 1143 901 1196 Καὶ
945 1145 1096 1211 μετὰ
1143 1135 1384 1214 ἀνόμων
1415 1147 1726 1217 ἐλογίσθη.
1754 1135 1761 1136 ί
1791 1135 2108 1206 Ἐδούλοντο

445 1209 454 1220 ’
525 1223 635 1294 γάρ
679 1226 774 1277 καὶ
811 1225 910 1295 τήν
946 1209 1110 1291 δόξαν
1154 1209 1319 1279 αὐτοῦ
1372 1209 1644 1283 διαϐαλεῖν
1690 1209 1740 1284 οἱ
1790 1231 2108 1303 ἀγνώμονες

537 1307 800 1370 Ἰουδαῖοι,
827 1310 921 1362 καὶ
949 1310 1284 1380 πανταχόθεν
1307 1311 1611 1382 ἐπηρέθιζον
1633 1317 1746 1379 τοῖς
1773 1317 2102 1386 γινομένοις·

521 1389 659 1442 ἀλλὰ
687 1391 774 1444 διὰ
805 1391 1024 1445 πάντων
1057 1395 1090 1464 ἡ
1135 1393 1360 1466 ἀλήθεια
1399 1394 1598 1466 ηὔξανε
1623 1438 1638 1460 ,
1671 1398 1764 1452 καὶ
1807 1399 1874 1452 δι’
1923 1399 2108 1454 αὐτῶν

521 1471 630 1525 τῶν
689 1475 1028 1544 κωλυμάτων
1093 1475 1450 1551 λαμπροτέρα
1521 1480 1750 1552 ἐγίνετο.
1815 1481 2106 1553 Ἐλοιδόρει

521 1556 702 1610 τοίνυν
730 1559 894 1611 αὑτὸν
927 1562 954 1612 ό
981 1559 1170 1632 ἕτερος
1201 1562 1426 1634 λῃστής·
1455 1561 1534 1627 εἷς
1557 1565 1614 1618 δέ
1637 1581 1718 1628 τις
1745 1564 1851 1620 τῶν
1873 1566 2106 1635 εὐαγγε-

521 1639 722 1693 λιστῶν
760 1658 944 1712 φησιν,
963 1644 1044 1696 ὃτι
1077 1644 1382 1718 ἀμφότεροι
1411 1647 1712 1719 ἐλοιδόρουν
1739 1647 1832 1700 τὸν
1872 1647 2104 1719 Ἰησοῦν·

521 1722 790 1776 καὶτοῦτο
817 1725 873 1778 δὲ
900 1725 1120 1797 ἀληθὲς,
1151 1726 1180 1779 ὃ
1213 1729 1309 1781 καὶ
1343 1729 1577 1799 μάλιστα
1610 1730 1870 1784 ἐπιτείνει
1911 1730 2104 1786 τούτου

519 1805 618 1875 τὴν
643 1807 1085 1885 εὐγνωμοσύνην.
1127 1811 1286 1876 Εἰκὸς
1319 1813 1428 1884 γάρ
1467 1813 1630 1866 αὑτὸν
1658 1813 1968 1885 λοιδορῆσαι
2005 1815 2105 1884 μὲν

520 1888 670 1957 παρά
701 1881 798 1959 τὴν
832 1891 1025 1962 ἀρχὴν,
1057 1892 1254 1963 ἀθρόον
1292 1893 1348 1946 δέ
1375 1881 1644 1966 τοσαύτην
1670 1895 1770 1966 τήν
1798 1881 2103 1968 μεταϐολὴν

519 1971 914 2036 ἐπιδείξασθαι.
957 1974 1244 2046 Ἐλοιδόρει
1277 1978 1458 2031 τοίνυν
1491 1979 1675 2046 αὑτὸν,
1703 1979 1888 2050 φησὶν,
1926 1981 1956 2033 ό
1986 1979 2103 2034 ἓτε-

522 2069 614 2122 ρος
643 2052 866 2124 λῃστής.
895 2051 1046 2121 Εῐδες
1075 2059 1276 2132 λῃστὴν
1305 2063 1399 2114 καὶ
1429 2060 1668 2131 λῃστήν;
1707 2063 2008 2134 ἀμφότεροι
2043 2064 2102 2114 ἐν

518 2135 599 2205 τῷ
627 2138 865 2209 σταυρῷ,
890 2142 1190 2212 ἀμφότεροι
1219 2143 1328 2198 ἀπὸ
1351 2145 1634 2215 πονηρίας,
1662 2146 1963 2217 ἀμφότεροι
1993 2144 2102 2199 ἀπὸ

520 2217 634 2287 βίου
682 2219 964 2293 λῃστικοῦ,
1010 2224 1126 2277 ἀλλ’
1157 2226 1259 2279 οὐκ
1308 2227 1612 2300 ἀμφότεροι
1645 2229 1704 2281 ἐν
1731 2233 1844 2290 τοῖς
1895 2229 2110 2292 αὐτοῖς·

515 2303 630 2356 ἀλλ’
653 2307 680 2358 ό
707 2305 806 2374 μὲν
837 2305 1114 2376 βασιλείαν
1144 2309 1602 2382 ἐκληρονόμησεν,
1629 2313 1657 2364 ὁ
1687 2311 1742 2364 δὲ
1769 2313 1848 2375 εἰς
1876 2311 2101 2380 γέενναν

519 2388 930 2460 παρεπέμπετο.
953 2389 1109 2444 Οὕτω
1130 2392 1222 2444 καὶ
1253 2391 1402 2462 χθὲς,
1447 2393 1690 2465 μαθητὴς
1719 2393 1810 2448 καὶ
1837 2393 2096 2464 μαθηταί·

517 2471 631 2524 ἀλλ’
671 2473 698 2524 ό
749 2473 847 2542 μὲν
893 2473 1028 2546 πρὸς
1085 2476 1376 2546 προδοσίαν
1423 2478 1897 2549 παρεσκευάζετο,
1947 2479 1998 2531 οἱ
2044 2478 2100 2532 δὲ

518 2557 656 2624 πρὸς
685 2555 962 2611 διακονίαν
992 2559 1396 2630 εὐτρεπίζοντο·
1428 2562 1522 2615 καὶ
1557 2563 1764 2626 ἐκεῖνος
1796 2562 1895 2632 μὲν
1944 2561 2099 2631 ἔλεγε

515 2640 627 2699 τοῖς
650 2640 984 2708 Φαρισαίοις·
1011 2643 1071 2696 Τί
1086 2641 1291 2698 θέλετέ
1313 2663 1415 2713 μοι
1443 2645 1676 2710 δοῦναι,
1697 2647 1794 2699 καί
1820 2645 1936 2715 ἐγὼ
1955 2647 2101 2715 ὑμῖν

515 2719 852 2786 παραδώσω
873 2725 1100 2786 αὺτόνς
1123 2721 1267 2778 οὗτοι
1290 2726 1346 2779 δὲ
1376 2726 1680 2797 προσῆλθον
1700 2727 1778 2798 τῷ
1806 2727 1981 2797 Ἰησοῦ
2007 2729 2067 2782 λέ
2083 2759 2098 2770 -

515 2819 732 2870 γοντες·
776 2804 901 2858 Ποῦ
941 2805 1156 2878 ,θέλεις
1187 2808 1578 2878 ἐτοιμὰζωμέν
1621 2823 1721 2864 σοι
1771 2809 1986 2880 φαγεῖν
2031 2814 2098 2864 τὸ

512 2885 767 2956 Πάσχα;
790 2887 946 2942 Οὕτω
979 2890 1072 2943 καὶ
1099 2890 1354 2956 ἐνταῦθα,
1384 2891 1586 2965 λῃστὴς
1609 2894 1703 2947 καὶ
1726 2893 1952 2965 λῃστής·
1981 2894 2096 2948 ἀλλ’

511 2971 540 3022 ὁ
573 2970 673 3040 μὲν
708 2969 1046 3044 ἐλοιδορεῖτο,
1068 2973 1096 3026 ό
1120 2973 1176 3026 δὲ
1197 2975 1564 3045 ἐπιστομίζει·
1586 2979 1614 3030 ὁ
1637 2978 1734 3048 μὲν
1759 2977 2094 3048 βλασφημεῖ,

512 3056 540 3105 ὁ
576 3053 632 3105 δὲ
657 3054 899 3121 ἐγκαλεῖ,
947 3055 1043 3109 καὶ
1075 3057 1252 3112 ταῦτα
1290 3059 1431 3130 ὁρῶν
1459 3060 1876 3132 ἐσταυρωμένον
1907 3061 2092 3126 αὐτὸν,

514 3136 1004 3206 κατακεκριμένον,
1043 3138 1136 3191 τὸν
1173 3140 1346 3211 δῆμον
1375 3141 1620 3196 κάτωθεν
1664 3142 2094 3214 λοιδορούμενον,

514 3215 819 3270 ἐπιϐοῶντα
862 3219 1092 3288 μεγάλα·
1147 3221 1260 3274 ἀλλ’
1296 3223 1446 3293 ὅμως
1500 3226 1652 3280 οὐδὲν
1697 3227 1901 3281 τούτων
1935 3228 2096 3281 αὐτὸν

513 3301 879 3371 παρέτρεψεν,
903 3303 1022 3356 ούδέ
1051 3305 1148 3375 τῆς
1184 3307 1567 3380 προσηκούσης
1597 3309 1755 3380 δόξης
1782 3311 2094 3378 ἀπήγαγεν,

511 3382 765 3437 ἀλλὰκαὶ
792 3384 870 3455 τῷ
911 3386 1083 3458 ἐτέρῳ
1132 3389 1300 3461 λῃστῇ
1347 3391 1594 3461 σφοδρῶς
1638 3392 1960 3458 ἐπιτίθεται,
2001 3395 2094 3447 καί

513 3481 643 3536 φησι
680 3468 815 3537 πρὸς
845 3469 1027 3522 αὐτόν·
1069 3470 1222 3524 Οὐδὲ
1252 3471 1408 3542 φοϐῇ
1433 3472 1542 3527 τὸν
1567 3473 1714 3528 Θεὸν
1745 3475 1863 3540 σύ;

583 3705 656 3768 γ’.
673 3695 824 3762 Εἶδες
842 3701 1152 3773 παρρησίαν
1175 3702 1372 3775 λῃστοῦ
1389 3721 1405 3770 ;
1436 3700 1574 3769 εἶδες
1597 3705 1714 3770 πῶς
1727 3706 1856 3761 οὐδὲ·
1869 3706 1928 3762 ἐν
1945 3723 2098 3782 σταυ·

518 3786 598 3860 ριῖι
629 3791 732 3860 τῆς
769 3791 976 3855 οἰκείας
1019 3793 1216 3864 τέχνης
1252 3794 1686 3862 ἐπιλανθάνεται,
1717 3797 1854 3852 ἀλλά
1877 3799 1965 3853 διά
1997 3794 2120 3870 τῆς

514 3879 803 3950 ὁμολογίας
821 3881 993 3952 αὐτῆς
1020 3883 1272 3954 λῃστεύει
1299 3886 1398 3955 τὴν
1424 3887 1700 3956 βασιλείαν
1722 3906 1736 3954 ;
1767 3889 1920 3944 Οὐδὲ
1938 3889 2096 3960 φοϐῇ

513 3971 624 4026 τὸν
655 3975 818 4027 Θεὸν·
839 3974 940 4040 σὺ,
967 3976 1166 4046 φησίν;
1199 3974 1351 4042 Εἶδες
1396 3981 1708 4052 παρρησίαν
1743 3982 1799 4035 ἐν
1842 3981 2091 4055 σταυρῷς

515 4061 654 4129 εἶδες
703 4066 1061 4137 φιλοσοφίαν,
1118 4065 1268 4133 εἶδες
1321 4071 1643 4138 εύλάὸειανς
1697 4075 1820 4128 Ὅτι
1869 4075 1978 4147 γάρ
2037 4075 2096 4128 ἐν

515 4154 694 4226 ἐαυτῷ
712 4151 800 4228 ἦν.
820 4157 901 4210 ὅτι
931 4157 1028 4222 τὰς
1057 4160 1262 4230 φρένας
1291 4161 1428 4226 ὅλως
1456 4159 1568 4234 εἶχε
1601 4166 1714 4227 τοῖς
1749 4165 1899 4236 ἦλοις
1925 4167 2108 4236 ἐμπεέ

514 4249 810 4320 παρμένος,
847 4251 941 4304 καὶ
977 4251 1073 4314 τὰς
1103 4254 1166 4305 ἐκ
1217 4251 1326 4306 τῶν
1369 4253 1514 4324 ἥλων
1563 4255 1754 4319 ὀδύνας
1807 4256 2122 4328 ὑπομένων

511 4337 610 4401 τὰς
639 4341 966 4410 ἀφορήτους,
998 4343 1119 4411 οὐχὶ
1149 4342 1526 4413 θαυμάζεσθαι
1546 4346 1694 4411 ἄξιος
1725 4345 1817 4399 τοῦ
1848 4347 2094 4415 γενναίου

513 4429 1088 4507 φρονήματοςιένεκω
1130 4431 1270 4500 Ἐγὼ
1316 4433 1416 4502 μὲν
1441 4434 1500 4486 οὐ
1529 4433 1906 4504 θαυμάζεσθαι
1934 4437 2096 4507 μόνον

511 4517 699 4584 ἄξιον,
748 4503 884 4574 ἀλλά
931 4521 1025 4574 καὶ⁵
1080 4521 1480 4594 μακαρίζεσθαι
1529 4503 1689 4578 αὐτδν
1746 4503 1972 4592 δικαίως
2027 4529 2106 4608 ἂν.

513 4609 740 4681 εἴποιμι.
759 4612 872 4665 Καὶ
901 4611 1009 4685 γὰρ
1035 4614 1095 4666 ού
1121 4609 1280 4684 μόνον
1311 4615 1411 4670 οὐκ
1445 4617 1809 4690 ἐπεστρέφετο
1837 4619 1974 4692 πρὸς
1994 4621 2094 4687 τὰς

512 4699 834 4770 ἀλγηδόνας,
883 4701 1000 4756 ἀλλ’
1033 4703 1195 4773 ἀφεὶς
1235 4706 1304 4760 τὰ
1351 4706 1474 4760 καθ’
1514 4709 1728 4786 ἐαυτὸν,
1786 4710 1854 4764 τὰ
1903 4711 2091 4785 ἐτέρου

511 4791 818 4864 ἐφρόντιζε,
853 4796 945 4848 καὶ
980 4796 1127 4861 ὅπως
1159 4799 1367 4852 ἐκεῖνον
1399 4799 1681 4874 ἐξαρπάσῃ
1719 4803 1821 4874 τῆς
1862 4805 2090 4878 πλάνης,

511 4887 606 4938 καὶ
626 4885 944 4952 διδάσκαλος
979 4887 1204 4960 γένηται
1225 4892 1283 4946 ἐν
1309 4892 1548 4964 σταυρῷ,
1569 4894 1919 4962 ἐσπούδαζεν.
1938 4899 2092 4954 Οὐδὲ

510 4996 554 5048 φ
577 4975 668 5046 ρϐᾖ
721 4979 828 5033 τὸν
868 4979 1038 5044 Θεὸν,
1073 4981 1228 5052 φησὶ,
1264 4983 1384 5047 σύ;
1417 4985 1718 5056 Μονονουχὶ
1759 4987 1909 5058 λέγει
1955 4991 2093 5063 πρὸς

509 5070 704 5124 αὐτόν·
736 5071 828 5142 Μὴ
857 5070 948 5142 ¹τῷ
995 5073 1147 5128 κάτω
1182 5073 1520 5147 δικαστηρίῳ
1551 5079 1808 5151 πρόσεχε,
1861 5083 1934 5155 μή
1982 5084 2092 5138 ἀπὺ

508 5160 620 5215 τῶν
647 5162 946 5234 ὁρωμένων,
971 5161 1230 5234 ψηφίζου,
1274 5165 1350 5238 μὴ
1381 5166 1448 5219 τά
1473 5169 1732 5239 γινόμενα
1763 5171 1923 5240 μόνον
1951 5174 2055 5245 ὅρα
2073 5191 2088 5207 ·

510 5251 659 5306 ἐστιν
691 5253 878 5324 ἕτερος
913 5255 1105 5327 κριτὴς
1127 5255 1386 5327 ἀόρατος.
1414 5257 1710 5312 ἀδέκαστόν
1737 5263 1886 5316 ἐστιν
1918 5265 2092 5319 ἐκεῖνο

510 5342 572 5395 τὸ
613 5343 980 5418 δικαστήριον,
1027 5348 1492 5420 παραλογισθῆναι
1543 5351 1618 5420 μὴ
1657 5351 1973 5423 δυνάμενον.
1999 5357 2090 5428 Μὴ

511 5431 687 5486 τοίνυν
740 5435 874 5508 ῐδῃς,
920 5439 1000 5492 ὅτι
1055 5439 1368 5513 κατεκρίθη
1396 5441 1566 5494 κάτω·
1603 5443 1738 5498 ἀλλὰ
1769 5445 1842 5499 τὰ
1885 5446 1996 5500 ἀνω
2028 5449 2089 5501 ού

509 5523 756 5578 τοιαῦτα.
803 5527 1066 5583 Ἐνταῦθα
1099 5531 1200 5602 μὲν
1223 5531 1334 5605 γὰρ
1366 5535 1425 5587 ἐν
1459 5534 1537 5606 τῷ
1572 5536 1722 5590 κάτω
1750 5537 2087 5611 δικαστηρίῳ

515 5618 608 5670 καὶ
632 5617 914 5673 ἀνεύθυνοι
942 5623 1202 5688 πολλάκις
1240 5625 1713 5693 καταδικάζονται,
1739 5630 1832 5684 καὶ
1855 5629 2089 5684 ὑπεύθυ-

508 5724 591 5764 νοι
641 5709 924 5781 ἀφίενται,
960 5711 1108 5783 [HG]
1142 5715 1232 5768 καὶ
1261 5715 1459 5773 δίκαιοι
1495 5719 1946 5789 κατακρίνονται,
1993 5722 2087 5776 καὶ

1236 282 1293 340 S.
1335 282 1620 344 JOANNIS
1654 288 2158 352 CHRYSOSTOMI
2187 297 2506 355 ARCIIIEP.
2543 301 3096 365 CONSTANTINOP.

3695 307 3794 374 ne

2221 411 2392 465 ἄδικοι
2419 413 2790 483 διαφεύγουσι.
2836 417 2918 470 Τὰ
2954 419 3054 488 μὲν
3081 419 3189 492 γάρ
3234 421 3450 488 ἑκόντες
3471 425 3577 479 τῶν
3611 445 3798 501 κρινο-

2224 506 2515 573 μένων,τά
2567 507 2625 560 δὲ
2655 509 2882 574 ἄκοντες
2932 511 3337 584 διαφθείρουσιν
3371 517 3422 568 οι
3461 517 3648 572 πολλοὶ
3687 522 3799 578 τῶν

2217 594 2540 668 ἀνθρώπων·
2588 600 2621 670 ἦ
2653 601 3116 673 γὰρ’ἀγνοοῦντες
3146 605 3207 659 τὸ
3229 606 3436 662 δίκαιον
3461 612 3553 664 καὶ
3581 613 3798 688 ἀπατη-

2219 685 2420 753 θέντες,
2451 689 2481 760 ἢ
2515 690 2710 757 ἰδόντες
2740 693 2858 764 μὲν,
2883 696 2988 748 ὑπὸ
3009 697 3306 768 χρημάτων
3325 697 3382 751 δὲ
3408 685 3798 774 διαφθαρέντες

2219 781 2537 850 προέδωκαν
2569 784 2664 856 τὴν
2705 786 2995 856 ἀλήθειαν,
3049 789 3144 843 καὶ
3200 791 3639 862 κατεψηφίσαντο
3687 796 3798 850 τῶν

2214 871 2544 926 ἀνευθύνων.
2593 877 2740 930 Ἀνω
2791 877 2848 931 δὲ
2875 879 3025 932 οὐδὲν
3085 881 3316 935 τοιοῦτόν
3349 885 3516 938 ἐστιν.
3565 885 3624 938 '0
3657 886 3797 952 Θεὸς

2212 963 2318 1034 γὰρ
2345 966 2536 1035 κριτὴς
2565 967 2794 1034 δίκαιος,
2825 973 2916 1024 καὶ
2945 971 3005 1024 τὸ
3048 974 3220 1043 κρῖμα
3251 973 3413 1027 αὐτοῦ
3439 976 3515 1039 ὡς
3533 976 3650 1046 φῶς
3701 978 3796 1043 ἐξ-

2223 1054 2526 1110 ελεύσεται·
2563 1060 2664 1113 οὐκ
2687 1059 2798 1130 ἔχει
2818 1062 3026 1128 σκότος,
3043 1065 3147 1117 οὐκ
3184 1065 3296 1135 ἔχει
3323 1069 3661 1142 ἀποκρυὸὴν,
3699 1073 3796 1127 ού-

2210 1149 2402 1219 δεμίαν
2453 1150 2668 1232 δέχεται
2731 1159 3112 1227 παρατροπήν.
3168 1157 3288 1211 Ἵνα
3347 1160 3454 1232 γάρ
3527 1163 3606 1234 μὴ
3653 1163 3796 1237 λέγῃ

2211 1243 2437 1314 ἐκεῖνος,
2461 1245 2544 1296 ὅτι
2569 1245 2936 1316 κατεδικάσθη
2969 1248 3140 1314 κάτω,
3169 1250 3220 1302 τί
3249 1250 3398 1320 αὐτῷ
3431 1257 3794 1325 συνηγορεῖς

2209 1337 2485 1407 ἀνήγαγεν
2511 1339 2673 1391 αὐτὸν
2702 1341 2794 1392 ἐπὶ
2823 1339 2883 1393 τὸ
2914 1341 3027 1395 ἄνω
3051 1341 3420 1413 δικαστήριον,
3445 1345 3536 1398 ἐπὶ
3555 1346 3618 1399 τὸ
3639 1346 3794 1418 βῆμα

2207 1424 2267 1478 τὸ
2297 1425 2550 1494 φοϐερὸν,
2580 1429 2672 1481 ἐπὶ
2711 1429 2773 1482 τὸ
2807 1429 3090 1502 κριτήριον
3129 1433 3190 1485 τὸ
3221 1432 3534 1501 ἀδέκαστον,
3567 1437 3662 1488 ἐπὶ
3701 1439 3796 1492 τὸν

2210 1518 2645 1590 ἀπαραλόγιστον
2677 1521 2966 1594 δικαστὴν,
3003 1525 3309 1598 ἀνέμνησεν
3361 1528 3524 1581 αὐτὸν
3577 1530 3792 1585 ἐκείνου

2207 1609 2302 1663 τοῦ
2334 1611 2565 1684 φοϐεροῦ
2601 1615 2905 1687 κριτηρίου.
2954 1617 3103 1670 Ἐκεῖ
3145 1617 3332 1686 βλέπε,
3377 1623 3532 1691 φησὶ,
3571 1621 3664 1676 καὶ
3689 1624 3794 1678 οὐκ

2207 1701 2377 1764 οἴσεις
2407 1702 2506 1773 τὴν
2533 1703 2996 1769 καταδικάζουσαν
3039 1707 3242 1778 ψῆφον,
3279 1701 3412 1764 ὀὐδὲ
3442 1713 3618 1785 στήσῃ
3649 1715 3792 1784 μετά

2205 1791 2316 1846 τῶν
2345 1793 2495 1846 κάτω
2517 1793 2840 1864 ἀνθρώπων,
2889 1797 3028 1876 ἀλλά
3069 1799 3392 1870 θαυμάσεις.
3426 1802 3520 1856 καὶ
3551 1803 3791 1880 ἀποδέξῃ

2204 1881 2310 1950 τὴν.
2335 1883 2538 1938 ἀνωθεν
2559 1886 2764 1957 κρίσιν.
2791 1887 2944 1960 Οὐδὲ
2970 1873 3150 1958 φοϐῇ,
3174 1891 3328 1960 φησὶ.
3359 1891 3466 1945 τὸν
3497 1893 3648 1948 Θεὸν

2207 1971 2359 2039 Εἶδες
2397 1977 2717 2048 φιλοσοφίαν
2747 1979 2945 2052 λῃστοῦ
2967 2021 2983 2044 ,
3033 1978 3170 2046 εἶδες
3203 1982 3448 2050 σύνεσιν,
3483 1981 3624 2050 εἶδες
3643 1987 3790 2041 διδα-

2209 2068 2435 2121 σκαλίαν
2455 2085 2472 2135 ;
2493 2069 2691 2142 ἀθρόον
2729 2073 2836 2126 ἀπὸ
2863 2075 2956 2128 τοῦ
2988 2076 3222 2146 σταυροῦ
3271 2077 3407 2148 πρὸς
3437 2078 3528 2132 τὸν
3557 2079 3794 2150 οὐρανὸν

2204 2155 2433 2229 ἀνέπτη.
2471 2160 2581 2213 Καὶ
2607 2161 2711 2233 δρα
2745 2163 2908 2219 αὑτὸν
2933 2165 3291 2220 ἀποστολικὸν
3323 2169 3490 2237 νόμον
3518 2170 3618 2240 ἤδη
3645 2171 3792 2242 πλη-

2207 2247 2428 2317 ροῦντα,
2472 2253 2566 2305 καὶ
2595 2254 2658 2306 οὺ
2701 2251 2768 2307 τὰ
2821 2254 3015 2310 ἑαυτοῦ
3067 2258 3226 2328 μόνον
3281 2259 3608 2324 σκοποῦντα,
3647 2262 3792 2318 ἀλλά

2206 2338 2386 2393 πάντα
2442 2341 2700 2397 ποιοῦντα
2749 2345 2843 2398 καὶ
2889 2349 3434 2420 πραγματευόμενον,
3495 2351 3635 2406 ὥστε
3692 2356 3789 2407 καὶ

2203 2427 2412 2483 ἐκεῖνον
2443 2431 2544 2502 τῆς
2563 2425 2771 2504 πλάνης
2797 2435 3122 2506 ἀπαλλάξαι.
3145 2439 3238 2492 καὶ
3263 2441 3395 2510 πρὸς
3409 2442 3506 2512 τὴν
3525 2443 3788 2516 ἀλήθειαν

2203 2517 2590 2588 ἐπαναγαγεῖν.
2625 2525 2806 2580 Εἰπὼν
2835 2529 2964 2600 γάρ,
2999 2530 3154 2585 Οὐδὲ
3174 2531 3332 2602 φοϐῇ
3365 2533 3468 2587 τὸν
3493 2535 3641 2589 Θεὸν
3675 2537 3783 2598 σὺ.

2205 2610 2507 2684 ἐπήγαγεν,
2539 2615 2660 2669 ’Ότι
2680 2619 2752 2671 ἐν
2780 2619 2860 2685 τῷ
2891 2620 3052 2686 αὐτῷ
3091 2625 3324 2693 gap/yart
3359 2628 3544 2696 ἐσμεν.
3579 2628 3788 2684 Σκόπει

2202 2698 2589 2776 ἐξομολόγησιν
2611 2709 3045 2784 ἀπηρτισμένην.
3070 2715 3134 2767 Τί
3158 2719 3321 2780 ἐστιν,
3371 2719 3464 2772 Ἑν
3506 2718 3586 2784 τῷ
3619 2721 3785 2787 αὑτῷ

2203 2794 2442 2862 κρᾲιατί
2495 2799 2697 2868 ἐσμενς
2768 2803 2856 2854 Ἐν
2889 2806 2952 2874 τῇ
2985 2806 3144 2876 αὐτῇ,
3195 2809 3342 2876 φησί,
3389 2809 3646 2863 κολάσει·
3691 2811 3788 2864 καὶ

2202 2885 2362 2956 ἡμεῖς
2385 2887 2493 2960 γὰρ
2529 2892 2586 2944 ἐν
2609 2893 2826 2965 σταυρῷ
2855 2895 3046 2966 ἐσμεν.
3089 2899 3316 2964 Ἐκεῖνον
3367 2901 3549 2956 τοίνυν
3589 2902 3788 2957 ὀνειδί-

2202 2977 2329 3044 ζων,
2387 2982 2582 3035 σαυτὸν
2627 2985 2734 3054 πρὸ
2789 2985 2998 3040 ἐκείνου
3032 2987 3246 3058 βάλλεις
3301 2993 3424 3053 ταῖς
3469 2991 3784 3064 λοιδορίαις.

2203 3066 2418 3140 ’Ὠσπερ
2451 3067 2544 3124 οὖν
2573 3073 2601 3123 ὁ
2633 3074 2692 3126 ἐν
2723 3075 3115 3148 ἁμαρτήμασιν
3135 3078 3232 3146 ὢν,
3271 3081 3364 3134 καὶ
3393 3082 3578 3152 ἕτερον
3612 3100 3788 3138 κατα-

2201 3158 2456 3225 δικάζων,
2485 3163 2676 3218 ἑαυτὸν
2715 3165 2822 3237 πρὸ
2848 3167 3060 3236 ἐκείνου
3093 3170 3475 3235 καταδικάζει·
3518 3171 3662 3225 οὕτω
3683 3174 3787 3228 καὶ

2199 3253 2236 3326 ὁ.
2261 3253 2320 3303 ἐν
2351 3257 2607 3326 συμφορᾷ
2647 3254 2722 3308 ὢν
2747 3297 2762 3322 ,
2805 3259 2899 3310 καὶ
2932 3260 3208 3325 ὀνειδίζων
3247 3263 3430 3334 ἐτέρου
3471 3265 3790 3336 συμφορὰν,

2201 3342 2392 3395 ἐαυτὸν
2421 3345 2526 3415 πρὸ
2551 3347 2759 3401 ἐκείνου
2789 3349 3057 3414 ὀνειδίζει.
3107 3352 3205 3406 Ἐν
3235 3351 3318 3418 τῷ
3337 3353 3500 3418 αὐτῷ
3521 3355 3784 3426 κρίματι,

2201 3435 2384 3503 φησὶν,
2421 3437 2607 3508 ἐσμέν.
2643 3440 2697 3491 Ἀ
2707 3442 3024 3495 ποστολικὺν
3039 3443 3189 3514 αὐτῷ
3213 3445 3379 3515 νόμον
3393 3446 3782 3514 ἀναγινώσκει,

2199 3523 2530 3594 εὐαγγελικὰ
2561 3530 2782 3600 ῥήματα
2808 3531 3034 3601 λέγοντα
3061 3553 3074 3564 ·
3119 3534 3214 3602 Μὴ
3253 3537 3508 3604 κρίνετε,
3549 3539 3652 3590 ἵνα
3694 3539 3780 3609 μὴ

2197 3619 2460 3687 κριθῆτε.
2485 3622 2614 3677 "0n
2647 3625 2718 3678 ἐν
2737 3624 2817 3691 τῷ
2840 3627 3001 3692 αὐτῷ
3017 3629 3256 3697 κρίματι
3275 3631 3464 3700 ἐσμεν.
3493 3632 3558 3684 Τί
3589 3635 3778 3697 ποιεῖς,

2197 3705 2242 3762 ὧ
2269 3710 2470 3781 λῃστάς
2521 3717 2775 3771 κοινωνὸν
2837 3719 2990 3789 ὑμῶν
3030 3721 3190 3774 αὐτὸν
3231 3724 3405 3786 ποιεῖς
3437 3723 3632 3792 λέγων,
3677 3725 3782 3779 Ἐν

2197 3801 2276 3866 τῷ
2301 3805 2461 3870 αὐτῷ
2505 3809 2742 3877 κρίματί
2774 3811 2974 3881 ἐσμεν;
3009 3815 3164 3884 Οὐχὶ,
3221 3819 3421 3889 φησίν·
3457 3820 3650 3887 ἐπάγω
3681 3817 3780 3888 τὴν

2195 3896 2480 3966 διόρθωσιν
2511 3900 2600 3953 διὰ
2623 3902 2731 3954 τῶν
2765 3902 2927 3974 ἐξῆς³
2979 3909 3087 3962 Καὶ
3129 3911 3304 3980 ἡμεῖς
3333 3913 3469 3982 μὲν,
3503 3913 3657 3984 φησὶ,
3692 3913 3780 3966 δι-

2195 3991 2375 4056 καίως
2395 4007 2407 4020 ·
2435 3992 2572 4056 ἀξια
2602 3995 2711 4064 γὰρ
2731 3991 2819 4049 ὧν
2846 3997 3218 4070 ἐποιήσαμεν
3249 4003 3778 4073 ἀπολαμϐάωμεν.

2198 4079 2315 4132 Ἵνα
2345 4082 2453 4152 γὰρ
2495 4083 2568 4154 μή
2595 4086 2833 4150 ἀκούσας
2864 4086 3149 4158 ὅτιεῖπεν,
3201 4095 3299 4148 Ἑν
3323 4093 3403 4159 τῷ
3443 4094 3606 4160 αὐτῷ
3651 4096 3782 4164 κρί-

2187 4173 2333 4240 ματί
2369 4174 2536 4244 ἐσμεν
2557 4217 2570 4241 ,
2617 4179 2846 4252 νομίσῃς
2879 4183 2962 4235 ὅτι
2991 4185 3249 4238 κοινωνὸν
3273 4185 3434 4238 αὑτὸν
3461 4187 3561 4256 τῆς
3589 4189 3782 4259 ἀμαρ-

2192 4259 2313 4323 τίας
2351 4263 2599 4334 ἐποίησε,
2637 4267 2725 4320 διά
2755 4269 2913 4322 τοῦτο
2943 4271 3194 4343 ἐπήγαγε
3221 4271 3314 4344 τήν
3333 4273 3642 4343 διόρθωσιν,
3679 4277 3781 4330 καί

2195 4367 2360 4420 φησιν
2385 4365 2402 4382 ·
2454 4351 2652 4424 Ἡμεῖς
2696 4356 2817 4435 μὲν
2855 4359 3096 4428 δικαίως
3117 4381 3131 4393 ·
3167 4364 3306 4429 ἄξια
3325 4363 3432 4433 γὰρ
3451 4359 3540 4418 ὧν
3565 4365 3782 4434 ἐποιή-

2193 4455 2389 4511 σαμεν
2409 4445 2932 4520 ἀπολαμϐάνομεν.
2959 4447 3115 4516 Εἶδες
3143 4453 3530 4524 ἐξομολόγησιν
3565 4457 3782 4510 τελείαν

2193 4535 2253 4588 ἐν
2279 4537 2530 4609 σταυρῷ;
2557 4534 2696 4604 εἶδες
2737 4541 2855 4605 πῶς
2902 4544 3202 4615 ἀπενίψατο
3243 4546 3333 4601 διὰ
3369 4547 3477 4600 τῶν
3513 4547 3791 4618 ῥημάτων

2191 4623 2262 4678 τά
2281 4625 2501 4699 ἀμαρτή
2511 4645 2684 4698 ματα;
2711 4627 2848 4697 εἶδες
2872 4633 2987 4698 πῶς
3017 4636 3333 4707 ἐπλήρωσεν
3357 4641 3533 4692 ἐκεῖνο
3554 4639 3618 4692 τὺ
3647 4657 3783 4712 προ-

2119 4775 2122 4778 λ
2192 4718 2420 4787 φητικὸν
2478 4722 2884 4794 παράγγελμα·
2917 4727 3066 4810 Λέγε
3097 4730 3179 4783 σὺ
3223 4731 3330 4796 τὰς
3376 4729 3630 4801 ἀνομίας
3659 4750 3782 4790 σου

2189 4807 2421 4876 πρῶτος
2440 4850 2455 4874 ,
2493 4811 2594 4865 ἵνα
2629 4807 2984 4886 δικαιωθῇςξ
3015 4821 3206 4884 Οὐδεὶς
3241 4823 3406 4878 αὑτὸν
3437 4825 3790 4894 ἠνάγκασεν,

2188 4897 2362 4962 οὐδεὶς
2410 4895 2826 4975 κατηγόρησενξ
2851 4907 3026 4972 οὐδεὶς
3079 4911 3332 4965 ἐπέθετο·
3359 4913 3522 4976 αὐτὸς
3579 4915 3778 4970 ἑαυτοῦ

2189 4993 2490 5065 κατήγορος
2537 4995 2772 5064 γίνεται·
2827 4998 2916 5052 διά
2972 5000 3134 5055 τοῦτο
3161 5003 3352 5057 οὐδένα
3405 5004 3592 5060 λοιπὸν
3631 5001 3780 5078 εῖχεν

2187 5075 2376 5162 ἕτερον
2401 5087 2728 5159 κατήγορον.
2763 5091 3056 5162 Προλαϐὼν
3105 5093 3214 5167 γάρ
3239 5087 3458 5168 ἥρπασε
3485 5097 3592 5168 τὴν
3623 5075 3780 5163 τάξιν

2184 5174 2280 5228 τοῦ
2297 5177 2626 5250 κατηγόρου,
2646 5179 2740 5232 καὶ
2761 5182 2952 5238 ἐαυτὸν
2974 5185 3319 5255 ἐστηλίτευσε
3341 5186 3518 5256 λέγων
3538 5205 3551 5218 ·
3583 5188 3776 5260 Ἡμεῖς

2183 5268 2454 5337 δικαίως·
2479 5271 2619 5336 ἄξια
2647 5269 2858 5344 γὰρῶν
2874 5276 3218 5348 ἐπράξαμεν
3243 5279 3769 5352 ἀπολαμϐάνοιεν·

2185 5356 2361 5428 οὗτος
2382 5362 2452 5415 δὲ
2483 5365 2664 5419 οὐδὲν
2701 5366 2930 5423 ἄτοπον
2961 5369 3244 5438 ἔπραξεν.
3299 5367 3456 5438 Εἶδες
3483 5373 3772 5430 εύλάεειαν

2183 5453 2584 5527 ἐπιτεταμένην
2608 5475 2622 5525 ;
2651 5459 2779 5511 Ὅτε
2807 5460 2869 5532 δὴ
2895 5461 3276 5535 κατηγόρησεν
3297 5466 3517 5530 ἑαυτοῦ,
3570 5469 3657 5521 ὅτε
3681 5468 3776 5534 ἐξ-

2185 5547 2508 5618 επόμπευσε
2559 5547 2711 5623 [417]
2755 5553 2825 5606 τὰ
2873 5555 2994 5608 καθ’
3025 5557 3235 5624 ἑαυτὸν,
3275 5560 3363 5614 ὅτε
3391 5557 3775 5634 ἀπελογήσατο

2185 5639 2326 5710 ὑπὲρ
2362 5641 2456 5694 τοῦ
2482 5644 2752 5698 Δεσπότου
2776 5647 2966 5712 είπὼν,
2997 5649 3079 5702 ὅτι
3121 5650 3318 5721 Ἡμεῖς
3353 5654 3475 5721 μὲν
3499 5653 3772 5719 δικαίως.

2184 5725 2362 5801 οὗτος
2388 5731 2456 5786 δὲ
2489 5734 2672 5793 οὐδὲν
2690 5738 2918 5796 ἄτοπον
2937 5741 3158 5811 ἔπραξε
3177 5759 3190 5774 ·
3221 5743 3340 5796 τότε
3381 5748 3475 5800 καὶ
3519 5745 3624 5817 τήν
3655 5744 3776 5796 ίκε-
