  <div class='ocr_page' id='page_1' title='image "/cluster/home/n/w/nwhite01/storage/ocr_20150623/49/hvd.32044054086806/406.png"; bbox 0 0 4062 6206; ppageno 0'>
   <div class='ocr_carea' id='block_1_1' title="bbox 324 276 424 330">
    <p class='ocr_par' dir='ltr' id='par_1_1' title="bbox 324 276 424 330">
     <span class='ocr_line' id='line_1_1' title="bbox 324 276 424 330; baseline 0.02 -2"><span class='ocrx_word' id='word_1_1' title='bbox 324 276 424 330; x_wconf 73' lang='grc'><strong>411</strong></span> 
     </span>
    </p>
   </div>
   <div class='ocr_carea' id='block_1_2' title="bbox 346 354 1928 430">
    <p class='ocr_par' dir='ltr' id='par_1_2' title="bbox 346 354 1928 430">
     <span class='ocr_line' id='line_1_2' title="bbox 346 354 1928 430; baseline -0.01 -8"><span class='ocrx_word' id='word_1_2' title='bbox 346 369 498 422; x_wconf 89' lang='lat' dir='ltr'><strong>illum</strong></span> <span class='ocrx_word' id='word_1_3' title='bbox 522 374 579 420; x_wconf 90' lang='lat' dir='ltr'><strong>ut</strong></span> <span class='ocrx_word' id='word_1_4' title='bbox 599 363 664 419; x_wconf 90' lang='lat' dir='ltr'><strong>ad</strong></span> <span class='ocrx_word' id='word_1_5' title='bbox 687 361 967 418; x_wconf 85' lang='lat' dir='ltr'><strong>duodecim</strong></span> <span class='ocrx_word' id='word_1_6' title='bbox 987 357 1274 430; x_wconf 84' lang='lat' dir='ltr'><strong>discipulos</strong></span> <span class='ocrx_word' id='word_1_7' title='bbox 1292 399 1307 423; x_wconf 89' lang='lat'><strong>,</strong></span> <span class='ocrx_word' id='word_1_8' title='bbox 1349 358 1596 413; x_wconf 84' lang='lat' dir='ltr'><strong>Sedebitis</strong></span> <span class='ocrx_word' id='word_1_9' title='bbox 1623 372 1772 425; x_wconf 84' lang='lat' dir='ltr'><strong>super</strong></span> <span class='ocrx_word' id='word_1_10' title='bbox 1796 354 1928 407; x_wconf 89' lang='lat' dir='ltr'><strong>duo-</strong></span> 
     </span>
    </p>
   </div>
   <div class='ocr_carea' id='block_1_3' title="bbox 347 443 1931 522">
    <p class='ocr_par' dir='ltr' id='par_1_3' title="bbox 347 443 1931 522">
     <span class='ocr_line' id='line_1_3' title="bbox 347 443 1931 522; baseline -0.011 -11"><span class='ocrx_word' id='word_1_11' title='bbox 347 458 508 511; x_wconf 89' lang='lat' dir='ltr'><strong>decim</strong></span> <span class='ocrx_word' id='word_1_12' title='bbox 536 456 679 510; x_wconf 76' lang='lat' dir='ltr'><strong>sedes</strong></span> <span class='ocrx_word' id='word_1_13' title='bbox 700 497 713 519; x_wconf 94' lang='lat'><strong>,</strong></span> <span class='ocrx_word' id='word_1_14' title='bbox 745 454 1030 522; x_wconf 82' lang='lat' dir='ltr'><strong>iudicantes</strong></span> <span class='ocrx_word' id='word_1_15' title='bbox 1062 450 1327 503; x_wconf 82' lang='lat' dir='ltr'><strong>duodecim</strong></span> <span class='ocrx_word' id='word_1_16' title='bbox 1359 448 1514 501; x_wconf 87' lang='lat' dir='ltr'><strong>tribus</strong></span> <span class='ocrx_word' id='word_1_17' title='bbox 1538 446 1697 501; x_wconf 81' lang='lat' dir='ltr'><strong>Israel</strong></span> <span class='ocrx_word' id='word_1_18' title='bbox 1718 443 1931 516; x_wconf 81' lang='lat' dir='ltr'><strong>(Matth.</strong></span> 
     </span>
    </p>
   </div>
   <div class='ocr_carea' id='block_1_4' title="bbox 350 538 1930 617">
    <p class='ocr_par' dir='ltr' id='par_1_4' title="bbox 350 538 1930 617">
     <span class='ocr_line' id='line_1_4' title="bbox 350 538 1930 617; baseline -0.011 -13"><span class='ocrx_word' id='word_1_19' title='bbox 350 552 437 606; x_wconf 85' lang='grc'><strong>19.</strong></span> <span class='ocrx_word' id='word_1_20' title='bbox 469 548 584 617; x_wconf 74' lang='lat'><strong>28).</strong></span> <span class='ocrx_word' id='word_1_21' title='bbox 637 547 800 601; x_wconf 82' lang='lat' dir='ltr'><strong>Plane</strong></span> <span class='ocrx_word' id='word_1_22' title='bbox 827 560 955 599; x_wconf 89' lang='lat' dir='ltr'><strong>vero</strong></span> <span class='ocrx_word' id='word_1_23' title='bbox 982 557 1152 612; x_wconf 85' lang='lat' dir='ltr'><strong>neque</strong></span> <span class='ocrx_word' id='word_1_24' title='bbox 1180 541 1339 596; x_wconf 77' lang='lat' dir='ltr'><strong>verbo</strong></span> <span class='ocrx_word' id='word_1_25' title='bbox 1368 540 1514 594; x_wconf 90' lang='lat' dir='ltr'><strong>illum</strong></span> <span class='ocrx_word' id='word_1_26' title='bbox 1543 538 1785 607; x_wconf 87' lang='lat' dir='ltr'><strong>dignatus</strong></span> <span class='ocrx_word' id='word_1_27' title='bbox 1814 544 1930 590; x_wconf 90' lang='lat' dir='ltr'><strong>est:</strong></span> 
     </span>
    </p>
   </div>
   <div class='ocr_carea' id='block_1_5' title="bbox 352 630 1934 710">
    <p class='ocr_par' dir='ltr' id='par_1_5' title="bbox 352 630 1934 710">
     <span class='ocr_line' id='line_1_5' title="bbox 352 630 1934 710; baseline -0.009 -15"><span class='ocrx_word' id='word_1_28' title='bbox 352 656 523 710; x_wconf 87' lang='lat' dir='ltr'><strong>neque</strong></span> <span class='ocrx_word' id='word_1_29' title='bbox 549 638 804 692; x_wconf 86' lang='lat' dir='ltr'><strong>miracula</strong></span> <span class='ocrx_word' id='word_1_30' title='bbox 848 636 1019 698; x_wconf 89' lang='lat' dir='ltr'><strong>vidit,</strong></span> <span class='ocrx_word' id='word_1_31' title='bbox 1063 648 1168 687; x_wconf 88' lang='lat' dir='ltr'><strong>non</strong></span> <span class='ocrx_word' id='word_1_32' title='bbox 1212 639 1452 686; x_wconf 91' lang='lat' dir='ltr'><strong>mortuos</strong></span> <span class='ocrx_word' id='word_1_33' title='bbox 1489 630 1777 693; x_wconf 90' lang='lat' dir='ltr'><strong>excitatos,</strong></span> <span class='ocrx_word' id='word_1_34' title='bbox 1828 642 1934 681; x_wconf 93' lang='lat' dir='ltr'><strong>non</strong></span> 
     </span>
    </p>
   </div>
   <div class='ocr_carea' id='block_1_6' title="bbox 351 719 1933 798">
    <p class='ocr_par' dir='ltr' id='par_1_6' title="bbox 351 719 1933 798">
     <span class='ocr_line' id='line_1_6' title="bbox 351 719 1933 798; baseline -0.008 -14"><span class='ocrx_word' id='word_1_35' title='bbox 351 732 625 785; x_wconf 66' lang='lat' dir='ltr'><strong>daemones</strong></span> <span class='ocrx_word' id='word_1_36' title='bbox 650 728 922 798; x_wconf 81' lang='lat' dir='ltr'><strong>expulsos,</strong></span> <span class='ocrx_word' id='word_1_37' title='bbox 953 740 1056 779; x_wconf 92' lang='lat' dir='ltr'><strong>non</strong></span> <span class='ocrx_word' id='word_1_38' title='bbox 1091 739 1237 778; x_wconf 85' lang='lat' dir='ltr'><strong>mare</strong></span> <span class='ocrx_word' id='word_1_39' title='bbox 1263 722 1486 792; x_wconf 87' lang='lat' dir='ltr'><strong>imperio</strong></span> <span class='ocrx_word' id='word_1_40' title='bbox 1514 720 1629 789; x_wconf 88' lang='lat' dir='ltr'><strong>ejus</strong></span> <span class='ocrx_word' id='word_1_41' title='bbox 1656 719 1933 788; x_wconf 86' lang='lat' dir='ltr'><strong>obtempe-</strong></span> 
     </span>
    </p>
   </div>
   <div class='ocr_carea' id='block_1_7' title="bbox 352 811 1935 891">
    <p class='ocr_par' dir='ltr' id='par_1_7' title="bbox 352 811 1935 891">
     <span class='ocr_line' id='line_1_7' title="bbox 352 811 1935 891; baseline -0.007 -15"><span class='ocrx_word' id='word_1_42' title='bbox 352 836 508 888; x_wconf 85' lang='lat' dir='ltr'><strong>rans,</strong></span> <span class='ocrx_word' id='word_1_43' title='bbox 558 835 733 891; x_wconf 90' lang='lat' dir='ltr'><strong>neque</strong></span> <span class='ocrx_word' id='word_1_44' title='bbox 766 819 834 873; x_wconf 92' lang='lat' dir='ltr'><strong>de</strong></span> <span class='ocrx_word' id='word_1_45' title='bbox 879 832 1041 886; x_wconf 88' lang='lat' dir='ltr'><strong>regno</strong></span> <span class='ocrx_word' id='word_1_46' title='bbox 1087 831 1207 871; x_wconf 92' lang='lat' dir='ltr'><strong>cum</strong></span> <span class='ocrx_word' id='word_1_47' title='bbox 1259 815 1348 869; x_wconf 88' lang='lat' dir='ltr'><strong>illo</strong></span> <span class='ocrx_word' id='word_1_48' title='bbox 1392 813 1552 868; x_wconf 89' lang='lat' dir='ltr'><strong>verba</strong></span> <span class='ocrx_word' id='word_1_49' title='bbox 1598 812 1722 867; x_wconf 91' lang='lat' dir='ltr'><strong>fecit</strong></span> <span class='ocrx_word' id='word_1_50' title='bbox 1751 828 1764 865; x_wconf 86' lang='lat'><strong>:</strong></span> <span class='ocrx_word' id='word_1_51' title='bbox 1796 811 1935 865; x_wconf 88' lang='lat' dir='ltr'><strong>unde</strong></span> 
     </span>
    </p>
   </div>
   <div class='ocr_carea' id='block_1_8' title="bbox 353 906 1935 982">
    <p class='ocr_par' dir='ltr' id='par_1_8' title="bbox 353 906 1935 982">
     <span class='ocr_line' id='line_1_8' title="bbox 353 906 1935 982; baseline -0.008 -13"><span class='ocrx_word' id='word_1_52' title='bbox 353 925 530 969; x_wconf 83' lang='lat' dir='ltr'><strong>autem</strong></span> <span class='ocrx_word' id='word_1_53' title='bbox 572 913 656 967; x_wconf 88' lang='lat' dir='ltr'><strong>vel</strong></span> <span class='ocrx_word' id='word_1_54' title='bbox 682 912 827 982; x_wconf 82' lang='lat' dir='ltr'><strong>regni</strong></span> <span class='ocrx_word' id='word_1_55' title='bbox 857 926 1053 964; x_wconf 89' lang='lat' dir='ltr'><strong>nomen</strong></span> <span class='ocrx_word' id='word_1_56' title='bbox 1089 909 1271 963; x_wconf 88' lang='lat' dir='ltr'><strong>novit?</strong></span> <span class='ocrx_word' id='word_1_57' title='bbox 1318 906 1606 961; x_wconf 86' lang='lat' dir='ltr'><strong>Videamus</strong></span> <span class='ocrx_word' id='word_1_58' title='bbox 1630 913 1823 974; x_wconf 87' lang='lat' dir='ltr'><strong>quanta</strong></span> <span class='ocrx_word' id='word_1_59' title='bbox 1851 906 1935 957; x_wconf 88' lang='lat' dir='ltr'><strong>in-</strong></span> 
     </span>
    </p>
   </div>
   <div class='ocr_carea' id='block_1_9' title="bbox 355 996 1935 1075">
    <p class='ocr_par' dir='ltr' id='par_1_9' title="bbox 355 996 1935 1075">
     <span class='ocr_line' id='line_1_9' title="bbox 355 996 1935 1075; baseline -0.007 -15"><span class='ocrx_word' id='word_1_60' title='bbox 355 1006 644 1075; x_wconf 84' lang='lat' dir='ltr'><strong>telligentia</strong></span> <span class='ocrx_word' id='word_1_61' title='bbox 676 1003 929 1073; x_wconf 69' lang='lat' dir='ltr'><strong>praeditus</strong></span> <span class='ocrx_word' id='word_1_62' title='bbox 958 1002 1132 1056; x_wconf 82' lang='lat' dir='ltr'><strong>fuerit.</strong></span> <span class='ocrx_word' id='word_1_63' title='bbox 1179 998 1444 1055; x_wconf 89' lang='lat' dir='ltr'><strong>Conviciis</strong></span> <span class='ocrx_word' id='word_1_64' title='bbox 1484 996 1845 1051; x_wconf 89' lang='lat' dir='ltr'><strong>insectabatur</strong></span> <span class='ocrx_word' id='word_1_65' title='bbox 1869 996 1935 1049; x_wconf 93' lang='lat' dir='ltr'><strong>il-</strong></span> 
     </span>
    </p>
   </div>
   <div class='ocr_carea' id='block_1_10' title="bbox 357 1089 1939 1167">
    <p class='ocr_par' dir='ltr' id='par_1_10' title="bbox 357 1089 1939 1167">
     <span class='ocr_line' id='line_1_10' title="bbox 357 1089 1939 1167; baseline -0.006 -16"><span class='ocrx_word' id='word_1_66' title='bbox 357 1097 465 1152; x_wconf 90' lang='lat' dir='ltr'><strong>lum</strong></span> <span class='ocrx_word' id='word_1_67' title='bbox 490 1139 505 1161; x_wconf 93' lang='lat'><strong>,</strong></span> <span class='ocrx_word' id='word_1_68' title='bbox 536 1098 739 1167; x_wconf 91' lang='lat' dir='ltr'><strong>inquit,</strong></span> <span class='ocrx_word' id='word_1_69' title='bbox 772 1096 906 1150; x_wconf 85' lang='lat' dir='ltr'><strong>alter</strong></span> <span class='ocrx_word' id='word_1_70' title='bbox 937 1096 1091 1149; x_wconf 85' lang='lat' dir='ltr'><strong>latro.</strong></span> <span class='ocrx_word' id='word_1_71' title='bbox 1120 1094 1331 1159; x_wconf 87' lang='lat' dir='ltr'><strong>Etenim</strong></span> <span class='ocrx_word' id='word_1_72' title='bbox 1359 1100 1412 1146; x_wconf 90' lang='lat' dir='ltr'><strong>et</strong></span> <span class='ocrx_word' id='word_1_73' title='bbox 1438 1091 1573 1145; x_wconf 84' lang='lat' dir='ltr'><strong>alter</strong></span> <span class='ocrx_word' id='word_1_74' title='bbox 1600 1090 1733 1143; x_wconf 82' lang='lat' dir='ltr'><strong>latro</strong></span> <span class='ocrx_word' id='word_1_75' title='bbox 1762 1089 1939 1143; x_wconf 84' lang='lat' dir='ltr'><strong>cruxi-</strong></span> 
     </span>
    </p>
   </div>
   <div class='ocr_carea' id='block_1_11' title="bbox 358 1179 1938 1254">
    <p class='ocr_par' dir='ltr' id='par_1_11' title="bbox 358 1179 1938 1254">
     <span class='ocr_line' id='line_1_11' title="bbox 358 1179 1938 1254; baseline -0.008 -12"><span class='ocrx_word' id='word_1_76' title='bbox 358 1187 493 1242; x_wconf 82' lang='lat' dir='ltr'><strong>ﬁxus</strong></span> <span class='ocrx_word' id='word_1_77' title='bbox 514 1196 647 1252; x_wconf 89' lang='lat' dir='ltr'><strong>erat,</strong></span> <span class='ocrx_word' id='word_1_78' title='bbox 682 1197 739 1240; x_wconf 89' lang='lat' dir='ltr'><strong>ut</strong></span> <span class='ocrx_word' id='word_1_79' title='bbox 768 1186 1077 1254; x_wconf 79' lang='lat' dir='ltr'><strong>impleretur</strong></span> <span class='ocrx_word' id='word_1_80' title='bbox 1098 1183 1225 1238; x_wconf 91' lang='lat' dir='ltr'><strong>illud</strong></span> <span class='ocrx_word' id='word_1_81' title='bbox 1256 1182 1528 1253; x_wconf 69' lang='lat' dir='ltr'><strong>prophetm</strong></span> <span class='ocrx_word' id='word_1_82' title='bbox 1549 1180 1781 1235; x_wconf 84' lang='lat' dir='ltr'><strong>dictum:</strong></span> <span class='ocrx_word' id='word_1_83' title='bbox 1806 1179 1938 1245; x_wconf 80' lang='lat' dir='ltr'><strong>Quia</strong></span> 
     </span>
    </p>
   </div>
   <div class='ocr_carea' id='block_1_12' title="bbox 356 1272 1947 1347">
    <p class='ocr_par' dir='ltr' id='par_1_12' title="bbox 356 1272 1947 1347">
     <span class='ocr_line' id='line_1_12' title="bbox 356 1272 1947 1347; baseline -0.003 -16"><span class='ocrx_word' id='word_1_84' title='bbox 356 1295 469 1332; x_wconf 71' lang='lat' dir='ltr'><strong>eum</strong></span> <span class='ocrx_word' id='word_1_85' title='bbox 496 1278 680 1345; x_wconf 81' lang='lat' dir='ltr'><strong>iniquis</strong></span> <span class='ocrx_word' id='word_1_86' title='bbox 709 1287 967 1347; x_wconf 87' lang='lat' dir='ltr'><strong>reputatus</strong></span> <span class='ocrx_word' id='word_1_87' title='bbox 988 1286 1056 1330; x_wconf 83' lang='lat' dir='ltr'><strong>est</strong></span> <span class='ocrx_word' id='word_1_88' title='bbox 1087 1275 1235 1347; x_wconf 86' lang='lat' dir='ltr'><strong>(lsai.</strong></span> <span class='ocrx_word' id='word_1_89' title='bbox 1264 1272 1483 1344; x_wconf 68' lang='lat'><strong>53.12).</strong></span> <span class='ocrx_word' id='word_1_90' title='bbox 1516 1272 1774 1327; x_wconf 78' lang='lat' dir='ltr'><strong>Volebam</strong></span> <span class='ocrx_word' id='word_1_91' title='bbox 1797 1288 1947 1326; x_wconf 89' lang='lat' dir='ltr'><strong>nam—</strong></span> 
     </span>
    </p>
   </div>
   <div class='ocr_carea' id='block_1_13' title="bbox 361 1358 1933 1439">
    <p class='ocr_par' dir='ltr' id='par_1_13' title="bbox 361 1358 1933 1439">
     <span class='ocr_line' id='line_1_13' title="bbox 361 1358 1933 1439; baseline -0.004 -17"><span class='ocrx_word' id='word_1_92' title='bbox 361 1384 459 1439; x_wconf 85' lang='lat' dir='ltr'><strong>que</strong></span> <span class='ocrx_word' id='word_1_93' title='bbox 490 1369 797 1438; x_wconf 81' lang='lat' dir='ltr'><strong>insipientes</strong></span> <span class='ocrx_word' id='word_1_94' title='bbox 826 1358 1243 1436; x_wconf 66' lang='lat' dir='ltr'><strong>Judaei&#39;gloriam</strong></span> <span class='ocrx_word' id='word_1_95' title='bbox 1275 1366 1435 1420; x_wconf 90' lang='lat' dir='ltr'><strong>etiam</strong></span> <span class='ocrx_word' id='word_1_96' title='bbox 1467 1364 1581 1432; x_wconf 83' lang='lat' dir='ltr'><strong>ejus</strong></span> <span class='ocrx_word' id='word_1_97' title='bbox 1616 1363 1892 1417; x_wconf 86' lang='lat' dir='ltr'><strong>traducere</strong></span> <span class='ocrx_word' id='word_1_98' title='bbox 1920 1379 1933 1415; x_wconf 92' lang='lat'><strong>:</strong></span> 
     </span>
    </p>
   </div>
   <div class='ocr_carea' id='block_1_14' title="bbox 358 1450 1938 1528">
    <p class='ocr_par' dir='ltr' id='par_1_14' title="bbox 358 1450 1938 1528">
     <span class='ocr_line' id='line_1_14' title="bbox 358 1450 1938 1528; baseline -0.004 -14"><span class='ocrx_word' id='word_1_99' title='bbox 358 1467 413 1515; x_wconf 89' lang='lat' dir='ltr'><strong>et</strong></span> <span class='ocrx_word' id='word_1_100' title='bbox 440 1460 789 1528; x_wconf 86' lang='lat' dir='ltr'><strong>undequaque</strong></span> <span class='ocrx_word' id='word_1_101' title='bbox 816 1458 879 1511; x_wconf 90' lang='lat' dir='ltr'><strong>iis</strong></span> <span class='ocrx_word' id='word_1_102' title='bbox 901 1498 915 1522; x_wconf 91' lang='lat'><strong>,</strong></span> <span class='ocrx_word' id='word_1_103' title='bbox 938 1473 1057 1526; x_wconf 82' lang='lat' dir='ltr'><strong>qua:</strong></span> <span class='ocrx_word' id='word_1_104' title='bbox 1081 1456 1420 1519; x_wconf 86' lang='lat' dir='ltr'><strong>accidebant,</strong></span> <span class='ocrx_word' id='word_1_105' title='bbox 1450 1454 1771 1508; x_wconf 85' lang='lat' dir='ltr'><strong>insnltabant</strong></span> <span class='ocrx_word' id='word_1_106' title='bbox 1795 1469 1810 1518; x_wconf 93' lang='lat'><strong>;</strong></span> <span class='ocrx_word' id='word_1_107' title='bbox 1844 1450 1938 1507; x_wconf 88' lang='lat' dir='ltr'><strong>sed</strong></span> 
     </span>
    </p>
   </div>
   <div class='ocr_carea' id='block_1_15' title="bbox 359 1544 1937 1620">
    <p class='ocr_par' dir='ltr' id='par_1_15' title="bbox 359 1544 1937 1620">
     <span class='ocr_line' id='line_1_15' title="bbox 359 1544 1937 1620; baseline -0.005 -15"><span class='ocrx_word' id='word_1_108' title='bbox 359 1566 454 1620; x_wconf 87' lang='lat' dir='ltr'><strong>per</strong></span> <span class='ocrx_word' id='word_1_109' title='bbox 481 1550 567 1604; x_wconf 90' lang='lat' dir='ltr'><strong>illa</strong></span> <span class='ocrx_word' id='word_1_110' title='bbox 592 1551 768 1605; x_wconf 91' lang='lat' dir='ltr'><strong>omnia</strong></span> <span class='ocrx_word' id='word_1_111' title='bbox 796 1550 1031 1604; x_wconf 81' lang='lat' dir='ltr'><strong>excrevit</strong></span> <span class='ocrx_word' id='word_1_112' title='bbox 1058 1549 1252 1601; x_wconf 85' lang='lat' dir='ltr'><strong>veritas</strong></span> <span class='ocrx_word' id='word_1_113' title='bbox 1276 1588 1291 1609; x_wconf 94' lang='lat'><strong>,</strong></span> <span class='ocrx_word' id='word_1_114' title='bbox 1323 1558 1375 1600; x_wconf 90' lang='lat' dir='ltr'><strong>et</strong></span> <span class='ocrx_word' id='word_1_115' title='bbox 1406 1562 1498 1615; x_wconf 90' lang='lat' dir='ltr'><strong>per</strong></span> <span class='ocrx_word' id='word_1_116' title='bbox 1529 1547 1641 1615; x_wconf 92' lang='lat' dir='ltr'><strong>ipsa</strong></span> <span class='ocrx_word' id='word_1_117' title='bbox 1666 1544 1937 1600; x_wconf 88' lang='lat' dir='ltr'><strong>obstacula</strong></span> 
     </span>
    </p>
   </div>
   <div class='ocr_carea' id='block_1_16' title="bbox 363 1637 1939 1713">
    <p class='ocr_par' dir='ltr' id='par_1_16' title="bbox 363 1637 1939 1713">
     <span class='ocr_line' id='line_1_16' title="bbox 363 1637 1939 1713; baseline -0.006 -14"><span class='ocrx_word' id='word_1_118' title='bbox 363 1642 709 1713; x_wconf 79' lang='lat' dir='ltr'><strong>splendidior,</strong></span> <span class='ocrx_word' id='word_1_119' title='bbox 731 1651 785 1697; x_wconf 90' lang='lat' dir='ltr'><strong>et</strong></span> <span class='ocrx_word' id='word_1_120' title='bbox 810 1641 1137 1696; x_wconf 83' lang='lat' dir='ltr'><strong>manifestior</strong></span> <span class='ocrx_word' id='word_1_121' title='bbox 1164 1641 1350 1695; x_wconf 81' lang='lat' dir='ltr'><strong>evasit.</strong></span> <span class='ocrx_word' id='word_1_122' title='bbox 1382 1637 1793 1692; x_wconf 89' lang='lat' dir='ltr'><strong>Conviciabatur</strong></span> <span class='ocrx_word' id='word_1_123' title='bbox 1812 1650 1939 1705; x_wconf 86' lang='lat' dir='ltr'><strong>ergo</strong></span> 
     </span>
    </p>
   </div>
   <div class='ocr_carea' id='block_1_17' title="bbox 359 1727 1938 1797">
    <p class='ocr_par' dir='ltr' id='par_1_17' title="bbox 359 1727 1938 1797">
     <span class='ocr_line' id='line_1_17' title="bbox 359 1727 1938 1797; baseline -0.003 -11"><span class='ocrx_word' id='word_1_124' title='bbox 359 1733 409 1787; x_wconf 87' lang='lat' dir='ltr'><strong>ei</strong></span> <span class='ocrx_word' id='word_1_125' title='bbox 427 1734 565 1787; x_wconf 87' lang='lat' dir='ltr'><strong>alter</strong></span> <span class='ocrx_word' id='word_1_126' title='bbox 590 1732 723 1785; x_wconf 84' lang='lat' dir='ltr'><strong>latro</strong></span> <span class='ocrx_word' id='word_1_127' title='bbox 751 1750 764 1787; x_wconf 90' lang='lat'><strong>:</strong></span> <span class='ocrx_word' id='word_1_128' title='bbox 789 1746 924 1785; x_wconf 90' lang='lat' dir='ltr'><strong>unus</strong></span> <span class='ocrx_word' id='word_1_129' title='bbox 948 1745 1075 1784; x_wconf 90' lang='lat' dir='ltr'><strong>vero</strong></span> <span class='ocrx_word' id='word_1_130' title='bbox 1103 1729 1546 1797; x_wconf 84' lang='lat' dir='ltr'><strong>evangelistarum</strong></span> <span class='ocrx_word' id='word_1_131' title='bbox 1574 1727 1721 1791; x_wconf 89' lang='lat' dir='ltr'><strong>dicit,</strong></span> <span class='ocrx_word' id='word_1_132' title='bbox 1751 1727 1938 1781; x_wconf 91' lang='lat' dir='ltr'><strong>ambos</strong></span> 
     </span>
    </p>
   </div>
   <div class='ocr_carea' id='block_1_18' title="bbox 361 1815 1942 1890">
    <p class='ocr_par' dir='ltr' id='par_1_18' title="bbox 361 1815 1942 1890">
     <span class='ocr_line' id='line_1_18' title="bbox 361 1815 1942 1890; baseline -0.002 -16"><span class='ocrx_word' id='word_1_133' title='bbox 361 1823 411 1875; x_wconf 87' lang='lat' dir='ltr'><strong>in</strong></span> <span class='ocrx_word' id='word_1_134' title='bbox 461 1822 639 1876; x_wconf 84' lang='lat' dir='ltr'><strong>Jesum</strong></span> <span class='ocrx_word' id='word_1_135' title='bbox 690 1823 933 1876; x_wconf 86' lang='lat' dir='ltr'><strong>convicia</strong></span> <span class='ocrx_word' id='word_1_136' title='bbox 977 1822 1171 1889; x_wconf 89' lang='lat' dir='ltr'><strong>jecisse</strong></span> <span class='ocrx_word' id='word_1_137' title='bbox 1221 1819 1412 1890; x_wconf 80' lang='lat' dir='ltr'><strong>(Marc.</strong></span> <span class='ocrx_word' id='word_1_138' title='bbox 1444 1819 1531 1873; x_wconf 81' lang='grc'><strong>15.</strong></span> <span class='ocrx_word' id='word_1_139' title='bbox 1561 1815 1695 1889; x_wconf 75' lang='lat'><strong>59.):</strong></span> <span class='ocrx_word' id='word_1_140' title='bbox 1734 1825 1788 1871; x_wconf 88' lang='lat' dir='ltr'><strong>et</strong></span> <span class='ocrx_word' id='word_1_141' title='bbox 1838 1816 1942 1871; x_wconf 91' lang='lat' dir='ltr'><strong>hoc</strong></span> 
     </span>
    </p>
   </div>
   <div class='ocr_carea' id='block_1_19' title="bbox 361 1908 1939 1983">
    <p class='ocr_par' dir='ltr' id='par_1_19' title="bbox 361 1908 1939 1983">
     <span class='ocr_line' id='line_1_19' title="bbox 361 1908 1939 1983; baseline -0.004 -16"><span class='ocrx_word' id='word_1_142' title='bbox 361 1930 540 1968; x_wconf 84' lang='lat' dir='ltr'><strong>verum</strong></span> <span class='ocrx_word' id='word_1_143' title='bbox 571 1924 672 1979; x_wconf 90' lang='lat' dir='ltr'><strong>est,</strong></span> <span class='ocrx_word' id='word_1_144' title='bbox 697 1924 750 1968; x_wconf 91' lang='lat' dir='ltr'><strong>et</strong></span> <span class='ocrx_word' id='word_1_145' title='bbox 770 1916 998 1969; x_wconf 84' lang='lat' dir='ltr'><strong>maxime</strong></span> <span class='ocrx_word' id='word_1_146' title='bbox 1019 1913 1175 1983; x_wconf 90' lang='lat' dir='ltr'><strong>hujus</strong></span> <span class='ocrx_word' id='word_1_147' title='bbox 1200 1912 1513 1983; x_wconf 87' lang='lat' dir='ltr'><strong>probitatem</strong></span> <span class='ocrx_word' id='word_1_148' title='bbox 1534 1909 1777 1964; x_wconf 88' lang='lat' dir='ltr'><strong>intendit.</strong></span> <span class='ocrx_word' id='word_1_149' title='bbox 1809 1908 1939 1963; x_wconf 80' lang='lat' dir='ltr'><strong>Nam</strong></span> 
     </span>
    </p>
   </div>
   <div class='ocr_carea' id='block_1_20' title="bbox 362 2000 1940 2075">
    <p class='ocr_par' dir='ltr' id='par_1_20' title="bbox 362 2000 1940 2075">
     <span class='ocr_line' id='line_1_20' title="bbox 362 2000 1940 2075; baseline -0.003 -18"><span class='ocrx_word' id='word_1_150' title='bbox 362 2005 633 2073; x_wconf 81' lang='lat' dir='ltr'><strong>probabile</strong></span> <span class='ocrx_word' id='word_1_151' title='bbox 690 2015 773 2059; x_wconf 89' lang='lat' dir='ltr'><strong>est</strong></span> <span class='ocrx_word' id='word_1_152' title='bbox 808 2005 1069 2075; x_wconf 91' lang='lat' dir='ltr'><strong>principio</strong></span> <span class='ocrx_word' id='word_1_153' title='bbox 1112 2003 1325 2075; x_wconf 88' lang='lat' dir='ltr'><strong>quidem</strong></span> <span class='ocrx_word' id='word_1_154' title='bbox 1371 2003 1542 2072; x_wconf 84' lang='lat' dir='ltr'><strong>ipsum</strong></span> <span class='ocrx_word' id='word_1_155' title='bbox 1568 2000 1940 2056; x_wconf 88' lang='lat' dir='ltr'><strong>conviciatum</strong></span> 
     </span>
    </p>
   </div>
   <div class='ocr_carea' id='block_1_21' title="bbox 359 2089 1937 2165">
    <p class='ocr_par' dir='ltr' id='par_1_21' title="bbox 359 2089 1937 2165">
     <span class='ocr_line' id='line_1_21' title="bbox 359 2089 1937 2165; baseline -0.004 -16"><span class='ocrx_word' id='word_1_156' title='bbox 359 2094 541 2161; x_wconf 87' lang='lat' dir='ltr'><strong>fuisse,</strong></span> <span class='ocrx_word' id='word_1_157' title='bbox 572 2095 860 2165; x_wconf 87' lang='lat' dir='ltr'><strong>derepente</strong></span> <span class='ocrx_word' id='word_1_158' title='bbox 880 2104 1055 2150; x_wconf 91' lang='lat' dir='ltr'><strong>autem</strong></span> <span class='ocrx_word' id='word_1_159' title='bbox 1085 2103 1282 2149; x_wconf 88' lang='lat' dir='ltr'><strong>tantam</strong></span> <span class='ocrx_word' id='word_1_160' title='bbox 1305 2089 1653 2147; x_wconf 83' lang='lat' dir='ltr'><strong>mutationem</strong></span> <span class='ocrx_word' id='word_1_161' title='bbox 1681 2090 1937 2146; x_wconf 82' lang='lat' dir='ltr'><strong>subiisse:</strong></span> 
     </span>
    </p>
   </div>
   <div class='ocr_carea' id='block_1_22' title="bbox 356 2186 1938 2259">
    <p class='ocr_par' dir='ltr' id='par_1_22' title="bbox 356 2186 1938 2259">
     <span class='ocr_line' id='line_1_22' title="bbox 356 2186 1938 2259; baseline -0.003 -17"><span class='ocrx_word' id='word_1_162' title='bbox 356 2188 752 2243; x_wconf 83' lang='lat' dir='ltr'><strong>conviciabatur</strong></span> <span class='ocrx_word' id='word_1_163' title='bbox 771 2205 917 2259; x_wconf 83' lang='lat' dir='ltr'><strong>ergo,</strong></span> <span class='ocrx_word' id='word_1_164' title='bbox 938 2189 1124 2259; x_wconf 86' lang='lat' dir='ltr'><strong>inquit,</strong></span> <span class='ocrx_word' id='word_1_165' title='bbox 1146 2189 1280 2243; x_wconf 87' lang='lat' dir='ltr'><strong>alter</strong></span> <span class='ocrx_word' id='word_1_166' title='bbox 1300 2188 1455 2241; x_wconf 85' lang='lat' dir='ltr'><strong>latro.</strong></span> <span class='ocrx_word' id='word_1_167' title='bbox 1481 2186 1641 2241; x_wconf 88' lang='lat' dir='ltr'><strong>Vides</strong></span> <span class='ocrx_word' id='word_1_168' title='bbox 1655 2186 1938 2251; x_wconf 82' lang='lat' dir='ltr'><strong>latronem,</strong></span> 
     </span>
    </p>
   </div>
   <div class='ocr_carea' id='block_1_23' title="bbox 356 2276 1937 2347">
    <p class='ocr_par' dir='ltr' id='par_1_23' title="bbox 356 2276 1937 2347">
     <span class='ocr_line' id='line_1_23' title="bbox 356 2276 1937 2347; baseline -0.003 -13"><span class='ocrx_word' id='word_1_169' title='bbox 356 2289 412 2334; x_wconf 91' lang='lat' dir='ltr'><strong>ct</strong></span> <span class='ocrx_word' id='word_1_170' title='bbox 451 2280 756 2334; x_wconf 83' lang='lat' dir='ltr'><strong>latronem?</strong></span> <span class='ocrx_word' id='word_1_171' title='bbox 801 2280 958 2334; x_wconf 90' lang='lat' dir='ltr'><strong>ambo</strong></span> <span class='ocrx_word' id='word_1_172' title='bbox 984 2280 1035 2333; x_wconf 93' lang='lat' dir='ltr'><strong>in</strong></span> <span class='ocrx_word' id='word_1_173' title='bbox 1062 2294 1218 2334; x_wconf 90' lang='lat' dir='ltr'><strong>cruce</strong></span> <span class='ocrx_word' id='word_1_174' title='bbox 1244 2320 1260 2345; x_wconf 94' lang='lat'><strong>,</strong></span> <span class='ocrx_word' id='word_1_175' title='bbox 1301 2278 1458 2333; x_wconf 89' lang='lat' dir='ltr'><strong>ambo</strong></span> <span class='ocrx_word' id='word_1_176' title='bbox 1486 2277 1553 2332; x_wconf 91' lang='lat' dir='ltr'><strong>ab</strong></span> <span class='ocrx_word' id='word_1_177' title='bbox 1582 2276 1937 2347; x_wconf 89' lang='lat' dir='ltr'><strong>improbitate,</strong></span> 
     </span>
    </p>
   </div>
   <div class='ocr_carea' id='block_1_24' title="bbox 358 2367 1939 2440">
    <p class='ocr_par' dir='ltr' id='par_1_24' title="bbox 358 2367 1939 2440">
     <span class='ocr_line' id='line_1_24' title="bbox 358 2367 1939 2440; baseline -0.001 -18"><span class='ocrx_word' id='word_1_178' title='bbox 358 2370 515 2425; x_wconf 87' lang='lat' dir='ltr'><strong>ambo</strong></span> <span class='ocrx_word' id='word_1_179' title='bbox 540 2385 570 2423; x_wconf 90' lang='lat' dir='ltr'><strong>a</strong></span> <span class='ocrx_word' id='word_1_180' title='bbox 598 2370 701 2425; x_wconf 89' lang='lat' dir='ltr'><strong>vita</strong></span> <span class='ocrx_word' id='word_1_181' title='bbox 724 2370 1035 2440; x_wconf 63' lang='lat' dir='ltr'><strong>praedatoria</strong></span> <span class='ocrx_word' id='word_1_182' title='bbox 1062 2370 1256 2440; x_wconf 86' lang='lat' dir='ltr'><strong>arrepti</strong></span> <span class='ocrx_word' id='word_1_183' title='bbox 1282 2411 1296 2433; x_wconf 94' lang='lat'><strong>,</strong></span> <span class='ocrx_word' id='word_1_184' title='bbox 1324 2368 1419 2424; x_wconf 87' lang='lat' dir='ltr'><strong>sed</strong></span> <span class='ocrx_word' id='word_1_185' title='bbox 1455 2383 1558 2422; x_wconf 91' lang='lat' dir='ltr'><strong>non</strong></span> <span class='ocrx_word' id='word_1_186' title='bbox 1584 2368 1740 2422; x_wconf 83' lang='lat' dir='ltr'><strong>ambo</strong></span> <span class='ocrx_word' id='word_1_187' title='bbox 1767 2368 1817 2421; x_wconf 93' lang='lat' dir='ltr'><strong>in</strong></span> <span class='ocrx_word' id='word_1_188' title='bbox 1845 2367 1939 2421; x_wconf 87' lang='lat' dir='ltr'><strong>iis-</strong></span> 
     </span>
    </p>
   </div>
   <div class='ocr_carea' id='block_1_25' title="bbox 356 2458 1941 2529">
    <p class='ocr_par' dir='ltr' id='par_1_25' title="bbox 356 2458 1941 2529">
     <span class='ocr_line' id='line_1_25' title="bbox 356 2458 1941 2529; baseline -0.001 -17"><span class='ocrx_word' id='word_1_189' title='bbox 356 2458 478 2513; x_wconf 87' lang='lat' dir='ltr'><strong>dem</strong></span> <span class='ocrx_word' id='word_1_190' title='bbox 510 2478 523 2513; x_wconf 92' lang='lat'><strong>:</strong></span> <span class='ocrx_word' id='word_1_191' title='bbox 555 2476 675 2514; x_wconf 83' lang='lat' dir='ltr'><strong>nam</strong></span> <span class='ocrx_word' id='word_1_192' title='bbox 702 2461 834 2515; x_wconf 80' lang='lat' dir='ltr'><strong>alter</strong></span> <span class='ocrx_word' id='word_1_193' title='bbox 862 2476 1084 2529; x_wconf 82' lang='lat' dir='ltr'><strong>regnum</strong></span> <span class='ocrx_word' id='word_1_194' title='bbox 1113 2460 1267 2515; x_wconf 87' lang='lat' dir='ltr'><strong>heres</strong></span> <span class='ocrx_word' id='word_1_195' title='bbox 1293 2459 1455 2525; x_wconf 91' lang='lat' dir='ltr'><strong>adiit,</strong></span> <span class='ocrx_word' id='word_1_196' title='bbox 1486 2459 1624 2514; x_wconf 89' lang='lat' dir='ltr'><strong>alter</strong></span> <span class='ocrx_word' id='word_1_197' title='bbox 1652 2460 1703 2513; x_wconf 92' lang='lat' dir='ltr'><strong>in</strong></span> <span class='ocrx_word' id='word_1_198' title='bbox 1743 2458 1941 2527; x_wconf 85' lang='lat' dir='ltr'><strong>gehen-</strong></span> 
     </span>
    </p>
   </div>
   <div class='ocr_carea' id='block_1_26' title="bbox 358 2549 1939 2620">
    <p class='ocr_par' dir='ltr' id='par_1_26' title="bbox 358 2549 1939 2620">
     <span class='ocr_line' id='line_1_26' title="bbox 358 2549 1939 2620; baseline 0 -17"><span class='ocrx_word' id='word_1_199' title='bbox 358 2566 478 2605; x_wconf 89' lang='lat' dir='ltr'><strong>nam</strong></span> <span class='ocrx_word' id='word_1_200' title='bbox 509 2552 771 2606; x_wconf 90' lang='lat' dir='ltr'><strong>demissus</strong></span> <span class='ocrx_word' id='word_1_201' title='bbox 795 2563 892 2607; x_wconf 89' lang='lat' dir='ltr'><strong>est.</strong></span> <span class='ocrx_word' id='word_1_202' title='bbox 925 2553 995 2607; x_wconf 84' lang='lat' dir='ltr'><strong>ita</strong></span> <span class='ocrx_word' id='word_1_203' title='bbox 1024 2560 1079 2606; x_wconf 87' lang='lat' dir='ltr'><strong>et</strong></span> <span class='ocrx_word' id='word_1_204' title='bbox 1102 2552 1213 2607; x_wconf 90' lang='lat' dir='ltr'><strong>beri</strong></span> <span class='ocrx_word' id='word_1_205' title='bbox 1244 2550 1538 2620; x_wconf 88' lang='lat' dir='ltr'><strong>discipulus</strong></span> <span class='ocrx_word' id='word_1_206' title='bbox 1582 2561 1635 2604; x_wconf 90' lang='lat' dir='ltr'><strong>et</strong></span> <span class='ocrx_word' id='word_1_207' title='bbox 1658 2549 1939 2618; x_wconf 83' lang='lat' dir='ltr'><strong>discipuli:</strong></span> 
     </span>
    </p>
   </div>
   <div class='ocr_carea' id='block_1_27' title="bbox 356 2642 1941 2713">
    <p class='ocr_par' dir='ltr' id='par_1_27' title="bbox 356 2642 1941 2713">
     <span class='ocr_line' id='line_1_27' title="bbox 356 2642 1941 2713; baseline -0.001 -18"><span class='ocrx_word' id='word_1_208' title='bbox 356 2644 448 2695; x_wconf 86' lang='lat' dir='ltr'><strong>sed</strong></span> <span class='ocrx_word' id='word_1_209' title='bbox 481 2642 570 2697; x_wconf 91' lang='lat' dir='ltr'><strong>ille</strong></span> <span class='ocrx_word' id='word_1_210' title='bbox 597 2644 661 2695; x_wconf 90' lang='lat' dir='ltr'><strong>ad</strong></span> <span class='ocrx_word' id='word_1_211' title='bbox 689 2644 1040 2712; x_wconf 87' lang='lat' dir='ltr'><strong>proditionem</strong></span> <span class='ocrx_word' id='word_1_212' title='bbox 1068 2644 1463 2713; x_wconf 89' lang='lat' dir='ltr'><strong>acciugebatur,</strong></span> <span class='ocrx_word' id='word_1_213' title='bbox 1494 2643 1579 2697; x_wconf 90' lang='lat' dir='ltr'><strong>isti</strong></span> <span class='ocrx_word' id='word_1_214' title='bbox 1606 2643 1672 2695; x_wconf 89' lang='lat' dir='ltr'><strong>ad</strong></span> <span class='ocrx_word' id='word_1_215' title='bbox 1703 2642 1941 2695; x_wconf 83' lang='lat' dir='ltr'><strong>ministe-</strong></span> 
     </span>
    </p>
   </div>
   <div class='ocr_carea' id='block_1_28' title="bbox 358 2733 1941 2804">
    <p class='ocr_par' dir='ltr' id='par_1_28' title="bbox 358 2733 1941 2804">
     <span class='ocr_line' id='line_1_28' title="bbox 358 2733 1941 2804; baseline 0.001 -18"><span class='ocrx_word' id='word_1_216' title='bbox 358 2733 493 2787; x_wconf 89' lang='lat' dir='ltr'><strong>rium</strong></span> <span class='ocrx_word' id='word_1_217' title='bbox 519 2748 639 2788; x_wconf 90' lang='lat' dir='ltr'><strong>sese</strong></span> <span class='ocrx_word' id='word_1_218' title='bbox 665 2736 1031 2804; x_wconf 76' lang='lat' dir='ltr'><strong>prmparabant</strong></span> <span class='ocrx_word' id='word_1_219' title='bbox 1058 2754 1071 2789; x_wconf 90' lang='lat'><strong>:</strong></span> <span class='ocrx_word' id='word_1_220' title='bbox 1103 2737 1190 2790; x_wconf 88' lang='lat' dir='ltr'><strong>ille</strong></span> <span class='ocrx_word' id='word_1_221' title='bbox 1212 2736 1495 2790; x_wconf 79' lang='lat' dir='ltr'><strong>Pharisacis</strong></span> <span class='ocrx_word' id='word_1_222' title='bbox 1519 2736 1729 2789; x_wconf 89' lang='lat' dir='ltr'><strong>dicebat</strong></span> <span class='ocrx_word' id='word_1_223' title='bbox 1760 2752 1771 2787; x_wconf 92' lang='lat'><strong>:</strong></span> <span class='ocrx_word' id='word_1_224' title='bbox 1807 2733 1941 2799; x_wconf 82' lang='lat' dir='ltr'><strong>Quid</strong></span> 
     </span>
    </p>
   </div>
   <div class='ocr_carea' id='block_1_29' title="bbox 360 2824 1937 2896">
    <p class='ocr_par' dir='ltr' id='par_1_29' title="bbox 360 2824 1937 2896">
     <span class='ocr_line' id='line_1_29' title="bbox 360 2824 1937 2896; baseline 0.003 -21"><span class='ocrx_word' id='word_1_225' title='bbox 360 2826 506 2877; x_wconf 75' lang='lat' dir='ltr'><strong>vultis</strong></span> <span class='ocrx_word' id='word_1_226' title='bbox 532 2826 655 2877; x_wconf 87' lang='lat' dir='ltr'><strong>mihi</strong></span> <span class='ocrx_word' id='word_1_227' title='bbox 685 2826 808 2878; x_wconf 87' lang='lat' dir='ltr'><strong>dare</strong></span> <span class='ocrx_word' id='word_1_228' title='bbox 826 2866 839 2888; x_wconf 88' lang='lat'><strong>,</strong></span> <span class='ocrx_word' id='word_1_229' title='bbox 883 2836 929 2879; x_wconf 90' lang='lat' dir='ltr'><strong>et</strong></span> <span class='ocrx_word' id='word_1_230' title='bbox 966 2843 1056 2896; x_wconf 86' lang='lat' dir='ltr'><strong>ego</strong></span> <span class='ocrx_word' id='word_1_231' title='bbox 1077 2843 1190 2879; x_wconf 88' lang='lat' dir='ltr'><strong>eum</strong></span> <span class='ocrx_word' id='word_1_232' title='bbox 1215 2827 1362 2879; x_wconf 77' lang='lat' dir='ltr'><strong>vobis</strong></span> <span class='ocrx_word' id='word_1_233' title='bbox 1387 2826 1583 2878; x_wconf 85' lang='lat' dir='ltr'><strong>tradam</strong></span> <span class='ocrx_word' id='word_1_234' title='bbox 1610 2824 1817 2895; x_wconf 84' lang='lat' dir='ltr'><strong>(Matth.</strong></span> <span class='ocrx_word' id='word_1_235' title='bbox 1846 2825 1937 2880; x_wconf 74' lang='lat'><strong>26.</strong></span> 
     </span>
    </p>
   </div>
   <div class='ocr_carea' id='block_1_30' title="bbox 362 2914 1941 2987">
    <p class='ocr_par' dir='ltr' id='par_1_30' title="bbox 362 2914 1941 2987">
     <span class='ocr_line' id='line_1_30' title="bbox 362 2914 1941 2987; baseline 0.001 -20"><span class='ocrx_word' id='word_1_236' title='bbox 362 2915 447 2969; x_wconf 82' lang='grc'><strong>15.</strong></span> <span class='ocrx_word' id='word_1_237' title='bbox 483 2924 526 2967; x_wconf 78' lang='grc' dir='ltr'><strong>ει</strong></span> <span class='ocrx_word' id='word_1_238' title='bbox 550 2915 680 2987; x_wconf 74' lang='lat' dir='ltr'><strong>l7)?</strong></span> <span class='ocrx_word' id='word_1_239' title='bbox 729 2916 815 2970; x_wconf 88' lang='lat' dir='ltr'><strong>isti</strong></span> <span class='ocrx_word' id='word_1_240' title='bbox 856 2916 1181 2971; x_wconf 82' lang='lat' dir='ltr'><strong>accedebant</strong></span> <span class='ocrx_word' id='word_1_241' title='bbox 1221 2916 1286 2969; x_wconf 86' lang='lat' dir='ltr'><strong>ad</strong></span> <span class='ocrx_word' id='word_1_242' title='bbox 1324 2915 1504 2970; x_wconf 89' lang='lat' dir='ltr'><strong>Jesum</strong></span> <span class='ocrx_word' id='word_1_243' title='bbox 1531 2916 1809 2970; x_wconf 87' lang='lat' dir='ltr'><strong>dicentes:</strong></span> <span class='ocrx_word' id='word_1_244' title='bbox 1842 2914 1941 2970; x_wconf 75' lang='lat' dir='ltr'><strong>Ubi</strong></span> 
     </span>
    </p>
   </div>
   <div class='ocr_carea' id='block_1_31' title="bbox 358 3006 1934 3078">
    <p class='ocr_par' dir='ltr' id='par_1_31' title="bbox 358 3006 1934 3078">
     <span class='ocr_line' id='line_1_31' title="bbox 358 3006 1934 3078; baseline 0 -17"><span class='ocrx_word' id='word_1_245' title='bbox 358 3008 431 3062; x_wconf 78' lang='lat' dir='ltr'><strong>vis</strong></span> <span class='ocrx_word' id='word_1_246' title='bbox 468 3025 698 3078; x_wconf 85' lang='lat' dir='ltr'><strong>paremus</strong></span> <span class='ocrx_word' id='word_1_247' title='bbox 727 3009 814 3062; x_wconf 86' lang='lat' dir='ltr'><strong>tibi</strong></span> <span class='ocrx_word' id='word_1_248' title='bbox 856 3011 1162 3062; x_wconf 83' lang='lat' dir='ltr'><strong>manducare</strong></span> <span class='ocrx_word' id='word_1_249' title='bbox 1206 3007 1449 3062; x_wconf 84' lang='lat' dir='ltr'><strong>Pascha?</strong></span> <span class='ocrx_word' id='word_1_250' title='bbox 1489 3006 1562 3062; x_wconf 84' lang='lat' dir='ltr'><strong>Ita</strong></span> <span class='ocrx_word' id='word_1_251' title='bbox 1591 3017 1647 3063; x_wconf 89' lang='lat' dir='ltr'><strong>et</strong></span> <span class='ocrx_word' id='word_1_252' title='bbox 1670 3007 1756 3061; x_wconf 90' lang='lat' dir='ltr'><strong>hic</strong></span> <span class='ocrx_word' id='word_1_253' title='bbox 1778 3007 1934 3073; x_wconf 88' lang='lat' dir='ltr'><strong>latro,</strong></span> 
     </span>
    </p>
   </div>
   <div class='ocr_carea' id='block_1_32' title="bbox 358 3099 1938 3168">
    <p class='ocr_par' dir='ltr' id='par_1_32' title="bbox 358 3099 1938 3168">
     <span class='ocr_line' id='line_1_32' title="bbox 358 3099 1938 3168; baseline -0.002 -12"><span class='ocrx_word' id='word_1_254' title='bbox 358 3110 411 3156; x_wconf 81' lang='lat' dir='ltr'><strong>et</strong></span> <span class='ocrx_word' id='word_1_255' title='bbox 436 3103 569 3156; x_wconf 88' lang='lat' dir='ltr'><strong>latro</strong></span> <span class='ocrx_word' id='word_1_256' title='bbox 602 3121 615 3157; x_wconf 92' lang='lat'><strong>:</strong></span> <span class='ocrx_word' id='word_1_257' title='bbox 646 3111 699 3156; x_wconf 93' lang='lat' dir='ltr'><strong>at</strong></span> <span class='ocrx_word' id='word_1_258' title='bbox 729 3104 815 3157; x_wconf 90' lang='lat' dir='ltr'><strong>ille</strong></span> <span class='ocrx_word' id='word_1_259' title='bbox 844 3102 1258 3168; x_wconf 81' lang='lat' dir='ltr'><strong>conviciabatur,</strong></span> <span class='ocrx_word' id='word_1_260' title='bbox 1291 3100 1376 3155; x_wconf 91' lang='lat' dir='ltr'><strong>hic</strong></span> <span class='ocrx_word' id='word_1_261' title='bbox 1402 3099 1725 3156; x_wconf 78' lang='lat' dir='ltr'><strong>convicianti</strong></span> <span class='ocrx_word' id='word_1_262' title='bbox 1753 3115 1813 3154; x_wconf 93' lang='lat' dir='ltr'><strong>os</strong></span> <span class='ocrx_word' id='word_1_263' title='bbox 1839 3099 1938 3154; x_wconf 88' lang='lat' dir='ltr'><strong>ob-</strong></span> 
     </span>
    </p>
   </div>
   <div class='ocr_carea' id='block_1_33' title="bbox 357 3192 1934 3264">
    <p class='ocr_par' dir='ltr' id='par_1_33' title="bbox 357 3192 1934 3264">
     <span class='ocr_line' id='line_1_33' title="bbox 357 3192 1934 3264; baseline 0 -17"><span class='ocrx_word' id='word_1_264' title='bbox 357 3198 539 3260; x_wconf 83' lang='lat' dir='ltr'><strong>struit;</strong></span> <span class='ocrx_word' id='word_1_265' title='bbox 589 3196 679 3249; x_wconf 91' lang='lat' dir='ltr'><strong>ille</strong></span> <span class='ocrx_word' id='word_1_266' title='bbox 715 3195 1047 3264; x_wconf 77' lang='lat' dir='ltr'><strong>blaSpbemat</strong></span> <span class='ocrx_word' id='word_1_267' title='bbox 1072 3236 1087 3256; x_wconf 86' lang='lat'><strong>,</strong></span> <span class='ocrx_word' id='word_1_268' title='bbox 1129 3195 1214 3249; x_wconf 88' lang='lat' dir='ltr'><strong>hic</strong></span> <span class='ocrx_word' id='word_1_269' title='bbox 1244 3208 1369 3249; x_wconf 89' lang='lat' dir='ltr'><strong>vero</strong></span> <span class='ocrx_word' id='word_1_270' title='bbox 1398 3194 1674 3263; x_wconf 83' lang='lat' dir='ltr'><strong>objurgat;</strong></span> <span class='ocrx_word' id='word_1_271' title='bbox 1707 3203 1760 3248; x_wconf 80' lang='lat' dir='ltr'><strong>et</strong></span> <span class='ocrx_word' id='word_1_272' title='bbox 1799 3192 1934 3259; x_wconf 71' lang='lat' dir='ltr'><strong>hcce,</strong></span> 
     </span>
    </p>
   </div>
   <div class='ocr_carea' id='block_1_34' title="bbox 356 3284 1932 3356">
    <p class='ocr_par' dir='ltr' id='par_1_34' title="bbox 356 3284 1932 3356">
     <span class='ocr_line' id='line_1_34' title="bbox 356 3284 1932 3356; baseline 0 -17"><span class='ocrx_word' id='word_1_273' title='bbox 356 3302 475 3339; x_wconf 90' lang='lat' dir='ltr'><strong>eum</strong></span> <span class='ocrx_word' id='word_1_274' title='bbox 503 3288 764 3356; x_wconf 88' lang='lat' dir='ltr'><strong>aspiceret</strong></span> <span class='ocrx_word' id='word_1_275' title='bbox 791 3287 937 3341; x_wconf 91' lang='lat' dir='ltr'><strong>illum</strong></span> <span class='ocrx_word' id='word_1_276' title='bbox 967 3286 1285 3342; x_wconf 75' lang='lat' dir='ltr'><strong>crucifixum</strong></span> <span class='ocrx_word' id='word_1_277' title='bbox 1314 3326 1329 3351; x_wconf 93' lang='lat'><strong>,</strong></span> <span class='ocrx_word' id='word_1_278' title='bbox 1358 3284 1770 3339; x_wconf 89' lang='lat' dir='ltr'><strong>condemnatum</strong></span> <span class='ocrx_word' id='word_1_279' title='bbox 1790 3325 1804 3349; x_wconf 92' lang='lat'><strong>,</strong></span> <span class='ocrx_word' id='word_1_280' title='bbox 1836 3299 1932 3354; x_wconf 86' lang='lat' dir='ltr'><strong>po-</strong></span> 
     </span>
    </p>
   </div>
   <div class='ocr_carea' id='block_1_35' title="bbox 358 3376 1933 3445">
    <p class='ocr_par' dir='ltr' id='par_1_35' title="bbox 358 3376 1933 3445">
     <span class='ocr_line' id='line_1_35' title="bbox 358 3376 1933 3445; baseline -0.001 -15"><span class='ocrx_word' id='word_1_281' title='bbox 358 3376 538 3444; x_wconf 82' lang='lat' dir='ltr'><strong>pulum</strong></span> <span class='ocrx_word' id='word_1_282' title='bbox 571 3376 703 3431; x_wconf 82' lang='lat' dir='ltr'><strong>infra</strong></span> <span class='ocrx_word' id='word_1_283' title='bbox 730 3376 1135 3439; x_wconf 83' lang='lat' dir='ltr'><strong>conviciantem,</strong></span> <span class='ocrx_word' id='word_1_284' title='bbox 1162 3376 1350 3445; x_wconf 87' lang='lat' dir='ltr'><strong>grandi</strong></span> <span class='ocrx_word' id='word_1_285' title='bbox 1375 3376 1933 3440; x_wconf 67' lang='lat' dir='ltr'><strong>voce’v‘ociferantem,</strong></span> 
     </span>
    </p>
   </div>
   <div class='ocr_carea' id='block_1_36' title="bbox 356 3466 1936 3534">
    <p class='ocr_par' dir='ltr' id='par_1_36' title="bbox 356 3466 1936 3534">
     <span class='ocr_line' id='line_1_36' title="bbox 356 3466 1936 3534; baseline 0.001 -15"><span class='ocrx_word' id='word_1_286' title='bbox 356 3467 451 3520; x_wconf 87' lang='lat' dir='ltr'><strong>sed</strong></span> <span class='ocrx_word' id='word_1_287' title='bbox 477 3476 652 3521; x_wconf 89' lang='lat' dir='ltr'><strong>tamen</strong></span> <span class='ocrx_word' id='word_1_288' title='bbox 683 3466 815 3521; x_wconf 84' lang='lat' dir='ltr'><strong>nihil</strong></span> <span class='ocrx_word' id='word_1_289' title='bbox 840 3467 1027 3521; x_wconf 90' lang='lat' dir='ltr'><strong>horum</strong></span> <span class='ocrx_word' id='word_1_290' title='bbox 1059 3466 1207 3520; x_wconf 88' lang='lat' dir='ltr'><strong>illum</strong></span> <span class='ocrx_word' id='word_1_291' title='bbox 1232 3476 1591 3520; x_wconf 80' lang='lat' dir='ltr'><strong>transversum</strong></span> <span class='ocrx_word' id='word_1_292' title='bbox 1619 3466 1759 3534; x_wconf 90' lang='lat' dir='ltr'><strong>egit,</strong></span> <span class='ocrx_word' id='word_1_293' title='bbox 1795 3476 1885 3520; x_wconf 91' lang='lat' dir='ltr'><strong>aut</strong></span> <span class='ocrx_word' id='word_1_294' title='bbox 1905 3480 1936 3521; x_wconf 86' lang='lat' dir='ltr'><strong>a</strong></span> 
     </span>
    </p>
   </div>
   <div class='ocr_carea' id='block_1_37' title="bbox 354 3557 1933 3622">
    <p class='ocr_par' dir='ltr' id='par_1_37' title="bbox 354 3557 1933 3622">
     <span class='ocr_line' id='line_1_37' title="bbox 354 3557 1933 3622; baseline 0.001 -12"><span class='ocrx_word' id='word_1_295' title='bbox 354 3559 705 3613; x_wconf 79' lang='lat' dir='ltr'><strong>conveniente</strong></span> <span class='ocrx_word' id='word_1_296' title='bbox 734 3560 1126 3614; x_wconf 80' lang='lat' dir='ltr'><strong>existimatione</strong></span> <span class='ocrx_word' id='word_1_297' title='bbox 1172 3557 1435 3622; x_wconf 83' lang='lat' dir='ltr'><strong>abduxit,</strong></span> <span class='ocrx_word' id='word_1_298' title='bbox 1481 3557 1574 3612; x_wconf 87' lang='lat' dir='ltr'><strong>sed</strong></span> <span class='ocrx_word' id='word_1_299' title='bbox 1617 3568 1672 3612; x_wconf 93' lang='lat' dir='ltr'><strong>et</strong></span> <span class='ocrx_word' id='word_1_300' title='bbox 1707 3558 1933 3612; x_wconf 85' lang='lat' dir='ltr'><strong>alterum</strong></span> 
     </span>
    </p>
   </div>
   <div class='ocr_carea' id='block_1_38' title="bbox 355 3648 1930 3720">
    <p class='ocr_par' dir='ltr' id='par_1_38' title="bbox 355 3648 1930 3720">
     <span class='ocr_line' id='line_1_38' title="bbox 355 3648 1930 3720; baseline 0.003 -20"><span class='ocrx_word' id='word_1_301' title='bbox 355 3648 612 3703; x_wconf 85' lang='lat' dir='ltr'><strong>latronem</strong></span> <span class='ocrx_word' id='word_1_302' title='bbox 642 3652 872 3720; x_wconf 79' lang='lat' dir='ltr'><strong>graviter</strong></span> <span class='ocrx_word' id='word_1_303' title='bbox 897 3651 1162 3720; x_wconf 83' lang='lat' dir='ltr'><strong>increpat,</strong></span> <span class='ocrx_word' id='word_1_304' title='bbox 1195 3650 1279 3704; x_wconf 86' lang='lat' dir='ltr'><strong>his</strong></span> <span class='ocrx_word' id='word_1_305' title='bbox 1302 3650 1368 3704; x_wconf 91' lang='lat' dir='ltr'><strong>ad</strong></span> <span class='ocrx_word' id='word_1_306' title='bbox 1392 3650 1538 3704; x_wconf 89' lang='lat' dir='ltr'><strong>illum</strong></span> <span class='ocrx_word' id='word_1_307' title='bbox 1564 3649 1741 3704; x_wconf 83' lang='lat' dir='ltr'><strong>verbis</strong></span> <span class='ocrx_word' id='word_1_308' title='bbox 1774 3665 1930 3705; x_wconf 92' lang='lat' dir='ltr'><strong>usus:</strong></span> 
     </span>
    </p>
   </div>
   <div class='ocr_carea' id='block_1_39' title="bbox 354 3737 1003 3811">
    <p class='ocr_par' dir='ltr' id='par_1_39' title="bbox 354 3737 1003 3811">
     <span class='ocr_line' id='line_1_39' title="bbox 354 3737 1003 3811; baseline 0.002 -17"><span class='ocrx_word' id='word_1_309' title='bbox 354 3737 535 3811; x_wconf 75' lang='lat' dir='ltr'><strong>Neque</strong></span> <span class='ocrx_word' id='word_1_310' title='bbox 559 3751 611 3793; x_wconf 89' lang='lat' dir='ltr'><strong>tu</strong></span> <span class='ocrx_word' id='word_1_311' title='bbox 638 3744 777 3795; x_wconf 90' lang='lat' dir='ltr'><strong>times</strong></span> <span class='ocrx_word' id='word_1_312' title='bbox 801 3740 1003 3797; x_wconf 75' lang='lat' dir='ltr'><strong>Deum?</strong></span> 
     </span>
    </p>
   </div>
   <div class='ocr_carea' id='block_1_40' title="bbox 425 3831 1935 3901">
    <p class='ocr_par' dir='ltr' id='par_1_40' title="bbox 425 3831 1935 3901">
     <span class='ocr_line' id='line_1_40' title="bbox 425 3831 1935 3901; baseline 0.001 -16"><span class='ocrx_word' id='word_1_313' title='bbox 425 3832 477 3885; x_wconf 84' lang='lat'><strong>5.</strong></span> <span class='ocrx_word' id='word_1_314' title='bbox 508 3831 696 3887; x_wconf 85' lang='lat' dir='ltr'><strong>Vidisti</strong></span> <span class='ocrx_word' id='word_1_315' title='bbox 728 3834 1021 3888; x_wconf 92' lang='lat' dir='ltr'><strong>libertatem</strong></span> <span class='ocrx_word' id='word_1_316' title='bbox 1053 3832 1319 3887; x_wconf 82' lang='lat' dir='ltr'><strong>latronis?</strong></span> <span class='ocrx_word' id='word_1_317' title='bbox 1354 3832 1527 3887; x_wconf 86' lang='lat' dir='ltr'><strong>vidisti</strong></span> <span class='ocrx_word' id='word_1_318' title='bbox 1553 3832 1821 3901; x_wconf 90' lang='lat' dir='ltr'><strong>quomodo</strong></span> <span class='ocrx_word' id='word_1_319' title='bbox 1842 3849 1935 3887; x_wconf 88' lang='lat' dir='ltr'><strong>nc-</strong></span> 
     </span>
    </p>
   </div>
   <div class='ocr_carea' id='block_1_41' title="bbox 352 3922 1929 3993">
    <p class='ocr_par' dir='ltr' id='par_1_41' title="bbox 352 3922 1929 3993">
     <span class='ocr_line' id='line_1_41' title="bbox 352 3922 1929 3993; baseline 0.002 -19"><span class='ocrx_word' id='word_1_320' title='bbox 352 3937 457 3990; x_wconf 88' lang='lat' dir='ltr'><strong>que</strong></span> <span class='ocrx_word' id='word_1_321' title='bbox 485 3922 535 3975; x_wconf 91' lang='lat' dir='ltr'><strong>in</strong></span> <span class='ocrx_word' id='word_1_322' title='bbox 574 3938 731 3977; x_wconf 89' lang='lat' dir='ltr'><strong>cruce</strong></span> <span class='ocrx_word' id='word_1_323' title='bbox 774 3925 901 3977; x_wconf 89' lang='lat' dir='ltr'><strong>artis</strong></span> <span class='ocrx_word' id='word_1_324' title='bbox 949 3939 1058 3977; x_wconf 81' lang='lat' dir='ltr'><strong>sua:</strong></span> <span class='ocrx_word' id='word_1_325' title='bbox 1100 3923 1428 3977; x_wconf 89' lang='lat' dir='ltr'><strong>obliviscitur</strong></span> <span class='ocrx_word' id='word_1_326' title='bbox 1457 3964 1471 3988; x_wconf 95' lang='lat'><strong>,</strong></span> <span class='ocrx_word' id='word_1_327' title='bbox 1512 3922 1605 3977; x_wconf 90' lang='lat' dir='ltr'><strong>sed</strong></span> <span class='ocrx_word' id='word_1_328' title='bbox 1637 3938 1733 3993; x_wconf 88' lang='lat' dir='ltr'><strong>per</strong></span> <span class='ocrx_word' id='word_1_329' title='bbox 1762 3924 1929 3992; x_wconf 86' lang='lat' dir='ltr'><strong>ipsam</strong></span> 
     </span>
    </p>
   </div>
   <div class='ocr_carea' id='block_1_42' title="bbox 351 4011 1934 4086">
    <p class='ocr_par' dir='ltr' id='par_1_42' title="bbox 351 4011 1934 4086">
     <span class='ocr_line' id='line_1_42' title="bbox 351 4011 1934 4086; baseline 0.003 -21"><span class='ocrx_word' id='word_1_330' title='bbox 351 4011 742 4067; x_wconf 86' lang='lat' dir='ltr'><strong>confessionem</strong></span> <span class='ocrx_word' id='word_1_331' title='bbox 761 4016 1022 4083; x_wconf 68' lang='lat' dir='ltr'><strong>prmdatur</strong></span> <span class='ocrx_word' id='word_1_332' title='bbox 1036 4032 1253 4085; x_wconf 80' lang='lat' dir='ltr'><strong>regnum</strong></span> <span class='ocrx_word' id='word_1_333' title='bbox 1283 4018 1305 4069; x_wconf 77' lang='lat' dir='ltr'><strong>‘l</strong></span> <span class='ocrx_word' id='word_1_334' title='bbox 1322 4014 1375 4068; x_wconf 86' lang='grc' dir='ltr'><strong><em>Ν</em></strong></span> <span class='ocrx_word' id='word_1_335' title='bbox 1378 4032 1500 4086; x_wconf 82' lang='lat' dir='ltr'><strong>eque</strong></span> <span class='ocrx_word' id='word_1_336' title='bbox 1512 4025 1565 4068; x_wconf 86' lang='lat' dir='ltr'><strong>tn</strong></span> <span class='ocrx_word' id='word_1_337' title='bbox 1581 4015 1934 4070; x_wconf 71' lang='lat' dir='ltr'><strong>timesDcum?</strong></span> 
     </span>
    </p>
   </div>
   <div class='ocr_carea' id='block_1_43' title="bbox 352 4094 1932 4175">
    <p class='ocr_par' dir='ltr' id='par_1_43' title="bbox 352 4094 1932 4175">
     <span class='ocr_line' id='line_1_43' title="bbox 352 4094 1932 4175; baseline 0.003 -18"><span class='ocrx_word' id='word_1_338' title='bbox 352 4103 544 4173; x_wconf 90' lang='lat' dir='ltr'><strong>inquit.</strong></span> <span class='ocrx_word' id='word_1_339' title='bbox 581 4094 763 4160; x_wconf 73' lang='lat' dir='ltr'><strong>Vidisti</strong></span> <span class='ocrx_word' id='word_1_340' title='bbox 806 4096 1099 4162; x_wconf 87' lang='lat' dir='ltr'><strong>libertatem</strong></span> <span class='ocrx_word' id='word_1_341' title='bbox 1137 4109 1188 4161; x_wconf 91' lang='lat' dir='ltr'><strong>in</strong></span> <span class='ocrx_word' id='word_1_342' title='bbox 1228 4122 1385 4162; x_wconf 89' lang='lat' dir='ltr'><strong>cruce</strong></span> <span class='ocrx_word' id='word_1_343' title='bbox 1414 4148 1428 4170; x_wconf 89' lang='lat'><strong>,</strong></span> <span class='ocrx_word' id='word_1_344' title='bbox 1470 4107 1648 4161; x_wconf 85' lang='lat' dir='ltr'><strong>vidisti</strong></span> <span class='ocrx_word' id='word_1_345' title='bbox 1696 4100 1932 4175; x_wconf 86' lang='lat' dir='ltr'><strong>philoso-</strong></span> 
     </span>
    </p>
   </div>
   <div class='ocr_carea' id='block_1_44' title="bbox 352 4195 1931 4268">
    <p class='ocr_par' dir='ltr' id='par_1_44' title="bbox 352 4195 1931 4268">
     <span class='ocr_line' id='line_1_44' title="bbox 352 4195 1931 4268; baseline 0.004 -21"><span class='ocrx_word' id='word_1_346' title='bbox 352 4195 525 4263; x_wconf 88' lang='lat' dir='ltr'><strong>phiam</strong></span> <span class='ocrx_word' id='word_1_347' title='bbox 545 4238 559 4262; x_wconf 95' lang='lat'><strong>,</strong></span> <span class='ocrx_word' id='word_1_348' title='bbox 590 4197 763 4253; x_wconf 91' lang='lat' dir='ltr'><strong>vidisti</strong></span> <span class='ocrx_word' id='word_1_349' title='bbox 811 4200 1198 4254; x_wconf 84' lang='lat' dir='ltr'><strong>reverentiam?</strong></span> <span class='ocrx_word' id='word_1_350' title='bbox 1226 4198 1375 4267; x_wconf 87' lang='lat' dir='ltr'><strong>Quod</strong></span> <span class='ocrx_word' id='word_1_351' title='bbox 1402 4200 1542 4254; x_wconf 90' lang='lat' dir='ltr'><strong>enim</strong></span> <span class='ocrx_word' id='word_1_352' title='bbox 1566 4198 1665 4252; x_wconf 92' lang='lat' dir='ltr'><strong>sibi</strong></span> <span class='ocrx_word' id='word_1_353' title='bbox 1694 4214 1931 4268; x_wconf 75' lang='lat' dir='ltr'><strong>prtesens</strong></span> 
     </span>
    </p>
   </div>
   <div class='ocr_carea' id='block_1_45' title="bbox 350 4283 1931 4358">
    <p class='ocr_par' dir='ltr' id='par_1_45' title="bbox 350 4283 1931 4358">
     <span class='ocr_line' id='line_1_45' title="bbox 350 4283 1931 4358; baseline 0.005 -21"><span class='ocrx_word' id='word_1_354' title='bbox 350 4283 507 4340; x_wconf 81' lang='lat' dir='ltr'><strong>fuerit</strong></span> <span class='ocrx_word' id='word_1_355' title='bbox 528 4287 667 4356; x_wconf 87' lang='lat' dir='ltr'><strong>quod</strong></span> <span class='ocrx_word' id='word_1_356' title='bbox 698 4288 765 4342; x_wconf 92' lang='lat' dir='ltr'><strong>de</strong></span> <span class='ocrx_word' id='word_1_357' title='bbox 786 4299 926 4343; x_wconf 89' lang='lat' dir='ltr'><strong>statu</strong></span> <span class='ocrx_word' id='word_1_358' title='bbox 954 4291 1147 4344; x_wconf 90' lang='lat' dir='ltr'><strong>mentis</strong></span> <span class='ocrx_word' id='word_1_359' title='bbox 1177 4306 1282 4344; x_wconf 91' lang='lat' dir='ltr'><strong>non</strong></span> <span class='ocrx_word' id='word_1_360' title='bbox 1322 4290 1560 4358; x_wconf 87' lang='lat' dir='ltr'><strong>dejectus</strong></span> <span class='ocrx_word' id='word_1_361' title='bbox 1589 4332 1604 4356; x_wconf 98' lang='lat'><strong>,</strong></span> <span class='ocrx_word' id='word_1_362' title='bbox 1637 4290 1739 4345; x_wconf 90' lang='lat' dir='ltr'><strong>etsi</strong></span> <span class='ocrx_word' id='word_1_363' title='bbox 1768 4290 1931 4346; x_wconf 86' lang='lat' dir='ltr'><strong>clavis</strong></span> 
     </span>
    </p>
   </div>
   <div class='ocr_carea' id='block_1_46' title="bbox 347 4377 1931 4452">
    <p class='ocr_par' dir='ltr' id='par_1_46' title="bbox 347 4377 1931 4452">
     <span class='ocr_line' id='line_1_46' title="bbox 347 4377 1931 4452; baseline 0.004 -23"><span class='ocrx_word' id='word_1_364' title='bbox 347 4377 558 4443; x_wconf 83' lang='lat' dir='ltr'><strong>affixus,</strong></span> <span class='ocrx_word' id='word_1_365' title='bbox 576 4379 969 4450; x_wconf 89' lang='lat' dir='ltr'><strong>immensosque</strong></span> <span class='ocrx_word' id='word_1_366' title='bbox 992 4383 1257 4435; x_wconf 90' lang='lat' dir='ltr'><strong>cruciatus</strong></span> <span class='ocrx_word' id='word_1_367' title='bbox 1277 4397 1341 4436; x_wconf 83' lang='lat' dir='ltr'><strong>ex</strong></span> <span class='ocrx_word' id='word_1_368' title='bbox 1366 4382 1529 4436; x_wconf 90' lang='lat' dir='ltr'><strong>clavis</strong></span> <span class='ocrx_word' id='word_1_369' title='bbox 1545 4391 1691 4435; x_wconf 90' lang='lat' dir='ltr'><strong>ortos</strong></span> <span class='ocrx_word' id='word_1_370' title='bbox 1716 4396 1931 4452; x_wconf 85' lang='lat' dir='ltr'><strong>perpes-</strong></span> 
     </span>
    </p>
   </div>
   <div class='ocr_carea' id='block_1_47' title="bbox 346 4472 1931 4543">
    <p class='ocr_par' dir='ltr' id='par_1_47' title="bbox 346 4472 1931 4543">
     <span class='ocr_line' id='line_1_47' title="bbox 346 4472 1931 4543; baseline 0.003 -20"><span class='ocrx_word' id='word_1_371' title='bbox 346 4481 439 4523; x_wconf 87' lang='lat' dir='ltr'><strong>sus</strong></span> <span class='ocrx_word' id='word_1_372' title='bbox 463 4487 475 4522; x_wconf 94' lang='lat'><strong>:</strong></span> <span class='ocrx_word' id='word_1_373' title='bbox 495 4484 560 4523; x_wconf 91' lang='lat' dir='ltr'><strong>an</strong></span> <span class='ocrx_word' id='word_1_374' title='bbox 590 4485 695 4525; x_wconf 91' lang='lat' dir='ltr'><strong>non</strong></span> <span class='ocrx_word' id='word_1_375' title='bbox 723 4485 843 4526; x_wconf 91' lang='lat' dir='ltr'><strong>eum</strong></span> <span class='ocrx_word' id='word_1_376' title='bbox 873 4472 1121 4526; x_wconf 90' lang='lat' dir='ltr'><strong>admirari</strong></span> <span class='ocrx_word' id='word_1_377' title='bbox 1144 4488 1351 4542; x_wconf 80' lang='lat' dir='ltr'><strong>:cquum</strong></span> <span class='ocrx_word' id='word_1_378' title='bbox 1375 4481 1456 4527; x_wconf 89' lang='lat' dir='ltr'><strong>est</strong></span> <span class='ocrx_word' id='word_1_379' title='bbox 1486 4514 1501 4536; x_wconf 97' lang='lat'><strong>,</strong></span> <span class='ocrx_word' id='word_1_380' title='bbox 1532 4472 1604 4526; x_wconf 93' lang='lat' dir='ltr'><strong>ob</strong></span> <span class='ocrx_word' id='word_1_381' title='bbox 1634 4482 1737 4525; x_wconf 89' lang='lat' dir='ltr'><strong>tam</strong></span> <span class='ocrx_word' id='word_1_382' title='bbox 1769 4488 1931 4543; x_wconf 85' lang='lat' dir='ltr'><strong>gene—</strong></span> 
     </span>
    </p>
   </div>
   <div class='ocr_carea' id='block_1_48' title="bbox 347 4561 1929 4632">
    <p class='ocr_par' dir='ltr' id='par_1_48' title="bbox 347 4561 1929 4632">
     <span class='ocr_line' id='line_1_48' title="bbox 347 4561 1929 4632; baseline 0.004 -21"><span class='ocrx_word' id='word_1_383' title='bbox 347 4573 521 4614; x_wconf 82' lang='lat' dir='ltr'><strong>rosam</strong></span> <span class='ocrx_word' id='word_1_384' title='bbox 550 4561 715 4616; x_wconf 91' lang='lat' dir='ltr'><strong>animi</strong></span> <span class='ocrx_word' id='word_1_385' title='bbox 756 4563 1155 4617; x_wconf 80' lang='lat' dir='ltr'><strong>constantiam?</strong></span> <span class='ocrx_word' id='word_1_386' title='bbox 1196 4564 1310 4618; x_wconf 87' lang='lat' dir='ltr'><strong>Non</strong></span> <span class='ocrx_word' id='word_1_387' title='bbox 1341 4564 1512 4618; x_wconf 90' lang='lat' dir='ltr'><strong>solum</strong></span> <span class='ocrx_word' id='word_1_388' title='bbox 1543 4563 1752 4632; x_wconf 84' lang='lat' dir='ltr'><strong>dignum</strong></span> <span class='ocrx_word' id='word_1_389' title='bbox 1775 4563 1929 4617; x_wconf 88' lang='lat' dir='ltr'><strong>dixe-</strong></span> 
     </span>
    </p>
   </div>
   <div class='ocr_carea' id='block_1_49' title="bbox 344 4651 1924 4724">
    <p class='ocr_par' dir='ltr' id='par_1_49' title="bbox 344 4651 1924 4724">
     <span class='ocr_line' id='line_1_49' title="bbox 344 4651 1924 4724; baseline 0.004 -21"><span class='ocrx_word' id='word_1_390' title='bbox 344 4651 444 4703; x_wconf 90' lang='lat' dir='ltr'><strong>rim</strong></span> <span class='ocrx_word' id='word_1_391' title='bbox 473 4666 630 4722; x_wconf 90' lang='lat' dir='ltr'><strong>quem</strong></span> <span class='ocrx_word' id='word_1_392' title='bbox 661 4653 1004 4719; x_wconf 90' lang='lat' dir='ltr'><strong>admiremur,</strong></span> <span class='ocrx_word' id='word_1_393' title='bbox 1018 4654 1111 4710; x_wconf 90' lang='lat' dir='ltr'><strong>sed</strong></span> <span class='ocrx_word' id='word_1_394' title='bbox 1128 4670 1285 4724; x_wconf 90' lang='lat' dir='ltr'><strong>quem</strong></span> <span class='ocrx_word' id='word_1_395' title='bbox 1313 4654 1525 4710; x_wconf 88' lang='lat' dir='ltr'><strong>beatum</strong></span> <span class='ocrx_word' id='word_1_396' title='bbox 1555 4654 1924 4724; x_wconf 72' lang='lat' dir='ltr'><strong>pnedicemus.</strong></span> 
     </span>
    </p>
   </div>
   <div class='ocr_carea' id='block_1_50' title="bbox 344 4741 1930 4804">
    <p class='ocr_par' dir='ltr' id='par_1_50' title="bbox 344 4741 1930 4804">
     <span class='ocr_line' id='line_1_50' title="bbox 344 4741 1930 4804; baseline 0.004 -7"><span class='ocrx_word' id='word_1_397' title='bbox 344 4741 554 4799; x_wconf 75' lang='lat' dir='ltr'><strong>Etenim</strong></span> <span class='ocrx_word' id='word_1_398' title='bbox 581 4762 685 4799; x_wconf 90' lang='lat' dir='ltr'><strong>non</strong></span> <span class='ocrx_word' id='word_1_399' title='bbox 709 4747 879 4801; x_wconf 92' lang='lat' dir='ltr'><strong>solum</strong></span> <span class='ocrx_word' id='word_1_400' title='bbox 911 4763 1014 4801; x_wconf 89' lang='lat' dir='ltr'><strong>non</strong></span> <span class='ocrx_word' id='word_1_401' title='bbox 1037 4748 1345 4803; x_wconf 87' lang='lat' dir='ltr'><strong>advertebat</strong></span> <span class='ocrx_word' id='word_1_402' title='bbox 1374 4756 1605 4804; x_wconf 82' lang='lat' dir='ltr'><strong>mentem</strong></span> <span class='ocrx_word' id='word_1_403' title='bbox 1629 4747 1694 4802; x_wconf 89' lang='lat' dir='ltr'><strong>ad</strong></span> <span class='ocrx_word' id='word_1_404' title='bbox 1721 4751 1930 4804; x_wconf 89' lang='lat' dir='ltr'><strong>crucia-</strong></span> 
     </span>
    </p>
   </div>
   <div class='ocr_carea' id='block_1_51' title="bbox 342 4837 1922 4905">
    <p class='ocr_par' dir='ltr' id='par_1_51' title="bbox 342 4837 1922 4905">
     <span class='ocr_line' id='line_1_51' title="bbox 342 4837 1922 4905; baseline 0.004 -16"><span class='ocrx_word' id='word_1_405' title='bbox 342 4844 429 4889; x_wconf 87' lang='lat' dir='ltr'><strong>tus</strong></span> <span class='ocrx_word' id='word_1_406' title='bbox 458 4877 472 4900; x_wconf 91' lang='lat'><strong>,</strong></span> <span class='ocrx_word' id='word_1_407' title='bbox 505 4837 598 4891; x_wconf 90' lang='lat' dir='ltr'><strong>sed</strong></span> <span class='ocrx_word' id='word_1_408' title='bbox 635 4838 882 4892; x_wconf 88' lang='lat' dir='ltr'><strong>omnibus</strong></span> <span class='ocrx_word' id='word_1_409' title='bbox 911 4841 1022 4893; x_wconf 92' lang='lat' dir='ltr'><strong>suis</strong></span> <span class='ocrx_word' id='word_1_410' title='bbox 1048 4840 1278 4905; x_wconf 90' lang='lat' dir='ltr'><strong>relictis,</strong></span> <span class='ocrx_word' id='word_1_411' title='bbox 1309 4855 1396 4894; x_wconf 90' lang='lat' dir='ltr'><strong>res</strong></span> <span class='ocrx_word' id='word_1_412' title='bbox 1424 4840 1642 4895; x_wconf 89' lang='lat' dir='ltr'><strong>alterius</strong></span> <span class='ocrx_word' id='word_1_413' title='bbox 1668 4840 1922 4896; x_wconf 89' lang='lat' dir='ltr'><strong>curabat:</strong></span> 
     </span>
    </p>
   </div>
   <div class='ocr_carea' id='block_1_52' title="bbox 338 4928 1924 5002">
    <p class='ocr_par' dir='ltr' id='par_1_52' title="bbox 338 4928 1924 5002">
     <span class='ocr_line' id='line_1_52' title="bbox 338 4928 1924 5002; baseline 0.003 -20"><span class='ocrx_word' id='word_1_414' title='bbox 338 4937 392 4983; x_wconf 88' lang='lat' dir='ltr'><strong>et</strong></span> <span class='ocrx_word' id='word_1_415' title='bbox 435 4938 493 4982; x_wconf 91' lang='lat' dir='ltr'><strong>ut</strong></span> <span class='ocrx_word' id='word_1_416' title='bbox 520 4928 666 4983; x_wconf 80' lang='lat' dir='ltr'><strong>illum</strong></span> <span class='ocrx_word' id='word_1_417' title='bbox 693 4930 759 4984; x_wconf 91' lang='lat' dir='ltr'><strong>ab</strong></span> <span class='ocrx_word' id='word_1_418' title='bbox 785 4946 969 4986; x_wconf 87' lang='lat' dir='ltr'><strong>errore</strong></span> <span class='ocrx_word' id='word_1_419' title='bbox 998 4932 1263 5001; x_wconf 89' lang='lat' dir='ltr'><strong>eriperet,</strong></span> <span class='ocrx_word' id='word_1_420' title='bbox 1307 4940 1360 4985; x_wconf 89' lang='lat' dir='ltr'><strong>et</strong></span> <span class='ocrx_word' id='word_1_421' title='bbox 1406 4933 1659 5002; x_wconf 81' lang='lat' dir='ltr'><strong>magister</strong></span> <span class='ocrx_word' id='word_1_422' title='bbox 1702 4932 1819 5002; x_wconf 85' lang='lat' dir='ltr'><strong>ejus</strong></span> <span class='ocrx_word' id='word_1_423' title='bbox 1869 4934 1924 4988; x_wconf 92' lang='lat' dir='ltr'><strong>in</strong></span> 
     </span>
    </p>
   </div>
   <div class='ocr_carea' id='block_1_53' title="bbox 317 5016 1925 5095">
    <p class='ocr_par' dir='ltr' id='par_1_53' title="bbox 317 5016 1925 5095">
     <span class='ocr_line' id='line_1_53' title="bbox 317 5016 1925 5095; baseline 0.004 -21"><span class='ocrx_word' id='word_1_424' title='bbox 317 5016 496 5076; x_wconf 62' lang='lat' dir='ltr'><strong>&#39;truce</strong></span> <span class='ocrx_word' id='word_1_425' title='bbox 526 5024 696 5088; x_wconf 81' lang='lat' dir='ltr'><strong>fieret,</strong></span> <span class='ocrx_word' id='word_1_426' title='bbox 728 5024 872 5077; x_wconf 91' lang='lat' dir='ltr'><strong>omni</strong></span> <span class='ocrx_word' id='word_1_427' title='bbox 899 5040 1001 5095; x_wconf 87' lang='lat' dir='ltr'><strong>ope</strong></span> <span class='ocrx_word' id='word_1_428' title='bbox 1030 5026 1295 5079; x_wconf 84' lang='lat' dir='ltr'><strong>studebat.</strong></span> <span class='ocrx_word' id='word_1_429' title='bbox 1338 5022 1448 5078; x_wconf 84' lang='lat' dir='ltr'><strong>Nec</strong></span> <span class='ocrx_word' id='word_1_430' title='bbox 1476 5035 1527 5078; x_wconf 93' lang='lat' dir='ltr'><strong>tu</strong></span> <span class='ocrx_word' id='word_1_431' title='bbox 1549 5026 1691 5079; x_wconf 83' lang='lat' dir='ltr'><strong>times</strong></span> <span class='ocrx_word' id='word_1_432' title='bbox 1722 5026 1925 5080; x_wconf 80' lang='lat' dir='ltr'><strong>Deum?</strong></span> 
     </span>
    </p>
   </div>
   <div class='ocr_carea' id='block_1_54' title="bbox 337 5109 1922 5178">
    <p class='ocr_par' dir='ltr' id='par_1_54' title="bbox 337 5109 1922 5178">
     <span class='ocr_line' id='line_1_54' title="bbox 337 5109 1922 5178; baseline 0.006 -14"><span class='ocrx_word' id='word_1_433' title='bbox 337 5109 526 5178; x_wconf 86' lang='lat' dir='ltr'><strong>inquit.</strong></span> <span class='ocrx_word' id='word_1_434' title='bbox 555 5112 783 5167; x_wconf 85' lang='lat' dir='ltr'><strong>Tantum</strong></span> <span class='ocrx_word' id='word_1_435' title='bbox 805 5129 911 5169; x_wconf 92' lang='lat' dir='ltr'><strong>non</strong></span> <span class='ocrx_word' id='word_1_436' title='bbox 941 5116 1008 5169; x_wconf 88' lang='lat' dir='ltr'><strong>ad</strong></span> <span class='ocrx_word' id='word_1_437' title='bbox 1035 5115 1183 5170; x_wconf 91' lang='lat' dir='ltr'><strong>illum</strong></span> <span class='ocrx_word' id='word_1_438' title='bbox 1209 5116 1336 5170; x_wconf 88' lang='lat' dir='ltr'><strong>dicit</strong></span> <span class='ocrx_word' id='word_1_439' title='bbox 1361 5134 1373 5170; x_wconf 93' lang='lat'><strong>:</strong></span> <span class='ocrx_word' id='word_1_440' title='bbox 1398 5115 1474 5169; x_wconf 85' lang='lat' dir='ltr'><strong>Ne</strong></span> <span class='ocrx_word' id='word_1_441' title='bbox 1490 5116 1660 5170; x_wconf 91' lang='lat' dir='ltr'><strong>solum</strong></span> <span class='ocrx_word' id='word_1_442' title='bbox 1677 5117 1922 5173; x_wconf 89' lang='lat' dir='ltr'><strong>attendas</strong></span> 
     </span>
    </p>
   </div>
   <div class='ocr_carea' id='block_1_55' title="bbox 334 5202 1922 5281">
    <p class='ocr_par' dir='ltr' id='par_1_55' title="bbox 334 5202 1922 5281">
     <span class='ocr_line' id='line_1_55' title="bbox 334 5202 1922 5281; baseline 0.007 -26"><span class='ocrx_word' id='word_1_443' title='bbox 334 5202 401 5255; x_wconf 89' lang='lat' dir='ltr'><strong>ad</strong></span> <span class='ocrx_word' id='word_1_444' title='bbox 431 5202 479 5257; x_wconf 92' lang='lat' dir='ltr'><strong>id</strong></span> <span class='ocrx_word' id='word_1_445' title='bbox 504 5205 642 5273; x_wconf 90' lang='lat' dir='ltr'><strong>quod</strong></span> <span class='ocrx_word' id='word_1_446' title='bbox 663 5207 800 5275; x_wconf 91' lang='lat' dir='ltr'><strong>apud</strong></span> <span class='ocrx_word' id='word_1_447' title='bbox 832 5207 1078 5263; x_wconf 84' lang='lat' dir='ltr'><strong>homines</strong></span> <span class='ocrx_word' id='word_1_448' title='bbox 1105 5218 1185 5263; x_wconf 89' lang='lat' dir='ltr'><strong>est</strong></span> <span class='ocrx_word' id='word_1_449' title='bbox 1216 5210 1463 5273; x_wconf 86' lang='lat' dir='ltr'><strong>tribunal,</strong></span> <span class='ocrx_word' id='word_1_450' title='bbox 1502 5225 1567 5264; x_wconf 91' lang='lat' dir='ltr'><strong>ne</strong></span> <span class='ocrx_word' id='word_1_451' title='bbox 1593 5225 1657 5265; x_wconf 90' lang='lat' dir='ltr'><strong>ex</strong></span> <span class='ocrx_word' id='word_1_452' title='bbox 1687 5209 1771 5277; x_wconf 91' lang='lat' dir='ltr'><strong>iis,</strong></span> <span class='ocrx_word' id='word_1_453' title='bbox 1803 5226 1922 5281; x_wconf 82' lang='lat' dir='ltr'><strong>qua:</strong></span> 
     </span>
    </p>
   </div>
   <div class='ocr_carea' id='block_1_56' title="bbox 333 5292 1919 5369">
    <p class='ocr_par' dir='ltr' id='par_1_56' title="bbox 333 5292 1919 5369">
     <span class='ocr_line' id='line_1_56' title="bbox 333 5292 1919 5369; baseline 0.008 -26"><span class='ocrx_word' id='word_1_454' title='bbox 333 5292 486 5347; x_wconf 85' lang='lat' dir='ltr'><strong>vides</strong></span> <span class='ocrx_word' id='word_1_455' title='bbox 513 5310 623 5349; x_wconf 89' lang='lat' dir='ltr'><strong>rem</strong></span> <span class='ocrx_word' id='word_1_456' title='bbox 654 5298 890 5353; x_wconf 69' lang='lat' dir='ltr'><strong>mstimes</strong></span> <span class='ocrx_word' id='word_1_457' title='bbox 914 5314 928 5362; x_wconf 90' lang='lat'><strong>;</strong></span> <span class='ocrx_word' id='word_1_458' title='bbox 962 5315 1028 5353; x_wconf 91' lang='lat' dir='ltr'><strong>ne</strong></span> <span class='ocrx_word' id='word_1_459' title='bbox 1054 5314 1114 5355; x_wconf 89' lang='lat' dir='ltr'><strong>ea</strong></span> <span class='ocrx_word' id='word_1_460' title='bbox 1143 5316 1260 5369; x_wconf 68' lang='lat' dir='ltr'><strong>qua!</strong></span> <span class='ocrx_word' id='word_1_461' title='bbox 1292 5300 1423 5354; x_wconf 84' lang='lat' dir='ltr'><strong>fiunt</strong></span> <span class='ocrx_word' id='word_1_462' title='bbox 1446 5302 1810 5356; x_wconf 88' lang='lat' dir='ltr'><strong>tantummodo</strong></span> <span class='ocrx_word' id='word_1_463' title='bbox 1838 5302 1919 5356; x_wconf 84' lang='lat' dir='ltr'><strong>in-</strong></span> 
     </span>
    </p>
   </div>
   <div class='ocr_carea' id='block_1_57' title="bbox 331 5386 1920 5463">
    <p class='ocr_par' dir='ltr' id='par_1_57' title="bbox 331 5386 1920 5463">
     <span class='ocr_line' id='line_1_57' title="bbox 331 5386 1920 5463; baseline 0.007 -24"><span class='ocrx_word' id='word_1_464' title='bbox 331 5386 565 5440; x_wconf 87' lang='lat' dir='ltr'><strong>tuearis:</strong></span> <span class='ocrx_word' id='word_1_465' title='bbox 606 5398 689 5442; x_wconf 85' lang='lat' dir='ltr'><strong>est</strong></span> <span class='ocrx_word' id='word_1_466' title='bbox 714 5390 850 5444; x_wconf 88' lang='lat' dir='ltr'><strong>alius</strong></span> <span class='ocrx_word' id='word_1_467' title='bbox 890 5391 1049 5460; x_wconf 84' lang='lat' dir='ltr'><strong>judex</strong></span> <span class='ocrx_word' id='word_1_468' title='bbox 1094 5392 1371 5447; x_wconf 76' lang='lat' dir='ltr'><strong>invisibilis</strong></span> <span class='ocrx_word' id='word_1_469' title='bbox 1399 5435 1413 5455; x_wconf 90' lang='lat'><strong>,</strong></span> <span class='ocrx_word' id='word_1_470' title='bbox 1456 5394 1819 5463; x_wconf 91' lang='lat' dir='ltr'><strong>incorruptum</strong></span> <span class='ocrx_word' id='word_1_471' title='bbox 1866 5403 1920 5450; x_wconf 86' lang='lat' dir='ltr'><strong>et</strong></span> 
     </span>
    </p>
   </div>
   <div class='ocr_carea' id='block_1_58' title="bbox 327 5478 1919 5555">
    <p class='ocr_par' dir='ltr' id='par_1_58' title="bbox 327 5478 1919 5555">
     <span class='ocr_line' id='line_1_58' title="bbox 327 5478 1919 5555; baseline 0.006 -24"><span class='ocrx_word' id='word_1_472' title='bbox 327 5478 595 5534; x_wconf 88' lang='lat' dir='ltr'><strong>sincerum</strong></span> <span class='ocrx_word' id='word_1_473' title='bbox 614 5481 823 5550; x_wconf 89' lang='lat' dir='ltr'><strong>estcjus</strong></span> <span class='ocrx_word' id='word_1_474' title='bbox 854 5484 1105 5551; x_wconf 86' lang='lat' dir='ltr'><strong>tribunal,</strong></span> <span class='ocrx_word' id='word_1_475' title='bbox 1129 5499 1228 5539; x_wconf 90' lang='lat' dir='ltr'><strong>nec</strong></span> <span class='ocrx_word' id='word_1_476' title='bbox 1258 5484 1432 5555; x_wconf 89' lang='lat' dir='ltr'><strong>decipi</strong></span> <span class='ocrx_word' id='word_1_477' title='bbox 1467 5494 1559 5540; x_wconf 87' lang='lat' dir='ltr'><strong>aut</strong></span> <span class='ocrx_word' id='word_1_478' title='bbox 1600 5495 1630 5541; x_wconf 85' lang='lat' dir='ltr'><strong>a</strong></span> <span class='ocrx_word' id='word_1_479' title='bbox 1675 5500 1803 5541; x_wconf 89' lang='lat' dir='ltr'><strong>vero</strong></span> <span class='ocrx_word' id='word_1_480' title='bbox 1821 5486 1919 5541; x_wconf 90' lang='lat' dir='ltr'><strong>de-</strong></span> 
     </span>
    </p>
   </div>
   <div class='ocr_carea' id='block_1_59' title="bbox 328 5568 1915 5646">
    <p class='ocr_par' dir='ltr' id='par_1_59' title="bbox 328 5568 1915 5646">
     <span class='ocr_line' id='line_1_59' title="bbox 328 5568 1915 5646; baseline 0.007 -24"><span class='ocrx_word' id='word_1_481' title='bbox 328 5568 468 5625; x_wconf 76' lang='lat' dir='ltr'><strong>ﬂecti</strong></span> <span class='ocrx_word' id='word_1_482' title='bbox 498 5581 693 5641; x_wconf 78' lang='lat' dir='ltr'><strong>potest.</strong></span> <span class='ocrx_word' id='word_1_483' title='bbox 726 5572 803 5627; x_wconf 69' lang='lat' dir='ltr'><strong>Ne</strong></span> <span class='ocrx_word' id='word_1_484' title='bbox 825 5582 879 5629; x_wconf 90' lang='lat' dir='ltr'><strong>te</strong></span> <span class='ocrx_word' id='word_1_485' title='bbox 910 5581 1164 5637; x_wconf 86' lang='lat' dir='ltr'><strong>moveat,</strong></span> <span class='ocrx_word' id='word_1_486' title='bbox 1202 5575 1343 5646; x_wconf 89' lang='lat' dir='ltr'><strong>quod</strong></span> <span class='ocrx_word' id='word_1_487' title='bbox 1372 5576 1503 5631; x_wconf 88' lang='lat' dir='ltr'><strong>infra</strong></span> <span class='ocrx_word' id='word_1_488' title='bbox 1526 5576 1915 5633; x_wconf 90' lang='lat' dir='ltr'><strong>condemnatus</strong></span> 
     </span>
    </p>
   </div>
   <div class='ocr_carea' id='block_1_60' title="bbox 325 5662 1913 5743">
    <p class='ocr_par' dir='ltr' id='par_1_60' title="bbox 325 5662 1913 5743">
     <span class='ocr_line' id='line_1_60' title="bbox 325 5662 1913 5743; baseline 0.008 -28"><span class='ocrx_word' id='word_1_489' title='bbox 325 5670 408 5715; x_wconf 90' lang='lat' dir='ltr'><strong>est</strong></span> <span class='ocrx_word' id='word_1_490' title='bbox 429 5700 445 5727; x_wconf 88' lang='lat'><strong>,</strong></span> <span class='ocrx_word' id='word_1_491' title='bbox 468 5662 562 5719; x_wconf 86' lang='lat' dir='ltr'><strong>sed</strong></span> <span class='ocrx_word' id='word_1_492' title='bbox 580 5678 699 5735; x_wconf 82' lang='lat' dir='ltr'><strong>qua:</strong></span> <span class='ocrx_word' id='word_1_493' title='bbox 719 5678 878 5735; x_wconf 84' lang='lat' dir='ltr'><strong>supra</strong></span> <span class='ocrx_word' id='word_1_494' title='bbox 903 5674 1044 5735; x_wconf 80' lang='lat' dir='ltr'><strong>sunt,</strong></span> <span class='ocrx_word' id='word_1_495' title='bbox 1077 5682 1136 5722; x_wconf 92' lang='lat' dir='ltr'><strong>ea</strong></span> <span class='ocrx_word' id='word_1_496' title='bbox 1170 5667 1292 5722; x_wconf 90' lang='lat' dir='ltr'><strong>talia</strong></span> <span class='ocrx_word' id='word_1_497' title='bbox 1321 5682 1424 5723; x_wconf 90' lang='lat' dir='ltr'><strong>non</strong></span> <span class='ocrx_word' id='word_1_498' title='bbox 1454 5677 1595 5725; x_wconf 83' lang='lat' dir='ltr'><strong>sunt.</strong></span> <span class='ocrx_word' id='word_1_499' title='bbox 1637 5668 1693 5725; x_wconf 87' lang='lat' dir='ltr'><strong>In</strong></span> <span class='ocrx_word' id='word_1_500' title='bbox 1709 5668 1913 5743; x_wconf 88' lang='lat' dir='ltr'><strong>judicio</strong></span> 
     </span>
    </p>
   </div>
   <div class='ocr_carea' id='block_1_61' title="bbox 1387 248 2622 309">
    <p class='ocr_par' dir='ltr' id='par_1_61' title="bbox 1387 248 2622 309">
     <span class='ocr_line' id='line_1_61' title="bbox 1387 248 2622 309; baseline 0.002 -5"><span class='ocrx_word' id='word_1_501' title='bbox 1387 253 1471 304; x_wconf 81' lang='lat' dir='ltr'><strong>DE</strong></span> <span class='ocrx_word' id='word_1_502' title='bbox 1510 250 1735 306; x_wconf 77' lang='lat' dir='ltr'><strong>CBUCE</strong></span> <span class='ocrx_word' id='word_1_503' title='bbox 1774 250 1861 306; x_wconf 84' lang='lat' dir='ltr'><strong>ET</strong></span> <span class='ocrx_word' id='word_1_504' title='bbox 1901 248 2242 305; x_wconf 70' lang='lat' dir='ltr'><strong>LATRONE.</strong></span> <span class='ocrx_word' id='word_1_505' title='bbox 2287 251 2513 309; x_wconf 74' lang='grc' dir='ltr'><strong>ΠΟΜιῙ..</strong></span> <span class='ocrx_word' id='word_1_506' title='bbox 2562 252 2622 309; x_wconf 83' lang='lat' dir='ltr'><strong>tl.</strong></span> 
     </span>
    </p>
   </div>
   <div class='ocr_carea' id='block_1_62' title="bbox 3517 264 3622 317">
    <p class='ocr_par' dir='ltr' id='par_1_62' title="bbox 3517 264 3622 317">
     <span class='ocr_line' id='line_1_62' title="bbox 3517 264 3622 317; baseline 0 0"><span class='ocrx_word' id='word_1_507' title='bbox 3517 264 3622 317; x_wconf 59' lang='grc' dir='ltr'><strong>1ίὲ</strong></span> 
     </span>
    </p>
   </div>
   <div class='ocr_carea' id='block_1_63' title="bbox 2042 357 3620 437">
    <p class='ocr_par' dir='ltr' id='par_1_63' title="bbox 2042 357 3620 437">
     <span class='ocr_line' id='line_1_63' title="bbox 2042 357 3620 437; baseline 0.012 -28"><span class='ocrx_word' id='word_1_508' title='bbox 2042 357 2184 411; x_wconf 90' lang='lat' dir='ltr'><strong>enim</strong></span> <span class='ocrx_word' id='word_1_509' title='bbox 2223 361 2364 429; x_wconf 92' lang='lat' dir='ltr'><strong>quod</strong></span> <span class='ocrx_word' id='word_1_510' title='bbox 2407 363 2492 417; x_wconf 83' lang='lat' dir='ltr'><strong>hic</strong></span> <span class='ocrx_word' id='word_1_511' title='bbox 2526 365 2731 433; x_wconf 78' lang='lat' dir='ltr'><strong>agitur,</strong></span> <span class='ocrx_word' id='word_1_512' title='bbox 2765 382 2903 437; x_wconf 72' lang='lat' dir='ltr'><strong>srepc</strong></span> <span class='ocrx_word' id='word_1_513' title='bbox 2950 372 3107 425; x_wconf 84' lang='lat' dir='ltr'><strong>etiam</strong></span> <span class='ocrx_word' id='word_1_514' title='bbox 3144 373 3452 429; x_wconf 84' lang='lat' dir='ltr'><strong>innocentes</strong></span> <span class='ocrx_word' id='word_1_515' title='bbox 3487 387 3620 431; x_wconf 80' lang='lat' dir='ltr'><strong>cuu-</strong></span> 
     </span>
    </p>
   </div>
   <div class='ocr_carea' id='block_1_64' title="bbox 2042 449 3619 538">
    <p class='ocr_par' dir='ltr' id='par_1_64' title="bbox 2042 449 3619 538">
     <span class='ocr_line' id='line_1_64' title="bbox 2042 449 3619 538; baseline 0.014 -35"><span class='ocrx_word' id='word_1_516' title='bbox 2042 449 2378 518; x_wconf 87' lang='lat' dir='ltr'><strong>demnantor,</strong></span> <span class='ocrx_word' id='word_1_517' title='bbox 2409 465 2463 509; x_wconf 91' lang='lat' dir='ltr'><strong>ct</strong></span> <span class='ocrx_word' id='word_1_518' title='bbox 2491 468 2745 513; x_wconf 89' lang='lat' dir='ltr'><strong>nocentes</strong></span> <span class='ocrx_word' id='word_1_519' title='bbox 2770 461 3107 519; x_wconf 88' lang='lat' dir='ltr'><strong>dimittuntur</strong></span> <span class='ocrx_word' id='word_1_520' title='bbox 3130 508 3143 527; x_wconf 93' lang='lat'><strong>,</strong></span> <span class='ocrx_word' id='word_1_521' title='bbox 3169 468 3296 532; x_wconf 90' lang='lat' dir='ltr'><strong>justi</strong></span> <span class='ocrx_word' id='word_1_522' title='bbox 3325 470 3496 538; x_wconf 68' lang='lat' dir='ltr'><strong>poenis</strong></span> <span class='ocrx_word' id='word_1_523' title='bbox 3521 468 3586 524; x_wconf 86' lang='lat' dir='ltr'><strong>ad</strong></span> <span class='ocrx_word' id='word_1_524' title='bbox 3603 497 3619 511; x_wconf 83' lang='lat'><strong>-</strong></span> 
     </span>
    </p>
   </div>
   <div class='ocr_carea' id='block_1_65' title="bbox 2010 542 3620 629">
    <p class='ocr_par' dir='ltr' id='par_1_65' title="bbox 2010 542 3620 629">
     <span class='ocr_line' id='line_1_65' title="bbox 2010 542 3620 629; baseline 0.013 -34"><span class='ocrx_word' id='word_1_525' title='bbox 2010 566 2015 573; x_wconf 59' lang='grc'><strong><em>«</em></strong></span> <span class='ocrx_word' id='word_1_526' title='bbox 2042 542 2292 599; x_wconf 89' lang='lat' dir='ltr'><strong>dicuntur</strong></span> <span class='ocrx_word' id='word_1_527' title='bbox 2318 587 2331 611; x_wconf 90' lang='lat'><strong>,</strong></span> <span class='ocrx_word' id='word_1_528' title='bbox 2361 557 2413 601; x_wconf 93' lang='lat' dir='ltr'><strong>et</strong></span> <span class='ocrx_word' id='word_1_529' title='bbox 2436 548 2612 618; x_wconf 87' lang='lat' dir='ltr'><strong>iujusti</strong></span> <span class='ocrx_word' id='word_1_530' title='bbox 2650 552 2924 621; x_wconf 81' lang='lat' dir='ltr'><strong>effugiunt.</strong></span> <span class='ocrx_word' id='word_1_531' title='bbox 2959 557 3021 610; x_wconf 87' lang='lat' dir='ltr'><strong>Et</strong></span> <span class='ocrx_word' id='word_1_532' title='bbox 3054 559 3290 629; x_wconf 86' lang='lat' dir='ltr'><strong>plerique</strong></span> <span class='ocrx_word' id='word_1_533' title='bbox 3315 563 3620 617; x_wconf 89' lang='lat' dir='ltr'><strong>mortalium</strong></span> 
     </span>
    </p>
   </div>
   <div class='ocr_carea' id='block_1_66' title="bbox 2036 632 3618 716">
    <p class='ocr_par' dir='ltr' id='par_1_66' title="bbox 2036 632 3618 716">
     <span class='ocr_line' id='line_1_66' title="bbox 2036 632 3618 716; baseline 0.014 -31"><span class='ocrx_word' id='word_1_534' title='bbox 2036 632 2230 701; x_wconf 90' lang='lat' dir='ltr'><strong>judicia</strong></span> <span class='ocrx_word' id='word_1_535' title='bbox 2257 650 2603 708; x_wconf 83' lang='lat' dir='ltr'><strong>corrumpunt</strong></span> <span class='ocrx_word' id='word_1_536' title='bbox 2632 644 2819 711; x_wconf 87' lang='lat' dir='ltr'><strong>partim</strong></span> <span class='ocrx_word' id='word_1_537' title='bbox 2838 646 3097 707; x_wconf 85' lang='lat' dir='ltr'><strong>lubentes.</strong></span> <span class='ocrx_word' id='word_1_538' title='bbox 3129 651 3317 716; x_wconf 87' lang='lat' dir='ltr'><strong>partim</strong></span> <span class='ocrx_word' id='word_1_539' title='bbox 3357 652 3618 707; x_wconf 84' lang='lat' dir='ltr'><strong>nolentes.</strong></span> 
     </span>
    </p>
   </div>
   <div class='ocr_carea' id='block_1_67' title="bbox 2049 723 3623 806">
    <p class='ocr_par' dir='ltr' id='par_1_67' title="bbox 2049 723 3623 806">
     <span class='ocr_line' id='line_1_67' title="bbox 2049 723 3623 806; baseline 0.012 -29"><span class='ocrx_word' id='word_1_540' title='bbox 2049 723 2137 778; x_wconf 86' lang='lat' dir='ltr'><strong>Vel</strong></span> <span class='ocrx_word' id='word_1_541' title='bbox 2165 726 2306 781; x_wconf 92' lang='lat' dir='ltr'><strong>enim</strong></span> <span class='ocrx_word' id='word_1_542' title='bbox 2325 727 2415 797; x_wconf 90' lang='lat' dir='ltr'><strong>jus</strong></span> <span class='ocrx_word' id='word_1_543' title='bbox 2439 740 2490 784; x_wconf 90' lang='lat' dir='ltr'><strong>et</strong></span> <span class='ocrx_word' id='word_1_544' title='bbox 2522 729 2597 785; x_wconf 90' lang='lat' dir='ltr'><strong>fas</strong></span> <span class='ocrx_word' id='word_1_545' title='bbox 2629 733 2950 801; x_wconf 78' lang='lat' dir='ltr'><strong>igmmmtes,</strong></span> <span class='ocrx_word' id='word_1_546' title='bbox 2982 746 3033 789; x_wconf 90' lang='lat' dir='ltr'><strong>et</strong></span> <span class='ocrx_word' id='word_1_547' title='bbox 3058 736 3298 806; x_wconf 77' lang='lat' dir='ltr'><strong>decepti,</strong></span> <span class='ocrx_word' id='word_1_548' title='bbox 3326 742 3406 796; x_wconf 90' lang='lat' dir='ltr'><strong>vel</strong></span> <span class='ocrx_word' id='word_1_549' title='bbox 3436 743 3623 797; x_wconf 84' lang='lat' dir='ltr'><strong>viden-</strong></span> 
     </span>
    </p>
   </div>
   <div class='ocr_carea' id='block_1_68' title="bbox 2045 817 3618 896">
    <p class='ocr_par' dir='ltr' id='par_1_68' title="bbox 2045 817 3618 896">
     <span class='ocr_line' id='line_1_68' title="bbox 2045 817 3618 896; baseline 0.011 -28"><span class='ocrx_word' id='word_1_550' title='bbox 2045 822 2124 870; x_wconf 88' lang='lat' dir='ltr'><strong>tes</strong></span> <span class='ocrx_word' id='word_1_551' title='bbox 2149 817 2384 884; x_wconf 86' lang='lat' dir='ltr'><strong>quidem,</strong></span> <span class='ocrx_word' id='word_1_552' title='bbox 2419 822 2655 889; x_wconf 89' lang='lat' dir='ltr'><strong>pecuniis</strong></span> <span class='ocrx_word' id='word_1_553' title='bbox 2681 839 2809 879; x_wconf 88' lang='lat' dir='ltr'><strong>vero</strong></span> <span class='ocrx_word' id='word_1_554' title='bbox 2834 829 3067 895; x_wconf 89' lang='lat' dir='ltr'><strong>corrupti</strong></span> <span class='ocrx_word' id='word_1_555' title='bbox 3108 829 3454 896; x_wconf 90' lang='lat' dir='ltr'><strong>prodiderunt</strong></span> <span class='ocrx_word' id='word_1_556' title='bbox 3478 834 3618 887; x_wconf 85' lang='lat' dir='ltr'><strong>veri-</strong></span> 
     </span>
    </p>
   </div>
   <div class='ocr_carea' id='block_1_69' title="bbox 2043 915 3623 976">
    <p class='ocr_par' dir='ltr' id='par_1_69' title="bbox 2043 915 3623 976">
     <span class='ocr_line' id='line_1_69' title="bbox 2043 915 3623 976; baseline 0.009 -15"><span class='ocrx_word' id='word_1_557' title='bbox 2043 916 2204 962; x_wconf 89' lang='lat' dir='ltr'><strong>tatem</strong></span> <span class='ocrx_word' id='word_1_558' title='bbox 2235 952 2248 975; x_wconf 95' lang='lat'><strong>,</strong></span> <span class='ocrx_word' id='word_1_559' title='bbox 2297 921 2349 964; x_wconf 91' lang='lat' dir='ltr'><strong>et</strong></span> <span class='ocrx_word' id='word_1_560' title='bbox 2373 921 2556 968; x_wconf 83' lang='lat' dir='ltr'><strong>contra</strong></span> <span class='ocrx_word' id='word_1_561' title='bbox 2582 915 2891 971; x_wconf 89' lang='lat' dir='ltr'><strong>innocentes</strong></span> <span class='ocrx_word' id='word_1_562' title='bbox 2918 921 3236 973; x_wconf 87' lang='lat' dir='ltr'><strong>sententiam</strong></span> <span class='ocrx_word' id='word_1_563' title='bbox 3275 922 3525 976; x_wconf 89' lang='lat' dir='ltr'><strong>tulerunt.</strong></span> <span class='ocrx_word' id='word_1_564' title='bbox 3554 924 3623 976; x_wconf 84' lang='lat' dir='ltr'><strong>At</strong></span> 
     </span>
    </p>
   </div>
   <div class='ocr_carea' id='block_1_70' title="bbox 2042 1000 3621 1081">
    <p class='ocr_par' dir='ltr' id='par_1_70' title="bbox 2042 1000 3621 1081">
     <span class='ocr_line' id='line_1_70' title="bbox 2042 1000 3621 1081; baseline 0.009 -30"><span class='ocrx_word' id='word_1_565' title='bbox 2042 1012 2201 1069; x_wconf 89' lang='lat' dir='ltr'><strong>supra</strong></span> <span class='ocrx_word' id='word_1_566' title='bbox 2230 1000 2359 1055; x_wconf 90' lang='lat' dir='ltr'><strong>nihil</strong></span> <span class='ocrx_word' id='word_1_567' title='bbox 2393 1000 2580 1057; x_wconf 90' lang='lat' dir='ltr'><strong>horum</strong></span> <span class='ocrx_word' id='word_1_568' title='bbox 2610 1004 2780 1060; x_wconf 85' lang='lat' dir='ltr'><strong>locum</strong></span> <span class='ocrx_word' id='word_1_569' title='bbox 2810 1007 2988 1061; x_wconf 89' lang='lat' dir='ltr'><strong>habet.</strong></span> <span class='ocrx_word' id='word_1_570' title='bbox 3014 1007 3144 1062; x_wconf 84' lang='lat' dir='ltr'><strong>Nam</strong></span> <span class='ocrx_word' id='word_1_571' title='bbox 3175 1009 3314 1064; x_wconf 89' lang='lat' dir='ltr'><strong>Deus</strong></span> <span class='ocrx_word' id='word_1_572' title='bbox 3327 1011 3490 1081; x_wconf 88' lang='lat' dir='ltr'><strong>judex</strong></span> <span class='ocrx_word' id='word_1_573' title='bbox 3534 1012 3621 1080; x_wconf 92' lang='lat' dir='ltr'><strong>ju-</strong></span> 
     </span>
    </p>
   </div>
   <div class='ocr_carea' id='block_1_71' title="bbox 2042 1091 3627 1167">
    <p class='ocr_par' dir='ltr' id='par_1_71' title="bbox 2042 1091 3627 1167">
     <span class='ocr_line' id='line_1_71' title="bbox 2042 1091 3627 1167; baseline 0.008 -26"><span class='ocrx_word' id='word_1_574' title='bbox 2042 1098 2155 1143; x_wconf 86' lang='lat' dir='ltr'><strong>stus</strong></span> <span class='ocrx_word' id='word_1_575' title='bbox 2181 1098 2281 1151; x_wconf 89' lang='lat' dir='ltr'><strong>est,</strong></span> <span class='ocrx_word' id='word_1_576' title='bbox 2314 1100 2365 1144; x_wconf 90' lang='lat' dir='ltr'><strong>et</strong></span> <span class='ocrx_word' id='word_1_577' title='bbox 2392 1091 2644 1160; x_wconf 83' lang='lat' dir='ltr'><strong>judicium</strong></span> <span class='ocrx_word' id='word_1_578' title='bbox 2672 1095 2787 1164; x_wconf 87' lang='lat' dir='ltr'><strong>ejus</strong></span> <span class='ocrx_word' id='word_1_579' title='bbox 2823 1104 2878 1149; x_wconf 91' lang='lat' dir='ltr'><strong>ut</strong></span> <span class='ocrx_word' id='word_1_580' title='bbox 2903 1096 3079 1151; x_wconf 85' lang='lat' dir='ltr'><strong>lumen</strong></span> <span class='ocrx_word' id='word_1_581' title='bbox 3108 1098 3411 1167; x_wconf 80' lang='lat' dir='ltr'><strong>egredietur</strong></span> <span class='ocrx_word' id='word_1_582' title='bbox 3439 1119 3453 1155; x_wconf 93' lang='lat'><strong>:</strong></span> <span class='ocrx_word' id='word_1_583' title='bbox 3477 1112 3627 1155; x_wconf 84' lang='lat' dir='ltr'><strong>tene-</strong></span> 
     </span>
    </p>
   </div>
   <div class='ocr_carea' id='block_1_72' title="bbox 2046 1178 3625 1253">
    <p class='ocr_par' dir='ltr' id='par_1_72' title="bbox 2046 1178 3625 1253">
     <span class='ocr_line' id='line_1_72' title="bbox 2046 1178 3625 1253; baseline 0.01 -22"><span class='ocrx_word' id='word_1_584' title='bbox 2046 1178 2155 1233; x_wconf 89' lang='lat' dir='ltr'><strong>bris</strong></span> <span class='ocrx_word' id='word_1_585' title='bbox 2176 1190 2340 1247; x_wconf 91' lang='lat' dir='ltr'><strong>caret,</strong></span> <span class='ocrx_word' id='word_1_586' title='bbox 2364 1183 2533 1235; x_wconf 88' lang='lat' dir='ltr'><strong>nullas</strong></span> <span class='ocrx_word' id='word_1_587' title='bbox 2567 1184 2725 1239; x_wconf 83' lang='lat' dir='ltr'><strong>habet</strong></span> <span class='ocrx_word' id='word_1_588' title='bbox 2756 1187 2983 1242; x_wconf 87' lang='lat' dir='ltr'><strong>latebras</strong></span> <span class='ocrx_word' id='word_1_589' title='bbox 3009 1228 3027 1253; x_wconf 89' lang='lat'><strong>,</strong></span> <span class='ocrx_word' id='word_1_590' title='bbox 3085 1204 3182 1242; x_wconf 89' lang='lat' dir='ltr'><strong>nec</strong></span> <span class='ocrx_word' id='word_1_591' title='bbox 3223 1192 3330 1243; x_wconf 90' lang='lat' dir='ltr'><strong>ullo</strong></span> <span class='ocrx_word' id='word_1_592' title='bbox 3372 1194 3529 1246; x_wconf 78' lang='lat' dir='ltr'><strong>nimio</strong></span> <span class='ocrx_word' id='word_1_593' title='bbox 3556 1194 3625 1247; x_wconf 80' lang='lat' dir='ltr'><strong>de</strong></span> 
     </span>
    </p>
   </div>
   <div class='ocr_carea' id='block_1_73' title="bbox 2043 1272 3622 1353">
    <p class='ocr_par' dir='ltr' id='par_1_73' title="bbox 2043 1272 3622 1353">
     <span class='ocr_line' id='line_1_73' title="bbox 2043 1272 3622 1353; baseline 0.01 -30"><span class='ocrx_word' id='word_1_594' title='bbox 2043 1278 2185 1324; x_wconf 88' lang='lat' dir='ltr'><strong>recta</strong></span> <span class='ocrx_word' id='word_1_595' title='bbox 2217 1272 2403 1325; x_wconf 92' lang='lat' dir='ltr'><strong>semita</strong></span> <span class='ocrx_word' id='word_1_596' title='bbox 2434 1273 2589 1343; x_wconf 90' lang='lat' dir='ltr'><strong>dejici</strong></span> <span class='ocrx_word' id='word_1_597' title='bbox 2618 1284 2812 1344; x_wconf 88' lang='lat' dir='ltr'><strong>potest.</strong></span> <span class='ocrx_word' id='word_1_598' title='bbox 2844 1277 2920 1331; x_wconf 88' lang='lat' dir='ltr'><strong>Ne</strong></span> <span class='ocrx_word' id='word_1_599' title='bbox 2944 1280 3087 1332; x_wconf 91' lang='lat' dir='ltr'><strong>enim</strong></span> <span class='ocrx_word' id='word_1_600' title='bbox 3118 1280 3209 1334; x_wconf 88' lang='lat' dir='ltr'><strong>ille</strong></span> <span class='ocrx_word' id='word_1_601' title='bbox 3234 1281 3622 1353; x_wconf 81' lang='lat' dir='ltr'><strong>diceret,Apud</strong></span> 
     </span>
    </p>
   </div>
   <div class='ocr_carea' id='block_1_74' title="bbox 2044 1358 3620 1440">
    <p class='ocr_par' dir='ltr' id='par_1_74' title="bbox 2044 1358 3620 1440">
     <span class='ocr_line' id='line_1_74' title="bbox 2044 1358 3620 1440; baseline 0.009 -28"><span class='ocrx_word' id='word_1_602' title='bbox 2044 1358 2289 1415; x_wconf 89' lang='lat' dir='ltr'><strong>homines</strong></span> <span class='ocrx_word' id='word_1_603' title='bbox 2315 1362 2422 1432; x_wconf 88' lang='lat' dir='ltr'><strong>jam</strong></span> <span class='ocrx_word' id='word_1_604' title='bbox 2452 1365 2839 1421; x_wconf 88' lang='lat' dir='ltr'><strong>condemnatus</strong></span> <span class='ocrx_word' id='word_1_605' title='bbox 2862 1376 2963 1431; x_wconf 86' lang='lat' dir='ltr'><strong>est,</strong></span> <span class='ocrx_word' id='word_1_606' title='bbox 2996 1369 3121 1438; x_wconf 91' lang='lat' dir='ltr'><strong>quid</strong></span> <span class='ocrx_word' id='word_1_607' title='bbox 3152 1370 3200 1423; x_wconf 87' lang='lat' dir='ltr'><strong>ei</strong></span> <span class='ocrx_word' id='word_1_608' title='bbox 3229 1371 3620 1440; x_wconf 82' lang='lat' dir='ltr'><strong>patrocinaris?</strong></span> 
     </span>
    </p>
   </div>
   <div class='ocr_carea' id='block_1_75' title="bbox 2043 1449 3623 1528">
    <p class='ocr_par' dir='ltr' id='par_1_75' title="bbox 2043 1449 3623 1528">
     <span class='ocr_line' id='line_1_75' title="bbox 2043 1449 3623 1528; baseline 0.008 -24"><span class='ocrx_word' id='word_1_609' title='bbox 2043 1449 2192 1505; x_wconf 84' lang='lat' dir='ltr'><strong>duxit</strong></span> <span class='ocrx_word' id='word_1_610' title='bbox 2215 1468 2335 1507; x_wconf 91' lang='lat' dir='ltr'><strong>eum</strong></span> <span class='ocrx_word' id='word_1_611' title='bbox 2367 1453 2431 1507; x_wconf 88' lang='lat' dir='ltr'><strong>ad</strong></span> <span class='ocrx_word' id='word_1_612' title='bbox 2459 1470 2748 1524; x_wconf 88' lang='lat' dir='ltr'><strong>supernum</strong></span> <span class='ocrx_word' id='word_1_613' title='bbox 2769 1458 3026 1528; x_wconf 80' lang='lat' dir='ltr'><strong>judicium</strong></span> <span class='ocrx_word' id='word_1_614' title='bbox 3059 1499 3074 1525; x_wconf 93' lang='lat'><strong>,</strong></span> <span class='ocrx_word' id='word_1_615' title='bbox 3105 1461 3170 1515; x_wconf 89' lang='lat' dir='ltr'><strong>ad</strong></span> <span class='ocrx_word' id='word_1_616' title='bbox 3218 1462 3452 1516; x_wconf 88' lang='lat' dir='ltr'><strong>terribile</strong></span> <span class='ocrx_word' id='word_1_617' title='bbox 3494 1463 3623 1517; x_wconf 90' lang='lat' dir='ltr'><strong>illud</strong></span> 
     </span>
    </p>
   </div>
   <div class='ocr_carea' id='block_1_76' title="bbox 2045 1542 3621 1621">
    <p class='ocr_par' dir='ltr' id='par_1_76' title="bbox 2045 1542 3621 1621">
     <span class='ocr_line' id='line_1_76' title="bbox 2045 1542 3621 1621; baseline 0.007 -26"><span class='ocrx_word' id='word_1_618' title='bbox 2045 1542 2310 1608; x_wconf 90' lang='lat' dir='ltr'><strong>tribunal,</strong></span> <span class='ocrx_word' id='word_1_619' title='bbox 2337 1545 2401 1598; x_wconf 90' lang='lat' dir='ltr'><strong>ad</strong></span> <span class='ocrx_word' id='word_1_620' title='bbox 2446 1545 2615 1600; x_wconf 89' lang='lat' dir='ltr'><strong>forum</strong></span> <span class='ocrx_word' id='word_1_621' title='bbox 2664 1547 2790 1601; x_wconf 91' lang='lat' dir='ltr'><strong>illud</strong></span> <span class='ocrx_word' id='word_1_622' title='bbox 2823 1549 3183 1619; x_wconf 87' lang='lat' dir='ltr'><strong>incorruptum</strong></span> <span class='ocrx_word' id='word_1_623' title='bbox 3207 1592 3221 1615; x_wconf 94' lang='lat'><strong>,</strong></span> <span class='ocrx_word' id='word_1_624' title='bbox 3253 1551 3319 1605; x_wconf 92' lang='lat' dir='ltr'><strong>ad</strong></span> <span class='ocrx_word' id='word_1_625' title='bbox 3344 1552 3572 1621; x_wconf 90' lang='lat' dir='ltr'><strong>judicem</strong></span> <span class='ocrx_word' id='word_1_626' title='bbox 3605 1594 3621 1617; x_wconf 92' lang='lat'><strong>,</strong></span> 
     </span>
    </p>
   </div>
   <div class='ocr_carea' id='block_1_77' title="bbox 2043 1635 3621 1702">
    <p class='ocr_par' dir='ltr' id='par_1_77' title="bbox 2043 1635 3621 1702">
     <span class='ocr_line' id='line_1_77' title="bbox 2043 1635 3621 1702; baseline 0.008 -17"><span class='ocrx_word' id='word_1_627' title='bbox 2043 1647 2200 1702; x_wconf 89' lang='lat' dir='ltr'><strong>quem</strong></span> <span class='ocrx_word' id='word_1_628' title='bbox 2230 1635 2388 1688; x_wconf 92' lang='lat' dir='ltr'><strong>nullis</strong></span> <span class='ocrx_word' id='word_1_629' title='bbox 2408 1636 2699 1691; x_wconf 90' lang='lat' dir='ltr'><strong>rationibus</strong></span> <span class='ocrx_word' id='word_1_630' title='bbox 2728 1638 2783 1691; x_wconf 81' lang='lat' dir='ltr'><strong>in‘</strong></span> <span class='ocrx_word' id='word_1_631' title='bbox 2806 1654 3041 1693; x_wconf 89' lang='lat' dir='ltr'><strong>errorem</strong></span> <span class='ocrx_word' id='word_1_632' title='bbox 3066 1640 3315 1695; x_wconf 88' lang='lat' dir='ltr'><strong>inducere</strong></span> <span class='ocrx_word' id='word_1_633' title='bbox 3343 1642 3496 1696; x_wconf 89' lang='lat' dir='ltr'><strong>licet:</strong></span> <span class='ocrx_word' id='word_1_634' title='bbox 3530 1658 3621 1697; x_wconf 79' lang='lat' dir='ltr'><strong>re-</strong></span> 
     </span>
    </p>
   </div>
   <div class='ocr_carea' id='block_1_78' title="bbox 2046 1724 3622 1800">
    <p class='ocr_par' dir='ltr' id='par_1_78' title="bbox 2046 1724 3622 1800">
     <span class='ocr_line' id='line_1_78' title="bbox 2046 1724 3622 1800; baseline 0.008 -25"><span class='ocrx_word' id='word_1_635' title='bbox 2046 1724 2254 1777; x_wconf 88' lang='lat' dir='ltr'><strong>vocavit</strong></span> <span class='ocrx_word' id='word_1_636' title='bbox 2296 1724 2344 1778; x_wconf 93' lang='lat' dir='ltr'><strong>ei</strong></span> <span class='ocrx_word' id='word_1_637' title='bbox 2394 1725 2444 1778; x_wconf 93' lang='lat' dir='ltr'><strong>in</strong></span> <span class='ocrx_word' id='word_1_638' title='bbox 2489 1728 2799 1781; x_wconf 81' lang='lat' dir='ltr'><strong>memoriam</strong></span> <span class='ocrx_word' id='word_1_639' title='bbox 2836 1730 3168 1783; x_wconf 89' lang='lat' dir='ltr'><strong>tremendum</strong></span> <span class='ocrx_word' id='word_1_640' title='bbox 3196 1731 3320 1784; x_wconf 90' lang='lat' dir='ltr'><strong>illud</strong></span> <span class='ocrx_word' id='word_1_641' title='bbox 3342 1730 3622 1800; x_wconf 89' lang='lat' dir='ltr'><strong>judicium.</strong></span> 
     </span>
    </p>
   </div>
   <div class='ocr_carea' id='block_1_79' title="bbox 2046 1812 3628 1884">
    <p class='ocr_par' dir='ltr' id='par_1_79' title="bbox 2046 1812 3628 1884">
     <span class='ocr_line' id='line_1_79' title="bbox 2046 1812 3628 1884; baseline 0.007 -19"><span class='ocrx_word' id='word_1_642' title='bbox 2046 1812 2126 1865; x_wconf 86' lang='lat' dir='ltr'><strong>Eo</strong></span> <span class='ocrx_word' id='word_1_643' title='bbox 2154 1855 2169 1878; x_wconf 95' lang='lat'><strong>,</strong></span> <span class='ocrx_word' id='word_1_644' title='bbox 2201 1814 2369 1883; x_wconf 89' lang='lat' dir='ltr'><strong>inquit</strong></span> <span class='ocrx_word' id='word_1_645' title='bbox 2399 1856 2414 1879; x_wconf 94' lang='lat'><strong>,</strong></span> <span class='ocrx_word' id='word_1_646' title='bbox 2443 1816 2650 1884; x_wconf 88' lang='lat' dir='ltr'><strong>respice</strong></span> <span class='ocrx_word' id='word_1_647' title='bbox 2681 1857 2695 1881; x_wconf 88' lang='lat'><strong>,</strong></span> <span class='ocrx_word' id='word_1_648' title='bbox 2739 1828 2793 1871; x_wconf 93' lang='lat' dir='ltr'><strong>et</strong></span> <span class='ocrx_word' id='word_1_649' title='bbox 2833 1833 2939 1873; x_wconf 92' lang='lat' dir='ltr'><strong>non</strong></span> <span class='ocrx_word' id='word_1_650' title='bbox 2982 1821 3122 1873; x_wconf 89' lang='lat' dir='ltr'><strong>feres</strong></span> <span class='ocrx_word' id='word_1_651' title='bbox 3167 1821 3628 1875; x_wconf 88' lang='lat' dir='ltr'><strong>condemnationis</strong></span> 
     </span>
    </p>
   </div>
   <div class='ocr_carea' id='block_1_80' title="bbox 2046 1903 3626 1974">
    <p class='ocr_par' dir='ltr' id='par_1_80' title="bbox 2046 1903 3626 1974">
     <span class='ocr_line' id='line_1_80' title="bbox 2046 1903 3626 1974; baseline 0.006 -20"><span class='ocrx_word' id='word_1_652' title='bbox 2046 1903 2362 1957; x_wconf 91' lang='lat' dir='ltr'><strong>sententiam</strong></span> <span class='ocrx_word' id='word_1_653' title='bbox 2384 1945 2399 1967; x_wconf 85' lang='lat'><strong>,</strong></span> <span class='ocrx_word' id='word_1_654' title='bbox 2438 1920 2611 1974; x_wconf 84' lang='lat' dir='ltr'><strong>neque</strong></span> <span class='ocrx_word' id='word_1_655' title='bbox 2656 1905 2789 1961; x_wconf 91' lang='lat' dir='ltr'><strong>infra</strong></span> <span class='ocrx_word' id='word_1_656' title='bbox 2817 1922 2936 1961; x_wconf 92' lang='lat' dir='ltr'><strong>cum</strong></span> <span class='ocrx_word' id='word_1_657' title='bbox 2961 1907 3236 1962; x_wconf 89' lang='lat' dir='ltr'><strong>hominum</strong></span> <span class='ocrx_word' id='word_1_658' title='bbox 3265 1909 3415 1963; x_wconf 90' lang='lat' dir='ltr'><strong>turba</strong></span> <span class='ocrx_word' id='word_1_659' title='bbox 3445 1911 3626 1963; x_wconf 86' lang='lat' dir='ltr'><strong>consi-</strong></span> 
     </span>
    </p>
   </div>
   <div class='ocr_carea' id='block_1_81' title="bbox 2046 1997 3625 2071">
    <p class='ocr_par' dir='ltr' id='par_1_81' title="bbox 2046 1997 3625 2071">
     <span class='ocr_line' id='line_1_81' title="bbox 2046 1997 3625 2071; baseline 0.006 -23"><span class='ocrx_word' id='word_1_660' title='bbox 2046 2005 2175 2060; x_wconf 88' lang='lat' dir='ltr'><strong>stes,</strong></span> <span class='ocrx_word' id='word_1_661' title='bbox 2203 1997 2298 2051; x_wconf 88' lang='lat' dir='ltr'><strong>sed</strong></span> <span class='ocrx_word' id='word_1_662' title='bbox 2324 1997 2673 2053; x_wconf 88' lang='lat' dir='ltr'><strong>admiraberis</strong></span> <span class='ocrx_word' id='word_1_663' title='bbox 2697 2010 2751 2054; x_wconf 91' lang='lat' dir='ltr'><strong>et</strong></span> <span class='ocrx_word' id='word_1_664' title='bbox 2771 2000 3089 2071; x_wconf 87' lang='lat' dir='ltr'><strong>approbabis</strong></span> <span class='ocrx_word' id='word_1_665' title='bbox 3114 2000 3370 2070; x_wconf 80' lang='lat' dir='ltr'><strong>judicium</strong></span> <span class='ocrx_word' id='word_1_666' title='bbox 3387 2002 3625 2058; x_wconf 70' lang='lat' dir='ltr'><strong>cmlestc.</strong></span> 
     </span>
    </p>
   </div>
   <div class='ocr_carea' id='block_1_82' title="bbox 2047 2089 3625 2166">
    <p class='ocr_par' dir='ltr' id='par_1_82' title="bbox 2047 2089 3625 2166">
     <span class='ocr_line' id='line_1_82' title="bbox 2047 2089 3625 2166; baseline 0.004 -23"><span class='ocrx_word' id='word_1_667' title='bbox 2047 2089 2227 2156; x_wconf 86' lang='lat' dir='ltr'><strong>Neque</strong></span> <span class='ocrx_word' id='word_1_668' title='bbox 2266 2101 2318 2144; x_wconf 84' lang='lat' dir='ltr'><strong>tu</strong></span> <span class='ocrx_word' id='word_1_669' title='bbox 2358 2093 2499 2146; x_wconf 84' lang='lat' dir='ltr'><strong>times</strong></span> <span class='ocrx_word' id='word_1_670' title='bbox 2540 2092 2744 2148; x_wconf 82' lang='lat' dir='ltr'><strong>Deum?</strong></span> <span class='ocrx_word' id='word_1_671' title='bbox 2785 2095 2972 2164; x_wconf 91' lang='lat' dir='ltr'><strong>inquit.</strong></span> <span class='ocrx_word' id='word_1_672' title='bbox 3015 2095 3204 2150; x_wconf 88' lang='lat' dir='ltr'><strong>Vidisti</strong></span> <span class='ocrx_word' id='word_1_673' title='bbox 3235 2095 3625 2166; x_wconf 90' lang='lat' dir='ltr'><strong>philosophiam</strong></span> 
     </span>
    </p>
   </div>
   <div class='ocr_carea' id='block_1_83' title="bbox 2045 2181 3629 2248">
    <p class='ocr_par' dir='ltr' id='par_1_83' title="bbox 2045 2181 3629 2248">
     <span class='ocr_line' id='line_1_83' title="bbox 2045 2181 3629 2248; baseline 0.002 -13"><span class='ocrx_word' id='word_1_674' title='bbox 2045 2181 2268 2236; x_wconf 89' lang='lat' dir='ltr'><strong>latronis</strong></span> <span class='ocrx_word' id='word_1_675' title='bbox 2287 2226 2299 2246; x_wconf 89' lang='lat'><strong>,</strong></span> <span class='ocrx_word' id='word_1_676' title='bbox 2329 2184 2500 2237; x_wconf 88' lang='lat' dir='ltr'><strong>vidisti</strong></span> <span class='ocrx_word' id='word_1_677' title='bbox 2530 2185 2855 2240; x_wconf 87' lang='lat' dir='ltr'><strong>intellectum</strong></span> <span class='ocrx_word' id='word_1_678' title='bbox 2886 2228 2901 2248; x_wconf 86' lang='lat'><strong>,</strong></span> <span class='ocrx_word' id='word_1_679' title='bbox 2932 2186 3107 2240; x_wconf 88' lang='lat' dir='ltr'><strong>vidisti</strong></span> <span class='ocrx_word' id='word_1_680' title='bbox 3134 2184 3468 2241; x_wconf 86' lang='lat' dir='ltr'><strong>doctrinam?</strong></span> <span class='ocrx_word' id='word_1_681' title='bbox 3496 2201 3629 2240; x_wconf 87' lang='lat' dir='ltr'><strong>con-</strong></span> 
     </span>
    </p>
   </div>
   <div class='ocr_carea' id='block_1_84' title="bbox 2047 2271 3628 2347">
    <p class='ocr_par' dir='ltr' id='par_1_84' title="bbox 2047 2271 3628 2347">
     <span class='ocr_line' id='line_1_84' title="bbox 2047 2271 3628 2347; baseline 0.003 -22"><span class='ocrx_word' id='word_1_682' title='bbox 2047 2271 2221 2326; x_wconf 73' lang='lat' dir='ltr'><strong>festini</strong></span> <span class='ocrx_word' id='word_1_683' title='bbox 2275 2289 2305 2328; x_wconf 89' lang='lat' dir='ltr'><strong>a</strong></span> <span class='ocrx_word' id='word_1_684' title='bbox 2359 2290 2516 2329; x_wconf 89' lang='lat' dir='ltr'><strong>cruce</strong></span> <span class='ocrx_word' id='word_1_685' title='bbox 2566 2276 2631 2329; x_wconf 91' lang='lat' dir='ltr'><strong>ad</strong></span> <span class='ocrx_word' id='word_1_686' title='bbox 2683 2277 2868 2329; x_wconf 72' lang='lat' dir='ltr'><strong>cmlum</strong></span> <span class='ocrx_word' id='word_1_687' title='bbox 2902 2277 3143 2331; x_wconf 89' lang='lat' dir='ltr'><strong>tetendit.</strong></span> <span class='ocrx_word' id='word_1_688' title='bbox 3177 2275 3311 2331; x_wconf 88' lang='lat' dir='ltr'><strong>Vide</strong></span> <span class='ocrx_word' id='word_1_689' title='bbox 3358 2277 3628 2347; x_wconf 91' lang='lat' dir='ltr'><strong>quomodo</strong></span> 
     </span>
    </p>
   </div>
   <div class='ocr_carea' id='block_1_85' title="bbox 2044 2364 3627 2436">
    <p class='ocr_par' dir='ltr' id='par_1_85' title="bbox 2044 2364 3627 2436">
     <span class='ocr_line' id='line_1_85' title="bbox 2044 2364 3627 2436; baseline 0.003 -20"><span class='ocrx_word' id='word_1_690' title='bbox 2044 2364 2386 2433; x_wconf 85' lang='lat' dir='ltr'><strong>apostolicam</strong></span> <span class='ocrx_word' id='word_1_691' title='bbox 2406 2365 2575 2434; x_wconf 80' lang='lat' dir='ltr'><strong>legem</strong></span> <span class='ocrx_word' id='word_1_692' title='bbox 2601 2367 2835 2436; x_wconf 85' lang='lat' dir='ltr'><strong>impleat,</strong></span> <span class='ocrx_word' id='word_1_693' title='bbox 2866 2382 2963 2423; x_wconf 90' lang='lat' dir='ltr'><strong>nec</strong></span> <span class='ocrx_word' id='word_1_694' title='bbox 2988 2382 3082 2422; x_wconf 91' lang='lat' dir='ltr'><strong>sua</strong></span> <span class='ocrx_word' id='word_1_695' title='bbox 3113 2377 3312 2421; x_wconf 90' lang='lat' dir='ltr'><strong>tantum</strong></span> <span class='ocrx_word' id='word_1_696' title='bbox 3336 2376 3505 2433; x_wconf 89' lang='lat' dir='ltr'><strong>curet,</strong></span> <span class='ocrx_word' id='word_1_697' title='bbox 3532 2368 3627 2422; x_wconf 89' lang='lat' dir='ltr'><strong>sed</strong></span> 
     </span>
    </p>
   </div>
   <div class='ocr_carea' id='block_1_86' title="bbox 2044 2454 3627 2522">
    <p class='ocr_par' dir='ltr' id='par_1_86' title="bbox 2044 2454 3627 2522">
     <span class='ocr_line' id='line_1_86' title="bbox 2044 2454 3627 2522; baseline 0.005 -16"><span class='ocrx_word' id='word_1_698' title='bbox 2044 2455 2221 2507; x_wconf 92' lang='lat' dir='ltr'><strong>omnia</strong></span> <span class='ocrx_word' id='word_1_699' title='bbox 2252 2454 2409 2509; x_wconf 82' lang='lat' dir='ltr'><strong>faciat</strong></span> <span class='ocrx_word' id='word_1_700' title='bbox 2433 2468 2487 2510; x_wconf 89' lang='lat' dir='ltr'><strong>et</strong></span> <span class='ocrx_word' id='word_1_701' title='bbox 2517 2458 2783 2522; x_wconf 91' lang='lat' dir='ltr'><strong>moliatur,</strong></span> <span class='ocrx_word' id='word_1_702' title='bbox 2814 2467 2867 2512; x_wconf 91' lang='lat' dir='ltr'><strong>ut</strong></span> <span class='ocrx_word' id='word_1_703' title='bbox 2892 2460 3117 2513; x_wconf 84' lang='lat' dir='ltr'><strong>alterum</strong></span> <span class='ocrx_word' id='word_1_704' title='bbox 3146 2460 3213 2514; x_wconf 90' lang='lat' dir='ltr'><strong>ab</strong></span> <span class='ocrx_word' id='word_1_705' title='bbox 3238 2475 3421 2515; x_wconf 89' lang='lat' dir='ltr'><strong>errore</strong></span> <span class='ocrx_word' id='word_1_706' title='bbox 3450 2461 3627 2514; x_wconf 89' lang='lat' dir='ltr'><strong>cxsol-</strong></span> 
     </span>
    </p>
   </div>
   <div class='ocr_carea' id='block_1_87' title="bbox 2045 2548 3631 2614">
    <p class='ocr_par' dir='ltr' id='par_1_87' title="bbox 2045 2548 3631 2614">
     <span class='ocr_line' id='line_1_87' title="bbox 2045 2548 3631 2614; baseline 0.004 -15"><span class='ocrx_word' id='word_1_707' title='bbox 2045 2557 2131 2601; x_wconf 90' lang='lat' dir='ltr'><strong>vat</strong></span> <span class='ocrx_word' id='word_1_708' title='bbox 2153 2556 2204 2601; x_wconf 89' lang='lat' dir='ltr'><strong>et</strong></span> <span class='ocrx_word' id='word_1_709' title='bbox 2222 2548 2289 2602; x_wconf 87' lang='lat' dir='ltr'><strong>ad</strong></span> <span class='ocrx_word' id='word_1_710' title='bbox 2319 2549 2593 2603; x_wconf 83' lang='lat' dir='ltr'><strong>veritatem</strong></span> <span class='ocrx_word' id='word_1_711' title='bbox 2622 2549 2880 2603; x_wconf 87' lang='lat' dir='ltr'><strong>traducat.</strong></span> <span class='ocrx_word' id='word_1_712' title='bbox 2910 2550 3042 2604; x_wconf 83' lang='lat' dir='ltr'><strong>Cum</strong></span> <span class='ocrx_word' id='word_1_713' title='bbox 3065 2551 3207 2606; x_wconf 90' lang='lat' dir='ltr'><strong>enim</strong></span> <span class='ocrx_word' id='word_1_714' title='bbox 3238 2552 3496 2614; x_wconf 88' lang='lat' dir='ltr'><strong>dixisset,</strong></span> <span class='ocrx_word' id='word_1_715' title='bbox 3523 2550 3631 2605; x_wconf 84' lang='lat' dir='ltr'><strong>Ne-</strong></span> 
     </span>
    </p>
   </div>
   <div class='ocr_carea' id='block_1_88' title="bbox 2018 2639 3630 2706">
    <p class='ocr_par' dir='ltr' id='par_1_88' title="bbox 2018 2639 3630 2706">
     <span class='ocr_line' id='line_1_88' title="bbox 2018 2639 3630 2706; baseline 0.003 -15"><span class='ocrx_word' id='word_1_716' title='bbox 2018 2688 2021 2691; x_wconf 71' lang='grc'><strong>,</strong></span> <span class='ocrx_word' id='word_1_717' title='bbox 2043 2654 2138 2706; x_wconf 87' lang='lat' dir='ltr'><strong>que</strong></span> <span class='ocrx_word' id='word_1_718' title='bbox 2158 2649 2212 2691; x_wconf 90' lang='lat' dir='ltr'><strong>tu</strong></span> <span class='ocrx_word' id='word_1_719' title='bbox 2241 2640 2385 2693; x_wconf 83' lang='lat' dir='ltr'><strong>times</strong></span> <span class='ocrx_word' id='word_1_720' title='bbox 2407 2639 2610 2694; x_wconf 85' lang='lat' dir='ltr'><strong>Deum?</strong></span> <span class='ocrx_word' id='word_1_721' title='bbox 2635 2641 2837 2696; x_wconf 87' lang='lat' dir='ltr'><strong>addidit</strong></span> <span class='ocrx_word' id='word_1_722' title='bbox 2859 2661 2872 2696; x_wconf 90' lang='lat'><strong>:</strong></span> <span class='ocrx_word' id='word_1_723' title='bbox 2894 2644 3027 2706; x_wconf 85' lang='lat' dir='ltr'><strong>Quia</strong></span> <span class='ocrx_word' id='word_1_724' title='bbox 3044 2643 3095 2695; x_wconf 90' lang='lat' dir='ltr'><strong>in</strong></span> <span class='ocrx_word' id='word_1_725' title='bbox 3112 2643 3284 2695; x_wconf 88' lang='lat' dir='ltr'><strong>eadem</strong></span> <span class='ocrx_word' id='word_1_726' title='bbox 3311 2643 3630 2696; x_wconf 84' lang='lat' dir='ltr'><strong>damnatione</strong></span> 
     </span>
    </p>
   </div>
   <div class='ocr_carea' id='block_1_89' title="bbox 2048 2730 3624 2802">
    <p class='ocr_par' dir='ltr' id='par_1_89' title="bbox 2048 2730 3624 2802">
     <span class='ocr_line' id='line_1_89' title="bbox 2048 2730 3624 2802; baseline 0.003 -18"><span class='ocrx_word' id='word_1_727' title='bbox 2048 2745 2234 2785; x_wconf 90' lang='lat' dir='ltr'><strong>sumus</strong></span> <span class='ocrx_word' id='word_1_728' title='bbox 2264 2730 2417 2801; x_wconf 89' lang='lat' dir='ltr'><strong>(Luc.</strong></span> <span class='ocrx_word' id='word_1_729' title='bbox 2449 2731 2540 2785; x_wconf 75' lang='lat'><strong>‘25.</strong></span> <span class='ocrx_word' id='word_1_730' title='bbox 2571 2732 2681 2802; x_wconf 63' lang='lat'><strong>.50).</strong></span> <span class='ocrx_word' id='word_1_731' title='bbox 2723 2733 3012 2787; x_wconf 84' lang='lat' dir='ltr'><strong>Considera</strong></span> <span class='ocrx_word' id='word_1_732' title='bbox 3038 2732 3433 2788; x_wconf 82' lang='lat' dir='ltr'><strong>confessionem</strong></span> <span class='ocrx_word' id='word_1_733' title='bbox 3462 2734 3624 2788; x_wconf 89' lang='lat' dir='ltr'><strong>abso-</strong></span> 
     </span>
    </p>
   </div>
   <div class='ocr_carea' id='block_1_90' title="bbox 2047 2823 3625 2891">
    <p class='ocr_par' dir='ltr' id='par_1_90' title="bbox 2047 2823 3625 2891">
     <span class='ocr_line' id='line_1_90' title="bbox 2047 2823 3625 2891; baseline 0.002 -15"><span class='ocrx_word' id='word_1_734' title='bbox 2047 2823 2230 2877; x_wconf 87' lang='lat' dir='ltr'><strong>lutam.</strong></span> <span class='ocrx_word' id='word_1_735' title='bbox 2250 2824 2385 2891; x_wconf 83' lang='lat' dir='ltr'><strong>Quid</strong></span> <span class='ocrx_word' id='word_1_736' title='bbox 2412 2834 2510 2887; x_wconf 85' lang='lat' dir='ltr'><strong>est,</strong></span> <span class='ocrx_word' id='word_1_737' title='bbox 2543 2824 2605 2877; x_wconf 90' lang='lat' dir='ltr'><strong>In</strong></span> <span class='ocrx_word' id='word_1_738' title='bbox 2631 2826 2803 2878; x_wconf 87' lang='lat' dir='ltr'><strong>eadem</strong></span> <span class='ocrx_word' id='word_1_739' title='bbox 2837 2826 3162 2879; x_wconf 86' lang='lat' dir='ltr'><strong>damnatione</strong></span> <span class='ocrx_word' id='word_1_740' title='bbox 3186 2828 3410 2880; x_wconf 84' lang='lat' dir='ltr'><strong>sumus?</strong></span> <span class='ocrx_word' id='word_1_741' title='bbox 3442 2825 3496 2879; x_wconf 93' lang='lat' dir='ltr'><strong>ln</strong></span> <span class='ocrx_word' id='word_1_742' title='bbox 3529 2841 3625 2881; x_wconf 84' lang='lat' dir='ltr'><strong>ea-</strong></span> 
     </span>
    </p>
   </div>
   <div class='ocr_carea' id='block_1_91' title="bbox 2042 2915 3625 2986">
    <p class='ocr_par' dir='ltr' id='par_1_91' title="bbox 2042 2915 3625 2986">
     <span class='ocr_line' id='line_1_91' title="bbox 2042 2915 3625 2986; baseline 0.003 -17"><span class='ocrx_word' id='word_1_743' title='bbox 2042 2915 2213 2980; x_wconf 90' lang='lat' dir='ltr'><strong>dem,</strong></span> <span class='ocrx_word' id='word_1_744' title='bbox 2248 2917 2449 2986; x_wconf 85' lang='lat' dir='ltr'><strong>inquit,</strong></span> <span class='ocrx_word' id='word_1_745' title='bbox 2476 2933 2658 2985; x_wconf 79' lang='lat' dir='ltr'><strong>pmua;</strong></span> <span class='ocrx_word' id='word_1_746' title='bbox 2692 2934 2813 2971; x_wconf 88' lang='lat' dir='ltr'><strong>nam</strong></span> <span class='ocrx_word' id='word_1_747' title='bbox 2864 2926 2918 2971; x_wconf 86' lang='lat' dir='ltr'><strong>et</strong></span> <span class='ocrx_word' id='word_1_748' title='bbox 2963 2933 3060 2972; x_wconf 92' lang='lat' dir='ltr'><strong>nos</strong></span> <span class='ocrx_word' id='word_1_749' title='bbox 3111 2919 3161 2972; x_wconf 92' lang='lat' dir='ltr'><strong>in</strong></span> <span class='ocrx_word' id='word_1_750' title='bbox 3213 2933 3372 2973; x_wconf 88' lang='lat' dir='ltr'><strong>cruce</strong></span> <span class='ocrx_word' id='word_1_751' title='bbox 3421 2934 3625 2974; x_wconf 88' lang='lat' dir='ltr'><strong>sumus.</strong></span> 
     </span>
    </p>
   </div>
   <div class='ocr_carea' id='block_1_92' title="bbox 2044 3005 3633 3081">
    <p class='ocr_par' dir='ltr' id='par_1_92' title="bbox 2044 3005 3633 3081">
     <span class='ocr_line' id='line_1_92' title="bbox 2044 3005 3633 3081; baseline 0.004 -22"><span class='ocrx_word' id='word_1_752' title='bbox 2044 3005 2185 3076; x_wconf 86' lang='lat' dir='ltr'><strong>Ergo</strong></span> <span class='ocrx_word' id='word_1_753' title='bbox 2227 3022 2346 3061; x_wconf 89' lang='lat' dir='ltr'><strong>cmn</strong></span> <span class='ocrx_word' id='word_1_754' title='bbox 2378 3009 2521 3061; x_wconf 89' lang='lat' dir='ltr'><strong>illum</strong></span> <span class='ocrx_word' id='word_1_755' title='bbox 2568 3010 2870 3078; x_wconf 88' lang='lat' dir='ltr'><strong>opprobriis</strong></span> <span class='ocrx_word' id='word_1_756' title='bbox 2911 3009 3118 3080; x_wconf 83' lang='lat' dir='ltr'><strong>appetis</strong></span> <span class='ocrx_word' id='word_1_757' title='bbox 3152 3052 3167 3075; x_wconf 96' lang='lat'><strong>,</strong></span> <span class='ocrx_word' id='word_1_758' title='bbox 3210 3011 3435 3080; x_wconf 89' lang='lat' dir='ltr'><strong>teipsum</strong></span> <span class='ocrx_word' id='word_1_759' title='bbox 3462 3012 3633 3081; x_wconf 80' lang='lat' dir='ltr'><strong>prius</strong></span> 
     </span>
    </p>
   </div>
   <div class='ocr_carea' id='block_1_93' title="bbox 2042 3098 3634 3174">
    <p class='ocr_par' dir='ltr' id='par_1_93' title="bbox 2042 3098 3634 3174">
     <span class='ocr_line' id='line_1_93' title="bbox 2042 3098 3634 3174; baseline 0.004 -23"><span class='ocrx_word' id='word_1_760' title='bbox 2042 3098 2294 3153; x_wconf 88' lang='lat' dir='ltr'><strong>conviciis</strong></span> <span class='ocrx_word' id='word_1_761' title='bbox 2325 3099 2564 3154; x_wconf 88' lang='lat' dir='ltr'><strong>incessis.</strong></span> <span class='ocrx_word' id='word_1_762' title='bbox 2586 3100 3042 3167; x_wconf 84' lang='lat' dir='ltr'><strong>Quemadmodum</strong></span> <span class='ocrx_word' id='word_1_763' title='bbox 3076 3102 3232 3173; x_wconf 84' lang='lat' dir='ltr'><strong>igitur</strong></span> <span class='ocrx_word' id='word_1_764' title='bbox 3282 3103 3355 3168; x_wconf 89' lang='lat' dir='ltr'><strong>is,</strong></span> <span class='ocrx_word' id='word_1_765' title='bbox 3398 3104 3484 3174; x_wconf 92' lang='lat' dir='ltr'><strong>qui</strong></span> <span class='ocrx_word' id='word_1_766' title='bbox 3511 3118 3634 3173; x_wconf 88' lang='lat' dir='ltr'><strong>pec-</strong></span> 
     </span>
    </p>
   </div>
   <div class='ocr_carea' id='block_1_94' title="bbox 2041 3189 3627 3258">
    <p class='ocr_par' dir='ltr' id='par_1_94' title="bbox 2041 3189 3627 3258">
     <span class='ocr_line' id='line_1_94' title="bbox 2041 3189 3627 3258; baseline 0.003 -14"><span class='ocrx_word' id='word_1_767' title='bbox 2041 3190 2175 3245; x_wconf 87' lang='lat' dir='ltr'><strong>catis</strong></span> <span class='ocrx_word' id='word_1_768' title='bbox 2213 3189 2502 3245; x_wconf 89' lang='lat' dir='ltr'><strong>obstrictus</strong></span> <span class='ocrx_word' id='word_1_769' title='bbox 2540 3193 2767 3246; x_wconf 86' lang='lat' dir='ltr'><strong>alterum</strong></span> <span class='ocrx_word' id='word_1_770' title='bbox 2814 3193 3177 3258; x_wconf 88' lang='lat' dir='ltr'><strong>condemnat,</strong></span> <span class='ocrx_word' id='word_1_771' title='bbox 3233 3209 3293 3248; x_wconf 87' lang='lat' dir='ltr'><strong>se</strong></span> <span class='ocrx_word' id='word_1_772' title='bbox 3329 3205 3452 3248; x_wconf 89' lang='lat' dir='ltr'><strong>ante</strong></span> <span class='ocrx_word' id='word_1_773' title='bbox 3481 3195 3627 3248; x_wconf 91' lang='lat' dir='ltr'><strong>illum</strong></span> 
     </span>
    </p>
   </div>
   <div class='ocr_carea' id='block_1_95' title="bbox 2040 3282 3627 3353">
    <p class='ocr_par' dir='ltr' id='par_1_95' title="bbox 2040 3282 3627 3353">
     <span class='ocr_line' id='line_1_95' title="bbox 2040 3282 3627 3353; baseline 0.001 -16"><span class='ocrx_word' id='word_1_774' title='bbox 2040 3282 2394 3338; x_wconf 90' lang='lat' dir='ltr'><strong>condemnat:</strong></span> <span class='ocrx_word' id='word_1_775' title='bbox 2426 3283 2503 3337; x_wconf 90' lang='lat' dir='ltr'><strong>sic</strong></span> <span class='ocrx_word' id='word_1_776' title='bbox 2555 3292 2607 3338; x_wconf 92' lang='lat' dir='ltr'><strong>et</strong></span> <span class='ocrx_word' id='word_1_777' title='bbox 2661 3283 2704 3339; x_wconf 89' lang='lat' dir='ltr'><strong>is</strong></span> <span class='ocrx_word' id='word_1_778' title='bbox 2752 3284 2838 3353; x_wconf 89' lang='lat' dir='ltr'><strong>qui</strong></span> <span class='ocrx_word' id='word_1_779' title='bbox 2882 3285 3181 3339; x_wconf 90' lang='lat' dir='ltr'><strong>calamitate</strong></span> <span class='ocrx_word' id='word_1_780' title='bbox 3231 3299 3447 3353; x_wconf 91' lang='lat' dir='ltr'><strong>pressus</strong></span> <span class='ocrx_word' id='word_1_781' title='bbox 3475 3284 3627 3338; x_wconf 81' lang='lat' dir='ltr'><strong>alteri</strong></span> 
     </span>
    </p>
   </div>
   <div class='ocr_carea' id='block_1_96' title="bbox 2039 3373 3617 3444">
    <p class='ocr_par' dir='ltr' id='par_1_96' title="bbox 2039 3373 3617 3444">
     <span class='ocr_line' id='line_1_96' title="bbox 2039 3373 3617 3444; baseline -0.001 -16"><span class='ocrx_word' id='word_1_782' title='bbox 2039 3373 2395 3428; x_wconf 89' lang='lat' dir='ltr'><strong>calamitatem</strong></span> <span class='ocrx_word' id='word_1_783' title='bbox 2423 3375 2741 3442; x_wconf 86' lang='lat' dir='ltr'><strong>exprobrat,</strong></span> <span class='ocrx_word' id='word_1_784' title='bbox 2761 3375 2861 3428; x_wconf 90' lang='lat' dir='ltr'><strong>sibi</strong></span> <span class='ocrx_word' id='word_1_785' title='bbox 2884 3375 2978 3444; x_wconf 91' lang='lat' dir='ltr'><strong>ipsi</strong></span> <span class='ocrx_word' id='word_1_786' title='bbox 3005 3376 3150 3444; x_wconf 91' lang='lat' dir='ltr'><strong>prius</strong></span> <span class='ocrx_word' id='word_1_787' title='bbox 3174 3390 3331 3444; x_wconf 89' lang='lat' dir='ltr'><strong>quam</strong></span> <span class='ocrx_word' id='word_1_788' title='bbox 3353 3375 3505 3430; x_wconf 81' lang='lat' dir='ltr'><strong>alteri</strong></span> <span class='ocrx_word' id='word_1_789' title='bbox 3525 3389 3617 3428; x_wconf 84' lang='lat' dir='ltr'><strong>ca-</strong></span> 
     </span>
    </p>
   </div>
   <div class='ocr_carea' id='block_1_97' title="bbox 2040 3462 3627 3535">
    <p class='ocr_par' dir='ltr' id='par_1_97' title="bbox 2040 3462 3627 3535">
     <span class='ocr_line' id='line_1_97' title="bbox 2040 3462 3627 3535; baseline 0.003 -19"><span class='ocrx_word' id='word_1_790' title='bbox 2040 3462 2329 3518; x_wconf 85' lang='lat' dir='ltr'><strong>lamitatem</strong></span> <span class='ocrx_word' id='word_1_791' title='bbox 2352 3465 2658 3532; x_wconf 74' lang='lat' dir='ltr'><strong>exprObrat.</strong></span> <span class='ocrx_word' id='word_1_792' title='bbox 2686 3464 2750 3518; x_wconf 85' lang='lat' dir='ltr'><strong>In</strong></span> <span class='ocrx_word' id='word_1_793' title='bbox 2773 3466 2949 3518; x_wconf 87' lang='lat' dir='ltr'><strong>eadem</strong></span> <span class='ocrx_word' id='word_1_794' title='bbox 2977 3507 2992 3529; x_wconf 93' lang='lat'><strong>,</strong></span> <span class='ocrx_word' id='word_1_795' title='bbox 3041 3466 3209 3535; x_wconf 87' lang='lat' dir='ltr'><strong>inquit</strong></span> <span class='ocrx_word' id='word_1_796' title='bbox 3236 3506 3251 3530; x_wconf 95' lang='lat'><strong>,</strong></span> <span class='ocrx_word' id='word_1_797' title='bbox 3300 3467 3627 3535; x_wconf 83' lang='lat' dir='ltr'><strong>damnatione</strong></span> 
     </span>
    </p>
   </div>
   <div class='ocr_carea' id='block_1_98' title="bbox 2020 3546 3647 3627">
    <p class='ocr_par' dir='ltr' id='par_1_98' title="bbox 2020 3546 3647 3627">
     <span class='ocr_line' id='line_1_98' title="bbox 2020 3546 3647 3627; baseline 0.003 -19"><span class='ocrx_word' id='word_1_798' title='bbox 2020 3568 2243 3609; x_wconf 81' lang='lat' dir='ltr'><strong>sumus.</strong></span> <span class='ocrx_word' id='word_1_799' title='bbox 2282 3556 2636 3625; x_wconf 78' lang='lat' dir='ltr'><strong>Apostolicam</strong></span> <span class='ocrx_word' id='word_1_800' title='bbox 2664 3546 2762 3626; x_wconf 86' lang='lat' dir='ltr'><strong>ipsi</strong></span> <span class='ocrx_word' id='word_1_801' title='bbox 2792 3558 2958 3626; x_wconf 82' lang='lat' dir='ltr'><strong>legem</strong></span> <span class='ocrx_word' id='word_1_802' title='bbox 2983 3558 3301 3627; x_wconf 79' lang='lat' dir='ltr'><strong>evangelica:</strong></span> <span class='ocrx_word' id='word_1_803' title='bbox 3327 3572 3620 3613; x_wconf 91' lang='lat' dir='ltr'><strong>consonam</strong></span> <span class='ocrx_word' id='word_1_804' title='bbox 3644 3590 3647 3591; x_wconf 53' lang='grc' dir='ltr'><em>ν</em></span> 
     </span>
    </p>
   </div>
   <div class='ocr_carea' id='block_1_99' title="bbox 2038 3646 3622 3719">
    <p class='ocr_par' dir='ltr' id='par_1_99' title="bbox 2038 3646 3622 3719">
     <span class='ocr_line' id='line_1_99' title="bbox 2038 3646 3622 3719; baseline 0.003 -18"><span class='ocrx_word' id='word_1_805' title='bbox 2038 3648 2262 3712; x_wconf 83' lang='lat' dir='ltr'><strong>recitat;</strong></span> <span class='ocrx_word' id='word_1_806' title='bbox 2293 3646 2468 3701; x_wconf 86' lang='lat' dir='ltr'><strong>Nolite</strong></span> <span class='ocrx_word' id='word_1_807' title='bbox 2479 3649 2718 3719; x_wconf 86' lang='lat' dir='ltr'><strong>judicare</strong></span> <span class='ocrx_word' id='word_1_808' title='bbox 2741 3690 2756 3715; x_wconf 93' lang='lat'><strong>,</strong></span> <span class='ocrx_word' id='word_1_809' title='bbox 2800 3660 2854 3701; x_wconf 88' lang='lat' dir='ltr'><strong>ut</strong></span> <span class='ocrx_word' id='word_1_810' title='bbox 2876 3666 2975 3701; x_wconf 90' lang='lat' dir='ltr'><strong>non</strong></span> <span class='ocrx_word' id='word_1_811' title='bbox 2995 3649 3299 3718; x_wconf 86' lang='lat' dir='ltr'><strong>judicemini</strong></span> <span class='ocrx_word' id='word_1_812' title='bbox 3329 3649 3544 3719; x_wconf 76' lang='lat' dir='ltr'><strong>(Matth.</strong></span> <span class='ocrx_word' id='word_1_813' title='bbox 3567 3652 3622 3705; x_wconf 81' lang='grc'><strong>7.</strong></span> 
     </span>
    </p>
   </div>
   <div class='ocr_carea' id='block_1_100' title="bbox 2039 3736 3625 3807">
    <p class='ocr_par' dir='ltr' id='par_1_100' title="bbox 2039 3736 3625 3807">
     <span class='ocr_line' id='line_1_100' title="bbox 2039 3736 3625 3807; baseline 0.004 -16"><span class='ocrx_word' id='word_1_814' title='bbox 2039 3736 2117 3805; x_wconf 90' lang='grc'><strong>1).</strong></span> <span class='ocrx_word' id='word_1_815' title='bbox 2153 3736 2284 3799; x_wconf 84' lang='lat' dir='ltr'><strong>Quia</strong></span> <span class='ocrx_word' id='word_1_816' title='bbox 2303 3739 2355 3791; x_wconf 93' lang='lat' dir='ltr'><strong>in</strong></span> <span class='ocrx_word' id='word_1_817' title='bbox 2383 3740 2556 3794; x_wconf 88' lang='lat' dir='ltr'><strong>eadem</strong></span> <span class='ocrx_word' id='word_1_818' title='bbox 2584 3739 2909 3792; x_wconf 85' lang='lat' dir='ltr'><strong>damnatione</strong></span> <span class='ocrx_word' id='word_1_819' title='bbox 2938 3754 3140 3792; x_wconf 87' lang='lat' dir='ltr'><strong>sumus.</strong></span> <span class='ocrx_word' id='word_1_820' title='bbox 3188 3740 3323 3807; x_wconf 84' lang='lat' dir='ltr'><strong>Quid</strong></span> <span class='ocrx_word' id='word_1_821' title='bbox 3370 3740 3498 3795; x_wconf 88' lang='lat' dir='ltr'><strong>facis</strong></span> <span class='ocrx_word' id='word_1_822' title='bbox 3523 3783 3537 3803; x_wconf 92' lang='lat'><strong>,</strong></span> <span class='ocrx_word' id='word_1_823' title='bbox 3590 3758 3625 3796; x_wconf 90' lang='lat' dir='ltr'><strong>o</strong></span> 
     </span>
    </p>
   </div>
   <div class='ocr_carea' id='block_1_101' title="bbox 2038 3828 3622 3900">
    <p class='ocr_par' dir='ltr' id='par_1_101' title="bbox 2038 3828 3622 3900">
     <span class='ocr_line' id='line_1_101' title="bbox 2038 3828 3622 3900; baseline 0.004 -19"><span class='ocrx_word' id='word_1_824' title='bbox 2038 3828 2211 3882; x_wconf 85' lang='lat' dir='ltr'><strong>latro?</strong></span> <span class='ocrx_word' id='word_1_825' title='bbox 2239 3846 2361 3883; x_wconf 91' lang='lat' dir='ltr'><strong>num</strong></span> <span class='ocrx_word' id='word_1_826' title='bbox 2405 3831 2567 3885; x_wconf 82' lang='lat' dir='ltr'><strong>veSIri</strong></span> <span class='ocrx_word' id='word_1_827' title='bbox 2617 3832 2925 3900; x_wconf 89' lang='lat' dir='ltr'><strong>participem</strong></span> <span class='ocrx_word' id='word_1_828' title='bbox 2972 3832 3115 3885; x_wconf 91' lang='lat' dir='ltr'><strong>illum</strong></span> <span class='ocrx_word' id='word_1_829' title='bbox 3150 3830 3278 3886; x_wconf 87' lang='lat' dir='ltr'><strong>facis</strong></span> <span class='ocrx_word' id='word_1_830' title='bbox 3310 3875 3325 3899; x_wconf 97' lang='lat'><strong>,</strong></span> <span class='ocrx_word' id='word_1_831' title='bbox 3357 3848 3478 3888; x_wconf 92' lang='lat' dir='ltr'><strong>cum</strong></span> <span class='ocrx_word' id='word_1_832' title='bbox 3507 3836 3622 3899; x_wconf 87' lang='lat' dir='ltr'><strong>ais,</strong></span> 
     </span>
    </p>
   </div>
   <div class='ocr_carea' id='block_1_102' title="bbox 2038 3921 3623 3999">
    <p class='ocr_par' dir='ltr' id='par_1_102' title="bbox 2038 3921 3623 3999">
     <span class='ocr_line' id='line_1_102' title="bbox 2038 3921 3623 3999; baseline 0.006 -24"><span class='ocrx_word' id='word_1_833' title='bbox 2038 3921 2105 3976; x_wconf 88' lang='lat' dir='ltr'><strong>In</strong></span> <span class='ocrx_word' id='word_1_834' title='bbox 2135 3922 2310 3976; x_wconf 87' lang='lat' dir='ltr'><strong>eadem</strong></span> <span class='ocrx_word' id='word_1_835' title='bbox 2355 3923 2688 3977; x_wconf 83' lang='lat' dir='ltr'><strong>damnatione</strong></span> <span class='ocrx_word' id='word_1_836' title='bbox 2729 3925 2950 3979; x_wconf 82' lang='lat' dir='ltr'><strong>sumus?</strong></span> <span class='ocrx_word' id='word_1_837' title='bbox 2990 3924 3375 3997; x_wconf 77' lang='lat' dir='ltr'><strong>Nequaquam;</strong></span> <span class='ocrx_word' id='word_1_838' title='bbox 3421 3930 3623 3999; x_wconf 86' lang='lat' dir='ltr'><strong>inquit:</strong></span> 
     </span>
    </p>
   </div>
   <div class='ocr_carea' id='block_1_103' title="bbox 2017 4014 3623 4088">
    <p class='ocr_par' dir='ltr' id='par_1_103' title="bbox 2017 4014 3623 4088">
     <span class='ocr_line' id='line_1_103' title="bbox 2017 4014 3623 4088; baseline 0.004 -19"><span class='ocrx_word' id='word_1_839' title='bbox 2017 4015 2249 4085; x_wconf 29' lang='lat' dir='ltr'><strong>icorrigo</strong></span> <span class='ocrx_word' id='word_1_840' title='bbox 2269 4014 2468 4070; x_wconf 84' lang='lat' dir='ltr'><strong>dictum</strong></span> <span class='ocrx_word' id='word_1_841' title='bbox 2504 4033 2598 4085; x_wconf 91' lang='lat' dir='ltr'><strong>per</strong></span> <span class='ocrx_word' id='word_1_842' title='bbox 2631 4031 2690 4071; x_wconf 90' lang='lat' dir='ltr'><strong>ea</strong></span> <span class='ocrx_word' id='word_1_843' title='bbox 2719 4058 2732 4080; x_wconf 91' lang='lat'><strong>,</strong></span> <span class='ocrx_word' id='word_1_844' title='bbox 2761 4033 2879 4086; x_wconf 71' lang='lat' dir='ltr'><strong>qua:</strong></span> <span class='ocrx_word' id='word_1_845' title='bbox 2919 4032 3043 4072; x_wconf 87' lang='lat' dir='ltr'><strong>mox</strong></span> <span class='ocrx_word' id='word_1_846' title='bbox 3077 4028 3401 4088; x_wconf 88' lang='lat' dir='ltr'><strong>sequuntur:</strong></span> <span class='ocrx_word' id='word_1_847' title='bbox 3435 4021 3500 4074; x_wconf 86' lang='lat' dir='ltr'><strong>Et</strong></span> <span class='ocrx_word' id='word_1_848' title='bbox 3531 4038 3623 4076; x_wconf 92' lang='lat' dir='ltr'><strong>nos</strong></span> 
     </span>
    </p>
   </div>
   <div class='ocr_carea' id='block_1_104' title="bbox 2035 4107 3617 4181">
    <p class='ocr_par' dir='ltr' id='par_1_104' title="bbox 2035 4107 3617 4181">
     <span class='ocr_line' id='line_1_104' title="bbox 2035 4107 3617 4181; baseline 0.004 -21"><span class='ocrx_word' id='word_1_849' title='bbox 2035 4107 2256 4177; x_wconf 81' lang='lat' dir='ltr'><strong>quidem,</strong></span> <span class='ocrx_word' id='word_1_850' title='bbox 2289 4108 2470 4178; x_wconf 89' lang='lat' dir='ltr'><strong>inquit,</strong></span> <span class='ocrx_word' id='word_1_851' title='bbox 2497 4110 2640 4178; x_wconf 83' lang='lat' dir='ltr'><strong>juste</strong></span> <span class='ocrx_word' id='word_1_852' title='bbox 2670 4109 2824 4179; x_wconf 81' lang='lat' dir='ltr'><strong>digna</strong></span> <span class='ocrx_word' id='word_1_853' title='bbox 2851 4109 3143 4179; x_wconf 80' lang='lat' dir='ltr'><strong>cnimfaetis</strong></span> <span class='ocrx_word' id='word_1_854' title='bbox 3169 4111 3436 4181; x_wconf 78' lang='lat' dir='ltr'><strong>recipimus</strong></span> <span class='ocrx_word' id='word_1_855' title='bbox 3465 4111 3617 4181; x_wconf 87' lang='lat' dir='ltr'><strong>(Luc.</strong></span> 
     </span>
    </p>
   </div>
   <div class='ocr_carea' id='block_1_105' title="bbox 2034 4198 3622 4274">
    <p class='ocr_par' dir='ltr' id='par_1_105' title="bbox 2034 4198 3622 4274">
     <span class='ocr_line' id='line_1_105' title="bbox 2034 4198 3622 4274; baseline 0.003 -19"><span class='ocrx_word' id='word_1_856' title='bbox 2034 4201 2125 4255; x_wconf 75' lang='lat'><strong>23.</strong></span> <span class='ocrx_word' id='word_1_857' title='bbox 2156 4201 2267 4274; x_wconf 75' lang='lat' dir='ltr'><strong>M).</strong></span> <span class='ocrx_word' id='word_1_858' title='bbox 2302 4200 2378 4256; x_wconf 85' lang='lat' dir='ltr'><strong>Ne</strong></span> <span class='ocrx_word' id='word_1_859' title='bbox 2404 4203 2544 4256; x_wconf 90' lang='lat' dir='ltr'><strong>enim</strong></span> <span class='ocrx_word' id='word_1_860' title='bbox 2578 4202 2782 4267; x_wconf 91' lang='lat' dir='ltr'><strong>audito,</strong></span> <span class='ocrx_word' id='word_1_861' title='bbox 2812 4198 2952 4272; x_wconf 87' lang='lat' dir='ltr'><strong>qu&#39;od</strong></span> <span class='ocrx_word' id='word_1_862' title='bbox 2976 4201 3109 4257; x_wconf 90' lang='lat' dir='ltr'><strong>dixit</strong></span> <span class='ocrx_word' id='word_1_863' title='bbox 3137 4245 3151 4269; x_wconf 96' lang='lat'><strong>,</strong></span> <span class='ocrx_word' id='word_1_864' title='bbox 3180 4201 3248 4256; x_wconf 88' lang='lat' dir='ltr'><strong>In</strong></span> <span class='ocrx_word' id='word_1_865' title='bbox 3270 4205 3443 4259; x_wconf 78' lang='lat' dir='ltr'><strong>cadent</strong></span> <span class='ocrx_word' id='word_1_866' title='bbox 3472 4206 3622 4259; x_wconf 80' lang='lat' dir='ltr'><strong>dam-</strong></span> 
     </span>
    </p>
   </div>
   <div class='ocr_carea' id='block_1_106' title="bbox 2036 4294 3623 4367">
    <p class='ocr_par' dir='ltr' id='par_1_106' title="bbox 2036 4294 3623 4367">
     <span class='ocr_line' id='line_1_106' title="bbox 2036 4294 3623 4367; baseline 0.003 -20"><span class='ocrx_word' id='word_1_867' title='bbox 2036 4296 2236 4348; x_wconf 88' lang='lat' dir='ltr'><strong>natione</strong></span> <span class='ocrx_word' id='word_1_868' title='bbox 2260 4308 2462 4358; x_wconf 89' lang='lat' dir='ltr'><strong>sumus,</strong></span> <span class='ocrx_word' id='word_1_869' title='bbox 2486 4303 2717 4363; x_wconf 74' lang='lat' dir='ltr'><strong>putares,</strong></span> <span class='ocrx_word' id='word_1_870' title='bbox 2742 4294 2882 4364; x_wconf 88' lang='lat' dir='ltr'><strong>quod</strong></span> <span class='ocrx_word' id='word_1_871' title='bbox 2909 4294 3175 4350; x_wconf 86' lang='lat' dir='ltr'><strong>Christum</strong></span> <span class='ocrx_word' id='word_1_872' title='bbox 3203 4296 3464 4352; x_wconf 88' lang='lat' dir='ltr'><strong>scelerum</strong></span> <span class='ocrx_word' id='word_1_873' title='bbox 3496 4314 3623 4367; x_wconf 82' lang='lat' dir='ltr'><strong>par-</strong></span> 
     </span>
    </p>
   </div>
   <div class='ocr_carea' id='block_1_107' title="bbox 2043 4385 3621 4458">
    <p class='ocr_par' dir='ltr' id='par_1_107' title="bbox 2043 4385 3621 4458">
     <span class='ocr_line' id='line_1_107' title="bbox 2043 4385 3621 4458; baseline 0.004 -19"><span class='ocrx_word' id='word_1_874' title='bbox 2043 4385 2258 4456; x_wconf 90' lang='lat' dir='ltr'><strong>ticipem</strong></span> <span class='ocrx_word' id='word_1_875' title='bbox 2306 4385 2552 4451; x_wconf 79' lang='lat' dir='ltr'><strong>fecisset;</strong></span> <span class='ocrx_word' id='word_1_876' title='bbox 2586 4386 2705 4440; x_wconf 90' lang='lat' dir='ltr'><strong>ideo</strong></span> <span class='ocrx_word' id='word_1_877' title='bbox 2730 4388 2965 4456; x_wconf 89' lang='lat' dir='ltr'><strong>scipsum</strong></span> <span class='ocrx_word' id='word_1_878' title='bbox 2993 4387 3141 4456; x_wconf 91' lang='lat' dir='ltr'><strong>quasi</strong></span> <span class='ocrx_word' id='word_1_879' title='bbox 3174 4389 3449 4458; x_wconf 87' lang='lat' dir='ltr'><strong>corrigens</strong></span> <span class='ocrx_word' id='word_1_880' title='bbox 3471 4390 3621 4458; x_wconf 87' lang='lat' dir='ltr'><strong>adje-</strong></span> 
     </span>
    </p>
   </div>
   <div class='ocr_carea' id='block_1_108' title="bbox 2034 4469 3618 4542">
    <p class='ocr_par' dir='ltr' id='par_1_108' title="bbox 2034 4469 3618 4542">
     <span class='ocr_line' id='line_1_108' title="bbox 2034 4469 3618 4542; baseline 0.004 -17"><span class='ocrx_word' id='word_1_881' title='bbox 2034 4471 2150 4525; x_wconf 86' lang='lat' dir='ltr'><strong>cit:</strong></span> <span class='ocrx_word' id='word_1_882' title='bbox 2199 4469 2312 4524; x_wconf 85' lang='lat' dir='ltr'><strong>Nos</strong></span> <span class='ocrx_word' id='word_1_883' title='bbox 2352 4470 2551 4538; x_wconf 84' lang='lat' dir='ltr'><strong>quidem</strong></span> <span class='ocrx_word' id='word_1_884' title='bbox 2575 4481 2753 4541; x_wconf 54' lang='lat' dir='ltr'><strong>Iuste:</strong></span> <span class='ocrx_word' id='word_1_885' title='bbox 2780 4488 2899 4525; x_wconf 89' lang='lat' dir='ltr'><strong>nam</strong></span> <span class='ocrx_word' id='word_1_886' title='bbox 2932 4471 3089 4541; x_wconf 85' lang='lat' dir='ltr'><strong>digna</strong></span> <span class='ocrx_word' id='word_1_887' title='bbox 3134 4473 3279 4542; x_wconf 76' lang='lat' dir='ltr'><strong>factis</strong></span> <span class='ocrx_word' id='word_1_888' title='bbox 3326 4475 3618 4542; x_wconf 85' lang='lat' dir='ltr'><strong>recipimus.</strong></span> 
     </span>
    </p>
   </div>
   <div class='ocr_carea' id='block_1_109' title="bbox 2034 4560 3620 4633">
    <p class='ocr_par' dir='ltr' id='par_1_109' title="bbox 2034 4560 3620 4633">
     <span class='ocr_line' id='line_1_109' title="bbox 2034 4560 3620 4633; baseline 0.003 -18"><span class='ocrx_word' id='word_1_889' title='bbox 2034 4560 2196 4615; x_wconf 90' lang='lat' dir='ltr'><strong>Vides</strong></span> <span class='ocrx_word' id='word_1_890' title='bbox 2220 4560 2611 4615; x_wconf 83' lang='lat' dir='ltr'><strong>confessionem</strong></span> <span class='ocrx_word' id='word_1_891' title='bbox 2644 4561 2937 4631; x_wconf 84' lang='lat' dir='ltr'><strong>perfectam</strong></span> <span class='ocrx_word' id='word_1_892' title='bbox 2976 4562 3027 4616; x_wconf 94' lang='lat' dir='ltr'><strong>in</strong></span> <span class='ocrx_word' id='word_1_893' title='bbox 3071 4563 3272 4617; x_wconf 84' lang='lat' dir='ltr'><strong>cruce?</strong></span> <span class='ocrx_word' id='word_1_894' title='bbox 3310 4565 3459 4619; x_wconf 88' lang='lat' dir='ltr'><strong>vides</strong></span> <span class='ocrx_word' id='word_1_895' title='bbox 3488 4581 3620 4633; x_wconf 87' lang='lat' dir='ltr'><strong>quo-</strong></span> 
     </span>
    </p>
   </div>
   <div class='ocr_carea' id='block_1_110' title="bbox 2032 4652 3617 4726">
    <p class='ocr_par' dir='ltr' id='par_1_110' title="bbox 2032 4652 3617 4726">
     <span class='ocr_line' id='line_1_110' title="bbox 2032 4652 3617 4726; baseline 0.001 -18"><span class='ocrx_word' id='word_1_896' title='bbox 2032 4652 2194 4708; x_wconf 91' lang='lat' dir='ltr'><strong>modo</strong></span> <span class='ocrx_word' id='word_1_897' title='bbox 2221 4654 2302 4708; x_wconf 91' lang='lat' dir='ltr'><strong>bis</strong></span> <span class='ocrx_word' id='word_1_898' title='bbox 2322 4655 2498 4709; x_wconf 88' lang='lat' dir='ltr'><strong>verbis</strong></span> <span class='ocrx_word' id='word_1_899' title='bbox 2531 4663 2745 4723; x_wconf 89' lang='lat' dir='ltr'><strong>peccata</strong></span> <span class='ocrx_word' id='word_1_900' title='bbox 2784 4670 2880 4709; x_wconf 86' lang='lat' dir='ltr'><strong>sua</strong></span> <span class='ocrx_word' id='word_1_901' title='bbox 2910 4655 3137 4709; x_wconf 86' lang='lat' dir='ltr'><strong>eluerit?</strong></span> <span class='ocrx_word' id='word_1_902' title='bbox 3167 4656 3319 4709; x_wconf 92' lang='lat' dir='ltr'><strong>vides</strong></span> <span class='ocrx_word' id='word_1_903' title='bbox 3348 4658 3617 4726; x_wconf 86' lang='lat' dir='ltr'><strong>quomodo</strong></span> 
     </span>
    </p>
   </div>
   <div class='ocr_carea' id='block_1_111' title="bbox 2031 4745 3618 4817">
    <p class='ocr_par' dir='ltr' id='par_1_111' title="bbox 2031 4745 3618 4817">
     <span class='ocr_line' id='line_1_111' title="bbox 2031 4745 3618 4817; baseline 0 -17"><span class='ocrx_word' id='word_1_904' title='bbox 2031 4745 2399 4816; x_wconf 88' lang='lat' dir='ltr'><strong>propheticum</strong></span> <span class='ocrx_word' id='word_1_905' title='bbox 2449 4745 2579 4800; x_wconf 92' lang='lat' dir='ltr'><strong>illud</strong></span> <span class='ocrx_word' id='word_1_906' title='bbox 2613 4747 2876 4801; x_wconf 90' lang='lat' dir='ltr'><strong>monitum</strong></span> <span class='ocrx_word' id='word_1_907' title='bbox 2922 4747 3257 4817; x_wconf 90' lang='lat' dir='ltr'><strong>impleverit:</strong></span> <span class='ocrx_word' id='word_1_908' title='bbox 3292 4746 3387 4799; x_wconf 88' lang='lat' dir='ltr'><strong>Die</strong></span> <span class='ocrx_word' id='word_1_909' title='bbox 3424 4748 3618 4815; x_wconf 81' lang='lat' dir='ltr'><strong>primus</strong></span> 
     </span>
    </p>
   </div>
   <div class='ocr_carea' id='block_1_112' title="bbox 2032 4835 3609 4909">
    <p class='ocr_par' dir='ltr' id='par_1_112' title="bbox 2032 4835 3609 4909">
     <span class='ocr_line' id='line_1_112' title="bbox 2032 4835 3609 4909; baseline -0.001 -18"><span class='ocrx_word' id='word_1_910' title='bbox 2032 4846 2143 4891; x_wconf 87' lang='lat' dir='ltr'><strong>tuas</strong></span> <span class='ocrx_word' id='word_1_911' title='bbox 2168 4837 2452 4907; x_wconf 87' lang='lat' dir='ltr'><strong>iniquitates</strong></span> <span class='ocrx_word' id='word_1_912' title='bbox 2476 4877 2492 4903; x_wconf 94' lang='lat'><strong>,</strong></span> <span class='ocrx_word' id='word_1_913' title='bbox 2520 4845 2574 4889; x_wconf 83' lang='lat' dir='ltr'><strong>ut</strong></span> <span class='ocrx_word' id='word_1_914' title='bbox 2593 4837 2891 4906; x_wconf 80' lang='lat' dir='ltr'><strong>justiﬁceris</strong></span> <span class='ocrx_word' id='word_1_915' title='bbox 2923 4838 2942 4909; x_wconf 97' lang='lat'>(</span> <span class='ocrx_word' id='word_1_916' title='bbox 2970 4835 3095 4891; x_wconf 81' lang='lat' dir='ltr'><strong>Isai.</strong></span> <span class='ocrx_word' id='word_1_917' title='bbox 3130 4836 3220 4891; x_wconf 74' lang='grc'><strong>43.</strong></span> <span class='ocrx_word' id='word_1_918' title='bbox 3246 4836 3317 4889; x_wconf 73' lang='grc'><strong>26</strong></span> <span class='ocrx_word' id='word_1_919' title='bbox 3347 4837 3411 4906; x_wconf 78' lang='lat'><strong>)?</strong></span> <span class='ocrx_word' id='word_1_920' title='bbox 3439 4836 3609 4891; x_wconf 85' lang='lat' dir='ltr'><strong>Nemo</strong></span> 
     </span>
    </p>
   </div>
   <div class='ocr_carea' id='block_1_113' title="bbox 2032 4926 3614 4997">
    <p class='ocr_par' dir='ltr' id='par_1_113' title="bbox 2032 4926 3614 4997">
     <span class='ocr_line' id='line_1_113' title="bbox 2032 4926 3614 4997; baseline -0.001 -15"><span class='ocrx_word' id='word_1_921' title='bbox 2032 4927 2177 4982; x_wconf 90' lang='lat' dir='ltr'><strong>illum</strong></span> <span class='ocrx_word' id='word_1_922' title='bbox 2204 4928 2396 4997; x_wconf 88' lang='lat' dir='ltr'><strong>coegit,</strong></span> <span class='ocrx_word' id='word_1_923' title='bbox 2426 4941 2587 4982; x_wconf 91' lang='lat' dir='ltr'><strong>nemo</strong></span> <span class='ocrx_word' id='word_1_924' title='bbox 2616 4927 2921 4991; x_wconf 75' lang='lat' dir='ltr'><strong>accusavit,</strong></span> <span class='ocrx_word' id='word_1_925' title='bbox 2965 4942 3121 4981; x_wconf 90' lang='lat' dir='ltr'><strong>nemo</strong></span> <span class='ocrx_word' id='word_1_926' title='bbox 3147 4926 3371 4981; x_wconf 90' lang='lat' dir='ltr'><strong>institit:</strong></span> <span class='ocrx_word' id='word_1_927' title='bbox 3399 4928 3510 4995; x_wconf 87' lang='lat' dir='ltr'><strong>ipse</strong></span> <span class='ocrx_word' id='word_1_928' title='bbox 3532 4926 3614 4982; x_wconf 90' lang='lat' dir='ltr'><strong>sui</strong></span> 
     </span>
    </p>
   </div>
   <div class='ocr_carea' id='block_1_114' title="bbox 2031 5018 3613 5091">
    <p class='ocr_par' dir='ltr' id='par_1_114' title="bbox 2031 5018 3613 5091">
     <span class='ocr_line' id='line_1_114' title="bbox 2031 5018 3613 5091; baseline -0.001 -16"><span class='ocrx_word' id='word_1_929' title='bbox 2031 5021 2197 5091; x_wconf 89' lang='lat' dir='ltr'><strong>ipsius</strong></span> <span class='ocrx_word' id='word_1_930' title='bbox 2228 5021 2285 5074; x_wconf 88' lang='lat' dir='ltr'><strong>fit</strong></span> <span class='ocrx_word' id='word_1_931' title='bbox 2313 5029 2622 5076; x_wconf 89' lang='lat' dir='ltr'><strong>accusator:</strong></span> <span class='ocrx_word' id='word_1_932' title='bbox 2658 5036 2758 5089; x_wconf 83' lang='lat' dir='ltr'><strong>qua</strong></span> <span class='ocrx_word' id='word_1_933' title='bbox 2792 5018 2859 5074; x_wconf 89' lang='lat' dir='ltr'><strong>de</strong></span> <span class='ocrx_word' id='word_1_934' title='bbox 2886 5034 3044 5074; x_wconf 89' lang='lat' dir='ltr'><strong>causa</strong></span> <span class='ocrx_word' id='word_1_935' title='bbox 3076 5018 3127 5073; x_wconf 93' lang='lat' dir='ltr'><strong>in</strong></span> <span class='ocrx_word' id='word_1_936' title='bbox 3173 5028 3443 5088; x_wconf 89' lang='lat' dir='ltr'><strong>posterum</strong></span> <span class='ocrx_word' id='word_1_937' title='bbox 3468 5020 3613 5073; x_wconf 91' lang='lat' dir='ltr'><strong>omni</strong></span> 
     </span>
    </p>
   </div>
   <div class='ocr_carea' id='block_1_115' title="bbox 2028 5112 3613 5181">
    <p class='ocr_par' dir='ltr' id='par_1_115' title="bbox 2028 5112 3613 5181">
     <span class='ocr_line' id='line_1_115' title="bbox 2028 5112 3613 5181; baseline -0.004 -11"><span class='ocrx_word' id='word_1_938' title='bbox 2028 5125 2337 5170; x_wconf 84' lang='lat' dir='ltr'><strong>accusatore</strong></span> <span class='ocrx_word' id='word_1_939' title='bbox 2361 5115 2554 5169; x_wconf 88' lang='lat' dir='ltr'><strong>caruit.</strong></span> <span class='ocrx_word' id='word_1_940' title='bbox 2592 5115 2946 5169; x_wconf 84' lang='lat' dir='ltr'><strong>Antevertcns</strong></span> <span class='ocrx_word' id='word_1_941' title='bbox 2967 5112 3108 5167; x_wconf 90' lang='lat' dir='ltr'><strong>enim</strong></span> <span class='ocrx_word' id='word_1_942' title='bbox 3135 5121 3313 5181; x_wconf 89' lang='lat' dir='ltr'><strong>partes</strong></span> <span class='ocrx_word' id='word_1_943' title='bbox 3334 5122 3613 5165; x_wconf 82' lang='lat' dir='ltr'><strong>accusato-</strong></span> 
     </span>
    </p>
   </div>
   <div class='ocr_carea' id='block_1_116' title="bbox 2030 5202 3615 5276">
    <p class='ocr_par' dir='ltr' id='par_1_116' title="bbox 2030 5202 3615 5276">
     <span class='ocr_line' id='line_1_116' title="bbox 2030 5202 3615 5276; baseline -0.003 -15"><span class='ocrx_word' id='word_1_944' title='bbox 2030 5207 2103 5261; x_wconf 91' lang='lat' dir='ltr'><strong>ris</strong></span> <span class='ocrx_word' id='word_1_945' title='bbox 2127 5206 2227 5261; x_wconf 91' lang='lat' dir='ltr'><strong>sibi</strong></span> <span class='ocrx_word' id='word_1_946' title='bbox 2259 5207 2503 5275; x_wconf 89' lang='lat' dir='ltr'><strong>sumpsit,</strong></span> <span class='ocrx_word' id='word_1_947' title='bbox 2533 5216 2587 5261; x_wconf 90' lang='lat' dir='ltr'><strong>et</strong></span> <span class='ocrx_word' id='word_1_948' title='bbox 2615 5206 2874 5276; x_wconf 83' lang='lat' dir='ltr'><strong>scipsum,</strong></span> <span class='ocrx_word' id='word_1_949' title='bbox 2906 5204 3026 5275; x_wconf 90' lang='lat' dir='ltr'><strong>quis</strong></span> <span class='ocrx_word' id='word_1_950' title='bbox 3055 5213 3216 5267; x_wconf 81' lang='lat' dir='ltr'><strong>esset,</strong></span> <span class='ocrx_word' id='word_1_951' title='bbox 3249 5202 3455 5272; x_wconf 90' lang='lat' dir='ltr'><strong>publice</strong></span> <span class='ocrx_word' id='word_1_952' title='bbox 3486 5217 3615 5273; x_wconf 86' lang='lat' dir='ltr'><strong>pro-</strong></span> 
     </span>
    </p>
   </div>
   <div class='ocr_carea' id='block_1_117' title="bbox 2026 5296 3620 5367">
    <p class='ocr_par' dir='ltr' id='par_1_117' title="bbox 2026 5296 3620 5367">
     <span class='ocr_line' id='line_1_117' title="bbox 2026 5296 3620 5367; baseline -0.001 -14"><span class='ocrx_word' id='word_1_953' title='bbox 2026 5298 2159 5353; x_wconf 90' lang='lat' dir='ltr'><strong>didit</strong></span> <span class='ocrx_word' id='word_1_954' title='bbox 2186 5298 2268 5351; x_wconf 88' lang='lat' dir='ltr'><strong>bis</strong></span> <span class='ocrx_word' id='word_1_955' title='bbox 2296 5298 2474 5352; x_wconf 85' lang='lat' dir='ltr'><strong>verbis</strong></span> <span class='ocrx_word' id='word_1_956' title='bbox 2494 5296 2602 5350; x_wconf 80' lang='lat' dir='ltr'><strong>Nos</strong></span> <span class='ocrx_word' id='word_1_957' title='bbox 2618 5298 2760 5367; x_wconf 87' lang='lat' dir='ltr'><strong>juste</strong></span> <span class='ocrx_word' id='word_1_958' title='bbox 2775 5296 2792 5360; x_wconf 62' lang='grc' dir='ltr'><em>ξ</em></span> <span class='ocrx_word' id='word_1_959' title='bbox 2820 5312 2936 5349; x_wconf 89' lang='lat' dir='ltr'><strong>nam</strong></span> <span class='ocrx_word' id='word_1_960' title='bbox 2965 5296 3119 5365; x_wconf 84' lang='lat' dir='ltr'><strong>digna</strong></span> <span class='ocrx_word' id='word_1_961' title='bbox 3146 5296 3293 5366; x_wconf 79' lang='lat' dir='ltr'><strong>faelis</strong></span> <span class='ocrx_word' id='word_1_962' title='bbox 3323 5296 3620 5365; x_wconf 85' lang='lat' dir='ltr'><strong>recipimus:</strong></span> 
     </span>
    </p>
   </div>
   <div class='ocr_carea' id='block_1_118' title="bbox 2027 5387 3611 5459">
    <p class='ocr_par' dir='ltr' id='par_1_118' title="bbox 2027 5387 3611 5459">
     <span class='ocr_line' id='line_1_118' title="bbox 2027 5387 3611 5459; baseline -0.001 -16"><span class='ocrx_word' id='word_1_963' title='bbox 2027 5391 2107 5444; x_wconf 86' lang='lat' dir='ltr'><strong>hic</strong></span> <span class='ocrx_word' id='word_1_964' title='bbox 2133 5406 2248 5444; x_wconf 79' lang='lat' dir='ltr'><strong>vero</strong></span> <span class='ocrx_word' id='word_1_965' title='bbox 2277 5389 2407 5442; x_wconf 77' lang='lat' dir='ltr'><strong>nihil</strong></span> <span class='ocrx_word' id='word_1_966' title='bbox 2427 5390 2548 5442; x_wconf 88' lang='lat' dir='ltr'><strong>mali</strong></span> <span class='ocrx_word' id='word_1_967' title='bbox 2572 5389 2688 5459; x_wconf 86' lang='lat' dir='ltr'><strong>egit.</strong></span> <span class='ocrx_word' id='word_1_968' title='bbox 2719 5387 2880 5442; x_wconf 88' lang='lat' dir='ltr'><strong>Vides</strong></span> <span class='ocrx_word' id='word_1_969' title='bbox 2912 5388 3264 5442; x_wconf 88' lang='lat' dir='ltr'><strong>reverentiam</strong></span> <span class='ocrx_word' id='word_1_970' title='bbox 3292 5387 3447 5457; x_wconf 80' lang='lat' dir='ltr'><strong>lange</strong></span> <span class='ocrx_word' id='word_1_971' title='bbox 3475 5388 3611 5442; x_wconf 79' lang='lat' dir='ltr'><strong>late-</strong></span> 
     </span>
    </p>
   </div>
   <div class='ocr_carea' id='block_1_119' title="bbox 2024 5476 3614 5552">
    <p class='ocr_par' dir='ltr' id='par_1_119' title="bbox 2024 5476 3614 5552">
     <span class='ocr_line' id='line_1_119' title="bbox 2024 5476 3614 5552; baseline -0.002 -18"><span class='ocrx_word' id='word_1_972' title='bbox 2024 5496 2129 5552; x_wconf 89' lang='lat' dir='ltr'><strong>que</strong></span> <span class='ocrx_word' id='word_1_973' title='bbox 2167 5479 2452 5535; x_wconf 83' lang='lat' dir='ltr'><strong>ditl&#39;usam?</strong></span> <span class='ocrx_word' id='word_1_974' title='bbox 2492 5478 2718 5547; x_wconf 89' lang='lat' dir='ltr'><strong>Quando</strong></span> <span class='ocrx_word' id='word_1_975' title='bbox 2759 5478 2995 5547; x_wconf 88' lang='lat' dir='ltr'><strong>scipsum</strong></span> <span class='ocrx_word' id='word_1_976' title='bbox 3036 5487 3351 5543; x_wconf 69' lang='lat' dir='ltr'><strong>accusarat,</strong></span> <span class='ocrx_word' id='word_1_977' title='bbox 3398 5476 3614 5547; x_wconf 87' lang='lat' dir='ltr'><strong>quando</strong></span> 
     </span>
    </p>
   </div>
   <div class='ocr_carea' id='block_1_120' title="bbox 2024 5572 3610 5645">
    <p class='ocr_par' dir='ltr' id='par_1_120' title="bbox 2024 5572 3610 5645">
     <span class='ocr_line' id='line_1_120' title="bbox 2024 5572 3610 5645; baseline -0.008 -13"><span class='ocrx_word' id='word_1_978' title='bbox 2024 5592 2218 5633; x_wconf 84' lang='lat' dir='ltr'><strong>arcana</strong></span> <span class='ocrx_word' id='word_1_979' title='bbox 2246 5574 2476 5645; x_wconf 88' lang='lat' dir='ltr'><strong>pectoris</strong></span> <span class='ocrx_word' id='word_1_980' title='bbox 2492 5574 2573 5629; x_wconf 86' lang='lat' dir='ltr'><strong>sui</strong></span> <span class='ocrx_word' id='word_1_981' title='bbox 2600 5588 2669 5629; x_wconf 84' lang='lat' dir='ltr'><strong>ex</strong></span> <span class='ocrx_word' id='word_1_982' title='bbox 2680 5589 2826 5643; x_wconf 78' lang='lat' dir='ltr'><strong>prum</strong></span> <span class='ocrx_word' id='word_1_983' title='bbox 2834 5573 3250 5644; x_wconf 88' lang='lat' dir='ltr'><strong>pserat,qnando</strong></span> <span class='ocrx_word' id='word_1_984' title='bbox 3268 5589 3363 5642; x_wconf 90' lang='lat' dir='ltr'><strong>pro</strong></span> <span class='ocrx_word' id='word_1_985' title='bbox 3388 5572 3610 5625; x_wconf 85' lang='lat' dir='ltr'><strong>Domino</strong></span> 
     </span>
    </p>
   </div>
   <div class='ocr_carea' id='block_1_121' title="bbox 2027 5660 3611 5737">
    <p class='ocr_par' dir='ltr' id='par_1_121' title="bbox 2027 5660 3611 5737">
     <span class='ocr_line' id='line_1_121' title="bbox 2027 5660 3611 5737; baseline -0.008 -12"><span class='ocrx_word' id='word_1_986' title='bbox 2027 5667 2392 5727; x_wconf 80' lang='lat' dir='ltr'><strong>defensionem</strong></span> <span class='ocrx_word' id='word_1_987' title='bbox 2441 5665 2776 5723; x_wconf 83' lang='lat' dir='ltr'><strong>instituerat:</strong></span> <span class='ocrx_word' id='word_1_988' title='bbox 2810 5665 2920 5721; x_wconf 78' lang='lat' dir='ltr'><strong>Nos</strong></span> <span class='ocrx_word' id='word_1_989' title='bbox 2955 5666 3156 5737; x_wconf 85' lang='lat' dir='ltr'><strong>quidem</strong></span> <span class='ocrx_word' id='word_1_990' title='bbox 3188 5665 3324 5734; x_wconf 87' lang='lat' dir='ltr'><strong>juste</strong></span> <span class='ocrx_word' id='word_1_991' title='bbox 3352 5704 3367 5731; x_wconf 87' lang='lat'><strong>,</strong></span> <span class='ocrx_word' id='word_1_992' title='bbox 3393 5660 3474 5715; x_wconf 85' lang='lat' dir='ltr'><strong>hic</strong></span> <span class='ocrx_word' id='word_1_993' title='bbox 3496 5675 3611 5713; x_wconf 76' lang='lat' dir='ltr'><strong>vero</strong></span> 
     </span>
    </p>
   </div>
  </div>
