4062 6206
490 240 597 296 H3

490 352 619 407 nihil
646 351 769 405 mali
796 350 895 423 egit
916 384 933 403 .
976 356 1103 404 tunc
1137 354 1193 403 et
1218 346 1658 417 supplicationem
1684 344 1878 401 offerre
1906 358 2066 399 ausus

490 442 589 497 fuit
616 443 699 497 his
715 441 890 495 verbis
915 458 927 494 :
956 439 1207 495 Memento
1235 438 1353 504 mei,
1382 437 1631 500 Domine,
1670 453 1784 490 cum
1805 436 1996 491 ueneris
2016 435 2070 489 in

490 548 698 603 regnum
739 541 897 584 tuum.
924 529 1041 585 Non
1069 544 1229 584 ausus
1260 528 1357 582 fuit
1386 528 1530 598 prius
1564 526 1772 591 dicere,
1818 524 2071 580 Memento

490 626 588 679 mei
618 666 632 688 ,
665 624 1009 695 quoadusque
1036 638 1129 692 per
1168 621 1561 677 confessionem
1596 633 1719 675 sese
1760 633 1789 671 a
1828 618 2071 672 sordibus

490 723 825 784 peccatorum
847 715 1153 783 expurgavit
1172 729 1187 777 ;
1206 711 1553 782 quoadusque
1572 710 1803 779 seipsum
1821 708 2073 764 eundem-

456 828 459 831 δ
492 806 873 874 nans,justum
916 815 970 859 et
1021 805 1357 858 innocentem
1383 803 1588 867 effecit;
1615 802 1958 872 quoadusque
1979 815 2073 870 per

492 898 886 952 accusationem
913 897 1113 951 scelera
1142 895 1410 964 deposuit.

562 987 820 1059 Confessio
848 996 1184 1058 peccatorum.
1201 1016 1272 1028 -—
1287 986 1450 1041 Vides
1470 994 1725 1055 quantum
1751 984 1921 1056 possit
1944 998 2074 1039 con-

490 1079 653 1134 fessio
682 1080 841 1134 etiam
873 1080 923 1132 in
948 1078 1061 1148 ipsa
1087 1076 1283 1132 cruce?
1309 1077 1433 1131 Hmc
1458 1076 1680 1131 audiens
1705 1114 1721 1142 ,
1750 1076 2023 1131 carissime
2051 1114 2067 1139 ,

490 1186 560 1227 ne
583 1171 835 1240 desperes
864 1172 1126 1241 teipsum:
1156 1169 1250 1225 sed
1287 1169 1545 1223 infinitam
1573 1168 1913 1239 benignitatis
1933 1168 2067 1222 divi-

490 1278 574 1316 nte
593 1262 1014 1331 magnitudinem
1040 1270 1211 1315 tecum
1229 1264 1498 1329 reputans,
1526 1274 1779 1330 properes
1795 1258 1862 1313 ad
1887 1274 2072 1313 emen-

490 1353 757 1408 dationem
802 1363 1162 1422 peccatorum.
1208 1351 1265 1406 Si
1311 1351 1455 1406 enim
1506 1351 1768 1404 latronem
1818 1349 1871 1403 in
1912 1364 2071 1404 cruce

492 1452 638 1497 tanto
667 1446 867 1497 honore
883 1442 1128 1511 dignatus
1154 1449 1257 1507 est,
1286 1441 1452 1495 multo
1477 1440 1644 1510 magis
1671 1456 1770 1495 nos
1796 1440 1952 1493 insita
1975 1453 2068 1493 sua

489 1534 817 1604 benignitate
858 1534 1163 1604 dignabitur
1194 1570 1210 1599 ,
1260 1533 1305 1588 si
1355 1533 1678 1588 voluerimus
1732 1540 2069 1602 peccatorum

489 1626 878 1680 confessionem
910 1625 1205 1680 instituere.
1238 1624 1309 1680 Ut
1354 1624 1513 1695 igitur
1538 1634 1593 1679 et
1617 1638 1714 1678 nos
1744 1623 2071 1692 benignitate

490 1717 631 1771 illius
662 1717 994 1786 perfruamur
1015 1750 1031 1782 ,
1066 1724 1278 1786 peccata
1301 1718 1513 1785 propria
1549 1715 1791 1769 confiteri
1836 1730 1904 1769 ne
1943 1730 2070 1768 eru-

491 1808 804 1863 bescamus:
836 1823 1023 1877 magna
1052 1810 1193 1861 enim
1221 1807 1573 1862 conlitssionis
1598 1806 1679 1860 vis
1704 1814 1805 1870 est,
1827 1812 1883 1859 et
1905 1804 2067 1859 multa

489 1900 605 1967 ejus
640 1900 893 1969 potentia.
924 1900 1060 1953 Ecce
1089 1899 1299 1952 enimet
1325 1898 1424 1952 iste
1449 1897 1725 1952 confessus
1752 1906 1834 1951 est
1853 1938 1867 1961 ,
1901 1906 1954 1951 et
1977 1910 2068 1965 pa-

490 1990 724 2044 radisum
754 1990 953 2060 reperit
977 1999 1220 2058 apertum
1246 2008 1260 2043 :
1290 1989 1564 2043 confessus
1591 1998 1671 2043 est
1698 2027 1714 2054 ,
1744 1988 2069 2042 libertatem-

488 2093 593 2150 que
636 2081 884 2151 loquendi
923 2095 987 2135 ac
1026 2097 1245 2151 regnum
1279 2081 1494 2150 petendi
1521 2080 1745 2149 adeptus
1776 2090 1856 2133 est
1894 2080 1940 2133 is
1978 2079 2068 2149 qui

490 2172 627 2226 latro
658 2173 846 2227 fuerat.
887 2174 969 2227 Ad
1016 2174 1067 2226 id
1109 2174 1250 2227 eiiim
1293 2188 1460 2243 usque
1500 2180 1710 2241 tempus
1737 2184 1846 2226 non
1887 2172 2071 2241 petivit

489 2279 709 2333 regnum
735 2265 1007 2319 caelorum.
1037 2264 1189 2319 Unde
1218 2302 1235 2331 ,
1262 2265 1349 2319 dic
1369 2264 1518 2329 mihi,
1542 2280 1574 2318 o
1600 2265 1735 2318 latro
1765 2305 1781 2331 ,
1814 2263 1962 2333 regni
1988 2278 2070 2319 re-

488 2354 737 2408 cordatus
758 2371 815 2409 es
837 2355 859 2407 l
888 2354 1015 2424 quid
1030 2355 1143 2424 ejus
1167 2355 1340 2410 simile
1355 2370 1496 2409 nunc
1512 2355 1725 2409 vidisti?
1752 2355 1881 2422 Qua:
1897 2354 2065 2422 vides,

487 2447 621 2500 clavi
664 2456 786 2501 sunt
828 2456 881 2501 et
915 2464 1045 2502 crux
1094 2456 1148 2502 et
1193 2447 1559 2502 accusationes
1603 2456 1659 2501 et
1699 2457 1989 2501 scommata
2014 2454 2070 2501 et

486 2538 745 2592 coavicia.
782 2538 975 2608 Utique
1001 2578 1017 2604 ,
1051 2539 1250 2608 inquit:
1284 2554 1404 2593 nam
1446 2539 1558 2608 ipsa
1594 2553 1723 2593 crux
1759 2537 1911 2608 regni
1940 2536 2069 2593 mihi

487 2630 696 2685 videtur
715 2630 1163 2701 symbolumesse.
1190 2632 1476 2699 Propterea
1502 2632 1670 2700 ipsum
1687 2631 1885 2700 Regem
1911 2645 2066 2697 voco,

486 2721 608 2788 quia
659 2720 826 2787 ipsum
858 2719 1012 2773 video
1037 2720 1346 2774 crucifixum
1377 2737 1391 2774 :
1420 2722 1559 2790 regis
1604 2720 1745 2774 enim
1791 2728 1872 2775 est
1903 2759 1921 2786 ,
1970 2734 2068 2790 pro

486 2809 710 2863 subditis
761 2810 913 2864 mori.
970 2810 1197 2879 lpsemet
1225 2810 1386 2865 dixit:
1418 2810 1591 2863 Bonus
1634 2821 1808 2879 pastor
1846 2812 2068 2863 animum

483 2915 627 2951 suam
655 2902 795 2967 ponit
822 2916 912 2969 pro
938 2900 1109 2953 ovibus
1142 2898 1326 2971 (Joan.
1354 2898 1440 2955 10.
1470 2900 1530 2954 ll
1556 2900 1595 2969 ).
1626 2898 1787 2969 Igitur
1813 2909 1867 2955 et
1896 2899 2067 2956 bonus

485 3006 581 3045 rex
609 2995 839 3045 animam
866 3008 1014 3046 suam
1043 2992 1191 3062 ponit
1216 3008 1311 3061 pro
1340 2993 1583 3047 subditis.
1620 2990 1752 3047 Cum
1791 3007 1920 3061 ergo
1946 2992 2066 3047 anl-

485 3096 626 3135 mam
684 3096 831 3134 suam
886 3083 1160 3149 posuerit,
1210 3094 1491 3153 eaprOpter
1558 3082 1757 3153 Regem
1827 3082 2065 3137 nomino.

487 3169 739 3224 Memento
762 3171 876 3235 mei,
896 3169 1131 3237 Domine,
1164 3188 1278 3225 cum
1304 3174 1496 3227 veneris
1520 3174 1573 3226 in
1601 3190 1807 3243 regnum
1832 3181 1992 3229 tuum.

555 3261 609 3314 4.
643 3261 730 3314 Vis
744 3261 951 3317 discere
970 3263 1238 3332 quomodo
1262 3279 1391 3317 crux
1419 3264 1489 3317 sit
1513 3264 1660 3332 regni
1692 3273 1816 3317 nota
1837 3272 1891 3317 et
1918 3279 2066 3335 sym-

482 3355 661 3409 bolum
687 3364 738 3410 et
763 3372 921 3425 quam
946 3356 1138 3428 inclyta
1166 3372 1251 3411 res
1275 3357 1385 3411 sit?
1413 3356 1529 3411 Non
1561 3357 1776 3425 reliquit
1801 3356 1968 3425 ipsam
2000 3357 2053 3411 in

485 3454 647 3509 terra,
672 3446 765 3500 sed
782 3446 931 3500 duxit
949 3461 1065 3499 eam
1092 3447 1143 3500 in
1164 3446 1371 3500 celum.
1393 3441 1544 3501 Unde
1570 3444 1671 3499 hoc
1692 3446 1853 3515 liquet
1877 3446 1900 3499 ?
1926 3445 2066 3501 Cum

482 3534 600 3604 ipso
626 3544 842 3589 ventura
872 3543 957 3589 est
977 3535 1028 3590 in
1060 3535 1296 3589 secundo
1322 3535 1440 3604 ejus
1468 3543 1521 3591 et
1546 3535 1780 3604 glorioso
1808 3534 2061 3591 adventu.

483 3624 592 3680 Sed
634 3624 909 3680 videamus
947 3624 1159 3694 quando
1187 3640 1309 3679 cum
1350 3624 1468 3694 ipso
1524 3624 1594 3679 sit
1640 3635 1883 3679 ventura.
1924 3624 2064 3680 Audi

482 3714 656 3783 ipsum
682 3713 949 3769 Christum
980 3713 1249 3769 dicentem
1277 3730 1292 3768 :
1318 3712 1379 3768 Si
1404 3713 1620 3767 dixerint
1642 3713 1801 3780 vobis,
1847 3712 1982 3767 Ecce
2013 3714 2066 3767 in

483 3804 819 3876 penetralibus
845 3814 918 3858 est
944 3804 1192 3870 Christus,
1223 3821 1337 3858 ecce
1363 3804 1418 3858 in
1454 3803 1727 3858 solitudine
1746 3837 1764 3869 ,~
1793 3819 1857 3858 ne
1878 3804 2068 3859 exectis

484 3906 502 3965 ς
532 3895 717 3950 Matth.
748 3896 836 3952 24.
862 3897 932 3952 26
958 3896 1000 3966 ).
1035 3898 1110 3952 De
1135 3896 1370 3952 secundo
1394 3911 1490 3951 suo
1513 3895 1742 3950 adventu
1769 3896 1883 3952 haec
1906 3895 2064 3965 dicit,

482 3996 701 4057 propter
727 3986 889 4040 falsos
911 3982 1176 4052 Christos,
1199 3996 1254 4041 et
1276 3996 1491 4056 prapter
1520 3984 2012 4055 pseudoprophetas
2044 4027 2061 4053 ,

482 4087 539 4135 et
565 4088 784 4149 propter
820 4078 1205 4133 Antichristum
1224 4117 1240 4144 ,
1264 4093 1333 4132 ne
1359 4076 1478 4147 quis
1506 4077 1898 4133 circumventus
1923 4079 1974 4132 in
1997 4076 2064 4131 ila

483 4169 594 4224 lum
642 4170 857 4224 incidat.
897 4169 1030 4224 Cum
1059 4169 1202 4225 enim
1244 4166 1601 4223 Antichristus
1630 4178 1754 4225 ante
1795 4166 2065 4223 Christum

481 4272 734 4317 venturus
763 4263 850 4327 sit,
873 4262 969 4327 Ne,
994 4261 1194 4331 inquit,
1226 4270 1491 4329 pastorem
1521 4270 1821 4329 quaerentes
1861 4259 2063 4313 incida-

484 4355 555 4407 tis
580 4354 635 4408 in
661 4355 837 4422 lupum
859 4392 876 4418 ,
908 4353 977 4405 ob
1002 4351 1057 4405 id
1092 4351 1275 4406 indico
1313 4350 1466 4404 vobis
1493 4360 1699 4404 certum
1729 4348 1980 4403 indicium
2009 4357 2065 4403 et

482 4450 851 4514 argumentum
891 4440 1122 4510 pastoris
1173 4439 1451 4510 praesentis
1492 4456 1507 4493 :
1539 4438 1694 4510 cujus
1735 4440 1938 4509 primus
1963 4438 2062 4492 ad-

482 4544 674 4589 ventus
713 4532 836 4586 licet
869 4531 1108 4585 occultus
1136 4530 1323 4595 fuerit;
1356 4546 1423 4586 ne
1448 4538 1633 4585 tamen
1649 4530 1964 4585 existimetis
1991 4536 2063 4583 tsi

484 4627 588 4682 lem
631 4624 789 4680 etiam
820 4622 932 4678 fore
960 4621 1273 4677 secundant.
1303 4621 1434 4677 Nam
1471 4622 1559 4676 ille
1592 4622 1805 4676 merito.
1825 4622 2066 4677 occultus

483 4717 582 4773 fuit
603 4735 616 4772 :
649 4714 795 4771 venit
818 4716 961 4770 enim
984 4728 1227 4784 qumrere
1246 4713 1384 4784 quod
1402 4714 1665 4782 perierat;
1697 4714 1797 4767 iste
1814 4727 1941 4768 vero
1955 4727 2063 4768 non

483 4811 553 4866 ita
583 4810 716 4876 erit,
741 4818 797 4863 at
820 4805 1127 4879 quomodo?
1157 4806 1245 4861 dic
1268 4814 1322 4861 et
1350 4805 1498 4861 doce.
1531 4805 1697 4872 Sicut,
1729 4804 1930 4875 inquit,
1959 4806 2062 4860 exit

484 4904 659 4974 fulgur
682 4901 743 4955 ab
772 4901 975 4956 Oriente
1009 4910 1057 4953 et
1084 4909 1294 4970 apparet
1331 4914 1485 4968 usque
1512 4900 1564 4951 in
1595 4898 1947 4952 Occidentem:
1990 4899 2063 4952 ita

483 4997 574 5051 erit
616 5005 664 5050 et
704 4994 943 5048 adventus
967 4990 1093 5046 Filii
1111 4992 1327 5046 hominis
1360 4990 1519 5063 (Ibid.
1561 5008 1607 5046 υ.
1639 4991 1754 5062 27).
1799 4991 2063 5061 Derepen-

486 5099 537 5143 te
563 5088 808 5143 omnibus
837 5086 1114 5156 apparebit
1138 5103 1151 5139 :
1181 5099 1287 5140 non
1304 5099 1524 5140 necesse
1547 5085 1670 5151 erit,
1701 5094 1758 5139 ut
1783 5086 2059 5156 quisquam

487 5180 795 5248 interroget.
831 5175 1289 5246 Quemadmodum
1334 5175 1476 5231 enim
1522 5174 1661 5231 facto
1706 5175 1912 5246 fulgure
1954 5192 2059 5231 non

486 5282 620 5336 cpus
640 5268 894 5323 habemus
924 5267 1215 5338 inquirere,
1244 5282 1368 5320 num
1389 5266 1563 5337 fulgur
1591 5268 1889 5322 exstiterit:
1919 5267 1987 5321 ita
2009 5268 2061 5321 in

487 5358 720 5412 secundo
746 5358 838 5411 illo
854 5357 1083 5413 adventu
1112 5371 1330 5412 necesse
1356 5372 1462 5410 non
1497 5357 1600 5411 erit
1626 5372 1867 5426 quaerere
1887 5397 1904 5421 ,
1934 5373 2060 5412 num

485 5449 731 5505 Christus
759 5451 984 5504 venerit.
1012 5450 1081 5504 At
1108 5466 1235 5505 vero
1280 5449 1504 5504 necdum
1536 5449 1589 5503 id
1614 5449 1754 5520 quod
1782 5450 2062 5520 qua-reba-

486 5552 573 5599 tur
595 5582 613 5610 ,
642 5541 906 5610 diximus,
928 5558 1053 5597 num
1083 5543 1329 5598 videlicet
1360 5557 1478 5598 cum
1510 5557 1668 5597 cruce
1686 5547 1758 5597 sit
1786 5552 2056 5598 venturus.

490 5635 627 5695 Audi
680 5636 837 5709 igitur
865 5675 881 5702 ,
934 5633 1200 5706 quomodo
1246 5642 1302 5690 et
1348 5633 1450 5690 hoc
1488 5635 1766 5691 manifeste
1810 5635 2055 5706 explicet.

1212 241 1270 298 8.
1308 234 1586 297 JOANNIS
1619 224 2094 290 CHRYSOSTOMI
2131 226 2453 285 ARCHIEP.
2492 228 3033 287 CONSTANTINOP.

3650 235 3753 297 ιιι

2182 340 2345 407 Tunc,
2376 341 2566 412 inquit,
2600 342 2700 398 hoc
2720 352 2836 409 est,
2862 354 2984 401 cum
3010 356 3238 415 venero,
3260 348 3341 403 sol
3365 348 3718 409 obscurabitur
3738 391 3759 418 ,

2177 435 2359 488 etlut‘ta
2384 450 2485 488 non
2508 433 2646 487 dabit
2672 436 2839 489 lumen
2866 451 3012 490 suum
3061 437 3081 509 (
3105 436 3293 492 Matth.
3319 438 3411 495 24.
3440 440 3556 513 29).
3586 442 3758 499 Tanta

2175 524 2316 579 enim
2345 533 2469 579 tunc
2492 525 2594 579 erit
2620 525 2752 579 lucis
2765 527 2917 596 copia
2938 571 2955 593 ,
2984 536 3043 582 ut
3071 530 3232 585 etiam
3259 530 3588 588 lucidissima
3616 536 3763 592 side-

2172 628 2231 667 ra
2256 614 2364 668 sint
2381 614 2755 670 abscondenda
2779 635 2792 671 :
2827 616 2965 671 Nam
2994 628 3039 673 et
3063 621 3223 674 stetlte
3249 655 3265 688 ς
3291 623 3500 693 inquit,
3532 627 3719 680 cadent
3744 668 3763 696 ,

2173 713 2223 759 et
2248 704 2321 758 sic
2360 706 2559 775 signum
2612 705 2735 760 Filii
2774 708 2991 763 hominis
3037 713 3299 780 apparebit
3334 715 3387 767 in
3425 717 3569 770 creto.
3602 717 3764 775 Vides

2174 805 2371 865 quanta
2390 797 2461 851 sit
2483 798 2795 854 excellentia
2831 799 2989 869 hujus
3028 802 3195 871 signi,
3242 815 3436 872 quanta
3488 806 3710 863 claritas
3736 850 3755 876 ,

2173 896 2402 955 quantus
2428 887 2640 957 fulgor?
2667 888 2757 944 Sol
2786 890 3165 946 obtenebratnr
3184 933 3200 959 ,
3227 903 3281 948 et
3302 895 3423 949 luna
3454 912 3560 952 non
3579 900 3765 968 splen~

2174 973 2290 1039 det,
2315 983 2457 1029 astra
2481 976 2712 1032 cadunt:
2738 978 2866 1034 illud
2898 994 3024 1035 vero
3042 981 3211 1035 solum
3237 993 3478 1053 apparet,
3505 996 3563 1040 ut
3592 987 3759 1043 intel-

2108 1076 2111 1079 '
2174 1064 2304 1135 ligas
2329 1065 2457 1120 illud
2482 1076 2536 1121 et
2556 1068 2681 1123 luna
2704 1069 3054 1137 splendidius,
3095 1081 3148 1125 et
3163 1072 3277 1126 sole
3303 1075 3585 1145 fulgentius
3616 1092 3759 1137 esse.

2172 1158 2629 1225 Quemadmodum
2670 1163 2815 1218 enim
2878 1178 3004 1233 rege
3079 1163 3407 1235 ingrediente
3434 1208 3450 1235 ,
3492 1174 3762 1228 exercitus

2173 1262 2471 1320 praeeuntes
2500 1253 2649 1323 signa
2691 1253 2926 1309 humeris
2947 1254 3123 1310 ferunt
3144 1296 3158 1321 ,
3186 1259 3430 1328 regisque
3453 1261 3761 1331 ingressum

2172 1341 2519 1395 annuntiant:
2554 1343 2633 1398 sic
2669 1348 2724 1397 et
2767 1343 2997 1398 Domino
3022 1345 3197 1399 omnis
3225 1358 3483 1404 creatura:
3511 1352 3579 1405 de
3612 1355 3763 1410 catis

2172 1433 2530 1492 descendente
2564 1478 2578 1502 ,
2604 1441 2869 1494 exercitus
2893 1442 3205 1510 angelorum
3234 1454 3287 1498 et
3315 1445 3762 1515 archangelon

2173 1525 2380 1594 signum
2406 1526 2534 1580 illud
2561 1526 2778 1594 ferunt,
2833 1539 2887 1584 et
2913 1532 3119 1600 regium
3146 1533 3442 1603 ingressum
3464 1535 3622 1590 nobis
3656 1552 3759 1592 an-

2172 1617 2433 1671 nuutiant.
2459 1617 2622 1683 Tunc,
2655 1620 2846 1690 inquit,
2876 1631 2922 1676 et
2960 1621 3179 1678 Virtutes
3206 1628 3445 1681 calorum
3477 1645 3762 1683 commoue-

2172 1704 2357 1759 buntur
2387 1705 2572 1778 (lbid.)
2598 1750 2613 1774 ,
2646 1711 2865 1779 angelos
2888 1721 2944 1767 et
2971 1715 3323 1784 archangelos
3352 1727 3407 1770 et
3428 1733 3618 1772 omnes
3636 1720 3757 1774 illas

2173 1795 2578 1864 inaspectabiles
2623 1799 2921 1857 Potestates
2969 1803 3322 1874 intelligens:
3363 1815 3563 1862 tremor
3611 1811 3757 1863 enim

2175 1885 2294 1939 illos
2316 1888 2686 1956 apprehendet
2723 1892 3028 1963 multusque
3056 1894 3220 1949 timor
3248 1904 3305 1950 et
3330 1894 3537 1951 horror.
3570 1898 3641 1952 At
3666 1914 3759 1954 cu.

2166 1975 2255 2045 jus
2282 1979 2473 2047 gratia,
2504 1979 2608 2046 dic,
2641 1997 2842 2051 quaeso,
2878 1984 3117 2041 Virtutes
3134 1987 3295 2041 etiam
3320 1988 3422 2042 illm
3448 1991 3757 2058 percellun-

2174 2069 2296 2122 tur?
2316 2069 2525 2124 Merito.
2550 2071 2809 2128 Terribile
2835 2075 2939 2130 erit
2983 2077 3111 2131 illud
3138 2078 3390 2143 tribunal,
3410 2078 3477 2134 de
3503 2082 3751 2135 universa

2171 2158 2445 2215 hominum
2471 2170 2654 2217 natura
2683 2173 2807 2219 tunc
2822 2166 3166 2235 judicabitur,
3182 2179 3235 2224 et
3257 2171 3511 2224 rationem
3532 2172 3618 2226 illa
3633 2172 3752 2227 red-

2170 2249 2281 2317 det,
2313 2260 2367 2306 et
2405 2254 2627 2309 terribili
2670 2256 2919 2312 tribunali
2949 2259 3193 2315 adsistet.
3222 2258 3331 2316 Cur
3366 2272 3543 2318 autem
3570 2265 3751 2334 angeli

2172 2350 2297 2398 tunc
2323 2352 2578 2411 tremunt,
2603 2356 2657 2402 et
2682 2349 3015 2419 incorporea:
3040 2352 3144 2406 illae
3169 2351 3404 2409 Virtutes
3435 2354 3751 2410 formidant?

2171 2450 2348 2505 neque
2376 2438 2518 2492 enim
2549 2438 2617 2494 de
2645 2440 2749 2495 illis
2772 2441 3114 2511 judicabitur.
3134 2444 3755 2517 Quemadmodumjudi-

2171 2541 2234 2584 ce
2262 2536 2519 2586 nocentes
2538 2533 2927 2590 condemnante
2949 2577 2963 2603 ,
3005 2545 3060 2591 et
3094 2538 3147 2591 in
3168 2538 3303 2592 solio
3328 2541 3541 2594 excelso
3567 2542 3756 2597 consi-

2170 2621 2352 2690 dente,
2378 2639 2481 2678 nou
2513 2625 2684 2679 solum
2712 2637 2922 2693 sontes,
2947 2628 3041 2683 sed
3061 2640 3114 2684 et
3137 2629 3224 2699 qui
3248 2646 3315 2685 ex
3342 2631 3531 2686 eodem
3560 2634 3756 2686 ordine

2170 2715 2519 2770 circumstant
2540 2757 2555 2781 ,
2577 2730 2677 2771 nec
2697 2719 3008 2787 cujusquam
3037 2720 3157 2773 mali
3201 2720 3305 2775 sibi
3356 2723 3557 2776 conscii
3584 2733 3753 2789 sunt,

2169 2806 2516 2862 nihilominus
2540 2808 2729 2863 timent
2756 2816 2811 2863 et
2855 2809 3170 2864 horrescunt
3206 2809 3487 2865 formidine
3509 2811 3745 2878 judicis:

2170 2895 2241 2950 ita
2270 2904 2323 2950 et
2336 2903 2479 2961 tunc,
2510 2909 2632 2952 cum
2662 2898 2731 2953 de
2760 2908 2949 2953 natura
2968 2898 3312 2968 judicabitur,
3337 2911 3391 2953 et
3416 2901 3652 2955 rationes
3680 2902 3753 2954 oh

2164 2990 2453 3046 commissa
2480 2990 2685 3059 piacula
2713 3000 3062 3062 reposcentur
3089 3031 3104 3057 ,
3158 2992 3316 3047 etiam
3341 2991 3412 3046 illi
3444 3033 3459 3057 ,
3490 2994 3580 3063 qui
3618 2993 3754 3048 nihil

2169 3082 2271 3137 sibi
2300 3083 2578 3137 consciunt
2601 3083 2771 3154 angeli
2797 3126 2811 3149 ,
2842 3093 2899 3139 et
2927 3085 3143 3156 reliqua:
3178 3085 3405 3140 Virtutes
3430 3096 3679 3140 metuunt
3694 3094 3756 3141 et

2169 3178 2404 3227 tremunt
2436 3182 2655 3243 propter
2690 3174 2863 3230 minas
2899 3174 3120 3236 Judicis.
3162 3177 3226 3230 Et
3268 3176 3368 3230 hoc
3392 3178 3608 3246 quidem
3635 3177 3748 3245 jam

2169 3261 2562 3317 intelleximus:
2607 3264 2759 3332 cujus
2781 3280 2907 3318 vero
2933 3265 3099 3334 gratia
3129 3265 3237 3335 (a),
3265 3274 3321 3321 et
3339 3281 3506 3335 quare
3532 3281 3751 3320 crucem

2169 3352 2372 3408 habens
2402 3363 2658 3409 venturus
2682 3356 2803 3410 est?
2843 3356 3000 3410 Disce
3024 3363 3080 3410 et
3114 3355 3273 3424 hujus
3305 3357 3381 3410 rei
3414 3370 3652 3410 causam.
3686 3354 3757 3410 Ut

2168 3445 2312 3500 enim
2334 3460 2400 3500 ex
2430 3446 2559 3515 ipsis
2587 3446 2842 3515 operibus
2872 3447 2948 3501 illi
2970 3487 2986 3511 ,
3032 3448 3122 3517 qui
3167 3463 3291 3504 eum
3321 3449 3706 3503 crucifixerunt
3737 3486 3756 3513 ,

2176 3537 2451 3605 pr0priam
2470 3537 2829 3608 insipientiam
2855 3549 3210 3607 cognoscant,-
3236 3538 3405 3607 ipsam
3435 3539 3542 3593 illis
3566 3549 3756 3592 osten-

2169 3626 2247 3681 dit
2265 3642 2499 3694 crucem,
2531 3644 2632 3697 qua
2663 3642 2847 3682 eorum
2870 3629 3228 3698 redarguetur
3252 3630 3480 3683 insania.-
3509 3628 3577 3682 Et
3599 3638 3651 3681 ut
3674 3629 3754 3681 in.

2169 3720 2379 3789 telligas
2410 3760 2424 3783 ,
2460 3736 2581 3773 eum
2609 3727 2895 3791 propterea
2919 3732 3133 3776 crucem
3181 3720 3324 3776 ferre
3347 3761 3364 3786 ,
3397 3730 3454 3775 ut
3480 3721 3600 3774 illos
3626 3735 3757 3774 con-

2169 3808 2358 3865 fundat
2404 3818 2460 3865 et
2499 3810 2774 3879 increpet;
2821 3812 2947 3866 audi
2999 3813 3381 3882 evangelistam
3437 3811 3752 3867 dicentem:

2168 3896 2313 3954 Tunc
2340 3900 2601 3970 apparebit
2637 3903 2834 3971 signum
2865 3901 2991 3957 Filii
3021 3904 3269 3967 hominis,
3302 3913 3348 3956 et
3376 3902 3609 3973 plangent
3640 3919 3754 3955 ont-

2167 4006 2256 4043 nes
2290 3990 2447 4043 tribus
2485 3998 2631 4043 terra:
2672 3989 2830 4062 (Ibid.
2870 4006 2920 4047 υ.
2950 3991 3064 4062 50),
3098 3991 3338 4048 videntes
3364 4002 3755 4055 accusatorem,

2169 4088 2225 4135 et
2250 4089 2601 4151 agnoscentes
2647 4088 2922 4151 peccatum
2971 4096 3148 4136 suum.
3200 4083 3268 4137 Et
3314 4082 3437 4152 quid
3486 4082 3753 4145 miraris,

2167 4169 2307 4240 quod
2352 4184 2566 4225 crucem
2598 4169 2775 4225 ferens
2806 4170 3019 4225 veniat?
3062 4171 3178 4241 ipsa
3206 4171 3414 4226 vulnera
3438 4185 3625 4225 secum
3662 4169 3759 4224 fc-

2167 4278 2292 4317 rens
2312 4264 2508 4317 veniet.
2547 4263 2614 4317 Et
2641 4262 2906 4317 undenam
2937 4263 3105 4334 liquet
3131 4279 3253 4319 eum
3293 4280 3383 4319 sua
3404 4263 3629 4317 vulnera
3660 4277 3760 4317 ξοδ

2167 4364 2288 4409 cum
2326 4351 2589 4409 ferentem
2632 4362 2912 4408 venturum
2963 4366 3081 4408 esse
3113 4353 3279 4408 lAudi
3325 4354 3634 4423 prophetam
3673 4352 3757 4404 di-

2165 4453 2411 4501 contem:
2447 4444 2691 4499 Videbunt
2718 4445 2768 4498 in
2798 4461 2945 4515 quem
2963 4445 3283 4514 conti-terunt
3304 4443 3485 4515 (lactt.
3516 4443 3605 4497 l2.
3641 4441 3755 4511 10).

2163 4537 2312 4594 Sicut
2338 4538 2479 4593 enim
2507 4552 2629 4592 cum
2653 4536 2856 4592 Thoma
2892 4537 3000 4608 egit
3027 4578 3044 4605 ,
3086 4537 3271 4591 volens
3320 4535 3753 4591 incredulitatem

2166 4628 2413 4699 discipuli
2436 4627 2742 4694 emendare,
2776 4627 3121 4697 ostenditque
3148 4628 3196 4683 ei
3224 4628 3447 4681 ﬁxuram
3476 4626 3755 4681 clavorum

2167 4730 2221 4776 et
2241 4720 2384 4790 ipsas
2420 4719 2699 4775 cicatrices
2718 4760 2733 4785 ,
2780 4727 2834 4775 et
2858 4719 2932 4773 ait
2964 4735 2979 4773 :
3011 4718 3157 4773 Mitte
3177 4719 3389 4789 digitum
3418 4728 3560 4772 tuum
3604 4722 3703 4770 huc
3733 4756 3754 4783 ,

2166 4818 2214 4863 et
2232 4811 2364 4879 infer
2393 4826 2596 4863 manum
2623 4820 2761 4862 tuam
2787 4808 2966 4880 (Joan.
2993 4807 3083 4864 20.
3107 4807 3286 4881 27),ει
3321 4809 3433 4861 vide
3451 4850 3465 4873 ,
3494 4810 3613 4879 quia
3642 4810 3755 4879 spi—

2165 4901 2289 4955 ritus
2314 4916 2514 4954 carnem
2542 4908 2588 4953 et
2608 4916 2722 4954 ossa
2765 4916 2865 4953 non
2891 4899 3035 4953 habet
3064 4898 3231 4968 (Luc.
3275 4897 3368 4953 2.5.
3400 4900 3468 4954 59
3493 4900 3517 4970 )η
3546 4940 3559 4962 ,
3594 4910 3653 4953 ιιι
3681 4900 3757 4953 illi

2165 4998 2513 5056 monstraret,
2537 5005 2595 5046 se
2611 5005 2735 5045 vere
2761 4990 3151 5045 resurrexissc:
3180 4992 3258 5046 sic
3282 5002 3336 5044 ct
3356 5000 3478 5044 tunc
3508 4992 3609 5044 fert
3639 4993 3763 5044 vul-

2167 5098 2296 5138 nera
2317 5092 2371 5138 et
2397 5097 2634 5148 crucem,
2665 5092 2722 5136 ut
2746 5082 2826 5137 eis
2853 5082 3103 5137 ostendat
3121 5096 3181 5137 se
3198 5082 3351 5137 illum
3395 5096 3518 5138 esse
3542 5114 3561 5149 ,
3589 5096 3755 5152 quem

2167 5172 2561 5227 crucifixerunt.
2603 5172 2846 5242 Magnum
2880 5186 3011 5241 ergo
3058 5171 3257 5226 bonum
3305 5181 3358 5226 et
3401 5173 3675 5238 salutare,
3703 5180 3757 5228 et

2167 5263 2385 5320 evidens
2413 5272 2783 5333 argumentum
2812 5262 3006 5317 divina:
3036 5262 3446 5318 benevolentiae.

2236 5355 2290 5409 5.
2318 5355 2453 5421 Quin
2481 5356 2587 5409 imo
2612 5370 2717 5409 non
2747 5354 2917 5407 solum
2942 5368 3106 5419 crux,
3149 5353 3243 5408 sed
3280 5363 3334 5407 et
3363 5354 3476 5423 ipsa
3508 5353 3561 5407 in
3594 5367 3753 5407 crure

2167 5447 2368 5517 prolata
2391 5448 2548 5503 verba
2580 5444 2985 5501 inenarrabilem
3015 5445 3130 5516 ejus
3158 5445 3543 5500 humanitatem
3572 5445 3753 5499 declaa

2231 5578 2304 5640 (a)
2336 5585 2467 5627 Hunc
2487 5576 2646 5627 locum
2686 5578 2814 5626 inter
2850 5574 2942 5626 alia
2982 5575 3138 5627 refert
3158 5584 3203 5626 S.
3230 5583 3324 5640 Leo
3346 5585 3467 5639 Papa
3490 5576 3755 5627 adt-alcon!

2165 5640 2385 5706 Epistulae
2409 5639 2515 5703 ιδι,
2535 5643 2621 5694 ubi
2640 5640 2795 5704 magis
2826 5648 3027 5689 sensum
3045 5650 3190 5703 quam
3204 5639 3355 5691 verba
3378 5642 3629 5703 ennium.
