4062 6206
374 296 484 354 H5

370 418 502 490 010!
529 414 897 483 προσαγαγεῖν
927 411 1220 485 ὲθάρῤησε,
1242 413 1446 483 λέγων·
1479 413 1796 482 Μνήσθητί
1809 429 1951 482 μου,

375 496 577 564 Κύριε,
608 494 755 548 ὅταν
778 495 965 561 ἔλθῃς
991 495 1060 548 ἐν
1087 494 1161 564 τῇ
1180 496 1470 564 ,Βασιλείᾳ
1498 510 1636 550 σου.
1665 496 1779 548 Ούκ
1808 493 1955 547 ἐτόλ-

379 595 518 650 μησε
549 578 813 648 πρότερον
840 578 1034 642 είπετν,
1073 577 1390 645 Μνήσθητί
1419 595 1568 647 μου,
1596 577 1702 641 ἓως
1739 579 1828 632 ὅτε
1866 577 1953 630 διά

373 663 472 734 τῆς
501 660 944 731 ὲξομολογήσεως
991 660 1263 732 ἐκάθηρεν
1312 661 1501 714 ἑαυτὸν
1524 663 1616 714 τοῦ
1643 660 1812 733 ῥύπου
1843 660 1953 715 τῶν

275 744 282 749 ’
376 743 808 816 ἁμαρτημάτων,
842 743 946 807 ἕως
977 743 1066 796 δτε
1105 743 1474 807 καταδικάσας
1504 744 1696 798 ἑαυτὸν
1722 743 1954 798 ἀνεύθυ-

374 843 464 879 νον
492 826 808 897 εἰργάσατο,
843 825 948 889 ἕως
984 826 1073 879 ὅτε
1099 825 1187 878 διὰ
1216 827 1314 897 τῆς
1347 826 1679 898 κατηγορίας
1721 827 1952 881 ἀπέθετο

372 913 446 963 τά
467 908 935 979 πλημμελήματα.

456 991 619 1062 Ὁρᾷς
652 991 816 1043 πόσον
852 991 1025 1060 ίσχύει
1072 989 1455 1062 ἐξομολόγησις
1483 991 1578 1044 καὶ
1603 993 1662 1044 έν
1700 990 1850 1062 αὐτῷ
1873 991 1952 1062 τῷ

375 1072 629 1144 σταυρῷ;
667 1073 852 1126 Ταῦτα
886 1072 1120 1133 ἀκούων,
1149 1072 1400 1142 ἀγαπητὲ
1429 1115 1444 1139 ,
1489 1073 1756 1144 μηδέποτε
1814 1076 1947 1128 ἀπο-

375 1155 516 1227 γνῴς
539 1155 737 1209 σαυτοῦ
753 1199 768 1222 ,
802 1156 914 1209 ἀλλ’
936 1156 1133 1209 ἐννοῶν
1159 1157 1218 1208 τὸ
1243 1156 1445 1224 ἄφατον
1475 1156 1701 1227 μέγεθος
1735 1159 1831 1229 τῆς
1853 1154 1949 1210 τοῦ

373 1239 510 1293 Θεοῦ
543 1239 974 1310 φιλανθρωπίας,
1001 1240 1220 1308 ἐπείγου
1253 1240 1391 1310 πρὸς
1424 1240 1522 1310 τήν
1558 1239 1667 1292 τῶν
1696 1241 1952 1312 ἡμαρτη-

377 1323 553 1393 μένων
579 1321 879 1391 διόρθωσιν.
918 1320 979 1374 Et
1001 1323 1109 1393 γάρ
1145 1324 1200 1374 ὲν
1225 1322 1442 1394 σταυρῷ
1472 1322 1598 1376 ὄντα
1631 1322 1720 1376 τὸν
1750 1323 1950 1394 λῃστὴν

374 1402 640 1475 τοσαύτης
660 1403 855 1473 ἠξίωσε
884 1404 983 1474 τῆς
1013 1403 1340 1475 φιλοτιμίας,
1375 1405 1553 1474 πολλῷ
1575 1405 1774 1474 μᾶλλον
1803 1407 1949 1476 ἡμᾶς

373 1488 472 1556 τῆς
495 1487 702 1550 οἰκείας
731 1485 950 1551 ἀξιώσει
1002 1488 1428 1558 φιλανθρωπίας,
1481 1491 1528 1541 εί
1558 1488 1949 1559 βουληθείημεν

370 1569 479 1621 τῶν
498 1569 1042 1639 πεπλημμελημένων
1064 1569 1161 1639 τὴν
1187 1571 1571 1641 ἐξομολόγησιν
1598 1571 1944 1642 ποιήσασθαι.

375 1649 494 1705 Ἵνα
526 1651 704 1706 τοίνυν
735 1653 830 1704 x01
863 1655 1025 1722 ἡμεῖς
1055 1653 1155 1723 τῆς
1191 1654 1318 1724 παρ’
1351 1654 1514 1708 05105
1542 1654 1949 1726 φιλανθρωπίας

371 1733 789 1804 ἀπολαύσωμεν,
805 1734 1243 1805 ἐξομολογεῖσθαι
1260 1736 1328 1789 τὰ
1346 1736 1554 1789 ἑαυτῶν
1578 1737 1950 1807 ἁμαρτήματα

376 1817 450 1886 μὴ
477 1817 962 1888 έπαισχυνώμεθα·
992 1819 1202 1890 μεγάλη
1230 1819 1338 1888 γάρ
1370 1819 1470 1889 τῆς
1510 1819 1950 1888 ὲξομολογήσεως

372 1900 406 1967 ἡ
444 1899 617 1968 ίσχὺς,
650 1901 744 1953 καὶ
770 1901 938 1973 πολλὴ
973 1901 1177 1973 ταύτης
1201 1904 1234 1973 ή
1260 1902 1508 1973 δύναμις.
1552 1902 1681 1955 Ἰδοὺ
1721 1903 1831 1971 γὰρ
1856 1904 1951 1956 καὶ

372 1973 526 2042 οὗτος
545 1981 1014 2053 ἐξωμολογήσατο,
1035 1985 1128 2037 καὶ
1157 1985 1247 2038 τὸν
1273 1985 1597 2054 παράδεισον
1614 1979 1771 2054 εὗρεν
1791 1987 1952 2054 ἀνεῳ-

370 2065 602 2133 γμένον*
627 2065 1094 2136 ὲξωμολογήσατο,
1120 2067 1214 2120 καὶ
1238 2068 1549 2138 παρρησίαν
1580 2066 1790 2130 ἐλαϐεν,
1823 2068 1852 2119 ὁ
1892 2069 1950 2119 ὲν

371 2145 592 2218 λῃστείᾳ
623 2147 722 2207 ὢν,
759 2147 1035 2217 βασιλείαν
1067 2150 1308 2221 αἰτῆσαι.
1351 2151 1558 2221 Μέχρις
1599 2149 1810 2202 ἐκείνου
1854 2149 1949 2202 τοῦ

371 2228 560 2300 καιροῦ
595 2228 695 2300 τὴν
722 2229 1000 2299 βασιλείαν
1024 2233 1136 2285 τῶν
1153 2234 1397 2304 οὐρανῶν
1418 2235 1518 2287 ούκ
1540 2233 1730 2304 ᾔτησε.
1757 2233 1946 2296 Πόθεν,

369 2312 489 2365 εἰπέ
521 2329 633 2382 μοι,
661 2313 956 2382 βασιλείας,
979 2309 1024 2368 ὧ
1055 2316 1248 2389 λῃστά,
1277 2318 1582 2387 μέμνησαι;
1604 2319 1655 2370 τί
1683 2318 1791 2389 γάρ
1811 2314 1950 2382 εἶδες

369 2396 608 2450 τοιοῦτον
648 2398 780 2463 νῦν;
811 2392 969 2452 TH101
1021 2403 1116 2454 καὶ
1164 2403 1394 2472 σταυρὸς
1433 2403 1503 2456 τὰ
1551 2402 1822 2474 ὁρώμενα,
1859 2404 1949 2457 καὶ

369 2480 671 2552 κατηγορία
705 2483 799 2534 καὶ
830 2483 1140 2553 σκώμματα
1164 2486 1258 2538 καὶ
1285 2486 1563 2557 λοιδορίαι.
1591 2489 1717 2554 N01,
1747 2489 1911 2559 φησίν
1931 2505 1945 2519 ·

366 2562 531 2625 αὐτὸς
559 2565 669 2633 γὰρ
699 2567 726 2616 6
751 2567 981 2636 σταυρὸς
1011 2567 1287 2636 βασιλείας
1317 2565 1455 2621 εἷναί
1498 2587 1589 2639 μοι
1634 2570 1781 2622 δοκεῖ
1808 2571 1948 2641 σύμ-

368 2644 541 2697 ϐολον.
573 2646 672 2699 Διά
701 2648 855 2701 τοῦτο
886 2649 945 2701 δὲ
970 2651 1134 2704 αὑτὸν
1162 2651 1388 2721 βασιλέα
1409 2652 1580 2714 καλῶ,
1616 2653 1803 2724 ἐπειδὴ
1832 2655 1950 2722 βλέο

367 2743 452 2807 πω
494 2725 661 2779 αὐτὸν
711 2731 1111 2801 σταυρούμενον
1133 2752 1144 2764 ·
1180 2733 1446 2804 βασιλέως
1490 2736 1598 2806 γάρ
1631 2736 1776 2788 ἐστιν
1808 2736 1948 2807 ὑπὲρ

366 2806 474 2860 τῶν
497 2808 814 2878 ἀρχομένων
833 2813 1211 2884 ἀποθνήσκειν.
1237 2816 1407 2879 Αὐτὸς
1429 2813 1600 2869 εἶπεν
1647 2818 1709 2870 '0
1723 2806 1950 2887 ποιμὴν

367 2890 400 2941 ό
419 2891 607 2956 καλὸς
641 2890 755 2958 τὴν
778 2894 988 2962 ψυχὴν
1017 2898 1203 2951 αὐτοῦ
1229 2901 1467 2966 τίθησιν
1484 2899 1638 2968 ὑπὲρ
1661 2900 1779 2954 τῶν
1801 2918 1947 2971 προ-

368 2971 591 3025 ϐάτων-ο
621 2975 817 3028 οὐκοῦν
866 2980 962 3030 καὶ
998 2979 1026 3028 6
1065 2979 1316 3047 βασιλεὺς
1359 2983 1387 3034 6
1421 2981 1585 3045 καλὸς
1637 2985 1735 3053 τὴν
1765 2985 1947 3056 ψυχὴν

366 3055 535 3141 05105
565 3059 776 3138 τίθησιν
816 3061 958 3132 ὑπὲρ
1003 3061 1114 3113 τῶν
1158 3063 1498 3133 ἀρχομένων.
1546 3067 1700 3119 Ἐπεὶ
1724 3064 1815 3121 οῦν
1848 3055 1947 3141 τήν

364 3135 540 3208 ψυχὴν
561 3135 724 3193 05105
750 3141 958 3194 τέθεικε
978 3185 993 3209 ,
1025 3143 1112 3196 διὰ
1150 3145 1307 3198 τοῦτο
1331 3147 1493 3200 αὐτὸν
1521 3147 1747 3217 βασιλέα
1773 3135 1942 3205 καλῶ.

363 3219 681 3290 Mar/£00111!
699 3239 846 3290 μου,
877 3226 1072 3292 Κύριε,
1098 3225 1244 3280 ὅταν
1269 3227 1452 3298 ἔλθῃς
1469 3231 1539 3285 ἐν
1559 3230 1634 3301 τῇ
1653 3233 1946 3302 ,ϐασιλείᾳ

365 3316 501 3360 σου.

431 3387 494 3440 δ’.
528 3385 713 3442 Βούλει
759 3389 950 3459 μαθεῖν
993 3392 1112 3455 πῶς
1150 3394 1242 3446 καὶ
1297 3394 1573 3463 βασιλείας
1616 3397 1882 3468 σύμϐολον
1915 3400 1944 3454 ό

365 3473 615 3544 σταυρὸς,
672 3474 766 3527 καὶ
817 3474 935 3538 πῶς
995 3477 1188 3545 σεμνὸν
1223 3476 1286 3528 τὸ
1343 3480 1573 3550 πρᾶγμά
1606 3481 1789 3546 ὲστιν;
1829 3484 1944 3536 Ούκ

359 3553 574 3624 ἀφῆκεν
600 3555 763 3609 αὐτὸν
789 3553 927 3609 εἶναι
948 3558 1041 3610 ἐπὶ
1060 3559 1162 3628 τῆς
1181 3559 1435 3630 γῆς.άλλ⁹
1463 3564 1768 3616 ἀνέσπασεν
1785 3565 1944 3619 αὐτόν

361 3637 457 3692 καὶ
478 3639 558 3700 είς
575 3638 665 3691 τὸν
681 3639 908 3708 οὐρανὸν
923 3641 1191 3712 ἀνήγαγε.
1209 3643 1379 3696 Πόθεν
1405 3644 1564 3712 δῆλον
1587 3647 1743 3701 τοῦτο
1764 3665 1777 3713 ;
1807 3649 1942 3702 Μετ’

363 3717 527 3774 05105
552 3721 734 3790 μέλλει
752 3722 1016 3793 ἔρχεσθαι
1044 3726 1101 3777 ἐν
1130 3728 1196 3796 τῇ
1221 3725 1448 3797 δευτέρα
1488 3730 1779 3800 παρουσία.
1800 3731 1941 3785 Ἀλλ’

365 3801 563 3872 ἴδωμεν
588 3805 682 3856 καὶ
706 3803 820 3866 πῶς
857 3805 1036 3876 μέλλει
1071 3807 1186 3877 μετ’
1215 3808 1380 3861 05105
1425 3810 1703 3880 ἔρχεσθαι.
1743 3815 1942 3868 ’Λκου-

362 3901 455 3939 σον
476 3887 642 3939 05105
661 3887 907 3956 λέγοντος
921 3890 1012 3943 105
1038 3891 1276 3960 Χριστοῦ
1293 3909 1304 3922 ο
1349 3892 1491 3946 Ἐὰν
1507 3894 1760 3949 εἴπωσιν
1775 3897 1939 3966 ὑμῖν,

372 3968 520 4023 Ἰδοὺ
547 3970 618 4024 ἐν
645 3971 771 4038 τοῖς
803 3973 1082 4040 ταμιείοις
1123 3972 1296 4026 ἐστίν
1334 3979 1368 4028 ό
1411 3978 1685 4044 Χριστὸς,
1716 3978 1845 4033 ἰδοὺ
1871 3979 1942 4032 ἐν

358 4045 679 4119 τῇλὲρήμφ,
707 4053 792 4120 μὴ
829 4054 1139 4122 ἐξέλθητεο
1176 4058 1306 4127 περὶ
1343 4059 1440 4129 τῆς
1478 4058 1736 4132 δευτέρας
1772 4061 1940 4115 05105

359 4133 666 4204 παρουσίας
694 4134 866 4202 λέγων
889 4176 902 4196 .
942 4137 1029 4191 δια
1071 4140 1195 4204 τοὺς
1222 4141 1663 4212 ψευδοχρίστους,
1697 4144 1785 4198 διά
1813 4147 1940 4210 τοὺς

355 4215 930 4288 ψευδοπροφήταςβιὰ
945 4221 1033 4274 τὸν
1067 4221 1450 4294 Ἀντίχριστον.
1478 4225 1562 4279 ἵνα
1588 4229 1661 4297 μή
1688 4245 1773 4290 τις
1800 4228 1940 4282 πλα-

357 4299 540 4384 νηθεὶς
569 4301 762 4384 ἐκείνῳ
797 4305 1088 4378 περιπέσῃ.
1130 4307 1349 4380 Ἐπειδὴ
1379 4309 1488 4380 γὰρ
1519 4311 1627 4381 πρὸ
1658 4311 1754 4364 τοῦ
1801 4313 1939 4384 Χρι-

358 4381 489 4466 0105
514 4384 542 4435 6
579 4383 940 4456 Ἀντίχριστος
963 4388 1200 4458 ἔρχεται,
1230 4392 1317 4444 ἵνα
1346 4392 1424 4463 μὴ
1453 4393 1762 4464 ζητοῦντες,
1781 4381 1936 4466 φησὶ,

356 4465 447 4550 16v
471 4467 725 4550 ποιμένα,
774 4468 853 4538 τῷ
881 4469 1033 4540 λύκῳ
1062 4473 1420 4544 περιπέσητε,
1479 4475 1571 4529 διά
1611 4477 1769 4532 τοῦτο
1808 4480 1939 4550 ὑμῖν

355 4545 499 4616 λέγω
517 4549 873 4622 γνωρίσματα
894 4553 992 4624 τῆς
1018 4554 1111 4607 τοῦ
1137 4557 1393 4626 ποιμένος
1424 4561 1746 4630 παρουσίας.
1763 4545 1939 4616 Ἐπει-

355 4630 421 4702 δή
447 4631 554 4702 γὰρ
577 4633 819 4704 ἡπρώτη
845 4637 1008 4689 05105
1039 4640 1311 4708 παρουσία
1331 4641 1671 4697 λανθάνουσα
1697 4645 1935 4712 ἐγένετο,

359 4715 434 4798 μή
456 4717 735 4787 νομίσητε,
767 4720 949 4790 φησὶν,
971 4722 1053 4775 ὅτι
1075 4723 1167 4776 καὶ
1190 4727 1221 4794 ή
1252 4724 1480 4796 δευτέρα
1507 4726 1728 4798 τοιαύτη
1757 4727 1934 4784 ἔσται.

366 4797 578 4885 ῙΕκείνη
605 4801 716 4885 γάρ
735 4804 963 4869 εἰκότως
998 4805 1333 4860 λανθάνουσα
1364 4809 1580 4875 ἐγένετο
1599 4827 1612 4839 ·
1646 4806 1776 4881 ἦλθε
1827 4812 1937 4885 γάρ

354 4880 586 4952 ζητῆσαι
613 4884 673 4935 τὸ
698 4884 974 4952 ἀπολωλός
995 4907 1007 4918 ·
1039 4889 1178 4960 αῦτη
1196 4890 1252 4944 δὲ
1269 4892 1367 4962 οὐχ
1396 4890 1590 4954 οὓτως,
1621 4880 1756 4947 ἀλλά
1779 4880 1933 4960 πῶςς

351 4965 470 5047 εἰπὲ
492 4966 586 5018 καὶ
601 4966 825 5033 δίδαξον.
850 4969 1076 5040 Ὥσπερ
1093 4973 1421 5042 ἐξέρχεται,
1443 4977 1628 5047 φησὶν,
1665 4978 1703 5044 ἡ
1725 4979 1938 5045 ἀστρα-

351 5044 436 5114 πὴ
468 5047 585 5130 ά,τύ
625 5049 956 5112 ἀνατολῶν.
984 5055 1080 5108 καὶ
1111 5058 1382 5125 φαίνεται
1403 5044 1516 5124 ἕως(
1545 5059 1811 5130 δυσμῶν.
1835 5044 1937 5116 οὕ-

348 5142 464 5195 τως
489 5128 665 5183 ἔσται
699 5133 798 5186 καί
834 5134 872 5204 ἡ
905 5141 1210 5204 παρουσία
1241 5139 1347 5194 τοῦ
1397 5141 1535 5195 Υίοῦ
1575 5128 1680 5196 τοῦ
1715 5143 1936 5212 ἀνθρώο

349 5221 489 5299 πρυ.
766 5219 897 5271 πᾶσι
923 5225 1172 5288 φανεῖται
1191 5240 1205 5254 ·
1240 5224 1301 5277 ού
1324 5223 1574 5295 δεήσεται
1596 5227 1774 5291 οὐδεὶς
1797 5230 1928 5299 ἐρω-

348 5295 892 5381 τήσαθβασπεργάρ
920 5305 1208 5377 ἀστραπῆς
1231 5309 1582 5379 φαινομένης,
1611 5311 1673 5364 05
1703 5295 1935 5381 δεόμεθα

348 5372 642 5466 ιᾷτάζειν,
678 5379 826 5466 [418]
855 5388 903 5439 εί
928 5372 1145 5456 ἐγένετο
1166 5372 1460 5462 ἀστραπή·
1489 5372 1631 5447 051m
1657 5395 1756 5465 τῆς
1788 5372 1932 5466 παρ-

346 5461 732 5548 ουσίαςᾼαύτοῦ
763 5471 1085 5543 γενομένης,
1136 5475 1198 5527 05
1231 5461 1536 5548 δεησόμεθα
1581 5461 1856 5542 ἐξετάζειν
1872 5461 1934 5533 ἐι

345 5545 738 5638 παρεγένετο
769 5553 1024 5624 Χριστός.
1061 5557 1222 5613 Ἀλλά
1259 5545 1322 5612 τδ
1355 5545 1684 5631 ζητούμενον
1720 5563 1934 5618 οὐδέπω

345 5629 440 5717 καὶ
466 5629 562 5682 νῦν
601 5632 926 5717 εἰρήκαμεν,
987 5642 1037 5694 εί
1086 5643 1224 5713 μετά
1270 5643 1365 5698 τοῦ
1412 5629 1655 5716 0105905
1689 5645 1930 5717 ἔρχεται.

349 5711 546 5765 Ἄκουε
581 5714 763 5780 τοίνυν
819 5721 914 5774 καὶ
951 5711 1107 5779 10510
1162 5727 1350 5799 σαφῶς
1406 5711 1573 5784 05105
1624 5711 1927 5800 δηλοῦντος.

1295 262 1387 352 οε
1423 293 1655 352 ειιυοε
1695 292 1782 348 ET
1818 289 2171 350 LATRONE.
2215 289 2450 351 ηοιιιι.
2487 291 2551 348 ιι.

3535 297 3640 354 ιιι

2066 411 2226 476 Τότε,
2261 409 2417 482 φησὶ,
2450 409 2750 477 τουτέστιν,
2777 411 2908 465 ὅταν
2927 410 3196 482 έρχωμαι,
3236 411 3270 465 ό
3305 410 3474 478 ἣλιος
3500 427 3640 468 σκο-

2059 493 2431 561 τισθήσεται,
2463 491 2564 544 καὶ
2595 493 2634 559 ἠ
2660 492 2890 560 σελήνη
2917 493 2989 548 οὑ
3012 493 3271 546 σώσειτὸ
3292 492 3509 563 φέγγος
3540 498 3640 550 αὑ.

2057 575 2188 644 τῆς.
2215 574 2460 645 Τοσαύτη
2483 575 2590 646 γὰρ
2613 574 2764 628 ἔσται
2783 576 2876 630 τοῦ
2911 574 3086 646 φωτὸς
3111 577 3232 629 τότε
3270 579 3302 646 ἡ
3338 577 3634 648 ὑπερϐολὴ,

2055 657 2132 722 ὡς
2158 657 2350 712 καὶτὰ
2388 658 2659 727 φανότατα
2693 657 2868 728 ἄστρα
2909 658 3372 729 ἀποκρύπτεσθαι.
3427 658 3538 712 Καὶ
3582 663 3638 713 οὶ

2055 742 2309 810 ἀστέρες
2336 742 2468 810 γὰρ,
2514 743 2647 813 φησὶ
2666 781 2680 803 ,
2711 742 3060 804 πεσοῦνται,
3109 742 3203 792 καὶ
3247 742 3401 794 οὕτω
3429 742 3494 795 τὸ
3519 756 3638 806 ση-

2049 825 2222 895 μεῖον
2257 824 2594 894 φανήσεται
2634 824 2740 877 τοῦ
2780 824 2917 877 Υίοῦ
2950 824 3058 877 τοῦ
3104 823 3414 888 ἀνθρώπου
3442 824 3512 877 ἐν
3556 822 3638 888 τῷ

2054 906 2308 976 οὐρανῷ.
2348 904 2500 972 Εἶδες
2539 907 2679 978 πόση
2709 908 2741 978 ἡ
2772 907 3046 978 ὑπερϐολὴ
3073 908 3166 959 τοῦ
3211 905 3461 976 σημείου.
3494 907 3634 977 πόση

2054 990 2369 1062 φαιδρότης,
2398 991 2540 1061 πόση
2563 991 2898 1062 λαμπηδών;
2948 991 3006 1044 '0
3031 990 3182 1059 ἥλιος
3225 986 3552 1052 σκοτίζεται,
3601 991 3636 1058 ή

2055 1074 2251 1145 σελήνη
2293 1075 2354 1127 05
2381 1073 2582 1142 φαίνει,
2630 1073 2700 1127 τά
2725 1074 2899 1146 ἄστρα
2932 1071 3152 1125 πίπτει’
3183 1073 3361 1124 έκεῖνο
3387 1070 3443 1122 δὲ
3479 1069 3638 1139 μόνον

2054 1155 2324 1225 φαίνεται,
2349 1157 2436 1209 ἵνα
2483 1157 2660 1228 μάθῃς
2698 1158 2780 1210 δτι
2815 1158 2908 1210 καὶ
2944 1155 3170 1226 σελήνης
3201 1154 3498 1223 φανότερον
3543 1151 3639 1205 καὶ

2053 1237 2205 1307 ἡλίου
2239 1237 2588 1309 φαιδρότερόν
2609 1241 2742 1296 ἐστι.
2776 1238 3041 1308 Καθάπερ
3069 1237 3181 1308 γὰρ
3209 1235 3472 1306 βασιλέως
3525 1235 3640 1286 εἰσ-

2052 1321 2246 1385 ιόντος,
2280 1322 2350 1375 τὰ
2372 1321 2710 1392 στρατόπεδα
2732 1321 3183 1392 προλαμϐάνοντα
3216 1319 3286 1371 τὰ
3310 1321 3512 1388 σημεῖα
3536 1316 3638 1385 φέ·

2055 1421 2139 1475 ρει
2159 1405 2252 1457 ἐπὶ
2275 1404 2383 1457 τῶν
2403 1401 2590 1475 ὤμων,
2617 1405 2712 1457 καὶ
2737 1402 3100 1475 προαγγέλλει
3129 1401 3222 1455 τοῦ
3252 1400 3514 1471 βασιλέως
3534 1399 3634 1470 τὴν

2052 1488 2285 1541 εῑσοδονο
2308 1487 2451 1541 οὕτω
2472 1487 2566 1540 τοῦ
2593 1488 2690 1557 τῆς
2717 1487 2948 1550 κτίσεως
2971 1486 3239 1539 Δεσπότου
3280 1483 3639 1537 καταϐαίνον-

2050 1587 2143 1633 τος
2197 1572 2260 1622 ὲκ
2301 1569 2410 1623 τῶν
2465 1570 2729 1641 οὐρανῶν,
2770 1569 3245 1641 προλαμϐάνειτά
3300 1565 3632 1637 στρατόπεδα

2051 1651 2159 1704 τῶν
2190 1652 2437 1720 ἀγγέλων
2471 1654 2565 1705 x01
2593 1653 2700 1705 τῶν
2726 1652 3082 1723 ἀρχαγγέλων
3109 1651 3168 1702 τὸ
3212 1653 3434 1720 σημεῖον
3463 1649 3637 1701 ἐκεῖνο

2055 1733 2412 1803 βαστάζοντα,
2446 1735 2540 1787 καὶ
2586 1735 2685 1805 τὴν
2720 1734 3004 1805 βασιλικὴν
3038 1733 3241 1786 εἴσοδον
3286 1734 3417 1801 ήμῖν
3452 1732 3635 1796 ἀπαγ-

2053 1815 2328 1884 γέλλοντα.
2367 1818 2524 1881 Τότε,
2551 1819 2706 1888 φησὶ,
2749 1818 2847 1870 καὶ
2879 1821 2938 1870 αἱ
2976 1816 3262 1883 δυνάμεις
3295 1813 3414 1866 τῶν
3455 1815 3634 1878 οὐραί-

2051 1896 2175 1950 r151-
2203 1899 2695 1965 σαλευθήσονται
2716 1938 2730 1960 ,
2785 1899 2914 1968 περὶ¹
2948 1899 3056 1950 τῶν
3113 1897 3360 1966 ἀγγέλων
3391 1895 3486 1948 καὶ
3527 1895 3636 1946 τῶν

2053 1981 2408 2052 ἀρχαγγέλων
2456 1981 2652 2049 λέγων,
2683 1981 2778 2033 καὶ
2808 1981 2998 2032 πασῶν
3029 1979 3135 2032 τῶν
3182 1979 3429 2049 ἀοράτων
3478 1975 3637 2029 δυνά-

2058 2080 2202 2133 μεων
2226 2080 2239 2093 ·
2267 2066 2467 2135 τρόμος
2498 2064 2610 2135 γάρ
2633 2064 2830 2127 05105;
2852 2064 3105 2134 λήψεται,
3145 2062 3238 2115 καὶ
3277 2061 3440 2131 φόϐος
3470 2058 3638 2122 πολὺς

2054 2146 2150 2199 καὶ
2178 2147 2403 2216 ἀγωνία.
2443 2149 2597 2210 Τίνος
2626 2146 2684 2200 δὲ
2703 2147 2912 2209 ἕνεκεν,
2938 2147 3059 2200 είπέ
3089 2162 3208 2216 μοι,
3241 2147 3332 2197 καὶ
3381 2143 3437 2194 αἱ
3479 2141 3640 2194 δυνάο

2059 2246 2178 2299 μεις
2209 2232 2416 2283 ἐκεῖναι
2444 2231 2501 2282 ὲν
2533 2229 2682 2298 φόϐῳ
2722 2229 3157 2299 καθεστήκασιν;
3193 2227 3449 2288 Εἰκότως.
3474 2223 3638 2278 Φοϐε-

2059 2314 2150 2384 ρὸν
2179 2312 2330 2367 έσται
2368 2313 2492 2366 τότε
2525 2313 2586 2366 τὸ
2614 2313 2985 2384 δικαστήριον,
3021 2313 3209 2366 ἅπασα
3240 2313 3273 2381 ή
3300 2309 3407 2362 τῶν
3434 2307 3638 2381 ἀνθρὼ-

2055 2415 2172 2451 πων
2197 2397 2359 2467 φύσις
2389 2397 2572 2468 μέλλει
2605 2397 2889 2468 κρίνεσθαι
2914 2397 3007 2450 καὶ
3029 2395 3259 2458 εὐθύνας
3289 2393 3508 2462 ὑπέχειν
3541 2391 3638 2446 καὶ

2053 2481 2422 2553 παρίστασθαι
2482 2479 2686 2550 βήματι
2747 2479 2983 2550 φοϐερῷ.
3022 2479 3085 2530 Τί
3135 2478 3333 2548 δήποτε
3373 2476 3430 2528 δὲ
3467 2475 3636 2528 καὶοῑ

2037 2564 2277 2632 ηάγγελοι
2317 2563 2438 2616 τότε
2469 2562 2755 2633 τρέμουσι,
2810 2563 2902 2614 καὶ
2955 2562 3013 2614 αἱ
3057 2559 3339 2631 ἀσώματοι
3378 2558 3635 2628 δυνάμεις

2053 2648 2259 2700 ἐκεῖναι
2282 2645 2612 2708 δεδοίκασιν;
2634 2645 2756 2697 οὐδὲ
2781 2645 2891 2714 γάρ
2915 2647 3113 2698 ἐκεῖνοι
3166 2643 3414 2713 μέλλουσι
3453 2640 3639 2710 κρίνε-

2055 2730 2198 2784 σθαι.
2226 2730 2491 2802 Καθάπερ
2521 2729 2778 2783 δικαστοῦ
2807 2731 2934 2793 τοὺς
2968 2728 3302 2789 ὑπευθύνους
3339 2723 3638 2778 καταδικά-

2051 2815 2268 2878 ζοντος,
2313 2814 2405 2866 καὶ
2449 2815 2532 2882 ἐφ’
2575 2812 2779 2884 ὑψηλοῦ
2816 2812 2912 2864 τοῦ
2963 2812 3204 2882 βήματος
3247 2807 3634 2877 καθεζομένου,

2050 2898 2171 2968 ούχὶ
2202 2897 2251 2949 οἱ
2279 2895 2571 2950 ὑπεύθυνοι
2601 2896 2782 2966 μόνον,
2815 2894 2950 2947 ἀλλὰ
2979 2896 3072 2947 καὶ
3104 2896 3152 2946 οί
3180 2893 3279 2962 τῆς
3306 2891 3514 2954 τάξεως
3537 2889 3636 2942 05-

2050 2983 2150 3050 τῆς
2181 2978 2550 3050 παρεστῶτες,
2584 2981 2635 3031 οἱ
2670 2978 2836 3048 μηδὲν
2875 2979 3089 3039 ἑαυτοῖς
3140 2974 3458 3036 συνειδότες,
3486 2974 3637 3040 ὅμως

2049 3063 2321 3117 δεδοίκασι
2343 3063 2438 3115 καὶ
2468 3064 2749 3133 φρίττουσι
2786 3062 2876 3114 διὰ
2895 3061 2988 3114 τὸν
3021 3060 3183 3129 φόϐον
3215 3057 3310 3111 τοῦ
3342 3055 3595 3110 δικαστοῦ
3615 3071 3633 3088 ο

2049 3146 2196 3200 οὔτω
2219 3146 2310 3200 καὶ
2335 3145 2478 3209 τότε,
2507 3147 2610 3216 τῆς
2637 3146 2854 3215 φύσεως
2887 3145 2985 3215 τῆς
3009 3144 3285 3215 ἡμετέρας
3310 3139 3637 3214 κρινομένης

2049 3231 2147 3285 καὶ
2175 3231 2284 3284 τῶν
2316 3231 2806 3301 πλημμελημάτων
2834 3229 2935 3293 τὰς
2955 3228 3183 3290 εὐθύνας
3205 3223 3633 3294 ἀπαιτουμένης,

2049 3315 2144 3367 καὶ
2171 3315 2220 3368 οἱ
2263 3313 2431 3384 μηδὲν
2463 3313 2762 3376 συνειδότες
2801 3314 3014 3374 ιαυτοῖς
3039 3309 3281 3378 ἄγγελοι,
3314 3309 3407 3361 καὶ
3440 3308 3496 3358 αἱ
3532 3304 3636 3356 λοι·

2048 3398 2149 3450 παὶ
2177 3397 2434 3468 δυνάμεις
2457 3396 2725 3449 δεδοίκασι
2756 3396 2849 3448 καὶ
2873 3393 3139 3464 τρέμουσι
3163 3391 3250 3444 διὰ
3277 3389 3375 3460 τὴν
3404 3385 3634 3456 ἀπειλὴν

2047 3479 2141 3532 τοῦ
2194 3479 2468 3534 δικαστοῦ.
2532 3478 2694 3530 Ἀλλά
2737 3478 2896 3530 τοῦτο
2931 3477 3030 3546 μὲν
3070 3476 3340 3544 ἔγνωμεν·
3377 3472 3522 3534 τίνος
3563 3469 3623 3523 δὲ

2046 3562 2230 3614 ἕνεκεν
2250 3562 2344 3614 καὶ
2367 3560 2455 3614 διὰ
2480 3559 2533 3611 τί
2561 3559 2700 3630 έχων
2715 3560 2805 3611 τὸν
2836 3559 3069 3630 σταυρὸν
3096 3558 3314 3628 ἔρχεται
3336 3573 3350 3622 ;
3377 3553 3633 3609 Μάνθανι

2047 3645 2141 3697 καὶ
2165 3643 2355 3696 τούτου
2384 3643 2483 3712 τήν
2505 3642 2707 3694 αἰτίαν.
2738 3642 2855 3695 Ἵνα
2881 3641 2990 3713 γὰρ
3015 3641 3080 3693 δι’
3106 3639 3285 3692 αὐτῶν
3322 3637 3428 3693 τῶν
3456 3637 3633 3706 ἔργων

2049 3726 2294 3798 μάθωσιν
2320 3727 2369 3778 οί
2401 3723 2818 3797 σταυρώσαντες
2839 3725 2938 3796 τὴν
2976 3724 3182 3780 οίκείαν
3215 3719 3632 3791 ἀγνωμοσύνην,

2045 3810 2135 3863 διά
2156 3810 2316 3864 τοῦτο
2347 3810 2512 3862 αὑτὸν
2541 3809 2632 3860 τὸν
2665 3807 2885 3877 ἔλεγχον
2915 3807 3017 3876 τῆς
3059 3805 3256 3876 μανίας
3292 3805 3477 3866 αὐτοῖς
3524 3800 3634 3854 δεί-

2045 3911 2224 3948 κνυσι.
2259 3893 2369 3947 Καὶ
2399 3892 2487 3945 ἴνα
2522 3890 2699 3964 μάθῃς
2731 3891 2812 3944 ὅτι
2846 3890 2934 3943 διά
2963 3887 3122 3942 τοῦτο
3151 3888 3312 3941 αὑτὸν
3346 3887 3523 3957 φέρει,
3546 3884 3635 3937 ἴνα

2045 3977 2226 4032 αὐτῶν
2253 3975 2584 4045 καθάψηται,
2618 3974 2782 4027 ἄκουε
2816 3973 2976 4026 πάλιν
3007 3971 3172 4026 αὑτοῦ
3217 3969 3318 4024 τοῦ
3345 3968 3632 4037 εὐαγγελι-

2046 4059 2178 4113 0105
2209 4059 2458 4128 λέγοντος
2478 4073 2494 4090 ·
2547 4058 2684 4111 Τότε
2714 4056 3051 4125 φανήσεται
3103 4054 3170 4108 τὸ
3221 4052 3475 4122 σημεῖον
3525 4049 3634 4105 τοῦ

2051 4142 2188 4198 Υίοῦ
2209 4141 2316 4195 τοῦ
2337 4139 2673 4206 ἀνθρώπου,
2698 4140 2796 4193 καί
2827 4140 3117 4206 κόψονται
3139 4136 3329 4192 πᾶσαι
3355 4138 3414 4189 αλ
3444 4130 3632 4204 φυλαὶ

2042 4225 2154 4295 τῆς
2205 4224 2338 4296 γῆς,
2375 4223 2667 4293 βλέπουσαι
2706 4223 2796 4275 τὸν
2841 4223 3169 4292 κατήγορον,
3229 4219 3323 4273 καὶ
3369 4214 3631 4286 ἐπιγινώ-

2045 4326 2273 4363 σκουσαι
2297 4309 2356 4362 τὺ
2378 4309 2703 4380 ἁμάρτημα.
2733 4307 2842 4359 Καὶ
2866 4307 2917 4358 τί
2936 4303 3256 4375 θαυμάζεις,
3283 4305 3330 4356 εἰ
3355 4303 3446 4356 τὸν
3471 4318 3634 4354 σταυ-

2044 4393 2137 4465 ρὸν
2163 4393 2344 4465 φέρων
2374 4392 2624 4461 ἔρχεταις
2670 4391 2809 4444 αύτά
2839 4391 2909 4444 τε
2941 4388 3234 4459 τραύματα
3283 4386 3399 4455 μεθ’
3435 4383 3631 4439 ἑαυτοῦ

2040 4476 2226 4548 φέρων
2251 4475 2488 4547 ἔρχεται.
2529 4474 2700 4528 Πόθεν
2729 4473 2907 4545 δῆλον,
2940 4474 3023 4527 δτι
3058 4473 3198 4526 αύτά
3237 4471 3306 4525 τά
3337 4469 3632 4542 τραύματα

2043 4559 2197 4628 φέρει
2223 4558 2344 4627 μεθ’
2377 4556 2572 4610 ἑαυτοῦ
2598 4573 2613 4621 ;
2651 4557 2848 4608 ’Ἄκουε
2902 4555 2996 4609 τοῦ
3027 4557 3310 4626 προφήτου
3337 4553 3587 4621 λέγοντος
3609 4563 3626 4580 ⁶

2044 4643 2333 4709 Ὄψονται
2365 4641 2453 4705 είς
2477 4639 2550 4692 ὃν
2586 4639 3018 4706 ἐξεκέντησαν.
3060 4638 3329 4706 Καθάπερ
3379 4638 3492 4705 γάρ
3535 4633 3630 4685 ἐπὶ

2040 4723 2134 4776 τοῦ
2169 4722 2341 4791 Θωμᾶ
2375 4723 2620 4791 ἐποίησε,
2655 4721 2979 4791 βουλόμενος
3002 4721 3107 4790 τὴν
3130 4721 3389 4772 ἀπιστίαν
3409 4715 3631 4788 διορθῶ-

2041 4825 2130 4861 σαι
2153 4805 2248 4860 τοῦ
2274 4805 2517 4878 μαθητοῦ
2541 4845 2555 4870 ,
2595 4806 2690 4859 καὶ
2712 4806 2910 4872 ἔδειξεν
2944 4803 3096 4874 αύτῷ
3132 4804 3256 4865 τοὺς
3283 4800 3488 4864 τύπους
3518 4799 3628 4852 τῶν

2038 4891 2205 4962 ἥλων,
2235 4890 2328 4943 καὶ
2357 4889 2497 4943 αύτά
2520 4889 2586 4943 τα
2613 4889 2930 4960 τραύματα,
2964 4889 3058 4942 καὶ
3084 4887 3254 4954 λέγει,
3290 4883 3440 4956 [4191
3471 4881 3627 4936 Βάλε

2038 4975 2146 5028 τὸν
2175 4973 2480 5028 δάκτυλόν
2509 4987 2647 5037 σου,
2676 4973 2773 5026 καί
2798 4971 2940 5042 φέρε
2974 4970 3089 5037 τὴν
3113 4966 3282 5038 χεῖρά
3326 4981 3444 5020 σου
3463 5005 3478 5030 ,
3524 4965 3623 5018 καὶ

2041 5059 2151 5121 ῖδε,
2179 5055 2269 5112 ὅτι
2299 5057 2536 5127 πνεῦμα
2575 5055 2773 5125 σάρκα
2819 5055 2918 5108 καὶ
2963 5054 3147 5106 ὀστέα
3192 5054 3303 5106 οὐκ
3339 5051 3484 5120 ἔχει,
3538 5050 3628 5103 ινα

2037 5142 2186 5215 δείξῃ
2213 5141 2384 5213 αύτῷ,
2412 5141 2496 5194 δτι
2519 5139 2736 5211 ἀληθῶς
2765 5139 2964 5210 ἀνέστη
2985 5152 3000 5167 ·
3033 5136 3176 5192 οὕτω
3207 5136 3300 5189 καὶ
3321 5135 3444 5188 τότε
3469 5132 3624 5204 φέρει

2038 5226 2106 5280 τά
2137 5225 2428 5298 τραύματα
2451 5225 2546 5278 καὶ
2581 5225 2673 5278 τὸν
2701 5221 2960 5294 σταυρὸν,
3003 5223 3089 5275 ἵνα
3128 5220 3313 5282 αὐτοῖς
3336 5217 3505 5289 δείξῃ,
3540 5219 3624 5272 ὅτι

2038 5309 2200 5373 αὐτός
2239 5310 2385 5362 ἐστιν
2408 5310 2612 5371 ἐκεῖνος
2640 5309 2668 5360 ό
2694 5305 3048 5377 σταυρωθείς.
3079 5303 3232 5372 Μέγα
3280 5301 3389 5374 ἀρα
3420 5301 3627 5370 ἀγαθὸν

2039 5393 2135 5445 καὶ
2163 5393 2449 5463 σωτήριον,
2499 5391 2594 5445 καὶ
2639 5391 2939 5461 τεκμήριον
2977 5387 3207 5460 ἐναργὲς
3231 5387 3334 5458 τῆς
3357 5383 3452 5440 τοῦ
3487 5385 3624 5440 Θεοῦ

2041 5476 2472 5549 φιλανθρωπίας.

2108 5648 2169 5697 ε’.
2190 5640 2403 5696 Μᾶλλον
2431 5639 2488 5693 δὲ
2520 5638 2619 5711 οὐχ
2642 5641 2671 5692 6
2710 5638 2944 5711 σταυρὸς
2976 5640 3156 5713 μόνον,
3181 5640 3317 5695 ἀλλὰ
3353 5639 3446 5694 καὶ
3479 5630 3618 5687 αὖτά

2037 5729 2104 5786 τὰ
2154 5730 2374 5800 ῥήματα
2397 5725 2468 5779 τά
2519 5724 2612 5778 ἐπὶ
2670 5726 2763 5781 105
2818 5729 3052 5800 σταυροῦ
3115 5727 3386 5780 δείκνυσιν
3454 5717 3620 5774 05105
