4062 6206
30 2529 42 2551 r

30 2618 45 2649 θ

30 2702 54 2735 L.

30 2773 55 2823 ί..

29 2878 63 2917 τι,

29 2950 63 3000 3:1

29 3056 67 3089 ι.

29 3130 68 3179 b.-

321 274 427 331 H5
1355 282 1444 339 ne
1477 277 1709 338 annos
1749 271 1833 331 ΕΤ
1875 265 2193 327 LATRONE
2231 263 2461 325 nomL.
2502 262 2564 317 ιι.
3496 249 3600 306 sto

320 403 462 449 rant.
494 391 630 450 Audi
675 393 785 463 ipsa
817 389 1020 445 verba:
1050 382 1514 442 circumstantibus
1538 379 1681 433 enim
1716 374 1845 445 ipsis
1873 389 1902 425 a

320 485 513 552 quibus
537 480 821 539 crucifixus
842 480 1034 546 luerat,
1060 478 1243 549 iraque
1262 484 1312 529 et
1337 475 1516 528 furore
1536 466 1901 525 :estuantibns,

325 573 500 638 Pater,
535 573 736 643 inquit,
772 573 976 643 ignosce
1011 569 1116 624 illis
1153 575 1414 637 peccatum
1453 562 1594 615 hoc:
1634 575 1735 613 non
1772 556 1906 611 enim

324 666 520 731 sciunt,
549 663 671 734 quid
707 672 863 734 agant
894 660 1053 732 (Luc.
1074 660 1164 714 :25.
1193 654 1306 730 54).
1337 653 1497 709 Vides
1528 648 1905 719 benignitatem

328 756 580 811 Domini?
620 754 906 809 cruciﬁxus
939 767 1035 822 pro
1074 745 1504 817 cruciﬁgentibus
1555 741 1779 805 orabat,
1808 739 1906 793 etsi

328 847 402 900 Illi
428 844 828 901 subsannabant
848 853 899 897 et
921 840 1211 896 illudebaut
1228 853 1349 892 eum
1372 837 1639 890 dicentes:
1659 832 1721 887 Si
1745 830 1790 883 F
1792 831 1910 884 ilius

329 937 423 993 Dei
446 955 520 1003 es,
546 935 791 989 descende
811 935 874 986 de
896 948 1044 986 cruce
1069 929 1276 1001 (Matth.
1301 927 1391 983 27.
1420 925 1535 995 40).
1570 923 1728 993 Atqui
1785 936 1907 990 pro—

329 1040 453 1098 pter
478 1027 580 1082 boc
607 1026 777 1097 ipsum
804 1039 908 1078 non
939 1021 1213 1077 descendit
1249 1020 1316 1074 de
1343 1033 1498 1073 cruce
1517 1058 1532 1083 ,
1560 1014 1704 1086 quod
1743 1013 1910 1068 Filius

331 1119 429 1175 Dei
459 1118 529 1173 sit
562 1134 576 1171 :
603 1116 723 1171 ideo
744 1115 886 1170 enim
908 1113 1073 1175 Venit,
1102 1122 1162 1167 ut
1185 1108 1583 1179 cruciﬁgeretur
1610 1121 1705 1176 pro
1733 1102 1907 1159 nobis.

326 1209 645 1274 Descendat,
674 1209 826 1261 aiunt
844 1247 859 1271 ,
889 1204 951 1259 de
974 1220 1150 1261 cruce.
1180 1212 1236 1256 ut
1264 1200 1521 1255 videamus
1559 1208 1604 1252 et
1646 1196 1910 1249 credamus

326 1305 381 1359 in
418 1319 532 1358 eum
565 1300 738 1373 (Ibid.
771 1310 818 1354 et
844 1295 971 1371 12).
999 1297 1214 1352 Intuere
1257 1292 1598 1363 impudentiae
1633 1289 1826 1350 verba,
1858 1298 1912 1343 ct

327 1393 702 1449 excusationes
732 1386 1140 1444 incredulitatis.
1167 1384 1462 1441 Grandiora
1488 1382 1630 1448 fecit,
1657 1396 1816 1450 quam
1844 1380 1914 1433 sit

329 1485 622 1541 descensus
650 1482 718 1538 de
740 1495 918 1544 cruce,
945 1488 999 1534 et
1028 1493 1132 1533 non
1161 1474 1505 1531 crediderunt
1531 1490 1545 1527 :
1583 1483 1637 1527 et
1667 1486 1808 1525 nunc
1834 1469 1914 1523 di-

328 1585 491 1641 cunt,
522 1571 797 1629 Descende
830 1570 899 1626 de
937 1584 1131 1632 cruce,
1167 1576 1222 1622 et
1252 1565 1534 1621 credemus
1565 1566 1615 1618 in
1648 1573 1717 1617 te.
1751 1560 1913 1616 Multo

327 1667 502 1736 majus
527 1673 641 1720 erat
667 1646 934 1717 mortuum
969 1674 1192 1729 surgere
1213 1674 1277 1713 ex
1304 1656 1572 1726 sepulcro,
1606 1653 1781 1723 lapide
1809 1653 1909 1707 im-

329 1758 525 1829 posito,
554 1770 713 1827 quam
734 1753 1063 1810 descendere
1086 1751 1154 1807 de
1186 1764 1347 1806 cruce
1374 1767 1388 1803 :
1416 1749 1584 1803 multo
1606 1747 1777 1815 majus
1800 1758 1916 1801 erat

327 1848 740 1917 quatriduanum
787 1845 1046 1900 Lazarum
1085 1841 1267 1898 fasciis
1301 1840 1636 1903 involutum,
1671 1852 1772 1893 una
1792 1855 1912 1893 cum

332 1942 438 1994 illis
462 1939 692 1995 educere
719 1954 785 1993 ex
814 1945 1181 1992 monumento.
1226 1932 1412 1987 Vidisti
1439 1932 1682 1986 stultitim
1711 1932 1914 1987 verba?

327 2033 507 2089 vidisti
537 2032 759 2087 insania:
788 2026 1243 2100 magnitudinem?
1270 2025 1364 2080 sed
1384 2023 1662 2089 attendite,
1701 2037 1914 2090 unone»,

331 2125 637 2194 diligenter,
661 2129 720 2176 ut
737 2121 832 2177 Dei
861 2121 1174 2175 immensam
1214 2115 1595 2186 benignitatem
1620 2130 1915 2185 cognosca-

330 2215 399 2269 tis
429 2232 443 2269 :
488 2222 545 2268 et
584 2211 855 2283 quomodo
880 2209 968 2265 illa
998 2209 1111 2279 ipsa
1143 2222 1329 2262 eorum
1355 2205 1571 2261 vesania
1592 2247 1606 2271 ,
1632 2205 1877 2261 Christus
1898 2247 1914 2273 ,

327 2308 475 2363 velut
503 2308 785 2363 occasione
810 2305 881 2359 sit
917 2319 1045 2358 usus
1093 2302 1161 2358 ad
1201 2302 1431 2357 veniam.
1483 2298 1675 2364 Pater,
1714 2300 1915 2371 inquit,

330 2402 533 2471 ignosce
554 2399 660 2454 illis
680 2398 776 2452 hoc
798 2405 1053 2468 peccatum
1077 2410 1097 2449 :
1117 2411 1218 2448 non
1237 2393 1369 2448 enim
1391 2394 1556 2447 sciunt
1579 2392 1703 2466 quid
1723 2392 1917 2464 faciunt

333 2488 486 2559 (an.
514 2487 607 2543 25.
630 2488 742 2559 54).
774 2487 1000 2542 Tantum
1028 2499 1137 2540 non
1157 2484 1257 2539 hoc
1286 2483 1505 2548 indicat,
1536 2483 1640 2539 Per
1663 2499 1803 2554 quae,
1832 2483 1919 2538 in-

331 2581 469 2650 quit,
502 2577 815 2649 insipientes
834 2585 990 2641 sunt,
1019 2590 1115 2646 per
1135 2573 1323 2631 eadem
1354 2576 1638 2645 ignorant,
1667 2574 1810 2645 quod
1837 2574 1907 2628 fa-

334 2671 503 2725 ciunt.
535 2671 601 2724 Et
623 2670 697 2725 illi
726 2669 940 2739 quidem
970 2667 1237 2733 dicebant,
1265 2666 1326 2722 Si
1352 2666 1522 2721 Filius
1546 2665 1646 2721 Dei
1673 2684 1746 2733 es,
1776 2668 1918 2722 salva

334 2763 549 2832 teipsum
576 2759 788 2830 (Matth.
816 2758 906 2813 27.
929 2757 1045 2828 40).
1076 2757 1193 2828 Ipse
1220 2772 1350 2813 vero
1375 2757 1631 2823 elaborat,
1652 2755 1921 2827 quomodo

336 2853 461 2908 illos
481 2852 709 2906 salvaret
727 2890 742 2913 ,
778 2850 896 2905 illos
923 2852 1136 2919 inquam
1155 2890 1172 2915 ,
1202 2864 1231 2901 a
1259 2849 1452 2918 quibus
1477 2849 1762 2920 opprobria
1793 2865 1919 2921 per-

332 2943 666 3015 petiebatur,
708 2940 1048 3004 illudebatur,
1080 2949 1134 2993 et
1167 2939 1421 2994 conviciis
1456 2940 1918 3010 proscindebatur.

334 3035 546 3089 Dimitte
573 3034 698 3099 illis,
728 3030 931 3100 inquit,
964 3030 1059 3084 hoc
1090 3039 1349 3099 peccatum
1372 3044 1392 3084 .'
1421 3046 1524 3084 non
1561 3031 1694 3085 enim
1754 3031 1918 3086 sciunt

333 3124 457 3197 quid
483 3124 698 3195 faciunt.
728 3121 867 3190 Quid
893 3120 1057 3191 ergo?
1082 3136 1207 3174 num
1242 3119 1438 3175 dimisit
1470 3120 1576 3175 illis
1602 3132 1875 3191 peccatum
1896 3124 1922 3177 ?

339 3215 550 3271 Dimisit
573 3214 674 3280 eis,
698 3213 790 3284 qui
816 3211 1183 3282 pmnitentiam
1212 3210 1391 3266 subire
1416 3211 1679 3267 voluerint
1702 3229 1717 3265 :
1744 3213 1790 3267 si
1816 3229 1922 3267 non

335 3308 631 3363 remisisset
657 3305 764 3360 illis
796 3312 1105 3374 peccatum,
1148 3301 1348 3358 Paulus
1376 3318 1482 3357 non
1522 3302 1712 3358 fuisset
1751 3303 1925 3358 factus

335 3399 609 3471 apostolus
660 3414 676 3453 :
723 3396 768 3451 si
816 3410 923 3450 non
975 3393 1267 3449 remisisset
1312 3393 1421 3448 illis
1462 3404 1773 3463 peccatum,
1818 3409 1924 3450 non

338 3492 517 3547 statim
547 3489 648 3545 tria
674 3487 838 3543 millia
866 3497 919 3542 et
958 3485 1193 3557 quinque
1222 3484 1385 3539 millia
1415 3500 1588 3555 neque
1617 3485 1797 3539 multa:
1826 3485 1925 3541 Ju-

336 3584 575 3638 dzeorum
591 3579 857 3652 myriades
873 3587 1057 3650 postea
1073 3575 1444 3631 credidissent.
1474 3575 1612 3630 Audi
1633 3576 1775 3631 enim
1800 3576 1927 3646 quid

338 3674 569 3730 Jacobus
602 3670 953 3743 Jerosolymis
995 3668 1139 3723 dicat
1185 3667 1253 3722 ad
1286 3666 1510 3721 Paulum
1540 3685 1553 3720 :
1600 3665 1749 3721 Vides
1769 3709 1784 3733 ,
1815 3671 1925 3738 [ra-

338 3777 447 3829 ter,
520 3772 638 3834 quot
702 3763 864 3817 millia
924 3758 1226 3815 Iudaeorum
1268 3766 1421 3826 sunt,
1486 3759 1571 3829 qui
1608 3758 1928 3812 crediderunt

338 3857 476 3926 (Act.
505 3853 742 3927 21.20).

412 3946 672 4017 Frequens
695 3947 830 4000 circa
849 3944 1125 3998 orationem
1154 3958 1248 4013 pro
1277 3942 1494 3997 inimicis
1541 3942 1841 3997 admonitio.
1858 3972 1931 3983 —

346 4037 622 4092 Imitemur
643 4037 803 4106 igitur
824 4044 879 4089 et
904 4049 1002 4088 nos
1028 4033 1331 4096 Dominum,
1358 4042 1414 4088 et
1431 4049 1525 4102 pro
1547 4033 1775 4088 inimicis
1805 4049 1928 4102 pre-

343 4142 550 4181 cemur.
582 4125 711 4193 Quae
738 4124 851 4179 heri
879 4123 1081 4189 monui,
1104 4122 1414 4182 corumdem
1442 4131 1497 4179 et
1522 4139 1665 4179 nunc
1693 4140 1927 4179 commo-

344 4216 575 4284 nel‘acio,
605 4216 783 4271 sciens
808 4210 1061 4284 pra-clare
1091 4213 1215 4268 facti
1246 4212 1662 4281 magnitudinem
1682 4254 1699 4280 ,
1723 4214 1931 4268 imitare

345 4318 492 4361 tuum
525 4307 828 4361 Dominum.
857 4305 949 4359 Ille
969 4303 1396 4374 cruciﬁgebatur,
1420 4313 1475 4358 et
1498 4318 1594 4374 pro
1612 4304 1932 4375 cruciﬁgen-

346 4400 485 4454 tibus
511 4399 715 4453 orabat.
745 4399 812 4452 Et
839 4396 1109 4467 quomodo
1140 4411 1378 4465 possum,
1411 4398 1617 4467 inquis,
1653 4399 1930 4452 Dominum

345 4492 577 4546 imitari?
615 4489 671 4546 Si
716 4490 850 4545 velis
874 4532 889 4555 ,
917 4499 1070 4559 potes
1120 4506 1132 4542 :
1170 4488 1215 4542 si
1260 4487 1374 4543 ﬁeri
1421 4504 1527 4543 non
1557 4497 1773 4557 posset,
1824 4505 1930 4544 nun

342 4582 589 4644 dixisset,
619 4579 814 4634 Discite
833 4597 865 4631 a
903 4596 983 4633 me
1009 4578 1132 4650 quia
1159 4580 1294 4632 mitis
1316 4595 1428 4633 sum
1465 4589 1509 4632 et
1547 4579 1750 4632 humilis
1783 4582 1935 4634 corde

345 4674 563 4743 (Hatth.
588 4674 675 4728 11.
704 4672 800 4743 ‘29)
830 4691 843 4726 :
876 4672 922 4727 si
954 4672 1114 4725 homo
1139 4670 1335 4725 imitari
1367 4684 1472 4724 non
1502 4670 1792 4739 potuisset,
1826 4687 1929 4724 non

345 4768 567 4821 dixisset
603 4766 837 4820 I‘aulus:
881 4762 1174 4817 Imitatores
1216 4764 1312 4815 mei
1360 4772 1546 4828 estote,
1590 4762 1718 4815 sicut
1760 4773 1805 4816 et
1844 4780 1933 4834 ego

347 4857 537 4913 Christi
563 4856 638 4929 (I.
661 4855 782 4913 Cor.
809 4858 896 4911 11.
927 4856 1004 4923 1).
1024 4858 1286 4911 Caeterum
1303 4856 1348 4911 si
1379 4855 1517 4909 nolis
1536 4855 1730 4909 imitari
1751 4857 1932 4910 Domi-

347 4966 494 5013 num,
521 4948 727 5004 imitare
742 4963 1083 5014 conservum,
1107 4946 1435 5017 Stephanum
1455 4946 1598 5013 dico,
1622 4948 1711 5017 qui
1731 4948 1934 5018 primus

349 5041 591 5112 martyrii
632 5039 776 5096 fores
812 5041 1061 5109 aperuit:
1105 5040 1193 5095 ille
1226 5039 1508 5093 Dominum
1549 5038 1787 5093 imitatus
1829 5048 1929 5095 est.

346 5132 810 5200 Quemadmodum
856 5132 1000 5187 enim
1042 5131 1299 5186 Dominus
1339 5130 1476 5184 inter
1503 5144 1629 5194 eos,
1672 5145 1702 5184 a
1743 5130 1934 5200 quibus

342 5224 633 5279 cruciﬁxus
661 5220 863 5287 fuerat,
906 5237 1197 5291 suspensus
1228 5236 1324 5291 pro
1348 5219 1780 5289 cruciﬁgentibus
1807 5235 1931 5274 ora-

348 5318 468 5380 bat;
499 5313 583 5369 sic
621 5324 675 5368 et
715 5328 905 5369 servus
945 5313 1084 5368 inter
1107 5327 1237 5375 eos,
1283 5326 1313 5365 a
1344 5310 1536 5379 quibus
1578 5309 1931 5378 lapidabatur,

344 5405 685 5472 constitutus,
707 5415 760 5459 et
791 5404 860 5459 ab
878 5404 1025 5459 omni
1058 5403 1210 5458 turba
1240 5401 1502 5472 lapidibus
1523 5403 1787 5471 appetitus
1807 5442 1822 5468 ,
1854 5401 1934 5456 Ia-

345 5496 610 5568 pidesque
672 5495 809 5550 nivis
851 5495 1020 5550 instar
1048 5495 1312 5549 irruentes
1339 5493 1641 5562 excipiens,
1682 5493 1935 5564 neglectis

343 5588 436 5660 qui
479 5586 605 5643 inde
627 5588 938 5644 oriebantur
963 5586 1265 5651 doloribus,
1299 5585 1509 5640 dicebat
1538 5602 1551 5639 :
1594 5586 1814 5641 Domine
1834 5628 1850 5650 ,
1873 5603 1936 5641 ne

2020 371 2200 426 verbis
2231 370 2394 424 Filius
2440 379 2636 434 utatur,
2685 379 2738 425 et
2785 367 3052 439 quomodo
3094 380 3281 423 servus
3322 376 3441 423 oret
3470 385 3483 420 :
3517 365 3605 422 ille

2012 462 2161 527 dicit,
2183 460 2358 524 Pater,
2377 461 2570 514 dimitte
2592 460 2696 514 illis
2721 460 2816 514 hoc
2840 469 3135 530 peccatum;
3157 475 3257 512 non
3279 458 3415 513 enim
3441 456 3605 512 sciunt

2010 555 2134 620 quid
2161 555 2356 626 faciunt
2382 552 2537 626 (Luc.
2575 553 2668 608 25.
2700 552 2790 623 54)
2824 570 2836 605 :
2866 552 2953 606 hic
2979 551 3126 614 dicit,
3160 549 3243 604 Ne
3270 559 3467 604 statuas
3504 548 3606 603 illis

2015 655 2111 708 hoc
2137 665 2422 723 peccatum.
2457 651 2523 707 Et
2552 660 2611 706 ut
2638 648 2903 718 intelligas
2932 647 3045 702 haec
3072 648 3219 702 illum
3246 645 3528 715 diligenter
3555 654 3610 697 et

2014 755 2260 802 accurate
2285 761 2463 815 agere,
2494 759 2598 798 non
2644 742 2959 813 simpliciter
2985 740 3191 805 orabat,
3236 753 3410 809 neque
3438 735 3609 791 obiter

2019 850 2071 893 et
2093 839 2307 901 leviter,
2354 853 2524 907 neque
2552 844 2722 900 stans,
2754 833 2847 887 sed
2877 832 3063 901 positis
3088 830 3331 902 genibus,
3358 846 3481 886 cum
3509 827 3607 883 do-

2023 933 2139 987 lore
2167 941 2221 987 et
2249 927 2659 999 compunctione
2686 937 2740 981 et
2779 940 2901 980 cum
2930 924 3092 978 multa
3122 922 3607 977 commiseratione.

2023 1023 2114 1078 Vis
2147 1022 2236 1076 tibi
2266 1020 2544 1075 ostendam
2571 1028 2625 1075 et
2651 1018 2810 1073 alium
2838 1016 3091 1082 majorem
3120 1028 3437 1069 conservum
3465 1012 3610 1067 simi-

2016 1117 2142 1172 liter
2185 1128 2374 1185 preces
2427 1128 2522 1184 pro
2568 1109 2797 1167 inimicis
2842 1107 3190 1164 fundentem?
3232 1105 3355 1162 audi
3401 1105 3611 1160 beatum

2018 1208 2236 1263 Paulum
2270 1225 2284 1263 :
2316 1217 2595 1278 postquam
2641 1212 3031 1268 enumerasset,
3081 1210 3280 1271 quanta
3328 1208 3613 1271 perpessus

2016 1310 2195 1365 esset;
2229 1316 2350 1355 nam
2390 1300 2485 1364 ait,
2519 1296 2793 1365 Quinquies
2834 1294 3166 1367 quadraginta
3195 1309 3298 1347 una
3323 1293 3491 1346 minus
3521 1306 3613 1345 ac-

2017 1393 2149 1461 cepi,
2181 1401 2255 1445 ter
2290 1392 2443 1462 virgis
2484 1406 2644 1444 cassus
2688 1406 2821 1454 sum,
2873 1388 3025 1441 semel
3055 1386 3311 1457 lapidatus
3350 1400 3484 1448 sum,
3540 1392 3613 1436 ter

2026 1482 2354 1557 naufragium
2381 1482 2479 1552 feci
2506 1482 2583 1549 (2.
2614 1480 2732 1535 Cor.
2766 1482 2852 1535 11.
2883 1478 2971 1533 21.
2998 1478 3093 1547 25)
3123 1495 3138 1532 :
3168 1486 3222 1532 et
3248 1490 3368 1549 cum
3396 1488 3614 1544 percen-

2019 1577 2216 1630 suisset
2260 1583 2424 1628 totam
2472 1572 2616 1627 illam
2658 1572 2871 1636 seriem,
2912 1581 2966 1624 et
2993 1568 3207 1624 insidias
3234 1582 3366 1638 quas
3394 1565 3462 1621 ab
3485 1565 3613 1637 ipsis

2020 1664 2256 1735 quotidie
2286 1663 2602 1728 sustinebat,
2635 1661 2781 1716 addit
2806 1672 2859 1716 et
2888 1660 3001 1729 ipse
3033 1679 3046 1714 :
3079 1659 3329 1728 Optabam
3347 1659 3618 1711 anathema

2018 1772 2124 1809 esse
2150 1772 2181 1809 a
2207 1755 2405 1808 Christo
2429 1772 2523 1825 pro
2564 1752 2800 1824 fratribus
2830 1752 2972 1815 meis,
3017 1750 3241 1821 cognatis
3277 1750 3399 1803 meis
3440 1763 3616 1801 secun-

2019 1846 2140 1899 dum
2181 1862 2416 1911 carnem,
2456 1846 2542 1914 qui
2571 1853 2685 1897 sunt
2734 1842 2986 1897 Israelita:
3020 1840 3195 1910 (Rom.
3238 1840 3293 1896 9.
3324 1840 3400 1911 5).
3430 1839 3522 1895 Vis
3562 1850 3618 1894 et

2027 1936 2371 1991 aliosxidcrc
2400 1952 2505 1990 non
2546 1951 2608 1990 ex
2639 1948 2801 1999 nmo,
2829 1933 2922 1988 sed
2959 1948 3025 1987 ex
3070 1932 3234 1987 veleri
3279 1946 3492 2001 quoque
3514 1930 3617 1985 Teo

2024 2040 2327 2094 stamenlo,
2370 2028 2459 2098 qui
2507 2027 2648 2082 idem
2690 2024 2973 2081 factitant?
3014 2023 3163 2080 'I‘uuc
3201 2025 3343 2079 enim
3389 2025 3618 2079 maxime

2026 2119 2399 2175 admirandum
2427 2128 2528 2177 est.
2562 2116 2774 2187 quando
2800 2117 2897 2181 illi,
2929 2115 3122 2185 quibus
3146 2131 3251 2172 non
3280 2126 3363 2170 est
3387 2116 3619 2185 impera-

2024 2220 2135 2265 tum
2165 2209 2410 2264 inimicos
2435 2208 2673 2275 diligere,
2706 2207 2800 2263 sed
2838 2209 3052 2262 ccnlum
3082 2222 3177 2275 pro
3202 2205 3378 2272 oculo,
3410 2216 3464 2262 et
3487 2206 3618 2262 dcu-

2022 2311 2129 2356 tem
2156 2315 2251 2369 pro
2278 2300 2436 2354 dente
2469 2299 2662 2369 ejicere
2688 2298 2883 2368 (Exod.
2914 2298 3005 2353 2|.
3036 2296 3127 2353 2i.
3157 2297 3275 2370 9.5),
3303 2310 3358 2354 et
3386 2314 3483 2369 par
3503 2295 3621 2370 pari

2024 2392 2243 2457 referre,
2293 2390 2359 2445 ad
2398 2389 2702 2461 apostolica:
2736 2388 3077 2459 perfectionis
3103 2390 3315 2446 culmen
3361 2389 3618 2449 evadunt.

2030 2483 2169 2539 Audi
2201 2500 2349 2553 ergo,
2378 2482 2500 2553 quid
2532 2482 2675 2538 dicat
2706 2483 2935 2555 Moyses,
2963 2484 3121 2539 toties
3147 2498 3177 2537 a
3202 2481 3400 2538 Judmis
3427 2481 3618 2553 lapidi-

2025 2575 2126 2628 bus
2156 2574 2424 2644 appctitus
2450 2592 2462 2627 :
2493 2572 2554 2628 Si
2590 2573 2801 2627 dimittis
2842 2572 2946 2627 illis
2977 2583 3232 2643 peccatum
3252 2615 3268 2640 ,
3309 2574 3502 2627 dimitte
3531 2589 3553 2628 :
3577 2556 3639 2627 si.

2024 2683 2136 2721 vero
2165 2684 2286 2732 non,
2315 2665 2426 2721 dele
2450 2676 2496 2719 et
2536 2683 2616 2720 me
2656 2666 2721 2720 de
2761 2663 2910 2730 libro,
2955 2681 3104 2735 quem
3142 2664 3385 2735 scripsisti
3426 2663 3618 2733 (Exod.

2023 2759 2118 2814 32.
2150 2760 2238 2813 51.
2267 2758 2377 2828 52).
2405 2757 2571 2813 Vides
2594 2756 2885 2827 quemlibet
2905 2771 2967 2809 ex
2987 2755 3144 2825 justis
3172 2755 3400 2809 alienam
3423 2756 3620 2810 securi-

2026 2861 2188 2906 tatem
2221 2850 2573 2921 praeposuisse
2618 2848 2772 2904 sum?
2810 2846 2950 2903 Nihil
2979 2848 3206 2918 peccasti
3232 2864 3250 2913 ;
3279 2863 3375 2903 cur
3400 2848 3479 2903 vis
3503 2864 3622 2904 esse

2027 2943 2295 3013 particeps
2315 2942 2608 3013 supplicii?
2635 2942 2749 2997 Non
2777 2941 2973 3006 sentio,
3003 2941 3192 3011 inquit,
3219 2939 3549 3009 felicitatem,
3575 2941 3620 2996 si

2025 3035 2113 3090 alii
2156 3034 2314 3089 rebus
2339 3033 2579 3089 adversis
2618 3033 3008 3088 conﬂictentur.
3040 3032 3330 3087 Possumus
3355 3044 3535 3087 autem
3560 3045 3616 3087 et

2026 3128 2190 3181 alium
2232 3124 2468 3194 reperire
2492 3165 2507 3189 ,
2553 3124 2644 3194 qui
2685 3122 2917 3179 similem
2958 3121 3321 3193 precationem
3364 3121 3620 3177 instituat.

2028 3219 2158 3272 Data
2183 3217 2325 3272 enim
2366 3230 2531 3284 Opera
2559 3214 2724 3271 aﬁ‘ero
2751 3215 2915 3269 multa
2941 3213 3205 3284 exempla,
3233 3221 3293 3269 ut
3318 3214 3402 3269 vel
3430 3214 3508 3269 sic
3527 3228 3624 3268 nos

2030 3310 2177 3380 ipsos
2212 3309 2564 3379 corrigamus,
2594 3308 2851 3377 gravique
2880 3306 2982 3361 hoc
3010 3304 3198 3361 morbo
3225 3304 3458 3359 animam
3488 3304 3617 3360 libe-

2034 3416 2236 3468 remus,
2265 3414 2457 3471 nempe
2484 3416 2550 3453 ne
2577 3399 2716 3454 mala
2742 3399 3095 3470 imprecentur
3127 3397 3374 3452 inimicis.
3405 3395 3543 3452 Audi
3569 3405 3622 3451 et

2032 3493 2246 3549 beatmn
2275 3491 2548 3555 Davidem,
2576 3490 2702 3561 quid
2735 3490 2830 3555 ait,
2855 3491 2963 3544 Deo
2986 3489 3212 3554 irritato,
3242 3497 3297 3543 et
3318 3487 3428 3558 jam
3458 3487 3623 3542 misso

2030 3584 2218 3654 angelo
2244 3582 2334 3653 qui
2355 3581 2743 3636 multitudinem
2766 3580 2976 3650 puniret
2999 3597 3012 3634 :
3034 3578 3218 3634 videns
3236 3579 3479 3649 angelum
3502 3581 3623 3632 stri-

2031 3684 2119 3730 cto
2145 3675 2319 3745 gladio
2339 3674 2679 3739 instructum,
2706 3673 2975 3744 ictumque
2990 3672 3207 3743 jatnjam
3231 3674 3576 3727 intentantem
3606 3689 3620 3727 :

2034 3765 2167 3836 Ego,
2199 3765 2389 3836 inquit,
2416 3765 2504 3834 qui
2533 3775 2706 3834 pastor
2728 3780 2860 3828 sum,
2880 3763 3078 3834 peccavi
3109 3779 3129 3818 :
3156 3763 3229 3829 hi,
3255 3762 3342 3833 qui
3358 3777 3470 3816 oves
3484 3773 3621 3828 sunt,

2032 3856 2155 3924 quid
2184 3854 2451 3925 fecerunt?
2491 3853 2611 3908 Fiat
2638 3871 2814 3908 manus
2845 3864 2931 3907 tua
2972 3870 3123 3924 super
3155 3869 3252 3919 me,
3280 3863 3327 3907 et
3353 3869 3506 3923 super
3532 3852 3620 3906 do-

2034 3963 2170 4000 mum
2191 3946 2350 4017 patris
2370 3945 2468 3999 mei
2497 3944 2572 4013 (Ξ.
2607 3945 2734 4016 Reg.
2764 3944 2854 3999 24.
2885 3945 2997 4014 17).
3030 3943 3189 4000 Vides
3217 3943 3410 3999 iterum
3431 3940 3624 3998 similia

2034 4038 2296 4109 prmclare
2339 4036 2520 4092 facta?
2549 4037 2629 4090 vis
2654 4047 2708 4091 et
2733 4037 2897 4090 alium
2944 4035 3038 4091 tibi
3064 4034 3340 4090 ostendam
3384 4033 3523 4089 idem
3551 4033 3624 4088 fa-

2034 4128 2312 4184 cientem?
2340 4128 2553 4183 Samuel
2586 4127 2841 4198 propheta
2872 4143 2902 4180 a
2928 4127 3127 4182 Judacis
3155 4126 3345 4195 injuria
3375 4126 3621 4189 affectus,

2035 4226 2394 4289 contemptus,
2425 4219 2680 4288 rejectus,
2712 4229 2765 4272 et
2795 4227 2937 4273 tanta
2965 4218 3249 4289 ignominia
3281 4228 3491 4273 natatus
3517 4228 3621 4279 est,

2036 4320 2094 4365 ut
2120 4311 2259 4366 Deus
2288 4311 2402 4380 ipse
2431 4311 2480 4364 ei
2527 4309 2727 4380 aliquid
2755 4308 3132 4364 consolationis
3159 4308 3351 4362 afferre
3376 4308 3620 4362 voluerit.

2037 4404 2352 4469 Attendite,
2402 4420 2538 4469 oro,
2591 4404 2891 4473 diligenter.
2948 4402 3091 4457 Dixit
3150 4401 3293 4457 enim
3359 4399 3428 4457 ad
3476 4399 3624 4455 illum

2039 4496 2179 4549 Deus
2223 4512 2237 4547 :
2288 4492 2410 4547 Non
2457 4504 2504 4547 te
2549 4494 2857 4564 abjeccrunt,
2897 4492 2986 4546 sed
3030 4508 3110 4546 me
3155 4492 3231 4558 (ί.
3277 4490 3406 4562 Reg.
3437 4490 3492 4547 8.
3542 4490 3619 4559 7).

2038 4584 2174 4650 Quid
2228 4583 2390 4652 igitur
2437 4584 2561 4647 ille,
2615 4583 2740 4651 quid
2791 4583 3021 4652 rejectus
3064 4581 3271 4649 fuerat,
3319 4580 3621 4646 dedecore,

2037 4688 2343 4748 contemptu
2370 4716 2386 4741 ,
2433 4685 2487 4731 et
2534 4677 2723 4746 injuria
2775 4676 3032 4731 allectus?
3080 4675 3216 4730 Audi
3263 4673 3389 4743 quid
3438 4672 3621 4727 dicat:

2038 4767 2179 4821 Absit
2204 4777 2373 4819 autem
2401 4781 2433 4818 a
2452 4781 2531 4818 me
2562 4766 2657 4818 hoc
2686 4776 2945 4835 peccatum
2966 4766 3019 4818 in
3046 4761 3338 4829 Dominum,
3369 4774 3423 4817 ut
3442 4778 3626 4817 cessem

2039 4874 2185 4913 orare
2210 4873 2301 4928 pro
2325 4857 2460 4911 vobis
2487 4859 2565 4925 (1.
2603 4857 2730 4927 Reg.
2753 4857 2839 4910 12.
2870 4856 2961 4927 25)
2990 4874 3003 4910 :
3034 4866 3311 4926 peccatum
3338 4856 3627 4911 arbitratum

2038 4960 2122 5007 est
2146 4966 2250 5005 non
2281 4965 2435 5007 orare
2464 4965 2560 5018 pro
2587 4950 2833 5005 inimicis.
2880 4949 3031 5003 Absit
3055 4964 3085 5003 a
3112 4964 3226 5011 me,
3259 4949 3445 5018 inquit,
3474 4958 3532 5002 ut
3556 4948 3623 5002 ita

2041 5059 2255 5114 peccem
2278 5084 2292 5104 ,
2326 5052 2383 5095 ut
2409 5041 2647 5096 desinam
2678 5056 2773 5110 pro
2798 5039 2948 5094 vobis
2971 5054 3147 5094 orare.
3176 5038 3337 5094 Vides
3358 5040 3627 5109 quomodo

2040 5134 2263 5205 quilibet
2287 5150 2351 5187 ex
2374 5132 2534 5202 justis
2561 5133 2717 5200 hujus
2749 5132 3004 5201 praeclare
3034 5128 3158 5185 facti
3189 5130 3509 5201 singularem
3536 5146 3625 5186 cu.

2042 5241 2154 5280 ram
2178 5224 2444 5289 habuerit,
2474 5223 2679 5277 Domini
2704 5223 2935 5293 vestigiis
2957 5222 3247 5277 insistens?
3276 5222 3628 5277 ltesumamus

2041 5318 2200 5387 igitur
2224 5316 2290 5370 de
2316 5316 2522 5385 integro
2546 5330 2665 5385 qua:
2693 5314 2836 5370 dicta
2863 5324 3005 5370 sunt.
3040 5315 3297 5371 Dominus
3320 5315 3425 5370 ait:
3450 5313 3621 5373 Pater.

2043 5409 2234 5461 dimitte
2255 5407 2357 5461 illis
2379 5407 2473 5460 hoc
2498 5418 2755 5474 peccatum
2773 5420 2792 5458 :
2811 5420 2910 5458 non
2932 5405 3063 5458 enim
3082 5392 3265 5469 sciunt,
3287 5406 3411 5471 quid
3434 5408 3627 5479 faciunt

2042 5497 2195 5568 (Luc.
2219 5496 2311 5553 23.
2342 5498 2456 5567 54).
2472 5495 2772 5566 Stephanus
2797 5496 2960 5551 dixit:
2987 5496 3219 5564 Domine,
3239 5515 3302 5553 ne
3315 5508 3505 5554 statuas
3523 5497 3626 5552 illis

1996 5614 2007 5660 ξ
2042 5590 2135 5644 hoc
2169 5601 2422 5659 peccatum
2453 5588 2589 5660 (Act.
2620 5589 2673 5644 7.
2703 5588 2820 5659 59).
2870 5589 3067 5649 Paulus
3089 5592 3301 5648 dicebat
3328 5590 3625 5660 :-0ptabam

343 5654 539 5735 statuas
566 5680 668 5736 illis
695 5679 788 5735 hoc
818 5688 1074 5748 peccatum
1102 5679 1239 5748 (Act.
1267 5680 1319 5733 7.
1349 5678 1466 5749 59).
1497 5677 1705 5748 Vidisti,
1739 5680 1931 5750 quibus
1958 5692 1971 5733 ί
1998 5654 2019 5712 δ’
2043 5654 2311 5735 anathema
2357 5654 2471 5735 esse-
2502 5695 2533 5731 a
2578 5654 2784 5735 Christo
2820 5695 2913 5753 pro
2949 5682 3188 5754 fratribus
3231 5676 3371 5747 meis,
3399 5654 3630 5749 cognatis

685 5773 949 5832 Parant.
997 5774 1112 5832 Gn.
1162 5773 1213 5832 Χ
1229 5772 1383 5833 LIX.

3208 5771 3287 5833 26
