4062 6206
423 244 527 300 »ΗἹ

421 355 544 394 mets
568 341 837 395 “cundum
866 346 1067 387 carnem
1089 327 1262 400 (Rom.
1292 325 1347 383 9.
1377 325 1454 395 5).
1482 322 1691 393 Moyses
1716 318 1957 374 similiter
1988 333 2001 370 :

422 432 484 485 Si
509 430 715 485 dimittis
743 428 845 483 illis
878 433 1164 496 peccatum,
1195 420 1388 475 dimitte
1414 433 1433 472 :
1454 417 1499 471 si
1526 430 1639 469 vero
1662 430 1761 468 non
1780 453 1795 478 ,
1827 410 1938 465 dele
1961 419 2006 461 et

420 538 502 576 me
522 522 584 575 de
611 520 758 586 libro,
782 534 928 588 quem
953 514 1203 584 scripsisti
1228 510 1421 585 (Exod.
1450 507 1538 563 52.
1563 505 1677 577 ‘52).
1711 501 1873 559 David
1895 501 1968 554 ait
1991 518 2004 554 :

423 610 544 664 Fiat
575 624 753 663 manus
779 616 891 661 tuas
916 621 1067 675 super
1094 619 1189 668 me,
1213 611 1261 656 et
1293 615 1444 670 super
1479 597 1684 651 domum
1720 592 1875 663 patris
1914 591 2008 642 mei

425 701 503 770 (2.
533 701 659 771 Reg.
684 697 911 768 24.17).
951 695 1030 749 Ad
1070 692 1315 748 eumdem
1346 687 1561 743 modum
1587 683 1801 740 Samuel
1833 679 2009 744 :Absit

423 810 455 844 ιι
479 809 558 846 me
597 791 689 844 hoc
728 797 983 859 peccatum
1016 785 1071 837 in
1109 781 1414 842 Dominum,
1457 786 1510 830 ut
1537 790 1720 829 cessem
1744 787 1889 827 orare
1918 786 2008 841 pro

428 883 563 936 vobis
590 882 665 951 (ι.
700 880 827 950 Reg.
863 877 949 932 12.
977 874 1088 946 25).
1135 873 1304 940 Quam
1336 870 1496 940 igitur
1524 866 1730 922 veniam
1762 878 1858 919 nos
1883 877 2011 917 eon-

426 989 714 1044 sequemur
744 972 794 1024 in
824 979 1090 1040 posterum
1115 1007 1128 1031 ,
1161 978 1280 1020 cum
1307 962 1394 1032 qui
1421 960 1487 1016 de
1511 974 1649 1014 novo
1674 963 1818 1023 sunt,
1844 962 1897 1010 et
1923 954 2010 1023 qui

428 1067 496 1121 de
522 1063 687 1119 veteri
719 1061 1082 1125 Testamento,
1111 1068 1298 1111 omnes
1349 1067 1449 1108 nos
1496 1050 1774 1122 impellant
1794 1047 1860 1103 ad
1886 1046 2010 1108 hoc.

430 1167 486 1211 ut
517 1171 701 1227 preces
727 1168 825 1224 pro
856 1150 1083 1211 inimicis
1116 1147 1420 1213 fundamus,
1453 1146 1498 1200 si
1527 1159 1633 1199 non
1664 1143 1811 1223 omni
1839 1141 2013 1196 studio

429 1259 482 1302 et
508 1222 776 1316 diligentia
800 1244 903 1298 hoc
928 1249 1178 1314 prmstare
1198 1235 1492 1295 conemur?
1518 1235 1596 1290 Ne
1623 1222 1777 1304 igitur
1798 1241 2013 1287 cuncte-

432 1352 571 1400 mur,
602 1350 758 1404 rogo;
789 1348 893 1404 quo
921 1332 1061 1388 enim
1088 1331 1237 1400 plura
1268 1323 1834 1397 suppetuntexempla.
1865 1332 2012 1376 tanto

431 1429 601 1497 major
649 1425 804 1480 nohis
850 1422 1174 1494 impendebit
1218 1433 1398 1490 paena,
1434 1418 1476 1472 si
1522 1416 1717 1470 imitari
1762 1413 2012 1468 nolimus.

430 1519 593 1576 Multo
635 1518 775 1573 enim
820 1514 991 1585 majus
1028 1520 1111 1569 est
1145 1526 1244 1581 pro
1275 1509 1499 1564 inimicis
1524 1521 1699 1573 orare,
1731 1520 1889 1576 quam
1918 1516 2015 1572 pro

432 1609 649 1676 amicis;
695 1622 793 1663 nec
831 1615 1031 1661 tantam
1071 1602 1225 1658 nobis
1267 1601 1370 1656 fert
1407 1598 1688 1653 utilitatem
1719 1596 1889 1651 oratio
1920 1609 2015 1663 pro

433 1700 644 1764 amicis,
678 1704 925 1768 quantam
952 1694 1122 1749 oratio
1149 1707 1244 1763 pro
1271 1688 1518 1767 inimicis;
1568 1686 1706 1742 Audi
1743 1684 2015 1741 Christum

434 1790 700 1845 dicentem
735 1800 750 1835 :
784 1786 840 1841 Si
872 1785 1080 1856 diligitis
1125 1799 1239 1848 eos,
1280 1781 1363 1850 qui
1388 1774 1481 1834 υοιί
1500 1777 1857 1847 άίΙίῃιιηι,ᾳιιιε
1884 1774 2016 1829 vobis

438 1884 621 1922 merces
646 1867 780 1921 erit?
804 1881 968 1921 nonne
993 1874 1038 1918 et
1066 1864 1321 1934 publicani
1357 1864 1452 1917 hoc
1487 1865 1681 1936 faciunt
1715 1865 1927 1935 (Matth.
1958 1866 2012 1921 5.

438 1960 558 2032 ιδῃ
583 1959 637 2015 Si
662 1958 822 2029 igitur
849 1972 944 2026 pro
973 1954 1154 2010 amicis
1179 1968 1395 2010 oremus
1417 1995 1432 2020 ,
1462 1954 1696 2009 nondum
1726 1954 2016 2025 publicanis

442 2050 691 2105 meliores
717 2061 899 2103 sumus
924 2044 1095 2102 eﬂ'ecti
1123 2063 1135 2098 :
1160 2053 1213 2098 at
1240 2060 1357 2098 cum
1389 2044 1627 2099 inimicos
1654 2044 1937 2115 diligimus,
1966 2054 2018 2098 et

441 2162 537 2215 pro
566 2144 792 2199 inimicis
821 2156 1056 2207 oramus,
1088 2141 1196 2196 Deo
1223 2139 1424 2195 similes
1445 2139 1704 2194 efficimur
1724 2181 1737 2202 ,
1764 2147 2016 2209 quantum

440 2239 651 2311 quidem
679 2237 922 2292 humanae
949 2242 1149 2289 natura:
1188 2231 1267 2287 fas
1304 2243 1405 2287 est.
1450 2230 1609 2285 Eritis
1633 2232 1794 2292 enim,
1826 2231 2014 2299 inquit,

442 2329 628 2383 similes
657 2326 832 2381 Patris
854 2326 1000 2379 uestri
1020 2367 1036 2391 ,
1066 2324 1151 2394 qui
1178 2322 1229 2376 in
1251 2321 1385 2376 cwlis
1415 2331 1518 2386 est,
1549 2323 1666 2391 quia
1692 2320 1846 2374 solem
1874 2336 2019 2373 suum

442 2420 563 2475 oriri
592 2419 710 2490 facit
740 2432 891 2484 super
916 2416 1068 2469 bonos
1094 2426 1138 2467 et
1170 2414 1345 2475 malos,
1371 2424 1415 2465 et
1442 2413 1570 2481 pluit
1598 2428 1746 2481 super
1771 2412 1941 2480 justas
1977 2420 2021 2463 et

394 2544 406 2556 ς
444 2513 656 2583 injustas
686 2507 910 2581 (Matth.
940 2507 992 2562 5.
1026 2504 1153 2577 45).
1187 2504 1317 2560 Cum
1348 2504 1505 2573 igitur
1532 2511 1586 2558 et
1608 2518 1633 2555 a
1665 2503 1889 2557 Domino
1915 2511 1967 2554 et
1993 2520 2021 2553 a

445 2601 618 2657 servis
647 2599 887 2666 exempla
928 2597 1081 2652 nobis
1117 2595 1609 2661 subministrentur,
1637 2595 1949 2648 miliulemnr
1972 2603 2025 2646 et

446 2691 623 2759 reipsa
645 2689 893 2742 virtutem
921 2686 1057 2740 hanc
1099 2696 1411 2753 praestemus
1440 2703 1454 2739 :
1482 2695 1536 2739 ut
1562 2685 1720 2740 etiam
1751 2684 1894 2754 digni
1926 2684 2023 2737 lm-

448 2783 667 2836 heamur
702 2777 952 2848 consequi
992 2791 1214 2846 regnum
1243 2775 1476 2840 caeleste,
1507 2784 1560 2830 et
1594 2775 1660 2830 ad
1689 2774 2023 2829 metuendam

448 2874 584 2927 hanc
626 2884 861 2925 mensam
906 2869 1109 2938 majore
1138 2882 1258 2922 cum
1288 2867 1529 2922 libertate
1563 2867 1899 2932 accedamus,
1929 2883 2025 2921 ex—

448 2976 664 3035 purgatu
698 2962 907 3032 propria
933 2960 1253 3015 conscientia
1275 3000 1288 3022 ,
1320 2960 1685 3028 promissaque
1733 2960 1866 3014 bona
1917 2958 2027 3012 adi-

450 3058 737 3127 piscamur,
781 3055 948 3124 gratia
996 3063 1049 3107 et
1091 3052 1411 3122 benignitate
1461 3052 1663 3106 Domini
1707 3053 1869 3104 nostri
1900 3050 2023 3105 Jesu

448 3143 669 3208 Christi,
699 3157 817 3197 cum
851 3157 955 3212 quo
978 3140 1122 3195 Patri
1152 3140 1306 3194 simul
1334 3181 1348 3206 ,
1381 3150 1434 3194 et
1458 3150 1642 3193 Sancto
1667 3141 1884 3210 Spiritui
1916 3143 2025 3210 glo-

449 3238 551 3303 ria,
580 3234 831 3302 potentia,
866 3234 1057 3295 honor,
1087 3247 1225 3286 nunc
1268 3241 1321 3285 et
1362 3247 1607 3302 semper,
1643 3243 1694 3285 et
1739 3233 1790 3285 in
1837 3234 2026 3285 szrcnla

453 3325 789 3381 sta-culorum.
816 3328 1007 3381 Amen.

963 232 1022 289 S.
1062 229 1340 289 JOANNIS
1378 228 1847 288 CHRYSOSTOMI
1885 227 1973 282 DE
2013 227 2244 286 GRUCE
2282 226 2368 279 ET
2415 224 2732 279 LATRONE
2773 223 3051 280 IIOMILIA
3092 220 3154 278 ll.

3561 212 3662 270 ns

2098 313 2317 384 σάρκα.
2363 312 2421 365 '0
2455 310 2694 380 Μωῦσῆς
2739 308 2970 379 ὁμοίωςο
3014 308 3084 361 El
3115 302 3234 375 μὲν
3269 302 3432 373 ἀφῇς
3479 303 3679 367 αὐτοῖς

2099 400 2211 468 τὴν
2235 397 2549 468 ἁμαρτίαν,
2580 394 2758 464 ἄφες·
2783 395 2837 447 εί
2860 391 2927 445 δὲ
2950 389 3059 461 μὴ,
3083 390 3238 461 κάμὲ
3258 390 3587 459 causam».
3613 389 3681 443 ἐκ

2102 481 2211 551 τῆς
2239 481 2459 545 ,ϐίϐλου
2484 475 2559 550 ἧς
2579 478 2867 548 ἔγραψας.
2904 475 2962 528 'U
2996 473 3160 529 Δαυῒδ
3194 473 3376 544 λέγει·
3406 473 3685 528 Γενέσθω

2102 570 2138 637 ἡ
2166 567 2294 637 χείρ
2318 581 2435 620 σου
2464 564 2556 618 ἐπ’
2582 562 2707 632 ἐμὲ,
2733 560 2832 616 καὶ
2857 561 2955 614 ἐπὶ
2994 559 3102 614 τὸν
3125 556 3296 614 οἷκον
3326 558 3436 613 τοῦ
3464 555 3687 626 πατρὸς

2098 669 2237 722 μου.
2292 651 2350 703 '0
2395 647 2646 718 Σαμουὴλ
2675 645 2971 709 ὡσαύτωςθ
3021 643 3186 712 Ἐμοὶ
3230 643 3298 696 δὲ
3330 640 3418 713 μὴ
3457 641 3688 711 γένοιτο

2104 733 2387 805 ἁμαρτεῖν
2448 730 2557 784 τοῦ
2625 727 2928 784 διαλιπεῖν
2993 726 3486 796 προσευχόμενον
3534 723 3689 793 ὑπὲρ

2104 818 2288 887 ὑμῶν.
2316 816 2482 877 Ποίας
2509 808 2603 867 οὖν
2632 812 2893 884 τύχοιμεν
2922 812 3084 882 ἡμεῖς
3120 808 3451 879 συγγνώμης
3480 806 3685 871 λοιπὸν,

2104 901 2213 955 τῶν
2245 900 2353 956 ἀπὸ
2381 899 2480 968 τῆς
2508 897 2738 966 Καινῆς,
2769 894 2879 949 τῶν
2912 894 3021 950 ἀπὸ
3048 895 3149 965 τῆς
3190 892 3457 956 Παλαιᾶς,
3500 891 3690 961 ὥσπερ

2107 983 2326 1038 πάντων
2366 984 2514 1052 ἡμᾶς
2566 979 2851 1034 ὠθούντων
2895 979 2974 1041 είς
3006 977 3104 1048 τὴν
3158 975 3300 1047 ὑπὲρ
3338 975 3446 1028 τῶν
3481 972 3690 1045 ἐχθρῶν

2107 1067 2289 1139 εὐχὴν,
2324 1067 2372 1118 εί
2409 1067 2482 1136 μὴ
2530 1064 2668 1135 μετὰ
2699 1063 2880 1131 πάσης
2922 1060 3162 1130 σπουδῆς
3196 1059 3356 1113 τοῦτο
3392 1055 3692 1127 κατορθοῦν

2109 1151 2517 1220 σπουδάσομεν;
2581 1146 2667 1218 Μὴ
2710 1145 2889 1198 τοίνυν
2932 1143 3307 1217 ρᾳθυμῶμεν,
3367 1140 3690 1213 παρακαλῶ.

2110 1239 2261 1308 Ὀσῳ
2292 1236 2401 1308 γὰρ
2431 1233 2650 1287 πλείονα
2670 1230 2740 1284 τὰ
2763 1228 3204 1303 παραδείγματα,
3228 1225 3486 1296 τοσούτῳ,
3513 1225 3580 1279 ἂν
3619 1222 3694 1296 μὴ

2113 1317 2504 1392 μιμησώμεθα,
2563 1314 2763 1387 μείζων
2801 1316 2834 1384 ἡ
2877 1313 3122 1376 κόλασις.
3175 1311 3319 1365 Πολὺ
3355 1311 3462 1381 γὰρ
3510 1308 3695 1392 μεῖζον

2111 1390 2226 1457 ἐστι
2262 1402 2323 1455 τὺ
2359 1401 2499 1471 ὑπὲρ
2527 1399 2638 1453 τῶν
2667 1396 2879 1470 ἐχθρῶν
2905 1395 3182 1467 εὕχεσθαι,
3215 1394 3248 1465 ἦ
3282 1393 3421 1462 ὑπὲρ
3462 1392 3573 1445 τῶν
3606 1390 3696 1459 φί-

2109 1486 2244 1540 λωντ
2290 1485 2388 1555 οὐχ
2431 1485 2604 1547 οὕτως
2659 1483 2806 1553 ἡμᾶς
2836 1478 3039 1549 ὠφελεί
3089 1479 3150 1531 τὸ
3179 1478 3319 1548 ὑπὲρ
3360 1475 3469 1529 τῶν
3525 1474 3697 1544 φίλων

2112 1568 2386 1641 εὔχεσθαι,
2413 1567 2487 1630 ὡς
2519 1567 2581 1619 τὸ
2608 1564 2750 1637 ὑπὲρ
2780 1563 2891 1617 τῶν
2931 1561 3164 1634 ἐχθρῶν.
3193 1562 3393 1614 ’Λκουε
3426 1557 3519 1613 τοῦ
3558 1557 3696 1629 Χριο

2116 1654 2243 1708 στοῦ
2267 1652 2517 1721 λέγοντος
2535 1669 2549 1683 ·
2589 1650 2729 1704 Ἐὰν
2767 1645 3121 1717 ἀγαπήσητε
3158 1644 3300 1710 τοὺς
3336 1641 3701 1712 ἀγαπῶντας

2117 1734 2290 1807 ὑμᾶς,
2317 1734 2458 1789 ποία
2480 1733 2622 1804 ὑμῖν
2641 1731 2813 1802 χάρις
2840 1730 3044 1793 ἐστίν;
3068 1728 3206 1798 οὐχί
3236 1728 3332 1782 καὶ
3357 1731 3411 1781 oi
3441 1724 3697 1781 τελῶναι

2119 1820 2183 1875 τὸ
2209 1819 2358 1874 αὐτό
2403 1818 2722 1881 ποιοῦσιν-ε
2757 1816 2926 1871 Ὅταν
2966 1814 3143 1870 τοίνυν
3184 1813 3326 1883 ὑπὲρ
3380 1810 3491 1866 τῶν
3524 1808 3699 1878 φίλων

2112 1903 2419 1976 εὐξώμεθα,
2450 1900 2664 1954 οὐδέπω
2689 1899 2800 1954 τῶν
2826 1899 3073 1954 τελωνῶν
3127 1899 3379 1969 γινόμεθα
3414 1899 3698 1968 βελτίους·

2126 1990 2222 2044 ἐὰν
2246 1988 2304 2042 δὲ
2324 1988 2450 2051 τοὺς
2475 1985 2703 2057 ἐχθροὺς
2724 1982 3163 2054 φιλήσωμεν,κα“ι
3188 1981 3329 2055 ὑπὲρ
3351 1981 3459 2037 τῶν
3484 1981 3700 2054 ἐχθρῶν

2112 2070 2419 2144 εὐξώμεθα,
2453 2072 2628 2140 ὅμοιοι
2676 2067 2937 2137 γινόμεθα
2986 2065 3061 2137 τῷ
3109 2065 3229 2137 Θεῷ
3275 2066 3417 2121 κατὰ
3465 2066 3696 2138 δύναμιν

2111 2157 2482 2230 ἀνθρωπίνην.
2512 2154 2766 2206 Ἕσεσθε
2813 2149 2943 2222 γὰρ,
2984 2151 3168 2220 φησίν,
3200 2150 3389 2220 ὅμοιοι
3432 2150 3540 2206 τοῦ
3580 2155 3697 2206 Πα-

2112 2241 2250 2309 τρός
2279 2239 2445 2309 ὑμῶν
2465 2238 2569 2291 τοῦ
2596 2236 2665 2290 ἐν
2701 2233 3000 2302 οὐρανοῖς,
3029 2233 3118 2287 ὅτι
3151 2234 3258 2287 τὸν
3288 2234 3469 2303 ἥλιον
3506 2235 3696 2290 αὐτοῦ

2112 2322 2430 2380 ἀνατέλλει
2459 2321 2556 2373 ἐπὶ
2592 2316 2896 2386 πονηροὺς
2923 2317 3019 2371 καὶ
3050 2317 3330 2387 ἀγαθοὺς,
3359 2320 3456 2372 καί
3485 2318 3696 2388 βρέχει

2111 2406 2212 2461 ἐπὶ
2255 2405 2528 2471 δικαίους
2554 2404 2652 2456 καὶ
2681 2401 2948 2466 ἀδίκους.
2988 2400 3158 2455 Ὅταν
3187 2396 3280 2455 οὖν
3329 2401 3421 2455 καὶ
3461 2401 3569 2454 ἀπὸ
3598 2400 3692 2453 τοῦ

2114 2495 2408 2558 Δεσπότου,
2433 2494 2527 2545 καί
2556 2490 2664 2543 ἀπὸ
2694 2489 2804 2542 τῶν
2850 2487 3049 2542 δούλων
3075 2487 3287 2559 ἔχωμεν
3322 2488 3392 2541 τὰ
3430 2488 3691 2560 παραδεί-

2112 2601 2320 2656 γματα,
2359 2580 2713 2652 ζηλὼσωμεν.
2753 2577 3188 2650 κατορθώσωμεν
3219 2578 3315 2650 τὴν
3343 2578 3545 2650 ἀρετήν
3565 2594 3578 2607 ·
3608 2578 3694 2632 ἵνα

2112 2668 2205 2720 καὶ
2251 2667 2351 2737 τῆς
2386 2663 2665 2735 βασιλείας
2691 2660 2802 2715 τῶν
2831 2659 3073 2731 οὐρανῶν
3104 2662 3371 2732 ἐπιτυχεῖν
3417 2659 3691 2725 καταξιω·

2112 2752 2316 2823 θῶμεν,
2349 2749 2443 2803 καὶ
2470 2750 2535 2819 τῇ
2568 2750 2768 2819 φρικτῇ
2805 2745 2975 2816 ταύτῃ
3005 2745 3249 2817 τραπέζῃ
3280 2744 3419 2817 μετὰ
3444 2744 3690 2809 πλείονος

2111 2836 2211 2906 τῆς
2234 2832 2547 2906 παρρησίας
2574 2846 2624 2895 τι,
2655 2831 2715 2883 τὸ
2757 2829 2997 2895 συνειδὸς
3028 2829 3228 2882 ἑαυτῶν
3256 2829 3688 2900 ἐκκαθάραντες.

2113 2918 2207 2971 καὶ
2229 2916 2336 2971 τῶν
2381 2913 2807 2991 ἐπηγγελμένων
2846 2912 3067 2981 ἀγαθῶν
3098 2910 3439 2983 ὲπιτύχωμεν
3461 2953 3477 2976 ,
3501 2912 3691 2991 χάριτι

2114 3001 2205 3054 καὶ
2233 2997 2614 3070 φιλανθρωπίᾳ
2638 2996 2734 3051 τοῦ
2769 2988 2978 3068 ’Κυρίου
3009 2995 3167 3067 ἡμῶν
3216 2995 3394 3066 Ἰησοῦ
3431 2988 3688 3068 Χριστοῦ,

2116 3085 2235 3155 μεθ’
2266 3076 2326 3137 οὗ
2370 3081 2448 3154 τῷ
2493 3081 2690 3150 Πατρὶ,
2725 3080 2842 3151 ἅμα
2898 3080 2976 3151 τῷ
3006 3079 3147 3151 ἁγίῳ
3193 3078 3491 3149 Πνεύματι,
3540 3080 3688 3144 δόξα.

2112 3167 2334 3238 κράτος,
2368 3164 2524 3236 τιμὴ,
2557 3163 2652 3218 νῦν
2686 3164 2781 3218 καὶ
2812 3164 2920 3231 ἀεὶ,
2953 3164 3045 3218 καί.
3078 3166 3155 3229 εἰς
3185 3163 3313 3227 τοὺς
3359 3162 3558 3227 αἰῶνας
3580 3163 3689 3217 τῶν

2112 3249 2345 3305 σίώνων.
2402 3248 2593 3320 Ἀμήν.

519 3431 544 3459 ⁸
574 3429 689 3477 Post
732 3426 994 3490 παρρησίας
1026 3422 1302 3473 addendum
1332 3422 1525 3473 videtur
1560 3425 1920 3487 προσέλθωμεν,
1959 3433 2015 3470 ve

2110 3411 2185 3465 uid
2202 3412 2386 3460 simile.

1488 3760 1662 3817 FINIS
1702 3760 1863 3815 ΤΟΜΙ
1910 3753 2427 3822 QUADRAGESIMI
2465 3758 2647 3816 NONI.

990 5662 1324 5771 7669
1383 5737 1386 5746 ι
1452 5667 1693 5776 008

2149 5591 3665 5630 _________________________

2415 5634 2656 5692 Parisiis.
2688 5670 2759 5682 —
2789 5640 2865 5698 Ex
2902 5643 2945 5697 Τ
2950 5645 3068 5714 ypis
3099 5644 3243 5703 J.-P.
3277 5649 3513 5708 “IGNE.
