4036 6218
1002 484 1009 489 λ
1158 408 2620 547 PROLEGOMENA.

326 729 841 817 NOTITIA
911 715 2326 810 HISTORICO-LITTERARIA
2401 715 2518 800 IN
2596 721 2686 802 J.
2742 715 3435 804 CASSIANUM.

1240 895 1896 967 (Schwuemanniliiblioth.
1919 893 2098 959 Lipsiae
2121 894 2261 956 1794,
2289 903 2406 947 tom.
2434 896 2524 962 ll.)

1651 1047 2121 1088 4.9—».-

747 1151 976 1213 CAPUT
1018 1148 1309 1209 PRIMUM.

704 1292 825 1347 Vita
864 1291 1086 1346 Joannis
1125 1285 1376 1344 Cassiani.

304 1426 564 1499 Vulgaris
607 1434 694 1481 est
733 1425 957 1496 Opinio,
1004 1422 1127 1476 nixa
1177 1416 1502 1474 auctoritate
1553 1408 1837 1474 Gcnnadii,

228 1520 552 1577 Cassianum
603 1533 669 1574 ex
718 1516 945 1589 Scythia
991 1515 1247 1575 mitiore,
1297 1522 1404 1563 una
1442 1522 1509 1561 ex
1554 1503 1841 1575 provinciis

227 1615 503 1679 Thracae,
537 1613 709 1669 fuisse
740 1611 1061 1667 oriundum.
1116 1608 1369 1660 Attamen
1408 1596 1694 1656 recentiori
1723 1610 1838 1651 aivo

229 1707 457 1764 luerunt
482 1706 587 1761 viri
618 1703 768 1760 docti
789 1743 805 1768 ,
837 1700 932 1772 qui
957 1693 1291 1769 argumentis
1322 1692 1456 1747 haud
1484 1697 1837 1745 contemnen-

231 1801 355 1865 dis,
381 1799 693 1869 praesertim
724 1795 796 1849 ab
816 1791 1126 1849 amoenitate
1145 1798 1197 1843 et
1218 1785 1506 1850 fertilizate,
1534 1797 1695 1854 quam
1726 1779 1843 1848 ipse

232 1892 299 1946 in
349 1890 528 1959 patria
570 1888 820 1950 extollit,
865 1886 1103 1953 itemque
1132 1881 1326 1951 lingua:
1367 1878 1570 1933 Latinae
1595 1888 1757 1942 quam
1786 1873 1839 1926 in

234 1981 466 2050 scriptis
495 1980 675 2051 prodit
703 1977 971 2048 elegantia
1002 1976 1202 2040 ductis,
1232 1970 1655 2030 contenderunt,
1691 1977 1843 2021 nata-

226 2077 318 2133 les
346 2074 468 2145 ejus
492 2073 559 2128 ad
586 2071 816 2129 Galliam
842 2080 896 2126 et
921 2070 975 2124 in
1008 2069 1191 2139 spccie
1230 2065 1569 2122 Provinciam
1599 2076 1723 2117 esse
1750 2073 1840 2114 re-

225 2166 511 2226 ferendas.
565 2162 837 2232 Quidquid
890 2176 1078 2217 verum
1136 2160 1251 2225 sit,
1292 2157 1362 2211 ab
1416 2156 1638 2210 ineunte
1682 2159 1842 2206 aetate

225 2262 422 2334 (natus
448 2269 630 2313 autem
662 2256 904 2313 creditur
927 2256 1074 2309 circa
1103 2268 1303 2307 annum
1328 2251 1435 2307 350
1457 2258 1551 2303 aut
1577 2246 1727 2317 360),
1755 2247 1839 2300 itt-

224 2363 444 2410 certum
493 2364 604 2422 quo
641 2357 840 2420 pacto,
891 2346 1034 2416 apud
1080 2347 1375 2400 mattacltos
1408 2341 1745 2405 Palmstinat,
1787 2339 1839 2392 in

224 2443 575 2501 monasterio
611 2440 872 2513 quodam,
902 2438 1045 2508 quod
1092 2436 1409 2493 Betltleltem
1451 2433 1727 2497 audiebat,
1761 2431 1843 2485 di-

227 2549 399 2593 verso
427 2534 522 2590 illo
546 2541 729 2588 tamen
757 2532 828 2586 ab
857 2528 1281 2599 Hieronymiano
1309 2525 1554 2596 ejusdem
1580 2522 1836 2589 nominis,
1872 2523 1918 2582 Β

227 2627 380 2699 quod
405 2627 585 2681 serius
605 2623 703 2679 fuit
730 2630 1088 2685 exstructum,
1110 2621 1371 2676 educatus
1397 2617 1580 2685 ibique
1610 2617 1841 2685 pritttmn
1884 2642 1889 2647 ~

226 2718 526 2789 religionis
550 2713 874 2771 Christianae
912 2713 1181 2769 doctrinis
1221 2712 1461 2767 imbutus
1490 2720 1595 2765 est.
1644 2708 1845 2762 Nactus

230 2822 420 2867 autem
453 2808 720 2873 sodalem,
745 2820 976 2878 quocum
1005 2803 1431 2860 familiarissime
1456 2801 1693 2867 vivebat,
1711 2798 1846 2854 Ger-

231 2918 463 2959 manum
496 2899 714 2955 ttomine
740 2939 757 2965 ,
788 2910 1215 2954 cottterraneum
1247 2894 1527 2957 eumdem,
1556 2890 1842 2946 consilium

233 3009 368 3049 cum
400 3007 475 3047 eo
504 2990 627 3044 imit
649 2990 1008 3045 aoacboretas
1032 2990 1087 3041 in
1112 3000 1300 3046 eremo
1324 2982 1511 3054 Scytbi
1543 2988 1618 3052 (ιι)
1645 2979 1847 3036 consti-

234 3099 401 3145 tutos
433 3083 818 3140 circumeundi.
866 3081 1193 3150 Susceptum
1236 3087 1323 3133 est
1359 3075 1584 3131 arduum
1616 3073 1719 3128 hoc
1745 3072 1848 3128 iter

233 3197 397 3237 anno
420 3178 641 3235 circiter
670 3175 795 3233 390.
832 3175 1200 3230 Penetrabattt
1225 3170 1291 3225 ad
1333 3168 1588 3224 interiora
1619 3164 1849 3220 Thebai-

234 3274 328 3329 dis
370 3285 424 3326 et
473 3282 679 3339 septem
729 3269 973 3337 integros
1018 3279 1193 3319 annos
1241 3263 1385 3318 inter
1427 3260 1680 3315 horridos
1724 3257 1847 3312 illos

229 3374 471 3422 sanctos
494 3360 808 3431 exigebant.
850 3356 1026 3426 Quid’
1054 3355 1197 3426 quod
1228 3352 1419 3409 eodem
1444 3367 1552 3422 quo
1582 3351 1635 3405 in
1662 3364 1851 3405 mona-

231 3456 477 3513 sterium
502 3453 706 3508 reversi
726 3458 881 3506 erant
900 3462 1045 3503 anno
1065 3444 1238 3518 (397),
1266 3446 1446 3500 denuo
1473 3459 1535 3499 se
1561 3441 1851 3510 profectio-

235 3551 293 3605 ni
329 3547 429 3603 isti
462 3544 860 3601 commiserunt
885 3550 942 3596 et
975 3542 1030 3595 iit
1060 3540 1203 3595 tristi
1232 3537 1328 3594 iilo
1354 3546 1623 3594 terrarum
1653 3536 1851 3606 angulo

235 3641 313 3698 ad
372 3654 579 3693 annum
608 3650 782 3706 usque
827 3632 935 3690 ιοο
974 3631 1323 3687 delitueruttt.
1367 3629 1587 3686 Iudices
1626 3643 1755 3699 ergo
1782 3643 1851 3683 an

236 3730 456 3804 injuria
483 3728 733 3783 eremitte
762 3739 963 3780 nomen
985 3721 1274 3779 Cassianus
1294 3720 1454 3776 lerat.

316 3824 548 3879 Relicto
573 3822 771 3877 iterum
798 3818 1039 3881 deserto,
1083 3816 1375 3870 Cassianus
1400 3828 1522 3869 cum
1557 3812 1726 3866 sodali
1753 3826 1853 3866 suo

238 3913 791 3982 Constantitmpolim
832 3908 1224 3981 proﬁciscitur,
1255 3906 1450 3962 Joanni
1473 3904 1862 3977 Cltrysnstomo
1884 3902 1932 3964 C.

238 4010 508 4065 adhaeret
558 4006 628 4059 ab
677 4017 853 4073 eoque
897 4000 1115 4056 diaconi
1167 4014 1395 4055 tnunere
1447 4008 1689 4054 ornatur.
1736 3995 1860 4052 Mox

244 4105 342 4159 ubi
390 4101 490 4157 ille
520 4114 549 4154 a
582 4096 918 4169 perditorum
967 4095 1245 4150 hominum
1296 4093 1451 4148 turba
1491 4092 1559 4148 de
1604 4093 1734 4147 sede
1761 4108 1859 4146 sua

245 4207 409 4257 esset
450 4196 704 4265 dejectus
729 4235 745 4260 ,
790 4191 913 4259 ejus
954 4204 1117 4244 causa
1168 4186 1242 4259 (a.
1271 4187 1396 4259 405)
1443 4202 1565 4242 cttm
1597 4186 1862 4256 legatione

246 4288 410 4345 Cleri
432 4279 1025 4350 Constantinopolltani
1050 4278 1115 4333 ad
1141 4278 1512 4333 Innocentium
1540 4278 1733 4331 missus
1755 4287 1858 4331 est.

252 4383 337 4438 Ex
373 4379 472 4435 illo
502 4392 634 4433 vero
660 4389 904 4444 tempore
935 4373 1001 4426 ad
1032 4386 1234 4425 annum
1268 4369 1438 4425 ferme
1480 4369 1617 4433 lilii.
1655 4385 1865 4425 memo-

252 4473 335 4529 ria
367 4472 499 4540 ejus
524 4468 578 4523 in
602 4467 835 4522 obscuro
862 4475 966 4520 est.
1004 4463 1145 4520 Sunt
1169 4462 1262 4531 qui
1291 4464 1340 4516 in
1376 4461 1651 4516 Orientem
1684 4475 1866 4517 rever-

248 4582 385 4623 sum
414 4578 543 4618 eum
583 4561 765 4615 dicant
808 4558 1170 4623 eamdemque
1212 4556 1525 4611 existiment
1560 4572 1683 4611 cum
1735 4556 1867 4610 Cas-

254 4660 428 4715 siano
457 4656 791 4725 presbytero,
820 4650 916 4723 qui
942 4666 997 4705 a.
1020 4648 1126 4704 414
1147 4649 1217 4703 ab
1237 4648 1545 4704 Alexandro
1568 4647 1868 4704 Andr-cina:

253 4752 542 4822 episcopo
570 4745 793 4800 Romam
825 4746 1026 4799 missus
1063 4743 1165 4797 fuit
1188 4742 1255 4795 ad
1287 4756 1471 4810 pacem
1503 4741 1643 4796 inter
1669 4752 1871 4795 utram-

251 4859 372 4915 que
422 4835 726 4895 Ecclesium
773 4832 1261 4896 reconciliandam;
1299 4831 1389 4885 alii
1415 4842 1593 4885 tamen
1619 4832 1731 4899 jatn
1758 4838 1869 4885 tum

259 4930 568 4988 Massiliam
612 4943 736 4982 eum
791 4925 1131 4981 concessisse
1174 4935 1355 4992 putant
1385 4967 1398 4988 ,
1433 4921 1522 4977 tibi
1572 4922 1871 4992 presbyteri

256 5025 539 5095 dignitate
564 5033 756 5074 auctus
785 5027 892 5083 est,
912 5018 1051 5071 etab
1075 5031 1144 5071 eo
1172 5015 1341 5069 lenne
1366 5030 1525 5083 quem
1558 5015 1717 5070 modo
1739 5014 1875 5071 indi-

258 5131 517 5173 cavmitts
545 5128 688 5167 anno
714 5120 824 5165 tam
852 5112 976 5163 vitm.
998 5124 1160 5178 quam
1186 5105 1447 5161 doctrinm
1473 5108 1874 5166 existimatioite

260 5212 283 5264 ἵ
299 5215 363 5263 ait
394 5207 751 5275 conspicuus.
799 5203 1055 5259 lnclarnit
1086 5200 1351 5270 imprimis
1382 5199 1615 5256 fundatis
1641 5202 1870 5265 duobus.

1855 1138 1908 1196 A
1933 1137 2091 1194 sitam
2125 1142 2242 1210 ipse
2261 1144 2663 1210 moderabatur,
2686 1157 2740 1201 et
2772 1156 2882 1202 tum
2910 1162 3033 1214 suo,
3068 1158 3179 1205 tum
3206 1154 3529 1222 scriptorum

1939 1248 2162 1290 suorum
2208 1239 2477 1308 exemplis
2522 1240 2739 1311 egregie
2777 1242 3171 1308 conﬁrmabat,
3220 1244 3345 1300 licet
3392 1247 3533 1303 fama

1941 1322 2091 1380 hisce
2144 1328 2305 1384 editis
2352 1340 2501 1399 parta
2554 1348 2658 1386 non
2715 1335 2862 1389 omni
2910 1335 3030 1390 labe
3086 1351 3279 1393 carere
3334 1340 3534 1409 potuit.

1941 1418 2201 1489 Quamvis
2243 1422 2385 1477 enim
2434 1423 2847 1492 Pelagianorum
2888 1437 3138 1486 strenuus
3171 1442 3317 1487 esset
3345 1436 3537 1488 adver-

1943 1512 2154 1579 sarius,
2184 1516 2245 1567 ea
2277 1524 2456 1601 tamen
2487 1531 2653 1584 super
2701 1531 2919 1589 peccato
2972 1522 3224 1592 originali
3272 1535 3325 1579 et
3367 1525 3537 1595 gratia

1942 1603 2190 1674 dngmata
2220 1606 2374 1669 aluit,
2404 1607 2603 1677 quibus
2635 1610 2749 1679 ipse
2778 1613 3153 1669 iliBl'ealal'CiliB
3183 1630 3377 1672 nomen
3408 1630 3539 1670 con-

1944 1706 2283 1764 seqtteretttr,
2317 1713 2549 1768 quaeque
2570 1714 2675 1754 non
2702 1702 2852 1757 leves
2884 1706 2933 1757 itt
2960 1704 3127 1759 Gallia
3159 1706 3387 1775 aliisque
3416 1720 3539 1776 pro-

1943 1787 2135 1845 vinciis
2178 1799 2353 1845 motus
2397 1802 2451 1846 et
2495 1802 2685 1849 contra
2732 1805 3006 1851 auctorem
3038 1799 3254 1859 quidem
3286 1798 3540 1867 Prosperi

1943 1880 2212 1936 calamum
2265 1882 2589 1939 excitarent.
2630 1884 2994 1942 Nihilominus
3034 1890 3293 1960 quidquid
3335 1890 3387 1945 in
3416 1889 3540 1944 aliis

1946 1972 2167 2027 ltarresis
2197 1976 2435 2041 speciem
2461 1975 2743 2043 μηνίει-γει
2772 1995 2928 2045 quam
2972 1984 3206 2035 maxime
3237 1981 3542 2038 detestaba-

1945 2072 2034 2119 tur
2069 2065 2458 2135 coronatitqtte
2496 2077 2643 2137 gesta
2694 2083 2789 2123 sua
2830 2069 3231 2140 intpngnattone
3276 2074 3543 2129 acerrima

1943 2162 2148 2213 erroris
2176 2156 2499 2213 Nestoriaui.
2541 2159 2777 2231 Tempus
2804 2177 2911 2231 quo
2943 2165 3126 2218 vivere
3158 2166 3402 2229 desierit,
3434 2180 3544 2221 non

1944 2248 2141 2321 liquet,
2182 2250 2277 2305 sed
2317 2265 2423 2305 non
2451 2252 2622 2306 multo
2650 2270 2676 2304 a
2708 2268 2837 2309 vero
2877 2254 3246 2324 aberrat-erit,
3274 2259 3365 2327 qui
3392 2256 3545 2313 circa

1944 2356 1994 2396 a.
2026 2341 2134 2398 ιιο
2154 2343 2355 2398 obitum
2384 2342 2501 2413 ejus
2523 2345 2821 2414 contigisse
2846 2347 3120 2401 existimet

2570 2479 2801 2538 CAPUT
2844 2481 2909 2538 ll.

2364 2596 2573 2669 Scripta
2607 2595 2827 2653 Joannis
2856 2596 3105 2653 Cassiani.

1947 2706 1999 2761 l.
2050 2706 2127 2764 De
2156 2707 2419 2765 [ustilatis
2452 2712 2795 2765 cmuoltiorum
2828 2710 2946 2765 libri
2977 2710 3094 2765 ΧΗ
3116 2753 3129 2777 ,
3160 2718 3230 2768 ad
3277 2716 3550 2774 Castorem

2018 2802 2291 2870 Aptemem
2319 2804 2637 2875 episcopum,
2657 2804 2810 2873 cttjtts
2841 2807 3053 2859 hortatu
3081 2817 3209 2862 sunt
3234 2811 3549 2881 compositi.

2020 2894 2329 2949 Gennadius
2376 2895 2568 2950 tribuit
2599 2899 2650 2951 in
2692 2908 2802 2951 tres
2840 2906 3058 2966 partes,
3099 2915 3325 2968 quarum
3370 2904 3551 2963 media

2021 2997 2118 3039 seu
2176 2983 2315 3038 liber
2375 2998 2591 3049 quartus
2652 2987 2801 3041 solus
2862 2987 3222 3045 Institutioues
3274 2995 3550 3061 continet;

2025 3078 2196 3146 prima
2217 3117 2233 3143 ,
2270 3078 2429 3131 tribus
2459 3077 2607 3132 libris
2632 3090 2887 3134 constans
2904 3121 2920 3146 ,
2939 3082 3002 3136 de
3029 3082 3207 3136 habitu
3228 3086 3466 3140 monachi
3495 3097 3553 3143 et

2023 3170 2089 3224 de
2131 3170 2376 3223 canonico
2425 3172 2720 3224 orationum
2777 3184 2935 3244 atque
2980 3172 3311 3230 Psalmorum
3360 3176 3549 3246 modo,

2022 3263 2192 3333 quiin
2229 3264 2555 3317 monasteriis
2595 3262 2814 3336 λεωριὶ
2854 3275 3088 3330 tenetur;
3126 3270 3274 3322 tertia
3312 3268 3551 3337 denique

2025 3367 2140 3412 octo
2172 3357 2562 3425 posterioribus
2594 3358 2741 3413 libris
2785 3363 3177 3428 comprehensa
3213 3360 3278 3416 de
3329 3362 3550 3431 origine,

2024 3450 2278 3519 qualitate
2315 3461 2361 3504 et
2400 3451 2638 3506 remediis
2688 3452 3057 3524 principalium
3088 3454 3331 3508 vitiorum
3360 3453 3552 3508 inscriv

2027 3542 2191 3599 bitur.
2220 3542 2445 3600 Pliotius
2463 3545 2600 3600 duos
2626 3546 2793 3601 libros
2819 3548 2963 3611 iacit,
2989 3546 3388 3602 lnstitutionum
3414 3548 3543 3602 alte-

2027 3650 2167 3703 rum,
2197 3635 2423 3692 alterum
2449 3637 2511 3689 de
2540 3647 2654 3690 octo
2682 3637 2997 3705 capitalibus
3024 3639 3162 3690 vitiis
3195 3638 3507 3705 inscriptum
3531 3653 3550 3699 ;

2028 3740 2253 3794 eamque
2279 3727 2599 3781 divisionem
2630 3738 2843 3780 secutus
2877 3734 2961 3779 est
2992 3725 3289 3794 Gttyt-hius.
3337 3722 3553 3779 Cassia-

2030 3835 2129 3875 nus
2159 3820 2274 3889 ipse
2300 3835 2405 3872 non
2435 3818 2535 3871 nisi
2568 3834 2729 3870 unum
2754 3825 2807 3871 et
2827 3815 3141 3871 continuum
3169 3815 3263 3872 XII
3288 3816 3552 3875 librorum

2035 3925 2174 3981 opus
2198 3908 2469 3980 agnoscit,
2504 3907 2643 3979 quod
2678 3907 2969 3977 perlectam
3003 3908 3166 3963 vitam
3198 3909 3553 3966 monasticam

2031 4001 2293 4072 exentplis
2316 4014 2370 4057 et
2400 4000 2683 4072 praceptis
2714 4001 2889 4056 docet.
2936 4000 3196 4071 Tetnptt~,
3229 4018 3337 4068 quo
3363 4002 3551 4073 scripti

2032 4098 2163 4162 sint,
2197 4104 2449 4150 actvnrate
2476 4094 2700 4149 tit-lintre
2725 4110 2831 4148 non
2858 4094 3003 4150 licet.
3048 4092 3100 4147 id
3131 4111 3297 4149 unum
3326 4110 3551 4150 cettsett.

2035 4186 2358 4240 Benedictini
2414 4185 2664 4240 Historiw
2716 4188 2985 4241 litterariis
3036 4184 3224 4240 Gallia:
3272 4195 3548 4256 auctores,

2037 4281 2267 4347 scriptos
2291 4294 2414 4334 es~e
2448 4291 2577 4334 ante
2610 4278 3020 4349 Pelagianorum
3062 4296 3155 4348 per
3184 4280 3555 4336 Innocentium

2035 4380 2090 4428 et
2117 4370 2388 4425 Zusitnum
2416 4370 2843 4436 damnationem,
2887 4370 2944 4425 lt.
2988 4388 3039 4425 e.
3086 4381 3214 4427 ante
3239 4388 3410 4428 annos
3449 4374 3558 4429 ΛΠ

2036 4473 2131 4518 aut
2158 4462 2285 4519 418.

1967 4556 2022 4610 2.
2076 4556 2389 4611 Collationes
2438 4556 2655 4611 Patrum
2699 4554 2892 4611 XXIV
2942 4557 3176 4613 diversis
3224 4561 3561 4628 temporibus

2042 4652 2178 4705 intra
2228 4665 2402 4705 annos
2434 4648 2543 4705 ΜΩ
2569 4660 2624 4704 et
2650 4651 2754 4704 4‘27
2787 4650 2985 4705 litteris
3026 4650 3311 4705 tttatttlatae.
3362 4652 3562 4707 Decem

2043 4740 2250 4811 priores
2291 4739 2518 4795 Leontio
2554 4740 2811 4812 epi~copo
2840 4738 3198 4808 Forojuliensi
3226 4754 3280 4797 et
3315 4743 3563 4798 Heladio

2044 4832 2100 4889 S.
2141 4831 2380 4887 Castoris
2428 4831 2657 4895 Αιιιιειιι;
2701 4841 2911 4901 septem
2956 4843 3246 4902 sequentes
3289 4835 3564 4889 Itonot-ato

2046 4942 2165 4981 mox
2187 4928 2443 4997 episcopo
2466 4924 2798 4984 Arelatensi:
2824 4937 3030 4995 septem
3063 4928 3394 4994 pesteriores
3418 4928 3563 4984 Jovi-

2047 5018 2208 5072 niano
2275 5026 2330 5069 et
2397 5014 2659 5070 Minervio
2719 5017 2950 5087 alitsque
3020 5018 3298 5074 munacltis
3373 5019 3564 5075 inseri.

2045 5110 2267 5164 buntur.

1975 5203 2028 5256 5.
2075 5199 2147 5253 De
2176 5196 2545 5252 Incarnatione
2571 5197 2763 5252 Christi
2801 5202 3047 5258 adversus
3102 5202 3401 5257 Nestorium
3442 5203 3563 5259 libri

258 5307 447 5359 altero
473 5299 745 5361 virorum,
770 5297 945 5353 altero
970 5296 1234 5367 virginum
1262 5294 1621 5360 monasteriis,
1643 5310 1871 5366 quorum
1898 5284 1951 5344 ῐ)
2051 5291 2159 5352 Vll.
2191 5296 2333 5346 circa
2378 5304 2578 5343 attnttm
2618 5288 2723 5346 450
2751 5297 2957 5348 exarati
2998 5306 3051 5348 et
3093 5294 3258 5347 Leoni
3301 5304 3411 5348 tum
3445 5294 3566 5350 Dia-

262 5396 620 5467 discipliuam
653 5393 722 5447 ad
751 5391 1055 5449 Palaestinae
1086 5407 1141 5447 et
1178 5389 1388 5461 (Egypli
1418 5390 1632 5460 regulas
1655 5405 1877 5463 compo-

329 5621 413 5693 (α)
449 5618 547 5693 δίε
578 5617 695 5686 ipse
723 5617 779 5675 in
806 5615 1180 5693 Coliatiouilius
1201 5616 1270 5672 ab
1289 5615 1464 5693 initio.
1496 5612 1599 5693 Alii
1634 5612 1863 5693 _S_cythiw

258 5686 479 5763 legunt.
504 5690 742 5748 Eremus
761 5701 879 5746 erat
896 5690 1047 5761 juxta
1075 5688 1308 5746 Mateam
1334 5689 1509 5747 lacum
1534 5686 1589 5744 in
1610 5686 1893 5759 A‘Sgypto,

542 5784 819 5850 Pax-nos.
868 5782 1106 5847 XLIX.

2045 5403 2206 5454 cono,
2233 5395 2352 5457 post
2380 5384 2637 5457 episcOpo
2663 5387 2904 5442 Romano
2926 5385 3192 5453 inscripti.

1967 5625 2089 5687 qttze
2114 5612 2247 5687 alias
2272 5612 2433 5687 etiam
2472 5610 2658 5687 Sectis.
2693 5607 2914 5687 Section,
2951 5605 3180 5687 Scetitta.
3218 5610 3477 5687 Scetiaca,
3508 5629 3567 5677 et

1982 5679 2247 5755 Scythica,
2278 5683 2543 5752 Scytiaca,
2578 5679 2895 5749 Scythiotica
2919 5680 3240 5746 appellatur.

3014 5772 3044 5832 1
