4026 6212
597 254 661 314 η
1464 260 1560 322 AD
1597 264 1822 323 OPERA
1862 260 2145 320 JOANNIS
2184 250 2493 318 CASSIANI
2531 244 3046 315 PROLECOMENA
3799 247 3859 303 12

538 416 551 424 ..
666 372 828 429 Falso
854 370 1115 429 Cassiano
1142 371 1509 439 ascribuntur,
1536 373 1616 429 De
1636 371 1903 442 spirituali
1924 370 2181 427 medicina
2209 371 2255 431 Α
2284 363 2597 422 Basileensis
2635 379 2685 421 a.
2729 362 2871 422 1185
2892 404 2908 428 ,
2952 375 3210 434 expressa
3254 363 3452 421 iterum
3496 363 3688 421 ibidem
3735 364 3860 435 apud

535 517 547 535 ,ι
602 465 847 525 Monac/ti
895 481 991 523 seu
1037 465 1193 521 Dosis
1239 466 1435 520 medica
1494 465 1562 519 ad
1608 463 1976 519 exinaniendos
2025 459 2187 516 anitni
2289 456 2678 514 Anterbachium
2701 455 2951 524 a.M97,
2982 464 3036 512 et
3064 455 3307 529 Lugduni
3335 457 3494 513 1516.
3521 456 3729 513 Addita
3749 466 3863 513 sunt

509 533 547 559 (Γ
595 561 848 628 a/I'ectus,
887 575 1047 631 quam
1076 559 1401 616 Godel'ridus
1442 558 1765 615 Tilmannus
1799 555 2190 613 Cartliusianus
2290 550 2599 606 Collationea
2626 551 2678 605 in
2720 550 2913 605 Veneta
2943 566 2994 604 a.
3020 550 3181 618 1191,
3210 565 3399 606 recusa
3430 550 3680 605 Bononiw
3715 549 3860 620 1521,

592 654 648 709 in
684 652 912 726 epistola
943 650 1171 723 quadam
1222 651 1288 706 ad
1327 652 1588 707 Joannem
1628 650 1966 721 Gropperntn
2014 646 2191 703 arcbi-
2288 653 2343 700 et
2368 644 2607 716 Lugduni
2631 644 2790 710 1525,
2816 660 2933 713 quae
2956 645 3134 699 omnia
3156 642 3311 697 simul
3336 642 3739 714 paraphrastice
3758 641 3863 697 red-

606 748 884 805 ilaconum
939 746 997 803 S.
1056 745 1318 802 Cerconis
1372 744 1439 800 ad
1484 744 1767 801 Coloniam
1816 743 2184 815 Agrippinam,
2287 736 2401 793 dita
2426 751 2458 792 a
2492 736 2741 808 Diongtio
2768 735 3110 791 Carthasiano
3150 737 3326 792 lucem
3365 734 3618 792 viderunt
3653 733 3865 791 Colonia:

595 848 871 910 tamquam
898 853 965 895 ex
988 838 1177 894 Grtcco
1198 853 1225 891 a
1250 854 1309 894 se
1330 852 1651 899 conversam
1679 837 1895 895 recitat.
1922 834 2187 892 Particula
2290 830 2450 889 1510.
2481 828 2664 883 Libros
2697 826 2811 883 VII
2842 836 3018 882 contra
3044 827 3346 883 Nestorium
3367 827 3594 897 primus,
3617 836 3865 898 quantum

596 942 681 987 est
729 931 1042 986 brevissima
1073 973 1087 998 ,
1137 945 1297 1001 quam
1360 940 1529 984 totam
1594 930 1824 986 inseruit
1887 926 1976 983 Jo.
2028 925 2186 995 Bapt.
2289 921 2534 989 memini,
2558 921 2789 977 seorsim
2813 921 3009 976 extulit
3048 919 3338 976 Cratander
3379 919 3688 975 Basileensis
3732 930 3868 992 typo-

597 1024 838 1095 Guesnay
880 1024 1137 1080 Cassiano
1178 1024 1446 1079 illustrato
1494 1024 1588 1079 lib.
1635 1040 1674 1088 ι,
1727 1037 1778 1078 c.
1826 1020 1917 1087 58,
1963 1035 2018 1090 p.
2060 1018 2184 1072 188.
2288 1018 2517 1091 graphus
2545 1032 2590 1071 a.
2631 1018 2790 1085 1551,
2826 1018 2981 1087 cujus
3006 1017 3311 1087 exemplum
3347 1018 3682 1087 repetierunt
3722 1017 3869 1073 Pari-

593 1118 850 1190 Ejusdem
883 1117 1071 1175 farinae
1092 1126 1218 1175 sunt
1237 1116 1551 1187 Theoloyica
1575 1115 1843 1186 Confessio
1873 1121 1928 1170 et
1955 1113 2019 1167 de
2046 1110 2189 1168 Conv
2287 1113 2479 1168 sienses
2500 1112 2811 1183 bibliopola
2827 1112 3033 1169 ι.1545
3053 1119 3112 1168 et
3133 1110 3294 1180 1569,
3309 1111 3561 1183 idemque
3582 1126 3871 1182 repraesen-

594 1211 739 1265 aictu
768 1211 1004 1265 vitiorum
1032 1221 1079 1265 et
1106 1209 1377 1264 uirtutum.
1402 1208 1526 1265 Alia
1549 1219 1981 1265 commemorare
2004 1202 2185 1258 tatdet.
2291 1204 2424 1260 tavit
2448 1205 2649 1260 notulis
2676 1204 2948 1260 nonnullis
2973 1204 3248 1275 adspersis
3276 1219 3327 1261 a.
3360 1204 3498 1261 1572
3534 1204 3699 1261 Josua
3742 1205 3874 1261 Sim-

592 1301 922 1359 KiJemontii
952 1301 1261 1372 conjectura
1284 1298 1386 1355 fuit
1412 1298 1543 1357 Acta
1574 1299 1639 1355 δ.
1681 1296 1905 1355 Victoris
1938 1293 2188 1363 Martyris
2287 1300 2447 1353 teras.
2478 1296 2685 1353 Dehinc
2710 1296 2880 1367 prima
2908 1312 3119 1367 operum
3149 1282 3381 1351 collectio
3411 1297 3463 1351 in
3492 1297 3693 1367 oﬂicina
3736 1295 3873 1351 Hen-

590 1395 734 1466 apud
760 1394 1080 1449 Buinartum
1110 1392 1266 1449 obvia
1298 1390 1618 1451 Cassianum
1657 1398 1935 1446 auctorem
1961 1385 2185 1453 habere,
2288 1386 2749 1455 rico-Pstrina.et
2768 1404 2873 1447 una
2889 1402 3012 1447 cum
3035 1388 3259 1449 Joannis
3287 1387 3607 1449 Damasceni
3628 1388 3874 1459 operibus

592 1487 681 1545 cui
714 1498 891 1543 tamen
918 1485 1185 1547 Auctores
1214 1485 1465 1541 Historiae
1486 1485 1592 1539 litt.
1624 1482 1811 1539 Galliae
1834 1494 1940 1536 non
1963 1491 2189 1537 consen-
2288 1497 2343 1541 a.
2377 1482 2537 1548 1559,
2566 1482 2873 1553 iterumque
2902 1481 3063 1549 1569.
3094 1490 3150 1543 et
3178 1480 3342 1539 tertio
3368 1482 3510 1543 1575
3537 1497 3756 1543 excusa.

592 1580 754 1636 tiunt.
804 1577 1123 1635 Condidisse
1160 1586 1423 1647 praeterea
1470 1576 1639 1631 fertur
1687 1574 2021 1636 Cassianus,
2065 1582 2187 1641 qua:
2362 1576 2913 1646 Desiderabaturjam
2954 1574 3040 1635 vir
3086 1575 3303 1643 doctus,
3348 1577 3440 1647 qui
3489 1577 3684 1646 partim
3726 1576 3875 1644 vitia,

589 1686 739 1729 nunc
752 1669 968 1741 quidam
994 1685 1101 1727 non
1118 1678 1319 1732 exstat,
1340 1666 1595 1737 Regulam
1612 1664 1976 1721 Honaslicam.
1995 1661 2189 1718 Patere
2290 1681 2409 1735 quae
2424 1666 2617 1725 crebra
2633 1683 2744 1725 non
2763 1676 3013 1738 potuerat
3032 1682 3137 1729 non
3162 1667 3447 1727 admittere
3469 1667 3522 1725 in
3545 1668 3640 1731 tali
3663 1679 3879 1731 auctore

590 1763 725 1821 illud
769 1764 923 1819 aiunt
971 1760 1309 1818 Benedictini
1361 1758 1525 1817 modo
1579 1756 1784 1813 laudati
1836 1770 1904 1811 ex
1950 1750 2187 1813 Casmris
2216 1750 2635 1819 Blibrariorum
2678 1775 2897 1831 manus,
2938 1776 3072 1822 mss.
3121 1770 3282 1834 atque
3323 1760 3593 1823 editurum
3636 1762 3880 1825 codicum

590 1855 850 1927 Aptensis
890 1854 1130 1925 episcopi
1178 1852 1245 1911 ad
1294 1852 1612 1913 Cassianum
1652 1849 1906 1921 epistola.
1950 1847 2058 1906 Sed
2087 1848 2189 1903 hoc
2289 1853 2584 1911 collatione
2604 1861 2660 1910 et
2673 1852 2883 1925 judicio
2904 1850 3083 1925 sagaci
3110 1853 3405 1922 eximeret,
3434 1854 3629 1924 partim
3656 1854 3880 1913 obscura

587 1962 875 2020 perperam
903 1946 972 2002 ab
996 1946 1129 2018 ipsis
1156 1945 1414 2005 traditum
1444 1958 1568 2002 esse
1593 1941 1968 2014 cognovimus.
1988 1940 2188 1999 Contra
2287 1954 2343 2002 et
2371 1945 2673 2003 difﬁciliora
2702 1946 2999 2005 elueidaret
3022 1954 3078 2002 et
3097 1944 3166 2003 de
3190 1945 3470 2006 erroribus
3496 1946 3730 2002 auctoris
3762 1963 3881 2005 mo-

588 2040 870 2100 Benedicti
888 2056 1019 2098 vero
1055 2039 1375 2099 Anianensis
1415 2037 1785 2097 testimonium
1807 2036 1920 2107 jam
1959 2033 2028 2090 ab
2068 2033 2188 2089 aliis
2286 2049 2477 2107 neret;
2502 2053 2830 2110 quamquam
2855 2039 2971 2110 ipsa
2999 2038 3261 2103 librorum
3288 2037 3507 2101 indoles
3552 2053 3657 2094 non
3694 2054 3883 2109 quem-

588 2134 857 2190 monitum
884 2142 995 2199 est,
1028 2132 1081 2188 id
1108 2131 1253 2189 baud
1283 2145 1478 2187 novam
1506 2138 1561 2186 et
1586 2128 1915 2200 peculiarem
1941 2123 2187 2183 Cassiani
2286 2132 2371 2187 vis
2394 2130 2601 2189 criticis
2631 2132 2765 2189 artis
2790 2145 3018 2202 gnarum
3046 2144 3246 2202 capere
3273 2140 3437 2201 atque
3462 2128 3693 2186 invitare
3732 2143 3886 2201 pote-

585 2227 855 2298 regulam,
884 2225 981 2282 sed
1007 2233 1319 2294 excerptam
1347 2222 1639 2294 quamdam
1683 2237 1753 2280 ex
1778 2218 2011 2279 diversis
2035 2217 2189 2281 inlli-
2283 2233 2392 2291 rat.
2422 2225 2521 2281 sed
2544 2224 2719 2297 magis
2742 2223 3094 2295 exspectandi
3117 2232 3274 2281 erant
3295 2223 3396 2285 viri
3423 2223 3741 2281 monasticis
3765 2233 3883 2281 stu-

586 2319 857 2374 tutionum
888 2317 1008 2387 ejus
1033 2316 1172 2374 locis
1194 2330 1547 2373 concernere.
2285 2316 2390 2374 diis
2414 2316 2660 2374 innutriti
2688 2326 2745 2375 et
2771 2317 2980 2375 alacres
3005 2316 3074 2375 ad
3114 2331 3180 2375 ea
3230 2316 3621 2387 promerenda.
3665 2316 3882 2387 Talem,

612 2426 615 2429 ·
655 2408 930 2464 Creditum
959 2423 990 2463 a
1014 2406 1332 2478 quibusdam
1361 2406 1483 2474 fuit,
1515 2404 1829 2461 Cassianum
1865 2420 2035 2475 opera
2078 2416 2178 2458 sua
2284 2408 2473 2475 mdo,
2510 2410 2781 2480 reperisse
2820 2408 2924 2467 sibi
2960 2408 3248 2467 videbatur
3279 2408 3572 2469 mdinali;
3598 2413 3669 2465 de
3704 2411 3887 2468 θεειο-

586 2517 697 2559 non
726 2500 940 2569 Latino,
977 2500 1073 2555 sed
1100 2499 1292 2555 Graeco
1336 2498 1597 2554 idiomate
1643 2497 1970 2568 scripsisse,
2015 2508 2186 2566 eaque
2285 2501 2501 2557 siastica
2550 2502 2853 2558 litteratura
2909 2501 3297 2559 meritissimus
3340 2501 3605 2563 Antonius
3644 2501 3844 2577 Carafa
3872 2545 3889 2565 .

584 2606 775 2669 postea
803 2609 926 2652 esse
954 2594 1211 2649 translata
1234 2608 1249 2658 ;
1282 2591 1375 2647 sed
1403 2591 1457 2646 hi
1485 2590 1689 2649 dudum
1718 2590 1921 2645 erroris
1948 2588 2183 2644 convicti
2284 2609 2409 2652 cum
2436 2594 2668 2651 Henrico
2694 2593 2958 2666 Cuycﬂo,
2988 2595 3285 2666 professori
3314 2595 3661 2663 Lavaniengi,
3696 2608 3887 2667 postea

581 2700 746 2751 aunt."
768 2688 998 2746 Exstant
1024 2686 1243 2759 quidem
1273 2685 1462 2744 Graeca
1490 2684 1737 2754 quaedam
1760 2680 2007 2741 Cassiani
2042 2680 2184 2751 apud
2286 2687 2548 2759 episcopo
2597 2686 3045 2755 Ruremondano,
3093 2688 3413 2749 Cassianum
3450 2690 3886 2748 commendaret.

580 2774 840 2840 Pbotium
870 2781 928 2836 in
949 2779 1280 2837 Bibliotheca
1310 2778 1435 2836 cod.
1470 2778 1597 2843 197.
1624 2776 1723 2833 sed
1750 2790 1817 2832 ex
1837 2774 2033 2833 Latino
2054 2788 2185 2829 con-
2286 2779 2394 2837 Sed
2420 2780 2609 2837 eodem
2638 2788 2881 2851 tempore
2913 2780 3227 2837 stitmuabat
3254 2781 3435 2853 magni
3463 2781 3700 2839 nominis
3734 2784 3888 2841 criti-

582 2890 766 2940 versa,
804 2888 905 2931 nec
950 2888 1084 2929 vero
1111 2887 1179 2929 ex
1203 2871 1335 2941 ipsis
1359 2870 1606 2929 Cassiani
1635 2869 1813 2937 libris,
1842 2868 1939 2926 sed
1964 2881 2097 2939 quos
2129 2868 2185 2923 in
2284 2887 2409 2929 cum
2434 2880 2490 2928 et
2530 2873 2882 2946 elegantioris
2924 2872 3186 2930 doctrinae
3232 2874 3393 2933 laude
3436 2874 3889 2933 ﬂorentissimum

581 2966 965 3039 compendium
995 2965 1281 3036 redegerat
1312 2962 1597 3020 Eucherius
1621 2962 2007 3034 Lugdunensis.
2034 2961 2186 3033 Legi-
2282 2965 2458 3021 virum
2489 2964 2709 3021 Patruus
2738 2964 3069 3021 Ciumiam
3111 2964 3494 3038 presbyterum
3536 2966 3889 3037 Toletanum,

582 3072 707 3117 mus
731 3060 874 3116 enim
902 3058 1043 3128 apud
1069 3056 1405 3115 Gennadium
1432 3071 1486 3112 c.
1525 3055 1617 3121 63,
1665 3055 1992 3115 Eucherium
2029 3069 2183 3110 com-
2224 3126 2252 3131 Α
2284 3065 2345 3111 ιιι
2364 3055 2541 3112 eidem
2570 3056 2918 3128 expurganda
2941 3071 3135 3115 manus
3155 3057 3491 3116 admoveret.
3514 3057 3755 3131 Uterque
3782 3061 3892 3119 etsi

580 3152 833 3224 posuisse
861 3126 1147 3221 Epitomen
1181 3148 1429 3205 Latinam
1472 3161 1541 3204 ex
1589 3145 1865 3215 prioribus
1907 3145 1977 3203 ιν
2028 3146 2185 3202 libris
2208 3126 2255 3194 C
2286 3146 2553 3217 posterior
2580 3126 2815 3204 fortasse
2846 3148 3050 3206 invitus
3076 3148 3348 3207 voluntati
3389 3148 3508 3218 ejus
3548 3126 3893 3210 auctoritati-

582 3243 990 3303 lnstitutionum
1018 3250 1075 3298 et
1111 3239 1205 3296 Vll
1254 3239 1529 3310 prioribus
1572 3237 1961 3313 Collatioaum.
2008 3238 2187 3309 Atque
2284 3254 2391 3310 quo
2415 3239 2481 3295 de
2508 3240 2737 3309 ratione,
2762 3255 2865 3310 qua
2887 3247 3071 3311 partes
3092 3239 3313 3298 editoris
3332 3238 3489 3297 abiis
3507 3238 3891 3301 administrari

578 3352 733 3395 nunc
777 3336 939 3393 etiam
976 3335 1165 3391 Graeca
1194 3331 1465 3401 ejusmodi
1493 3344 1595 3387 ms.
1624 3340 1914 3401 supersunt
1941 3330 1997 3389 in
2018 3330 2185 3387 variis
2220 3362 2227 3367 -
2283 3341 2529 3402 cuperet,
2557 3332 2801 3390 obsecuti
2831 3342 2985 3400 sunt,
3009 3340 3069 3389 et
3093 3330 3368 3405 Caycbius
3412 3346 3608 3389 novam
3630 3332 3892 3394 Cassiani

580 3429 957 3496 Bibliothecis,
987 3427 1154 3485 veluti
1172 3428 1225 3482 in
1245 3427 1676 3493 Caesarea,teste
1700 3425 2184 3494 Lambecio,tomo
2282 3423 2574 3482 editionem
2618 3426 2687 3482 ad
2728 3426 2947 3483 codices
2987 3427 3233 3499 Belgicae
3275 3427 3618 3486 emendatam
3652 3440 3713 3488 et
3738 3434 3893 3491 notis

579 3521 655 3579 ιν
685 3538 808 3594 pag.
853 3520 955 3578 167
992 3519 1130 3593 (ed.
1161 3519 1371 3577 Kollar.
1416 3532 1537 3590 pag.
1579 3519 1686 3575 373
1726 3518 1895 3591 κη),
1940 3525 1995 3574 et
2036 3526 2183 3573 tomo
2282 3523 2586 3580 commodis
2609 3522 2933 3580 illustratum
2959 3523 3141 3580 isit
3171 3524 3470 3597 Λεύκωνί.
3495 3540 3567 3581 ex
3594 3526 3690 3595 om
3721 3525 3894 3583 Plan-

580 3614 650 3683 V,
680 3632 733 3688 p.
760 3614 868 3671 276
897 3614 1017 3687 (ed.
1046 3613 1255 3669 Kollar.
1282 3626 1403 3682 pag.
1430 3611 1538 3667 582
1566 3610 1750 3682 sqq.);
1780 3612 1907 3666 item
1935 3609 2102 3680 Regia
2128 3620 2183 3665 et
2283 3615 2380 3669 tin.
2407 3614 2564 3671 1578.
2588 3614 2905 3672 Ciacconiua
2924 3630 3052 3673 vero
3073 3618 3468 3686 recessissem,
3486 3633 3645 3689 quain
3667 3619 3739 3676 ad
3759 3631 3894 3678 octo

579 3707 908 3766 Jesuitarum
929 3707 1123 3775 Paris.,
1148 3713 1207 3762 ut
1228 3705 1509 3760 Fabricius
1524 3704 1578 3759 in
1603 3704 1740 3760 Bibl.
1763 3703 1835 3759 ll.
1859 3700 2033 3759 etlnf.
2059 3702 2179 3757 Lat.
2284 3720 2415 3761 mss.
2463 3708 2792 3776 exemplaria
2843 3708 2982 3763 Bibl.
3040 3707 3315 3765 Vaticana;
3365 3717 3686 3779 paraverat,
3738 3718 3894 3786 typis

580 3816 652 3858 ex
678 3801 906 3859 Simonii
929 3798 1172 3857 Censura
1196 3797 1267 3855 ad
1304 3798 1515 3870 Dupinii
1560 3798 1945 3855 bibliothecam
1988 3795 2173 3853 refert.
2280 3797 2606 3870 descriptam
2635 3815 2745 3857 non
2768 3801 2923 3857 vidit.
2950 3800 3097 3857 Obiit
3124 3802 3270 3859 eain
3292 3804 3441 3861 diem
3473 3818 3795 3875 suprstitem
3831 3825 3888 3863 a.

580 3889 796 3947 Similia
818 3890 961 3962 typis
990 3890 1185 3945 tradita
1209 3899 1354 3957 sunt,
1379 3904 1499 3960 quas
1521 3890 1622 3946 sub
1643 3890 1930 3946 Athanasii
1958 3889 2181 3945 nomine
2283 3890 2417 3949 1581
2445 3910 2460 3948 :
2495 3893 2639 3950 illam
2666 3910 2801 3951 vero
2824 3910 2892 3953 ea
2916 3897 3251 3968 autographa
3292 3898 3462 3969 ipsius
3501 3900 3697 3956 excudi
3749 3900 3895 3959 fecit

580 3983 893 4039 ierebantur
921 3996 951 4035 a
984 3980 1367 4051 Montefalcone
1391 3981 1460 4036 ad
1498 3981 1767 4036 Athanasii
1813 3981 2007 4052 Opera,
2032 3990 2179 4037 tomo
2278 3984 2582 4040 Dominicus
2609 3985 2751 4042 Bosa
2789 3990 3142 4062 tgpograpltus
3182 3991 3449 4047 Romanus
3476 4008 3529 4048 a.
3572 3992 3738 4061 1588,
3774 3996 3895 4053 nisi

581 4074 653 4145 ll,
683 4085 835 4147 parte
862 4089 904 4143 ι,
934 4088 1055 4145 pag.
1079 4072 1344 4129 366-386.
2278 4075 2423 4134 forte
2449 4093 2624 4134 annus
2648 4081 2787 4137 1580
2816 4097 2914 4151 pre
2940 4098 3073 4139 vero
3098 4084 3258 4154 husz
3285 4084 3539 4143 editionis
3566 4085 3733 4141 natali
3785 4088 3897 4144 ha-

653 4168 892 4224 Joannes
930 4164 1264 4236 Rosweydus
1312 4164 1453 4221 inter
1502 4164 1654 4223 Vitas
1703 4166 1921 4223 Patrum
1962 4165 2180 4224 exhibet
2277 4166 2510 4235 hendus,
2539 4169 2835 4241 eademque
2865 4181 3054 4242 postea
3083 4190 3229 4231 novo
3254 4176 3416 4232 titulo
3451 4192 3503 4231 a.
3548 4176 3688 4233 1588
3730 4192 3897 4247 prae-

582 4265 785 4323 librum
812 4263 1002 4321 ordine
1025 4272 1272 4334 quartum
1295 4276 1362 4323 ex
1392 4263 1598 4321 Severo
1624 4264 1869 4334 Sulpicio
1889 4274 1944 4323 et
1971 4264 2179 4322 Joanne
2278 4257 2492 4318 ferente
2535 4263 2609 4318 sit
2655 4272 2864 4320 ornata.
2913 4265 3078 4323 Certe
3122 4282 3295 4324 annus
3325 4268 3467 4327 1588
3488 4270 3758 4340 ascriptus
3799 4284 3897 4330 est

582 4358 844 4413 Cassiano
865 4356 1244 4411 concinnatum
1273 4361 1330 4411 et
1357 4356 1410 4410 in
1442 4372 1574 4413 mss.
1606 4358 1907 4426 codicibus,
1951 4374 2177 4429 quorum
2280 4354 2525 4422 epistola!
2553 4355 2921 4427 dedicatorite,
2955 4372 3119 4429 quam
3147 4360 3290 4416 idem
3323 4364 3691 4434 typographns
3737 4379 3898 4434 pre-

584 4450 728 4505 baud
754 4464 952 4520 paucos
976 4449 1066 4504 ille
1095 4447 1385 4519 consuluit,
1408 4449 1568 4505 modo
1590 4450 1848 4520 Sulpicio,
1877 4451 2038 4508 modo
2058 4451 2181 4509 Cas-
2283 4447 2397 4503 tlxit
2422 4448 2488 4504 ad
2515 4450 2831 4521 Gregorium
2854 4451 2993 4508 Xlll.
3016 4452 3153 4510 illud
3173 4455 3367 4512 saltem
3391 4464 3543 4512 certo
3566 4455 3689 4513 inde
3710 4455 3901 4516 disci-

585 4543 739 4600 siano
768 4544 1107 4613 inscriptum.
1138 4541 1375 4613 Ambigit
1397 4558 1526 4614 ergo
1554 4542 1638 4599 Jo.
1668 4544 1822 4615 Bapt.
1850 4544 2099 4617 Gucsnay
2122 4546 2174 4601 in
2202 4524 2258 4586 Ῑ)
2280 4555 2421 4608 mus,
2444 4542 2788 4599 Ciacconium
2813 4546 2987 4615 ipsum
3015 4545 3175 4617 hujus
3200 4548 3436 4605 auctoris
3462 4548 3657 4605 edendi
3684 4563 3898 4609 curam

551 4648 577 4693 τε
609 4679 625 4692 .
656 4638 696 4693 l.
726 4636 1065 4693 Eucherione
1092 4636 1210 4691 hac
1238 4635 1490 4707 Epitome
1517 4637 1683 4694 tribui
1714 4639 1909 4709 possit,
1941 4655 2008 4694 an
2042 4642 2177 4697 forte
2278 4635 2557 4703 Suscipere
2587 4637 2841 4706 ηοιυὶεεθ,
2878 4640 2972 4694 Sed
3002 4640 3402 4698 lucubrationes
3439 4657 3566 4699 was
3610 4642 3900 4701 cardinali

548 4744 568 4803 ',
602 4732 651 4788 td
676 4731 952 4788 Victorem
977 4729 1265 4801 quemdam
1308 4730 1519 4801 Afrum,
1564 4732 1635 4789 de
1674 4748 1780 4804 quo
1823 4734 2178 4792 Cassiodorus
2280 4726 2667 4785 iransmisisse-
2718 4728 2964 4802 Repetita
3010 4741 3095 4788 est
3144 4732 3387 4789 [iurum
3432 4733 3597 4791 editio
3625 4736 3901 4806 Lugduni

603 4839 637 4882 ε.
663 4824 735 4881 29
759 4823 1161 4880 [institutionum
1192 4824 1404 4893 scribit,
1444 4841 1567 4881 eum
1603 4828 1741 4881 dicta
1776 4828 2011 4883 Cassiani
2048 4845 2117 4902 pu

2316 4821 2441 4887 606,
2471 4830 2525 4879 et
2547 4821 2729 4877 Romoe
2760 4822 2891 4880 1611
2918 4842 2933 4892 ;
2963 4825 3328 4898 Cuycbianam
3370 4825 3683 4897 singulatim
3713 4842 3904 4900 repe—

538 4905 553 4993 ξ
584 4934 731 4987 taste
755 4928 805 4973 et
828 4932 941 4985 qua
962 4917 1242 4983 defuissent
1280 4918 1561 4989 addidisse,
1606 4920 1889 4978 referenda
1931 4925 2021 4979 sit.
2068 4924 2128 4981 Se

2396 4929 2431 4968 n
2458 4929 2565 4970 non
2598 4916 2840 4971 memini.
2872 4917 2950 4972 Ex
2976 4926 3202 4987 utraque
3243 4934 3373 4976 vero
3418 4917 3568 4975 facili
3614 4922 3905 4980 methodo

540 5002 553 5045 ’ν
586 5006 895 5069 Ἑοεείοαονί
918 5010 1082 5065 verba
1108 5026 1217 5065 non
1251 5017 1359 5065 tam
1386 5011 1684 5084 epitomen,
1715 5029 1876 5087 quam
1916 5028 2130 5087 expurg:

2316 5024 2445 5065 ariam
2472 5011 2814 5068 concinnavit
2838 5012 3067 5069 Alardus
3091 5012 3311 5070 Gamus
3338 5014 3543 5087 (Cum)
3576 5015 3906 5075 monachus

582 5102 787 5161 tionem
818 5117 1062 5160 errorum
1089 5100 1389 5175 signiﬁcare
1415 5104 1680 5163 videntur.
2283 5101 2609 5159 Vedastinus
2629 5105 2869 5162 Atrebati
2901 5106 2987 5176 (de
3011 5106 3252 5177 (‘Abbaye
3278 5107 3344 5162 de
3372 5106 3655 5163 St.-Vaast
3672 5106 3741 5162 de
3763 5108 3911 5164 l‘or-

1213 5239 1440 5301 CAPUT
1478 5243 1568 5301 ω.
1614 5240 1629 5248 -
2050 5210 2057 5217 “
2283 5199 2378 5254 dre
2396 5199 2460 5253 de
2484 5198 2779 5257 St.-Benoit
2808 5198 2842 5253 ὰ
2867 5198 3074 5272 Arras),
3108 5209 3325 5258 secutus
3352 5201 3405 5256 in
3432 5200 3705 5273 plerisque
3731 5199 3914 5277 Cuy-

1360 5453 1402 5509 ι’
2283 5482 2602 5553 negligeret.
2624 5479 2844 5537 Addidit
2861 5482 2930 5537 de
2949 5453 3532 5538 suo'Commentarinm
3551 5488 3914 5553 perpetuum

536 5560 543 5586 ⁴
653 5569 1051 5630 Institutionum
1079 5572 1237 5629 libros
1266 5568 1352 5626 IV
1383 5578 1439 5629 et
1478 5569 1550 5629 de
1597 5570 1779 5630 causis
1819 5580 1877 5630 et
1921 5570 2181 5633 remediis
2282 5575 2524 5633 omnium
2552 5574 2805 5633 ordinum
2840 5574 3131 5647 religiosis,
3162 5574 3436 5647 praecipue
3478 5590 3609 5635 vero
3642 5574 3920 5635 Benedi-

579 5666 831 5749 nitiorum
848 5674 962 5721 octo
991 5667 1246 5737 primum,
1276 5667 1327 5723 si
1349 5682 1481 5725 vera
1511 5667 1685 5725 tradit
1713 5668 2017 5741 Fabricius,
2050 5686 2181 5743 pro-
2280 5669 2445 5735 etinis
2469 5670 2691 5738 utilem;
2719 5678 2879 5741 atque
2909 5670 2988 5727 sic
3017 5669 3283 5728 instaret:
3312 5669 3515 5742 prodiit
3552 5670 3671 5727 haec
3707 5667 3919 5735 editio

578 5756 847 5823 ηάεηωι
872 5758 1085 5829 σπεεξηες
1116 5759 1422 5822 Venetorum
1458 5775 1509 5822 α.
1537 5761 1699 5826 “si.
1726 5765 2180 5840 οοηαωιθεξειρ
2286 5767 2451 5824 Duaci
2479 5784 2527 5824 a.
2563 5764 2718 5830 toto.
2747 5764 2811 5823 tu
2840 5764 3001 5826 tomis
3021 5760 3193 5837 ia-s‘,
3217 5764 3453 5840 indeque
3471 5763 3670 5839 saepius
3708 5761 3922 5827 variis
3986 5778 3987 5841 ;

2228 5916 2248 5941 ’ἶ
2267 5920 2335 5941 νπλ
2346 5918 2355 5936 1
2368 5914 2385 5931 νοτ

3862 5910 3943 5922 ἰο-ι
