4026 6212
191 264 247 327 15
763 269 1043 327 ΝΟΤΙΤΙΑ
1083 266 1753 329 HlSTORlCO-LITTERA

1865 267 1890 324 ι
1928 266 1995 323 ΙΝ
2033 264 2349 323 JOANNEM
2385 260 2797 325 CASSIANUM.
3371 267 3440 325 14

185 391 227 445 iu
250 388 373 444 locis
399 396 452 444 et
482 387 773 444 novissime
798 388 995 459 Lipsiae
1028 390 1166 446 1755
1196 390 1333 462 typis
1365 389 1596 446 describi
1620 403 1737 446 me-

1865 386 1949 441 inc
1980 404 1991 438 :
2046 383 2369 456 Expliciunt,
2414 393 2518 439 etc.
2555 385 2833 455 Impressit
2868 381 3093 441 Basileat
3131 400 3221 460 per
3268 390 3432 458 magi-

184 480 288 536 ruit.
315 480 620 553 Sequuntur
642 482 869 537 Annales
900 484 1224 554 singularum
1254 483 1554 539 editionum.

768 577 998 634 διευιο
1036 593 1125 634 xv.

870 671 1029 728 1485.

234 762 468 830 Basilete,
498 763 679 835 in-fol.
722 762 1014 821 Cassianus
1051 763 1120 821 de
1160 762 1421 819 institutis
1468 762 1743 820 ctenobio-

184 870 311 923 rum,
356 857 587 926 origine,
641 857 823 913 causis
876 864 931 912 et
985 856 1241 912 remediis
1286 856 1577 922 vitiorum,
1632 854 1742 909 col-

186 948 542 1019 lationibusque
590 949 829 1005 Patrum.
878 948 937 1004 ln
985 947 1092 1005 line
1139 965 1152 1003 :
1214 946 1519 1017 Expliciunt
1564 945 1743 1017 viginti

188 1051 374 1109 quatuor
414 1042 715 1097 collationes
756 1051 1052 1097 sanctorum
1088 1041 1307 1097 Patrum
1353 1040 1638 1110 conscripte
1679 1041 1743 1093 ab

187 1134 356 1189 Joanne
380 1136 625 1191 heremita
665 1137 754 1201 qui
796 1145 843 1190 et
893 1135 1173 1191 Cassianus
1226 1137 1436 1191 dicitur.
1489 1134 1745 1205 lntpresse

188 1225 372 1284 Bassi/ea:
396 1247 531 1285 anno
560 1229 772 1284 Domini
806 1230 857 1282 Μ
866 1228 1238 1286 CCCCLXXX
1250 1230 1314 1286 V.

243 1322 447 1377 Textum
474 1323 734 1393 praecedit
762 1324 1035 1393 registrum
1061 1322 1457 1394 alphabeticum
1478 1335 1663 1377 rerum
1691 1328 1749 1374 et

188 1414 538 1470 sententiarum
568 1416 1022 1486 memorabilium,
1052 1415 1109 1471 in
1136 1431 1244 1487 quo
1268 1415 1335 1469 ad
1368 1413 1537 1469 libros
1567 1421 1625 1467 et
1661 1426 1749 1466 ca-

188 1507 272 1574 pita
309 1508 515 1579 singula
555 1511 882 1564 excitantur.
912 1508 972 1563 In
1002 1521 1200 1563 aversa
1228 1505 1370 1561 tituli
1400 1505 1589 1575 pagina
1620 1502 1748 1573 legi-

189 1607 284 1653 tur:
312 1600 501 1654 Auctor
531 1602 649 1670 quis
693 1617 754 1655 ac
798 1600 969 1670 qualis
1018 1598 1218 1669 fuerit:
1261 1613 1387 1666 quos
1433 1595 1631 1649 libros:
1677 1594 1746 1647 ad

189 1704 380 1759 quoue:
403 1694 468 1748 de
497 1694 682 1765 quibus
718 1692 980 1764 scripserit
1003 1707 1021 1746 :
1044 1691 1453 1746 commendatitia
1486 1690 1745 1759 brevisque

191 1788 400 1851 expositio
452 1787 508 1840 in
561 1787 699 1840 hanc
757 1785 1081 1839 sententiam
1127 1783 1423 1840 desinens:
1475 1780 1543 1837 Ut
1589 1782 1746 1852 igitur

1841 489 2004 533 stram
2048 479 2305 531 Joannem
2356 476 2657 531 Anterbach.
2710 477 2857 533 Anno
2911 477 3122 533 Domini
3152 477 3428 537 M.CCCC.

1844 566 2103 625 LXXXX
2116 567 2248 623 VII.
2281 578 2335 624 et
2364 570 2550 623 subter
2576 588 2588 621 :
2617 566 2725 622 Deo
2751 572 2965 642 gratias.

1914 664 2094 719 Prima
2138 663 2463 718 Basileensis
2504 662 2572 719 ad
2612 663 2823 735 singula
2850 664 3015 721 verba
3040 674 3128 722 est
3159 667 3430 741 descripta

1844 757 2161 813 charactere
2189 755 2419 812 Gothico
2446 754 2676 821 minuto,
2740 756 2844 811 iuis
2873 759 3157 817 columnis.

2467 903 2681 945 διουιο
2711 904 2820 944 XVI.

2556 982 2717 1039 1516.

1917 1076 2192 1146 Lugduni;
2222 1076 2395 1133 iit-8°.
2441 1077 2671 1133 Joannis
2707 1077 2988 1146 Eremitze,
3016 1078 3110 1150 qui
3142 1087 3196 1135 et
3218 1081 3433 1138 Cass‘ta-

1846 1184 1948 1224 nus
1973 1170 2193 1235 dicitur,
2211 1170 2328 1224 Vita
2352 1179 2407 1224 et
2430 1170 2549 1224 libri
2577 1168 2696 1234 Xll,
2726 1170 2981 1226 videlicet
3008 1190 3019 1225 :
3053 1171 3122 1226 de
3142 1172 3433 1231 Cmnohio-

1849 1278 1967 1318 rum
1996 1264 2258 1317 Institutis
2288 1263 2413 1316 libri
2447 1263 2538 1327 ιν,
2570 1273 2623 1318 et
2662 1264 2728 1319 de
2761 1265 2897 1320 Octo
2930 1264 3089 1321 Vitiis
3117 1267 3435 1336 capitalibus

1849 1356 1973 1411 libri
2002 1354 2138 1410 Vlll.
2180 1354 2297 1410 Cat.
2333 1354 2467 1409 Bibl.
2494 1353 2697 1412 Bodlei.
2731 1362 2995 1413 Auctores
3026 1359 3273 1415 Historia:
3310 1362 3434 1420 Litt.

1851 1448 2040 1504 Gallia:
2084 1448 2144 1504 Τ.
2194 1448 2259 1515 ll,
2317 1466 2370 1518 p.
2428 1449 2553 1504 224.
2599 1452 2739 1521 apud
2790 1453 3055 1508 Simonem
3104 1453 3439 1528 Bet'ilaquam

1849 1544 2261 1617 Lugdunensem
2295 1545 2689 1616 typographum
2721 1545 2861 1603 hanc
2889 1548 3179 1605 editionem
3208 1549 3438 1621 impres—

1848 1651 1964 1692 sam
1990 1634 2189 1692 ierunt.

2566 1710 2723 1766 1521.

1918 1800 2191 1870 Bononiat,
2235 1802 2379 1872 apud
2415 1800 2684 1857 Benedict.
2730 1802 2963 1872 Hector;
3007 1806 3168 1862 iit-8’.
3212 1805 3437 1866 Joannis

193 1878 384 1942 praetori
415 1879 575 1949 hujus
605 1878 700 1930 viri
722 1875 1008 1949 (Cassiani)
1041 1875 1211 1945 Opera
1243 1885 1385 1930 tanta
1421 1876 1747 1931 commenda-

1865 1891 2113 1958 Eremite,
2145 1892 2238 1963 qui
2265 1902 2320 1948 et
2346 1893 2639 1951 Cassianus
2668 1893 2888 1963 dicitur,
2916 1912 3053 1967 Opus
3081 1900 3147 1954 de
3171 1898 3435 1958 Institutis

192 1969 293 2023 tione
319 1973 471 2044 digna
502 1972 565 2024 ab
594 1971 824 2025 omnibus
860 1970 1024 2043 legere
1051 1971 1369 2042 cupientibus
1399 1970 1604 2039 [acilius
1648 1971 1746 2025 ha-

191 2060 270 2115 beri
290 2065 519 2131 possint:
547 2081 712 2133 nuper
741 2065 795 2117 in
822 2064 1016 2135 inclyta
1054 2063 1423 2119 Basileensium
1466 2064 1589 2119 urbe
1633 2074 1746 2134 post

189 2158 595 2212 occuratissimam
644 2159 940 2213 earumdem
984 2159 1437 2213 emendationem:
1494 2160 1745 2225 artiﬁcio-

187 2261 360 2317 sumque
380 2256 431 2303 et
452 2248 728 2320 peruiilem
757 2258 806 2304 et
830 2257 984 2305 antea
1004 2267 1108 2305 non
1132 2251 1293 2305 visam
1332 2251 1711 2305 distinctionem
1727 2267 1747 2306 .'

188 2339 356 2410 singula
384 2359 500 2397 cum
529 2343 954 2415 inscriptionibus
982 2345 1088 2399 suis
1112 2360 1131 2399 :
1157 2345 1213 2399 in
1238 2344 1336 2399 hoc
1364 2362 1527 2399 unum
1561 2362 1750 2416 corpus

186 2443 279 2486 sunt
304 2434 512 2490 collecta
538 2453 559 2490 :
586 2435 911 2507 elimatisque
942 2438 1236 2492 litterarum
1275 2438 1655 2494 characteribus
1696 2449 1749 2494 ut

188 2523 353 2591 liquido
393 2530 623 2582 cernitur
665 2529 913 2597 impressa
935 2546 955 2585 ε
990 2530 1059 2584 ad
1090 2531 1354 2603 frugiferae
1382 2533 1508 2586 artis
1536 2533 1749 2604 impres-

188 2617 311 2671 torite
335 2622 870 2677 commendationem:
902 2623 1229 2693 omniumque
1265 2623 1534 2695 diligenter
1575 2624 1629 2677 in
1671 2625 1749 2679 his

188 2702 431 2777 legentium
450 2714 725 2770 utilitatem
752 2730 772 2768 :
803 2713 1188 2784 Salvatorisque
1208 2717 1370 2769 nostri
1398 2715 1526 2771 .lestt
1558 2715 1753 2771 Christi

189 2798 372 2867 gloriam
400 2815 446 2858 et
476 2806 720 2860 honorem
744 2823 763 2861 :
788 2807 876 2877 qui
902 2818 976 2862 est
1006 2807 1292 2863 benedictus
1318 2811 1371 2861 in
1398 2809 1589 2863 stecula
1613 2825 1632 2863 :
1658 2826 1752 2863 an-

189 2904 242 2942 no
279 2894 551 2949 nativitatis
599 2897 822 2967 ejusdem
881 2896 1392 2953 MCCCCLXXXV.
1435 2899 1513 2956 De
1560 2900 1751 2956 eodem

187 2993 477 3052 argumento
503 3004 685 3044 versus
714 2989 1015 3045 hexametri
1060 2992 1335 3060 sexaginta
1381 2990 1575 3061 adjecti
1628 3002 1754 3047 sunt

188 3073 228 3126 in
251 3080 471 3135 secunda
504 3083 691 3152 pagina
724 3084 852 3139 noni
891 3098 959 3139 ex
1006 3083 1147 3138 foliis
1194 3084 1429 3153 registri,
1477 3087 1568 3155 qui
1614 3084 1753 3139 inci-

188 3166 345 3235 piunt:
367 3170 578 3229 Caesaris
602 3176 819 3245 imperio
842 3176 1122 3245 fantuletur
1146 3175 1441 3232 Rhomulus
1462 3178 1622 3243 orbis,
1641 3187 1747 3237 etc.

1848 1988 2242 2053 cmnobiorum,
2283 1987 2517 2058 origine,
2557 1989 2741 2045 causis
2778 2000 2835 2046 et
2874 1992 3131 2048 remediis
3157 1996 3435 2062 vitiorum,

1848 2076 2347 2147 Collationibusque
2374 2077 2615 2135 Patrum.
2648 2081 2763 2136 Cat.
2808 2082 2943 2137 Bibl.
2986 2083 3116 2156 Reg.
3161 2086 3334 2142 Paris.
3367 2087 3435 2145 Τ.

1846 2168 1889 2237 Ι,
1923 2184 1978 2239 p.
2008 2169 2137 2239 582,
2166 2187 2222 2225 η.
2252 2170 2375 2225 772.

2562 2242 2719 2298 1525.

1921 2334 2185 2405 Lugduni,
2229 2350 2319 2404 per
2363 2332 2617 2389 Jacobum
2657 2334 2831 2408 Myt.;
2883 2337 3050 2395 in-8°.
3105 2340 3269 2397 iidem
3320 2342 3437 2401 libri

1851 2424 2217 2495 Sponsoribus
2266 2425 2518 2483 Patribus
2567 2426 2826 2485 Maurinis
2866 2428 2919 2485 in
2967 2430 3109 2486 Hist.
3160 2432 3262 2489 litt.
3313 2434 3437 2490 Gal-

1850 2516 1935 2571 lite
1963 2518 2000 2574 l.
2035 2519 2074 2575 1.

2564 2612 2723 2669 1528.

1922 2702 2001 2775 (In
2034 2702 2141 2759 line
2174 2703 2213 2774 :)
2246 2702 2519 2775 Haganoa:
2548 2705 2647 2777 (a),
2688 2722 2777 2778 per
2803 2706 2924 2761 Joh.
2958 2709 3244 2782 Secerium,
3274 2730 3441 2769 mense

1853 2794 2068 2865 Martio,
2106 2795 2274 2849 ἔνι-4ο.
2318 2797 2379 2850 D.
2416 2796 2664 2853 Cassiani
2710 2799 3288 2873 Constantinopolitani
3326 2807 3441 2861 dia-

1854 2888 1976 2941 coni
2016 2886 2085 2941 de
2126 2887 2245 2941 Lib.
2288 2888 2532 2943 Arbitrio
2568 2889 2819 2946 Collatio.
2853 2892 2988 2949 Octo
3019 2897 3246 2967 plagulas
3288 2899 3440 2956 lucu-

1854 2978 2001 3033 lento
2030 2978 2343 3035 charactere
2377 2981 2648 3050 Romano,
2682 2993 2738 3039 ut
2766 2984 3011 3041 Justinus
3046 2989 3257 3047 duobus
3286 2994 3442 3049 annis

1850 3082 1981 3128 ante
2029 3071 2233 3128 ibidem
2287 3088 2540 3140 excusas,
2592 3075 2893 3147 impressa}.
2942 3080 3132 3137 Exstat
3176 3084 3339 3140 etiam
3387 3088 3440 3143 in

1853 3165 1965 3221 Cat.
1994 3165 2131 3221 Bibl.
2161 3166 2292 3240 Reg.
2328 3166 2503 3222 Paris.
2535 3167 2764 3225 Collatio
2795 3172 2909 3228 haac
2946 3174 2998 3229 in
3030 3191 3194 3246 opere
3233 3178 3442 3249 integro

190 3271 231 3314 ει
249 3264 481 3323 desinunt
508 3288 521 3323 ;
555 3269 826 3325 Sermone;
854 3270 1071 3323 Abraluz
1094 3285 1111 3322 ;
1138 3270 1200 3324 de
1221 3270 1391 3325 carnis
1410 3268 1519 3341 lege
1538 3271 1755 3325 damon.
1779 3271 1825 3334 ί]
1858 3270 1943 3317 est
1961 3261 2220 3332 vigesima
2252 3264 2428 3318 tertia.
2464 3263 2705 3321 RCSCldii.
2730 3276 2911 3323 autem
2938 3269 3132 3337 editor,
3167 3281 3224 3328 lli.
3255 3273 3442 3328 Patres

190 3360 267 3412 die.
296 3360 629 3433 Epigrapheu
656 3361 861 3417 faciunt
881 3362 937 3417 hi
961 3362 1067 3418 duo
1091 3379 1107 3420 :
1138 3362 1278 3429 Quos
1301 3379 1428 3433 opus
1454 3362 1549 3417 hoc
1596 3364 1754 3418 libros

190 3457 329 3504 teneat
370 3470 675 3525 cognoscere
723 3456 770 3507 si
821 3456 913 3510 vis.
952 3452 1019 3508 Et
1046 3451 1173 3525 quid
1198 3454 1408 3523 quisque
1433 3461 1611 3511 tenet:
1636 3455 1755 3510 sub-

189 3544 375 3616 scriptos
404 3548 613 3622 perlege
642 3564 833 3604 versus.

245 3637 564 3710 lmpressum
594 3652 677 3698 est
710 3642 963 3698 volumen
996 3642 1139 3713 typis
1167 3640 1409 3698 Gothicis
1434 3642 1750 3712 grandibus,

189 3730 266 3786 sed
300 3735 639 3790 tenuioribus
667 3743 722 3789 et
771 3736 973 3802 acutis,
1008 3734 1151 3790 binis
1203 3734 1473 3790 columnis
1520 3735 1619 3791 abs
1665 3752 1757 3791 nu-

192 3825 330 3879 meris
368 3836 420 3882 et
459 3827 803 3883 custodibus.
836 3826 1076 3896 Plagula:
1106 3827 1330 3897 signata:
1371 3835 1527 3893 sunt;
1559 3826 1757 3883 adsunt

188 3914 326 3971 etiam
353 3918 625 3976 librorum
652 3918 791 3973 tituli
814 3918 1110 3988 majusculo
1139 3918 1456 3975 charactere
1473 3920 1678 3974 exarati
1700 3918 1757 3974 in

187 4019 370 4066 summa
398 4028 520 4079 ora,
552 4020 609 4067 et
636 4012 833 4067 littera:
864 4012 1097 4066 initiales
1139 4012 1356 4067 minutas
1396 4011 1451 4066 in
1481 4011 1752 4081 capitulis.

246 4098 297 4156 ld
320 4118 479 4161 unum
509 4104 631 4160 fere
656 4105 931 4175 singulare
972 4105 1026 4160 in
1066 4104 1471 4162 charactcrihus
1495 4105 1756 4161 observa-

186 4192 360 4262 vimus,
391 4198 536 4267 quod
568 4196 778 4269 syllaba
821 4198 864 4251 is
907 4198 958 4252 in
996 4197 1100 4251 line
1140 4213 1332 4252 vocum
1368 4214 1462 4267 pcr
1493 4212 1753 4264 compen-

187 4284 314 4342 dium
335 4290 492 4346 liuea:
515 4302 685 4347 recta:
717 4290 1185 4361 perpendicularis
1217 4292 1453 4362 desuper
1480 4292 1755 4361 paululum

187 4393 355 4438 Versus
384 4386 667 4442 sinistram
716 4385 929 4441 inﬂexae
971 4398 1190 4441 exarata
1235 4387 1327 4442 sit.
1375 4386 1634 4441 Eamdem
1666 4387 1753 4442 ed.

186 4475 417 4532 servabat
449 4480 581 4534 olim
625 4477 765 4533 Bibl.
808 4477 970 4533 Ducis
1010 4479 1073 4531 dc
1110 4478 1162 4531 la
1210 4479 1458 4533 Valliére.
1488 4478 1757 4536 Caeterum

185 4562 448 4626 Fabricius
478 4572 533 4627 in
566 4572 707 4627 Bibl.
730 4571 801 4626 Μ.
834 4582 887 4627 ct
914 4573 957 4627 l.
988 4572 1107 4626 Lat.
1134 4572 1316 4627 laudat
1345 4572 1634 4628 editionem
1666 4573 1760 4628 Ve-

186 4664 345 4709 netam
368 4675 423 4715 a.
454 4661 614 4728 1481,
639 4677 798 4733 quam
823 4664 1076 4733 equidem
1112 4672 1291 4717 tamen
1325 4664 1587 4734 tantisper
1618 4664 1757 4721 inter
1784 4658 1833 4719 Ι)

183 4747 379 4810 tabulas
410 4754 642 4823 habebo,
676 4757 852 4815 donec
875 4756 1025 4813 aliud
1057 4756 1210 4811 fuero
1234 4757 1481 4813 edoctus.

889 4848 1050 4905 1491.

254 4936 500 5010 i’enetiis,
533 4944 711 5014 inofol.
735 4944 824 4999 Jo.
856 4941 1154 4999 Cassianus
1186 4943 1255 4998 de
1280 4942 1547 4999 institutis
1576 4957 1761 4999 cerno-

1858 3354 2085 3413 Mauriui
2116 3356 2279 3411 modo
2304 3357 2507 3413 laudati
2534 3373 2776 3427 monent,
2806 3374 2967 3433 caput
2997 3365 3270 3433 ultimum,
3300 3367 3441 3434 ejus»

1854 3461 1959 3516 que
1983 3447 2100 3502 loco
2126 3447 2263 3503 XVII
2285 3449 2386 3503 alia
2412 3465 2477 3504 ex
2500 3452 2620 3507 aliis
2649 3453 3038 3511 Collationibus
3067 3457 3439 3513 consarcinata

1855 3540 2153 3608 substituit,
2198 3552 2254 3595 ut
2295 3543 2337 3596 si
2379 3542 2582 3611 justum
2622 3546 2755 3602 velis
2791 3562 2910 3602 esse
2954 3550 3187 3615 titulum,
3220 3551 3439 3603 inscribi

1856 3631 2150 3699 debuisset,
2196 3632 2475 3687 Tractatus
2518 3637 2580 3688 de
2607 3635 2794 3690 Libero
2838 3637 3063 3689 Arbitrio
3106 3655 3167 3691 ex
3209 3638 3440 3691 Cassiani

1856 3722 2251 3791 Collationibus,
2273 3727 2561 3795 praesertim
2583 3726 2793 3780 XXIII
2816 3726 3123 3793 descriptus.
3253 3722 3257 3727 ’

2572 3817 2731 3873 1540.

1930 3904 2191 3971 Coloniae,
2238 3922 2299 3960 ea:
2340 3907 2541 3977 ofﬁcina
2585 3906 2777 3963 Melch.
2828 3908 3215 3977 Novesiannm;
3261 3912 3436 3983 ξιτ-[οι.

1855 3999 2076 4057 Joannis
2110 3999 2353 4054 Cassiani
2392 3999 2517 4054 libri
2552 3999 2647 4055 Xll
2682 3999 2749 4055 de
2782 4000 3045 4056 Institutis
3073 4002 3436 4060 coenobiorum

1856 4101 1911 4149 et
1939 4093 2007 4149 de
2042 4092 2182 4146 vitiis
2222 4092 2564 4162 capitalibus,
2607 4108 2706 4148 nec
2747 4108 2854 4147 non
2897 4092 3020 4148 libri
3052 4094 3158 4148 duo
3189 4094 3441 4151 Collatio-

1857 4204 1982 4242 num
2011 4186 2182 4241 XXIV
2207 4185 2305 4242 SS.
2342 4188 2557 4242 Patrum
2586 4189 2992 4259 paraphrastice
3020 4189 3233 4258 redditi,
3263 4192 3443 4247 studio

1856 4278 2095 4351 Dionysii
2120 4278 2488 4334 Carthusiani.
2522 4280 2745 4350 Adjecta
2767 4288 2853 4336 est
2878 4281 2942 4335 D.
2971 4280 3193 4336 Joannis
3222 4280 3439 4347 Climac:

1856 4373 1999 4429 scala
2037 4371 2299 4438 Paradisi,
2332 4371 2544 4437 Latine,
2592 4388 2655 4427 ex
2700 4374 3146 4442 interpretatione
3178 4378 3441 4433 Ambrosii

1855 4463 2129 4520 monachi.
2177 4461 2293 4520 Cat.
2341 4462 2479 4518 Bibl.
2520 4462 2726 4520 Bodlei.
2781 4463 2957 4521 Paris.
3010 4466 3139 4537 Reg.
3188 4476 3241 4523 et
3290 4466 3439 4525 Casa

1858 4566 2056 4615 natens.

2579 4652 2739 4709 1542.

1933 4745 2199 4817 Lugduni,
2228 4744 2368 4816 apud
2397 4742 2651 4799 Iacobum
2675 4744 2895 4812 Giunta;
2934 4748 3094 4804 iit-8°.
3123 4751 3441 4813 Collatione.~

1864 4837 2107 4893 Patrum.
2152 4838 2298 4905 Opus
2336 4837 2560 4893 Joannis
2600 4838 2875 4904 Eremitto,
2924 4840 3014 4910 qui
3063 4851 3118 4897 et
3165 4842 3443 4903 Cassianus

1862 4930 2081 4998 dicitur,
2111 4932 2178 4988 de
2203 4933 2463 4988 Institutis
2504 4933 2876 4990 coenobiorum
2900 4976 2913 5000 ,
2941 4937 3171 5007 origine,
3199 4943 3378 4997 causis
3398 4956 3443 4998 et

187 5026 377 5089 biorum
418 5053 433 5089 :
477 5045 534 5091 et
570 5036 815 5105 ejusdem
853 5033 1190 5091 Collationes
1230 5035 1469 5091 Patrum.
1503 5036 1765 5093 Producit
1864 5029 2121 5085 remediis
2144 5028 2420 5092 vitiorum,
2457 5028 2955 5101 Collationibusque
2986 5033 3227 5090 Patrum.
3256 5036 3431 5090 Addit:

188 5119 479 5184 Maettarius
503 5128 569 5184 Τ.
602 5127 646 5195 l,
680 5144 735 5199 p.
768 5143 829 5193 ιι,
867 5143 919 5197 p.
960 5127 1088 5191 538,
1130 5142 1197 5181 ex
1241 5123 1381 5179 Bibl.
1413 5125 1763 5182 Menarsiante
1868 5121 2119 5177 Auctoris
2148 5121 2278 5175 vita.
2309 5119 2427 5174 Cat.
2462 5120 2600 5174 Bibl.
2632 5120 2874 5178 Casanat.
2900 5123 2966 5178 It.
2996 5124 3112 5181 Cat.
3141 5127 3205 5181 de
3230 5126 3281 5180 la
3309 5124 3427 5179 Bib;

187 5208 416 5354 gatalogo
464 5236 522 5291 p.
579 5220 671 5289 19,
722 5236 779 5276 η.
829 5219 952 5276 161.
1001 5217 1261 5276 Exstabat
1309 5218 1475 5274 etiam
1524 5217 1578 5275 in
1620 5216 1760 5274 Bibl.

232 5306 364 5354 iuell-

232 5306 365 5366 inell.

1000 5405 1052 5459 7.

1000 5405 1052 5459 7.

250 5488 454 5551 Basilea:
485 5512 577 5555 aer
603 5494 693 5552 Jo.
726 5400 1047 5564 Amerbla‘cet;
1077 5497 1241 5553 its-4°.
1278 5495 1517 5554 Joannes
1550 5494 1758 5552 Cassia-

189 5598 278 5644 nus
307 5590 373 5649 de
408 5593 677 5655 Institutis
704 5596 1229 5672 cmnobiomm,.etc
1250 5604 1357 5661 ιω
1388 5595 1442 5652 in
1475 5594 1669 5661 prima.
1698 5596 1757 5652 lu

1868 5214 1931 5271 de
1957 5212 2316 5285 St.-Jacques,
2349 5214 2382 5269 it
2411 5212 2565 5285 Liege
2591 5214 2758 5284 1788,
2792 5232 2843 5286 p.
2877 5217 2999 5275 190.

2607 5308 2731 5364 559.

2607 5310 2674 5364 55
2716 5348 2731 5364 .

1933 5403 2188 5469 Basilete,
2235 5419 2299 5459 es;
2324 5402 2417 5471 o/f.
2451 5310 2959 5466 HenticosjPetrina;
3006 5402 3183 5472 iis-fol.
3230 5398 3447 5457 Joanni‘

1863 5500 2107 5557 Cassiani
2145 5512 2306 5571 opera
2347 5499 2553 5570 aliquot
2600 5515 2726 5556 cum
2768 5498 2828 5555 S.
2874 5494 3097 5554 Joannis
3132 5496 3425 5553 Damascet

1860 5608 1988 5665 opp.

256 5746 328 5813 (α)
366 5748 425 5807 ld
451 5758 539 5811 est
558 5746 759 5821 Hayme
779 5752 1251 5827 (Grossen-iiayn)
1282 5758 1335 5812 in
1370 5754 1600 5815 Saxonia
1634 5753 1920 5827 superiori,
1954 5764 2011 5813 ut
2038 5763 2186 5811 recte
2214 5754 2547 5811 Benedictini
2572 5774 2584 5809 :
2614 5755 2841 5828 aHayn,
2867 5753 3062 5813 demta
3083 5745 3435 5815 Hasta-Sos"
