4036 6218
537 311 607 367 η
1344 287 1439 342 AD
1477 284 1707 343 ornas
1745 282 2027 340 JOANNIS
2064 279 2379 339 cassum
2418 274 2951 333 puomcousua.
3746 286 3814 343 ,ο

606 421 725 479 13m
752 418 985 490 pridem,
1015 424 1212 484 nempe
1239 424 1289 464 a.
1319 407 1456 463 1548
1482 406 1659 462 omnia
1690 420 1753 461 ex
1784 402 1970 459 eadem
2002 402 2122 454 olli-
2153 408 2199 465 Α
2232 399 2310 454 Μ.
2367 400 2437 455 D.
2491 397 2639 454 LXX
2657 396 2845 464 VIII.)
2888 394 3051 449 multa
3112 400 3440 464 conquestus
3507 393 3575 450 de
3624 396 3811 452 saeculi

535 519 656 573 cina
714 514 1023 582 prodierant
1070 506 1293 563 Joannis
1361 499 1672 556 Damasceni
1727 512 1908 563 opera,
1964 510 2122 563 quam

540 610 829 665 editionem
861 606 910 658 in
945 604 1043 655 bac
1075 614 1191 655 esse
1218 612 1483 652 recusato.
1518 594 1656 647 haud
1690 594 1954 646 incertum
1981 588 2127 643 vide-

537 712 643 765 tur,
678 699 884 751 tametsi
920 696 1007 749 illa
1040 693 1354 746 Cassianum
1394 702 1497 740 non
1537 684 1820 752 complexa
1858 681 2037 742 fuerit,
2072 688 2129 733 nt

539 810 603 849 cx
645 794 795 846 titulo
838 791 982 843 illius
1022 786 1072 839 in
1116 784 1227 838 Cat.
1264 780 1401 834 Bibl.
1436 778 1563 849 Reg.
1596 774 1768 830 Paris.
1797 774 1957 829 obvio
1986 771 2050 826 Τ.
2082 770 2125 835 ι,

540 904 593 958 p.
621 885 747 947 357,
773 900 829 939 n.
861 883 985 948 589.,
1019 886 1259 948 apparet.

1255 967 1413 1022 i572.

524 1042 534 1089 δ
611 1069 812 1139 Tiguri,
857 1064 1035 1134 in-fol.
1085 1062 1308 1119 Jo:mnis
1350 1055 1594 1114 Cassiani
1641 1054 1708 1108 de
1758 1050 2130 1107 Incarnatione

538 1160 735 1215 Christi
784 1172 972 1213 contra
1034 1154 1343 1210 Nestorium
1402 1151 1711 1202 ita'reticum
1766 1144 1829 1197 ad
1894 1142 2127 1197 Lemcm

540 1253 796 1306 Romana:
841 1250 985 1303 urbis
1032 1249 1367 1317 episcopum,
1409 1240 1532 1295 libri
1565 1238 1690 1303 VII;
1738 1238 1877 1291 inter
1921 1234 2132 1300 Scripta

537 1354 763 1398 ceterum
802 1342 990 1394 Latina
1024 1340 1087 1391 de
1119 1354 1224 1390 una
1260 1349 1481 1407 persona
1509 1339 1565 1385 et
1590 1330 1744 1383 duab.
1787 1337 1898 1380 nat.
1938 1323 2134 1379 Christi

540 1436 681 1492 edita
722 1450 751 1486 a
791 1433 957 1487 Josua
997 1429 1253 1494 Simlero,
1304 1440 1424 1493 pag.
1471 1422 1554 1478 1⁸1.
1604 1419 1814 1475 Addita:
1844 1425 1969 1471 sunt
2012 1413 2133 1467 Vita

541 1526 781 1582 Cassiani
807 1534 862 1580 et
889 1521 1247 1577 annotationes
1279 1519 1332 1571 in
1363 1516 1528 1570 libros
1555 1514 1671 1582 ejus
1700 1526 1729 1564 a
1762 1524 1885 1579 pag.
1916 1508 2006 1561 47.

1262 1608 1421 1662 1575.

614 1710 853 1773 Βαδὲιθιιτ,
878 1724 939 1761 ex
966 1706 1056 1772 o/f.
1082 1698 1576 1763 Ilenrico-Petrina,
1609 1710 1781 1749 mense
1812 1688 2135 1763 Septembri;

2230 510 2453 565 propter
2477 512 2756 550 enormem
2806 495 2857 548 itt
2905 493 3055 547 libris
3096 493 3400 546 scribendis
3443 492 3810 561 Illlt'lttpe'aﬂ-

2230 589 2356 641 tiam
2388 589 2760 653 librarumque
2800 586 2958 639 simul
3003 587 3329 653 proterviam
3358 596 3406 639 et
3448 586 3809 654 corruptelam

2228 678 2587 743 infelicitate;
2620 695 2733 731 eam
2784 680 2845 731 ob
2893 694 3103 730 causam
3162 679 3294 731 inter
3340 676 3481 734 illos.
3514 696 3638 746 quos
3660 677 3809 731 Chri-

2230 771 2399 823 stiana
2425 788 2561 834 resp.
2592 770 2875 824 Dominij
2910 772 3071 824 vincte
3110 771 3332 823 cultores
3363 771 3536 832 habet,
3562 788 3662 823 non
3693 789 3813 825 con-

2229 864 2553 915 temnendam
2582 878 2794 928 Operam
2840 878 3046 915 navare.
3082 872 3271 915 censet
3313 875 3428 925 eos,
3475 863 3563 927 qui
3592 873 3812 915 ueterum

2229 972 2351 1008 mss.
2378 957 2614 1009 codicum
2660 957 2770 1023 ﬁde
2810 956 3004 1027 adjuti,
3038 957 3090 1007 in
3138 956 3465 1008 restituendis
3511 959 3810 1009 emaculan-

2232 1048 2409 1117 disque
2440 1048 2546 1102 SS.
2602 1046 2823 1100 Patrum
2874 1048 3242 1109 monumentis,
3293 1048 3461 1116 iisque
3499 1046 3731 1119 legendis
3760 1064 3815 1101 ac

2232 1139 2581 1208 perdiscendis
2613 1155 2765 1192 omne
2800 1155 2949 1193 suum
2995 1140 3224 1192 studium
3264 1120 3546 1193 collucent.
3569 1141 3722 1207 Quod
3754 1156 3817 1195 ne

2232 1231 2437 1299 absque
2460 1246 2618 1284 causa
2646 1230 2851 1284 dixisse
2876 1231 3153 1286 videretur
3176 1232 3240 1284 ad
3268 1232 3446 1285 laudes
3470 1244 3519 1286 et
3546 1248 3819 1288 commen-

2232 1320 2505 1377 dationem
2540 1322 2756 1376 Petrum
2806 1337 2866 1377 se
2906 1324 3218 1388 convertit,
3252 1328 3345 1377 sed
3385 1342 3509 1378 tnox
3544 1328 3607 1377 atl
3642 1342 3701 1382 se
3734 1343 3818 1382 re-

2234 1416 2388 1470 diens
2420 1435 2433 1469 :
2469 1418 2732 1483 Quoniam
2775 1427 2984 1482 autem,
3030 1420 3196 1484 inquit
3224 1463 3238 1487 ,
3289 1419 3481 1490 partim
3532 1431 3820 1493 temporum

2233 1511 2426 1581 injuria
2447 1521 2493 1562 et
2518 1519 2779 1569 vetustate,
2798 1511 2987 1581 partim
3011 1512 3296 1564 scribarum
3320 1514 3614 1573 oscitantia,
3635 1517 3821 1579 partim

2235 1602 2390 1653 etiam
2421 1600 2777 1654 hwreticorum
2822 1603 3061 1655 insolenti
3092 1604 3375 1656 temeritate
3402 1604 3590 1657 horum
3624 1608 3821 1659 labores

2237 1695 2584 1762 compluribus
2611 1696 2663 1747 in
2692 1697 2819 1748 locis
2859 1697 3038 1763 foedati
3083 1709 3129 1750 et
3163 1699 3338 1750 multis
3367 1699 3565 1751 mendis
3599 1698 3823 1767 respersi

543 1808 599 1858 in
634 1805 727 1874 fol.
781 1811 860 1857 ΤΛ
915 1810 1033 1854 ΤΟΥ
1080 1804 1231 1854 MAK.
1283 1797 1544 1849 ιοΑΝΝοΥ
1587 1800 1707 1846 ΤΟΥ
1736 1789 2135 1844 ΔΔΜΛΣΚΗΝΟΥ

2244 1801 2376 1851 sunt,
2406 1800 2450 1840 et
2471 1789 2633 1840 multa
2658 1789 2848 1855 passim
2874 1788 2986 1840 loca
3017 1790 3069 1841 in
3101 1790 3173 1841 eis
3207 1800 3478 1843 occurrunt
3498 1790 3696 1849 hiulca.
3716 1792 3820 1845 dis-

540 1894 731 1951 "EPI‘A.
762 1892 982 1947 Joannis
1012 1888 1322 1944 Damasceni
1355 1898 1522 1952 Opera
1548 1880 1891 1947 omnia,qutc
1913 1875 2130 1947 quidem

544 1995 759 2043 esstant
798 2004 809 2037 :
854 1984 1081 2037 toaxitna
1122 1989 1276 2049 parte
1322 1977 1585 2032 hactenus
1622 1988 1731 2027 non
1770 1972 1907 2025 visa.
1951 1968 2081 2023 Item
2117 1985 2129 2019 :

543 2078 769 2133 Joannis
819 2073 1065 2130 Cassiani
1121 2070 1375 2126 Eretoitrc
1425 2084 1531 2122 non
1590 2079 1806 2134 prorsus
1857 2060 2136 2116 dissimilis

546 2170 849 2243 argumenti
887 2167 1009 2223 libri
1047 2168 1274 2236 aliquot,
1317 2176 1547 2233 quorum
1589 2159 1852 2220 omnium,
1898 2164 2003 2207 tam
2031 2151 2135 2206 bu-

543 2266 654 2335 jtts,
679 2279 837 2334 quam
862 2262 1005 2315 illius
1035 2258 1341 2317 elenchum,
1372 2268 1524 2307 versa
1555 2252 1770 2320 pagina,
1798 2246 2134 2316 singulorum

546 2368 724 2412 autem
770 2362 1084 2425 argumenta
1122 2351 1177 2404 in
1220 2347 1537 2418 praefatione
1585 2346 1840 2413 reperies.
1897 2337 2141 2395 Accessit

546 2452 702 2507 Joan.
736 2446 1057 2503 Damasceni
1085 2442 1360 2510 operibus,
1397 2438 1636 2505 itemque
1663 2432 1928 2497 Cassiani,
1957 2445 2136 2485 rerum

546 2558 613 2597 ac
637 2541 924 2595 verborum
948 2534 1407 2598 memorabilitttu,
1438 2546 1537 2586 nec
1562 2546 1666 2583 non
1699 2529 1939 2582 locorum
1970 2538 2141 2577 sacra:

548 2635 867 2701 Scriptum,
902 2646 1022 2701 qua:
1061 2629 1114 2682 in
1148 2626 1234 2681 bis
1260 2626 1599 2692 explicantur
1626 2630 1788 2692 atque
1818 2622 2141 2688 allegantur,

550 2729 870 2800 trigeminos
913 2724 1071 2778 index
1106 2736 1263 2788 quam
1295 2717 1709 2789 dIIIgBIlIIS>IIIIC
1740 2717 2100 2782 conscriptus.

622 2822 811 2876 Insunt
856 2818 1037 2870 omnia
1081 2812 1345 2875 Cassiani,
1396 2824 1592 2872 nempe
1632 2808 1695 2860 tle
1744 2806 1873 2860 Inst.
1925 2802 2139 2859 (mnob.

549 2916 590 2968 I.
622 2914 712 2981 IV,
747 2927 773 2964 a
804 2910 899 2964 fol.
929 2909 1066 2969 905;
1098 2906 1166 2961 de
1188 2906 1323 2961 Octo
1354 2902 1516 2956 Vitiis
1538 2898 1862 2968 capitalibus
1886 2898 1922 2951 I.
1954 2895 2086 2961 VIII,
2114 2910 2141 2947 a

553 3005 650 3058 fol.
684 3003 823 3066 93‘2;
856 2999 1189 3055 Collatinnes
1224 2995 1327 3050 PP.
1360 2993 1553 3059 XXIV,
1587 3008 1612 3044 a
1649 2992 1741 3044 l'ol.
1768 2991 1899 3055 990;
1934 3000 1987 3044 et
2019 2986 2145 3042 libri

554 3096 649 3151 VII
691 3107 877 3150 contra
930 3092 1259 3154 Nestorium,
1309 3106 1337 3141 a
1392 3089 1485 3142 lol.
1546 3085 1701 3140 I259.
1756 3085 2019 3138 Prmlatns
2062 3088 2146 3134 est

2240 1891 2410 1947 torta,
2455 1896 2676 1943 ntanca,
2741 1880 2955 1949 confusa
2994 1893 3041 1932 et
3094 1882 3254 1934 veluti
3303 1900 3473 1955 scopae
3514 1885 3822 1945 dissolutae:

2238 1973 2437 2027 idcirco
2461 1974 2637 2027 danda
2660 1984 2734 2026 est
2758 1990 2934 2038 opera,
2962 1984 3014 2025 ut
3042 1990 3107 2027 ex
3136 1976 3487 2029 vetustissimis
3518 1979 3825 2042 aptimisque

2237 2066 2615 2132 exemplaribus
2640 2084 2764 2120 mss.
2794 2083 2889 2119 suo
2921 2068 3077 2120 nitori
3113 2078 3159 2121 et
3186 2072 3469 2138 tntegrimti
3498 2088 3647 2138 quant
3674 2089 3825 2126 accu-

2239 2158 2496 2211 ratissime
2524 2160 2886 2211 restituantur.
2925 2157 3003 2210 Eu
3034 2160 3193 2227 igitur
3218 2177 3300 2214 res
3348 2178 3426 2215 me
3472 2180 3673 2232 quoque
3707 2181 3826 2231 per-

2240 2250 2427 2313 movit,
2461 2249 2683 2319 mihique
2727 2251 2984 2318 persuasit
3014 2268 3183 2322 operw
3228 2255 3449 2320 pretium
3486 2270 3694 2325 remque
3724 2273 3827 2309 om-

2242 2342 2390 2394 nibus
2422 2342 2713 2394 divinarum
2767 2344 3055 2395 litterarum
3103 2345 3408 2405 cultoribus,
3441 2356 3488 2399 et
3525 2348 3828 2416 cumprimis

2241 2436 2537 2487 monastica:
2563 2434 2888 2501 perfectionis
2912 2437 3228 2491 amatoribus
3253 2440 3549 2509 neutiquam
3576 2442 3829 2511 ingratam

2243 2542 2322 2579 me
2345 2531 2645 2597 facturum;
2672 2526 2717 2579 si
2752 2526 2803 2579 in
2834 2529 3167 2597 repurgando
3189 2530 3601 2601 illustrundoque
3626 2532 3830 2587 Joanne

2243 2613 2493 2669 Cassiano
2528 2616 2725 2684 aliquid
2754 2632 2925 2685 opera:
2955 2617 3280 2673 collocarem.
3313 2622 3464 2687 Quod
3495 2632 3547 2675 ut
3579 2627 3826 2692 facerem,

2244 2709 2581 2762 illustrissimi
2622 2719 2774 2778 atque
2818 2712 3126 2776 amplissimi
3184 2714 3469 2769 cardinalis
3516 2717 3586 2774 D.
3620 2720 3831 2772 Antonii

2246 2805 2451 2875 Βαναία
2478 2807 2778 2869 auctoritas,
2806 2823 2921 2876 qua:
2951 2812 3164 2861 maximi
3189 2812 3330 2879 apud
3354 2829 3435 2866 me
3464 2830 3613 2866 manu
3631 2815 3708 2866 nti
3734 2821 3831 2873 est,

2245 2898 2433 2965 effecit.
2452 2897 2508 2952 Is
2527 2902 2677 2963 enim,
2695 2899 2828 2952 datis
2854 2900 2922 2951 ad
2940 2916 3019 2954 me
3043 2917 3105 2954 ea:
3119 2902 3240 2954 urbe
3255 2904 3434 2958 litteris
3450 2907 3501 2957 id
3518 2906 3611 2957 sibi
3627 2914 3832 2975 gratum

2246 3002 2295 3045 et
2327 2989 2635 3045 Christiana
2658 2992 2787 3062 reip.
2824 3008 2925 3044 non
2954 2994 3337 3047 incommodum
3369 2998 3481 3065 fore
3512 2997 3757 3063 scripsit;
3785 3006 3832 3048 et

2248 3082 2443 3152 quodin
2470 3086 2580 3155 ejus
2603 3086 2832 3137 auctoris
2862 3088 3209 3156 reettgnitione
3238 3090 3349 3154 ﬁeri
3379 3091 3702 3159 potissimum
3737 3092 3834 3143 rel-

557 3189 767 3243 Marcus
807 3185 1091 3255 Hoppertts
1126 3181 1475 3240 Basilcensis,
1509 3178 1739 3245 cpistola
1778 3175 1844 3228 ad
1882 3174 2143 3227 Thomam
2173 3161 2219 3224 Ο
2251 3176 2356 3240 let,
2389 3178 2643 3245 exposuit.
2672 3176 2812 3243 Quid
2832 3194 2948 3229 vero
2971 3180 3020 3229 in
3044 3195 3102 3231 ea
3130 3196 3182 3231 re
3206 3195 3236 3229 a
3267 3179 3410 3230 nobis
3438 3196 3565 3232 ριν-ατε
3593 3182 3723 3233 itum
3748 3182 3831 3248 sit,

557 3300 584 3337 a
620 3283 807 3338 Planta
839 3280 1008 3348 episc.
1039 3276 1353 3330 Curiensem
1396 3286 1490 3327 seu
1530 3270 1756 3323 Iibwtia:
1783 3270 1903 3319 alta:
1934 3266 1989 3319 d.
2022 3263 2143 3317 Bas.

560 3373 785 3427 Kalend.
835 3372 1055 3438 August.
1104 3365 1275 3428 1575;
1305 3362 1398 3418 sed
1443 3362 1509 3416 de
1552 3361 1778 3424 ratione,
1820 3374 1921 3425 qua
1954 3359 2008 3411 in
2040 3366 2145 3410 tra-

558 3465 753 3519 ctando
794 3471 1016 3517 auctore
1053 3459 1135 3512 vel
1170 3460 1285 3527 ipse
1322 3455 1403 3509 vel
1443 3455 1754 3523 superiores
1791 3451 2030 3505 editores
2068 3449 2147 3503 usi

559 3554 780 3625 loc-rint,
808 3555 978 3609 altum
1012 3560 1158 3608 tenet
1185 3550 1485 3606 silentium.

1279 3642 1438 3700 I560.

634 3744 831 3805 Rotnw,
878 3742 1034 3795 ino8".
1082 3739 1166 3795 Jo.
1212 3736 1458 3794 Cassiani
1494 3733 1629 3788 Vita:
1656 3732 1876 3787 Patrum
1921 3747 1986 3787 ex
2034 3730 2149 3800 ejus

561 3836 980 3891 Institutionibus
1041 3831 1465 3887 lienuntiantium
1523 3838 1578 3881 et
1630 3825 2003 3880 Collationibus
2058 3838 2151 3876 ex-

564 3938 767 3998 cerpta:
796 3946 807 3980 :
836 3928 887 3979 in
933 3927 1058 3977 l'itis
1084 3924 1190 3979 SS.
1223 3922 1418 3991 Aloysii
1452 3920 1740 3991 Lipomani,
1774 3926 1886 3973 tota
1916 3923 2063 3986 parte
2091 3930 2147 3969 It.

1275 4012 1434 4067 1578.

638 4108 957 4179 Αηιυενρὶιυ,
1000 4122 1062 4159 ea:
1104 4106 1231 4174 ofﬁc.
1262 4102 1629 4175 [Chrismphori
1683 4098 1949 4160 Plautini;
1989 4096 2145 4151 iii-8°.

564 4191 629 4258 ἰ).
661 4202 883 4257 Joannis
915 4196 1157 4250 Cassiani
1190 4192 1459 4255 liremitae,
1495 4189 1907 4245 Monasticarum
1938 4186 2149 4240 Institu-

563 4300 768 4352 tionnnt
798 4294 916 4348 libri
952 4291 1041 4354 IV,
1073 4290 1139 4343 de
1167 4287 1322 4342 Viliis
1354 4286 1631 4357 capilalib.
1666 4285 1763 4338 lib.
1798 4284 1932 4340 VIII.
1973 4283 2151 4337 Colla-

566 4393 741 4446 tioucs
787 4390 885 4445 SS.
939 4385 1158 4438 Patrum
1209 4381 1402 4447 XXIV,
1451 4380 1519 4434 de
1572 4378 1732 4434 Verbi
1780 4378 2149 4432 Incarnationc

564 4482 657 4536 lib.
695 4479 805 4535 VII.
828 4476 981 4532 Nunc
1002 4475 1217 4530 demum
1249 4483 1367 4542 post
1396 4471 1575 4525 varias
1606 4470 1872 4525 editiones
1902 4469 1967 4523 ad
1995 4485 2145 4523 com-

2250 3270 2472 3323 aliorum
2503 3281 2611 3323 esto
2634 3271 2920 3340 judicium.
2956 3270 3101 3323 Illud
3142 3289 3229 3323 unt
3252 3288 3299 3323 m
3339 3271 3592 3341 ofﬁrmare
3622 3280 3835 3327 audeo:

2249 3364 2385 3433 quod
2408 3364 2451 3416 si
2479 3363 2593 3433 quis
2625 3366 2757 3416 hanc
2788 3374 3018 3417 nostrant
3048 3381 3161 3417 cum
3194 3365 3445 3428 prioribus
3483 3365 3799 3418 editionibus
3821 3410 3834 3433 ,

2248 3472 2377 3524 quas
2408 3466 2515 3508 tum
2542 3472 2573 3507 a
2606 3455 2997 3519 Basilienstbtts,
3021 3467 3123 3510 tum
3147 3473 3179 3509 a
3204 3455 3635 3528 Lugdunensibus
3662 3460 3838 3523 paucis

2249 3546 2438 3601 abhinc
2460 3552 2611 3600 annis
2635 3552 2943 3615 accepimus,
2962 3551 3271 3620 compararit
3288 3550 3499 3619 (omitto
3521 3551 3839 3621 antiquiores

2251 3639 2527 3707 impressas
2560 3641 2781 3705 codices,
2824 3641 2877 3693 in
2920 3641 3102 3711 quibus
3128 3644 3302 3695 omnia
3343 3660 3469 3714 pene
3512 3645 3693 3696 mutila
3722 3655 3838 3697 sunt

2250 3742 2298 3785 et
2335 3732 2710 3802 imperfecta),
2744 3748 2925 3785 novam
2957 3732 3173 3806 hujusce
3200 3735 3466 3802 scriptoris
3495 3735 3713 3805 facient,
3748 3750 3839 3788 no-

2249 3841 2363 3879 vam
2394 3825 2620 3892 formam
2642 3868 2657 3891 ,
2690 3842 2971 3894 novumque
3005 3827 3201 3879 cultum
3233 3826 3519 3880 adhibitum
3554 3828 3715 3895 {uisse
3745 3829 3836 3881 de-

2250 3919 2526 3988 prehendet
2559 3934 2578 3971 :
2606 3918 2659 3971 id
2686 3920 2823 3989 quod
2852 3935 2915 3971 ex
2948 3918 3254 3987 prazfatione
3272 3920 3505 3986 proxime
3534 3920 3761 3989 subjecta
3792 3929 3837 3972 et

2251 4011 2385 4062 notis
2416 4010 2765 4081 castigatoriis
2807 4011 2875 4061 ad
2920 4011 3111 4063 calcem
3155 4012 3325 4080 operis
3371 4012 3635 4083 adjunctis
3673 4011 3839 4065 mani-

2252 4100 2438 4167 festum
2477 4100 2677 4152 evadet.
2709 4100 2916 4168 Duplex
2951 4102 3203 4155 nimirum
3238 4113 3323 4158 est
3350 4113 3599 4158 notarunt
3629 4117 3835 4173 genus,

2249 4193 2445 4259 quibus
2471 4208 2568 4260 pro
2592 4208 2676 4256 eo,
2710 4208 2870 4260 quem
2902 4194 3002 4246 sibi
3035 4197 3151 4262 ipse
3180 4206 3446 4252 statuerat
3480 4213 3666 4267 scopo,
3703 4200 3837 4253 Cas-

2250 4286 2401 4339 siano
2420 4285 2720 4354 opitulatus
2748 4285 3012 4351 cst;ali:r,
3040 4304 3173 4356 quas
3195 4292 3552 4362 castigatorias
3577 4303 3752 4355 vocat,
3783 4292 3836 4346 itt

2250 4379 2445 4445 quibus
2477 4396 2609 4433 tnss.
2644 4381 2915 4435 variantes
2958 4390 3012 4436 et
3052 4383 3493 4440 emendationum
3527 4402 3716 4441 causas
3744 4401 3839 4439 cx-

2252 4474 2433 4539 p0nit;
2486 4472 2571 4527 bis
2615 4475 2839 4542 insuper
2897 4476 3107 4545 adjecta
3161 4492 3238 4534 est
3297 4480 3601 4533 EIUcidatio
3642 4496 3835 4533 vocum

562 4572 793 4643 plurium
821 4584 950 4624 mss.
980 4567 1136 4622 Iidem
1165 4582 1193 4620 a
1230 4582 1333 4620 non
1364 4566 1544 4634 paucis
1566 4562 1879 4619 mendarum
1913 4562 2147 4616 millibus
2177 4538 2228 4598 D
2252 4563 2443 4619 (ἔπαξεοο
2480 4564 2795 4620 Latinarum
2818 4609 2830 4627 ,
2866 4585 2982 4634 qua-
3016 4569 3067 4623 in
3119 4571 3379 4624 Cassiano
3410 4571 3605 4638 passim
3646 4585 3838 4624 occur-

563 4662 865 4719 incredtbili
898 4660 1082 4714 labore
1110 4658 1390 4727 expurgati
1422 4672 1436 4713 :
1466 4656 1518 4711 id
1542 4655 1685 4727 quod
1709 4670 1775 4709 ex
1801 4654 2059 4724 subjectis
2081 4654 2146 4707 ad

563 4756 764 4811 calcem
810 4749 1251 4821 castigationibus
1290 4747 1448 4803 facile
1485 4748 1736 4817 cognOsci
1780 4746 1994 4815 poterit.
2040 4744 2146 4800 Ad-

564 4849 693 4903 ditis
728 4847 892 4900 etiam
926 4843 993 4897 ad
1026 4842 1268 4911 qumdam
1304 4841 1419 4894 loca
1458 4839 1722 4895 Censoriis
1760 4839 2146 4905 natationibus,

564 4953 619 4999 ct
648 4942 998 4996 obscurarum
1028 4951 1220 4991 vocum
1252 4950 1315 4987 ac
1347 4935 1735 4989 sententiarum
1767 4933 2143 4995 elucidatione,

566 5049 669 5088 una
698 5048 822 5087 cum
856 5030 1066 5084 duobus
1102 5027 1367 5082 indicibus
1404 5026 1856 5097 Iocuplctisﬁmis.
1892 5030 2150 5081 ACCQSse-

564 5137 691 5183 runt
737 5139 950 5195 quoque
1002 5122 1217 5190 Regula:
1263 5122 1360 5176 SS.
1398 5120 1614 5175 Patrum
1660 5136 1724 5174 ex
1774 5120 2150 5186 antiqttissimo

564 5218 956 5287 Alﬂiginiensis
988 5213 1299 5269 monasterii
1340 5227 1441 5265 ms.
1487 5212 1674 5266 codice
1718 5211 2035 5279 desumpta.
2082 5209 2151 5263 0-

565 5326 696 5381 pera
720 5320 774 5364 et
795 5309 973 5365 Studio
998 5306 1206 5360 llenrici
1238 5303 1455 5374 συνειπἱὶ
1478 5319 1645 5358 sacra:
1674 5302 1959 5369 theologia:
1987 5301 2151 5353 licen-

568 5404 683 5457 tiati
717 5408 924 5468 (postea
947 5399 1194 5470 episcopi
1223 5393 1729 5460 Ruremondensis).

638 5495 831 5549 Etlitor
852 5497 903 5548 in
927 5493 1159 5563 epistola
1182 5490 1249 5541 ad
1281 5487 1645 5541 IIcrmannum
1669 5484 1919 5537 comitem
1944 5498 1973 5537 a
2006 5482 2149 5536 Ren-

506 5574 509 5575 ν
565 5587 811 5644 neborch
843 5588 1096 5642 Ecclesiae
1128 5584 1187 5640 S.
1241 5580 1537 5637 Salvatoris
1580 5579 1722 5647 apud
1768 5576 2149 5647 Ultrajectinos

571 5679 919 5750 priepositum
950 5687 1005 5733 et
1033 5678 1496 5735 archidiaconum.
1526 5684 1631 5731 etc.
1659 5675 1803 5744 («lata
1834 5671 2059 5733 Lovanii
2084 5687 2150 5728 ex

568 5771 831 5829 Aibat-um
878 5767 1222 5824 Dominarum
1274 5769 1633 5833 monasterio,
1687 5765 1933 5822 Calendis
1986 5768 2145 5822 Mart.

2252 4665 2377 4709 runt
2400 4699 2413 4721 ,
2441 4671 2777 4727 quarumque
2806 4660 3128 4729 signiﬁcatio
3177 4660 3334 4727 paulo
3376 4660 3661 4714 obscurior
3689 4660 3838 4716 vide-

2251 4747 2435 4803 batur.
2476 4749 2607 4804 Alizo
2634 4754 2880 4806 censoria:
2909 4753 3064 4807 dicta:
3085 4794 3097 4817 ,
3132 4768 3264 4821 quas
3295 4753 3463 4808 veluti
3506 4754 3748 4808 antidota
3781 4764 3836 4808 et

2253 4844 2488 4897 amuleta
2514 4845 2759 4913 quaedam
2790 4855 2979 4899 contra
3012 4846 3329 4899 obscuriora
3383 4848 3583 4906 aliquot
3622 4846 3738 4898 loca
3780 4856 3835 4901 et

2253 4951 2491 4998 errores,
2525 4946 2631 4987 tam
2669 4938 2719 4988 in
2752 4938 2911 4987 tertia
2952 4936 3155 4989 decima
3181 4977 3195 4999 ,
3232 4950 3389 5002 quam
3421 4936 3473 4985 in
3506 4935 3627 4987 aliis
3650 4936 3800 4990 Colla

2256 5028 2495 5081 tionibus
2526 5027 2681 5079 obvia
2712 5040 2835 5079 esse
2861 5026 3056 5091 Voluit,
3091 5027 3489 5093 digressioouni
3520 5028 3690 5080 instar
3721 5028 3835 5093 ple-

2255 5117 2376 5169 nius
2405 5116 2473 5169 de
2506 5116 2732 5183 singulis
2761 5125 3017 5169 tractant.
3045 5116 3359 5169 Tenendum
3385 5133 3537 5181 vero,
3563 5118 3701 5186 qttod
3725 5130 3829 5171 tam

2253 5207 2305 5258 in
2336 5205 2647 5275 przcl‘atione
2681 5208 2844 5262 totius
2874 5208 3125 5260 editionis
3147 5252 3162 5277 ,
3194 5225 3354 5276 qttnm
3390 5214 3439 5263 in
3466 5210 3833 5267 admonitione

2249 5298 2316 5352 ad
2351 5308 2504 5352 notas
2549 5300 2671 5353 illas
2702 5302 2975 5354 censorias
3012 5302 3293 5368 prolitetur
3330 5315 3385 5357 et
3428 5315 3742 5359 cons'tanter
3771 5320 3832 5359 se

2254 5392 2363 5446 allii
2381 5409 2528 5447 mare
2555 5394 2715 5461 dicit,
2738 5396 3069 5459 argumentis
3094 5395 3224 5449 item
3248 5406 3492 5451 astruere
3515 5400 3722 5461 nititur,
3749 5415 3829 5451 er-

2252 5502 2392 5541 rores
2423 5488 2545 5540 istos
2576 5504 2677 5539 non
2708 5498 2811 5539 tam
2852 5488 2949 5549 ipsi
2982 5487 3248 5542 Cassiano.
3279 5506 3431 5559 quam
3459 5489 3828 5557 Collatoribus,

2253 5595 2380 5645 quos
2407 5578 2497 5633 ille
2521 5580 2593 5633 ita
2616 5580 2851 5649 opinatos
2892 5579 3052 5649 fuisse
3082 5580 3269 5634 scribat
3296 5622 3310 5643 ,
3336 5582 3666 5651 imputandos
3701 5596 3828 5636 esse.

2255 5670 2409 5740 Quod
2442 5672 2647 5750 reliqua
2679 5670 2905 5739 attinet,
2937 5673 3165 5743 capitum
3194 5672 3585 5728 distinctionem
3613 5690 3640 5727 a
3670 5690 3830 5744 supc-

2257 5765 2493 5823 rioribus
2520 5763 2822 5825 editoribus
2872 5777 3177 5836 receptam,
3217 5766 3464 5836 quamvis
3484 5782 3617 5823 mss.
3650 5784 3829 5824 exem-
