  <div class='ocr_page' id='page_1' title='image "/cluster/home/n/w/nwhite01/storage/ocr_20150623/49/uva.x000827093/016.png"; bbox 0 0 4036 6218; ppageno 0'>
   <div class='ocr_carea' id='block_1_1' title="bbox 201 279 3626 418">
    <p class='ocr_par' dir='ltr' id='par_1_1' title="bbox 201 279 3626 418">
     <span class='ocr_line' id='line_1_1' title="bbox 201 279 3626 418; baseline 0.002 -25"><span class='ocrx_word' id='word_1_1' title='bbox 201 327 267 384; x_wconf 66' lang='grc'><strong>17</strong></span> <span class='ocrx_word' id='word_1_2' title='bbox 837 336 1110 394; x_wconf 78' lang='grc' dir='ltr'><strong>ΝΟΤΙΤΙΑ</strong></span> <span class='ocrx_word' id='word_1_3' title='bbox 1147 332 1972 394; x_wconf 78' lang='lat' dir='ltr'><strong>HlSTORICO-LITTERARIA</strong></span> <span class='ocrx_word' id='word_1_4' title='bbox 2015 334 2080 392; x_wconf 85' lang='lat' dir='ltr'><strong>IN</strong></span> <span class='ocrx_word' id='word_1_5' title='bbox 2118 337 2435 398; x_wconf 74' lang='lat' dir='ltr'><strong>JOANNEM</strong></span> <span class='ocrx_word' id='word_1_6' title='bbox 2473 339 2886 399; x_wconf 80' lang='lat' dir='ltr'><strong>CASSIANUM.</strong></span> <span class='ocrx_word' id='word_1_7' title='bbox 3458 348 3524 401; x_wconf 72' lang='lat' dir='ltr'><strong>ts</strong></span> 
     </span>
    </p>
   </div>
   <div class='ocr_carea' id='block_1_2' title="bbox 206 448 3522 521">
    <p class='ocr_par' dir='ltr' id='par_1_2' title="bbox 206 448 3522 521">
     <span class='ocr_line' id='line_1_2' title="bbox 206 448 3522 521; baseline 0.003 -18"><span class='ocrx_word' id='word_1_8' title='bbox 206 448 471 521; x_wconf 83' lang='lat' dir='ltr'><strong>plaribtts</strong></span> <span class='ocrx_word' id='word_1_9' title='bbox 529 465 649 506; x_wconf 91' lang='lat' dir='ltr'><strong>non</strong></span> <span class='ocrx_word' id='word_1_10' title='bbox 695 451 909 506; x_wconf 90' lang='lat' dir='ltr'><strong>omnino</strong></span> <span class='ocrx_word' id='word_1_11' title='bbox 950 454 1289 507; x_wconf 89' lang='lat' dir='ltr'><strong>conlormem</strong></span> <span class='ocrx_word' id='word_1_12' title='bbox 1339 448 1823 520; x_wconf 78' lang='lat' dir='ltr'><strong>deprehendisset,</strong></span> <span class='ocrx_word' id='word_1_13' title='bbox 1853 451 1904 512; x_wconf 75' lang='grc' dir='ltr'><strong>Α</strong></span> <span class='ocrx_word' id='word_1_14' title='bbox 1929 466 1990 505; x_wconf 87' lang='lat' dir='ltr'><strong>ea</strong></span> <span class='ocrx_word' id='word_1_15' title='bbox 2021 459 2214 508; x_wconf 88' lang='lat' dir='ltr'><strong>notare</strong></span> <span class='ocrx_word' id='word_1_16' title='bbox 2245 468 2349 508; x_wconf 88' lang='lat' dir='ltr'><strong>non</strong></span> <span class='ocrx_word' id='word_1_17' title='bbox 2377 454 2477 508; x_wconf 81' lang='lat' dir='ltr'><strong>l‘uit</strong></span> <span class='ocrx_word' id='word_1_18' title='bbox 2501 455 2823 520; x_wconf 84' lang='lat' dir='ltr'><strong>consilium,</strong></span> <span class='ocrx_word' id='word_1_19' title='bbox 2861 458 2914 510; x_wconf 90' lang='lat' dir='ltr'><strong>in</strong></span> <span class='ocrx_word' id='word_1_20' title='bbox 2939 457 3240 513; x_wconf 86' lang='lat' dir='ltr'><strong>immensum</strong></span> <span class='ocrx_word' id='word_1_21' title='bbox 3271 460 3404 513; x_wconf 77' lang='lat' dir='ltr'><strong>enim</strong></span> <span class='ocrx_word' id='word_1_22' title='bbox 3436 477 3522 514; x_wconf 83' lang='lat' dir='ltr'><strong>ro-</strong></span> 
     </span>
    </p>
   </div>
   <div class='ocr_carea' id='block_1_3' title="bbox 214 541 1827 611">
    <p class='ocr_par' dir='ltr' id='par_1_3' title="bbox 214 541 1827 611">
     <span class='ocr_line' id='line_1_3' title="bbox 214 541 1827 611; baseline -0.002 -13"><span class='ocrx_word' id='word_1_23' title='bbox 214 557 324 598; x_wconf 91' lang='lat' dir='ltr'><strong>non</strong></span> <span class='ocrx_word' id='word_1_24' title='bbox 357 554 585 601; x_wconf 79' lang='lat' dir='ltr'><strong>temere</strong></span> <span class='ocrx_word' id='word_1_25' title='bbox 609 555 783 600; x_wconf 88' lang='lat' dir='ltr'><strong>tamen</strong></span> <span class='ocrx_word' id='word_1_26' title='bbox 812 553 1023 600; x_wconf 76' lang='lat' dir='ltr'><strong>mutare</strong></span> <span class='ocrx_word' id='word_1_27' title='bbox 1049 545 1252 611; x_wconf 82' lang='lat' dir='ltr'><strong>voluit,</strong></span> <span class='ocrx_word' id='word_1_28' title='bbox 1288 545 1457 599; x_wconf 90' lang='lat' dir='ltr'><strong>libros</strong></span> <span class='ocrx_word' id='word_1_29' title='bbox 1480 558 1616 598; x_wconf 81' lang='lat' dir='ltr'><strong>vero</strong></span> <span class='ocrx_word' id='word_1_30' title='bbox 1646 541 1714 598; x_wconf 89' lang='lat' dir='ltr'><strong>de</strong></span> <span class='ocrx_word' id='word_1_31' title='bbox 1744 541 1827 596; x_wconf 93' lang='lat' dir='ltr'><strong>ln-</strong></span> 
     </span>
    </p>
   </div>
   <div class='ocr_carea' id='block_1_4' title="bbox 220 633 1824 704">
    <p class='ocr_par' dir='ltr' id='par_1_4' title="bbox 220 633 1824 704">
     <span class='ocr_line' id='line_1_4' title="bbox 220 633 1824 704; baseline -0.001 -15"><span class='ocrx_word' id='word_1_32' title='bbox 220 635 559 691; x_wconf 82' lang='lat' dir='ltr'><strong>carnatimie</strong></span> <span class='ocrx_word' id='word_1_33' title='bbox 599 637 831 691; x_wconf 87' lang='lat' dir='ltr'><strong>nondum</strong></span> <span class='ocrx_word' id='word_1_34' title='bbox 877 638 1200 703; x_wconf 88' lang='lat' dir='ltr'><strong>distinctos,</strong></span> <span class='ocrx_word' id='word_1_35' title='bbox 1247 636 1300 690; x_wconf 92' lang='lat' dir='ltr'><strong>in</strong></span> <span class='ocrx_word' id='word_1_36' title='bbox 1355 639 1535 704; x_wconf 89' lang='lat' dir='ltr'><strong>capita</strong></span> <span class='ocrx_word' id='word_1_37' title='bbox 1579 633 1824 703; x_wconf 82' lang='lat' dir='ltr'><strong>digessit.</strong></span> 
     </span>
    </p>
   </div>
   <div class='ocr_carea' id='block_1_5' title="bbox 223 726 1823 800">
    <p class='ocr_par' dir='ltr' id='par_1_5' title="bbox 223 726 1823 800">
     <span class='ocr_line' id='line_1_5' title="bbox 223 726 1823 800; baseline -0.002 -16"><span class='ocrx_word' id='word_1_38' title='bbox 223 729 456 784; x_wconf 81' lang='lat' dir='ltr'><strong>Addidit</strong></span> <span class='ocrx_word' id='word_1_39' title='bbox 482 731 707 796; x_wconf 86' lang='lat' dir='ltr'><strong>indices,</strong></span> <span class='ocrx_word' id='word_1_40' title='bbox 742 747 904 784; x_wconf 90' lang='lat' dir='ltr'><strong>unum</strong></span> <span class='ocrx_word' id='word_1_41' title='bbox 942 733 1336 800; x_wconf 72' lang='lat' dir='ltr'><strong>explicaturum</strong></span> <span class='ocrx_word' id='word_1_42' title='bbox 1370 731 1440 783; x_wconf 88' lang='lat' dir='ltr'><strong>ab</strong></span> <span class='ocrx_word' id='word_1_43' title='bbox 1471 738 1695 783; x_wconf 85' lang='lat' dir='ltr'><strong>auclore</strong></span> <span class='ocrx_word' id='word_1_44' title='bbox 1723 726 1823 783; x_wconf 89' lang='lat' dir='ltr'><strong>SS.</strong></span> 
     </span>
    </p>
   </div>
   <div class='ocr_carea' id='block_1_6' title="bbox 223 821 1826 894">
    <p class='ocr_par' dir='ltr' id='par_1_6' title="bbox 223 821 1826 894">
     <span class='ocr_line' id='line_1_6' title="bbox 223 821 1826 894; baseline -0.001 -18"><span class='ocrx_word' id='word_1_45' title='bbox 223 826 672 882; x_wconf 87' lang='lat' dir='ltr'><strong>sententiarum:</strong></span> <span class='ocrx_word' id='word_1_46' title='bbox 719 826 982 892; x_wconf 83' lang='lat' dir='ltr'><strong>alterum,</strong></span> <span class='ocrx_word' id='word_1_47' title='bbox 1032 823 1333 894; x_wconf 72' lang='lat' dir='ltr'><strong>insignium</strong></span> <span class='ocrx_word' id='word_1_48' title='bbox 1382 837 1448 877; x_wconf 90' lang='lat' dir='ltr'><strong>ac</strong></span> <span class='ocrx_word' id='word_1_49' title='bbox 1499 821 1826 877; x_wconf 85' lang='lat' dir='ltr'><strong>memorabi-</strong></span> 
     </span>
    </p>
   </div>
   <div class='ocr_carea' id='block_1_7' title="bbox 226 915 590 972">
    <p class='ocr_par' dir='ltr' id='par_1_7' title="bbox 226 915 590 972">
     <span class='ocr_line' id='line_1_7' title="bbox 226 915 590 972; baseline -0.003 -1"><span class='ocrx_word' id='word_1_50' title='bbox 226 915 368 971; x_wconf 87' lang='lat' dir='ltr'><strong>lium</strong></span> <span class='ocrx_word' id='word_1_51' title='bbox 392 933 590 972; x_wconf 89' lang='lat' dir='ltr'><strong>rerum.</strong></span> 
     </span>
    </p>
   </div>
   <div class='ocr_carea' id='block_1_8' title="bbox 949 1008 1112 1064">
    <p class='ocr_par' dir='ltr' id='par_1_8' title="bbox 949 1008 1112 1064">
     <span class='ocr_line' id='line_1_8' title="bbox 949 1008 1112 1064; baseline -0.012 0"><span class='ocrx_word' id='word_1_52' title='bbox 949 1008 1112 1064; x_wconf 65' lang='lat'><strong>1388.</strong></span> 
     </span>
    </p>
   </div>
   <div class='ocr_carea' id='block_1_9' title="bbox 310 1097 1826 1171">
    <p class='ocr_par' dir='ltr' id='par_1_9' title="bbox 310 1097 1826 1171">
     <span class='ocr_line' id='line_1_9' title="bbox 310 1097 1826 1171; baseline 0.001 -19"><span class='ocrx_word' id='word_1_53' title='bbox 310 1097 518 1164; x_wconf 69' lang='lat' dir='ltr'><strong>Rome,</strong></span> <span class='ocrx_word' id='word_1_54' title='bbox 553 1115 619 1153; x_wconf 77' lang='lat' dir='ltr'><strong>ea:</strong></span> <span class='ocrx_word' id='word_1_55' title='bbox 649 1110 858 1171; x_wconf 73' lang='lat' dir='ltr'><strong>typogr.</strong></span> <span class='ocrx_word' id='word_1_56' title='bbox 899 1100 1184 1164; x_wconf 83' lang='lat' dir='ltr'><strong>Vaticana;</strong></span> <span class='ocrx_word' id='word_1_57' title='bbox 1231 1099 1406 1154; x_wconf 75' lang='lat' dir='ltr'><strong>in-8&quot;.</strong></span> <span class='ocrx_word' id='word_1_58' title='bbox 1436 1099 1671 1154; x_wconf 80' lang='lat' dir='ltr'><strong>Joannis</strong></span> <span class='ocrx_word' id='word_1_59' title='bbox 1695 1098 1826 1153; x_wconf 87' lang='lat' dir='ltr'><strong>Cas-</strong></span> 
     </span>
    </p>
   </div>
   <div class='ocr_carea' id='block_1_10' title="bbox 231 1188 1824 1255">
    <p class='ocr_par' dir='ltr' id='par_1_10' title="bbox 231 1188 1824 1255">
     <span class='ocr_line' id='line_1_10' title="bbox 231 1188 1824 1255; baseline 0.001 -12"><span class='ocrx_word' id='word_1_60' title='bbox 231 1188 376 1243; x_wconf 81' lang='lat' dir='ltr'><strong>siani</strong></span> <span class='ocrx_word' id='word_1_61' title='bbox 407 1190 665 1244; x_wconf 65' lang='lat' dir='ltr'><strong>Eremita&#39;</strong></span> <span class='ocrx_word' id='word_1_62' title='bbox 698 1193 768 1244; x_wconf 89' lang='lat' dir='ltr'><strong>de</strong></span> <span class='ocrx_word' id='word_1_63' title='bbox 801 1191 1068 1244; x_wconf 82' lang='lat' dir='ltr'><strong>Iustilulis</strong></span> <span class='ocrx_word' id='word_1_64' title='bbox 1097 1190 1526 1246; x_wconf 89' lang='lat' dir='ltr'><strong>renuntiantium</strong></span> <span class='ocrx_word' id='word_1_65' title='bbox 1563 1190 1682 1245; x_wconf 86' lang='lat' dir='ltr'><strong>libri</strong></span> <span class='ocrx_word' id='word_1_66' title='bbox 1711 1190 1824 1255; x_wconf 78' lang='lat' dir='ltr'><strong>XII,</strong></span> 
     </span>
    </p>
   </div>
   <div class='ocr_carea' id='block_1_11' title="bbox 230 1276 1828 1347">
    <p class='ocr_par' dir='ltr' id='par_1_11' title="bbox 230 1276 1828 1347">
     <span class='ocr_line' id='line_1_11' title="bbox 230 1276 1828 1347; baseline 0.001 -14"><span class='ocrx_word' id='word_1_67' title='bbox 230 1276 570 1334; x_wconf 65' lang='lat' dir='ltr'><strong>Coliatioues</strong></span> <span class='ocrx_word' id='word_1_68' title='bbox 601 1291 921 1334; x_wconf 86' lang='lat' dir='ltr'><strong>sanctorum</strong></span> <span class='ocrx_word' id='word_1_69' title='bbox 958 1281 1178 1335; x_wconf 85' lang='lat' dir='ltr'><strong>Patrum</strong></span> <span class='ocrx_word' id='word_1_70' title='bbox 1204 1280 1397 1347; x_wconf 82' lang='lat' dir='ltr'><strong>XXIV,</strong></span> <span class='ocrx_word' id='word_1_71' title='bbox 1429 1281 1496 1336; x_wconf 82' lang='lat' dir='ltr'><strong>ab</strong></span> <span class='ocrx_word' id='word_1_72' title='bbox 1529 1280 1828 1335; x_wconf 81' lang='lat' dir='ltr'><strong>innumeris</strong></span> 
     </span>
    </p>
   </div>
   <div class='ocr_carea' id='block_1_12' title="bbox 232 1371 1833 1440">
    <p class='ocr_par' dir='ltr' id='par_1_12' title="bbox 232 1371 1833 1440">
     <span class='ocr_line' id='line_1_12' title="bbox 232 1371 1833 1440; baseline 0 -16"><span class='ocrx_word' id='word_1_73' title='bbox 232 1385 379 1440; x_wconf 86' lang='lat' dir='ltr'><strong>pene</strong></span> <span class='ocrx_word' id='word_1_74' title='bbox 424 1371 635 1426; x_wconf 82' lang='lat' dir='ltr'><strong>mendis</strong></span> <span class='ocrx_word' id='word_1_75' title='bbox 683 1373 888 1427; x_wconf 81' lang='lat' dir='ltr'><strong>auxilio</strong></span> <span class='ocrx_word' id='word_1_76' title='bbox 917 1373 1414 1426; x_wconf 71' lang='lat' dir='ltr'><strong>vetusUssimorum</strong></span> <span class='ocrx_word' id='word_1_77' title='bbox 1456 1373 1707 1427; x_wconf 85' lang='lat' dir='ltr'><strong>codicum</strong></span> <span class='ocrx_word' id='word_1_78' title='bbox 1738 1387 1833 1425; x_wconf 80' lang='lat' dir='ltr'><strong>ex-</strong></span> 
     </span>
    </p>
   </div>
   <div class='ocr_carea' id='block_1_13' title="bbox 232 1464 1832 1534">
    <p class='ocr_par' dir='ltr' id='par_1_13' title="bbox 232 1464 1832 1534">
     <span class='ocr_line' id='line_1_13' title="bbox 232 1464 1832 1534; baseline 0 -17"><span class='ocrx_word' id='word_1_79' title='bbox 232 1479 500 1532; x_wconf 66' lang='lat' dir='ltr'><strong>iurgatae,</strong></span> <span class='ocrx_word' id='word_1_80' title='bbox 524 1474 581 1520; x_wconf 91' lang='lat' dir='ltr'><strong>et</strong></span> <span class='ocrx_word' id='word_1_81' title='bbox 608 1467 674 1518; x_wconf 76' lang='lat' dir='ltr'><strong>ad</strong></span> <span class='ocrx_word' id='word_1_82' title='bbox 699 1481 853 1519; x_wconf 90' lang='lat' dir='ltr'><strong>suam</strong></span> <span class='ocrx_word' id='word_1_83' title='bbox 887 1466 1254 1534; x_wconf 77' lang='lat' dir='ltr'><strong>integritatem</strong></span> <span class='ocrx_word' id='word_1_84' title='bbox 1287 1467 1575 1521; x_wconf 75' lang='lat' dir='ltr'><strong>resumite.</strong></span> <span class='ocrx_word' id='word_1_85' title='bbox 1594 1464 1832 1533; x_wconf 74' lang='lat' dir='ltr'><strong>Adjectte</strong></span> 
     </span>
    </p>
   </div>
   <div class='ocr_carea' id='block_1_14' title="bbox 229 1557 1831 1624">
    <p class='ocr_par' dir='ltr' id='par_1_14' title="bbox 229 1557 1831 1624">
     <span class='ocr_line' id='line_1_14' title="bbox 229 1557 1831 1624; baseline -0.001 -17"><span class='ocrx_word' id='word_1_86' title='bbox 229 1565 363 1608; x_wconf 86' lang='lat' dir='ltr'><strong>sunt</strong></span> <span class='ocrx_word' id='word_1_87' title='bbox 393 1558 755 1624; x_wconf 87' lang='lat' dir='ltr'><strong>quarumdam</strong></span> <span class='ocrx_word' id='word_1_88' title='bbox 789 1559 1152 1611; x_wconf 77' lang='lat' dir='ltr'><strong>obscurarum</strong></span> <span class='ocrx_word' id='word_1_89' title='bbox 1184 1557 1484 1610; x_wconf 85' lang='lat' dir='ltr'><strong>dictionum</strong></span> <span class='ocrx_word' id='word_1_90' title='bbox 1519 1557 1831 1623; x_wconf 84' lang='lat' dir='ltr'><strong>interpreta-</strong></span> 
     </span>
    </p>
   </div>
   <div class='ocr_carea' id='block_1_15' title="bbox 233 1645 1826 1716">
    <p class='ocr_par' dir='ltr' id='par_1_15' title="bbox 233 1645 1826 1716">
     <span class='ocr_line' id='line_1_15' title="bbox 233 1645 1826 1716; baseline 0.003 -19"><span class='ocrx_word' id='word_1_91' title='bbox 233 1645 413 1700; x_wconf 74' lang='lat' dir='ltr'><strong>tiones</strong></span> <span class='ocrx_word' id='word_1_92' title='bbox 445 1646 641 1702; x_wconf 79' lang='lat' dir='ltr'><strong>ordine</strong></span> <span class='ocrx_word' id='word_1_93' title='bbox 669 1647 956 1715; x_wconf 59' lang='lat' dir='ltr'><strong>alphabeti</strong></span> <span class='ocrx_word' id='word_1_94' title='bbox 986 1650 1269 1716; x_wconf 73' lang='lat' dir='ltr'><strong>disposita:</strong></span> <span class='ocrx_word' id='word_1_95' title='bbox 1296 1665 1310 1700; x_wconf 84' lang='lat'><strong>:</strong></span> <span class='ocrx_word' id='word_1_96' title='bbox 1341 1657 1395 1700; x_wconf 90' lang='lat' dir='ltr'><strong>et</strong></span> <span class='ocrx_word' id='word_1_97' title='bbox 1424 1646 1826 1702; x_wconf 76' lang='lat' dir='ltr'><strong>observationes</strong></span> 
     </span>
    </p>
   </div>
   <div class='ocr_carea' id='block_1_16' title="bbox 227 1737 1823 1806">
    <p class='ocr_par' dir='ltr' id='par_1_16' title="bbox 227 1737 1823 1806">
     <span class='ocr_line' id='line_1_16' title="bbox 227 1737 1823 1806; baseline 0 -16"><span class='ocrx_word' id='word_1_98' title='bbox 227 1737 287 1790; x_wconf 84' lang='lat' dir='ltr'><strong>in</strong></span> <span class='ocrx_word' id='word_1_99' title='bbox 322 1737 441 1790; x_wconf 85' lang='lat' dir='ltr'><strong>loca</strong></span> <span class='ocrx_word' id='word_1_100' title='bbox 473 1738 733 1806; x_wconf 72' lang='lat' dir='ltr'><strong>ainb-gua</strong></span> <span class='ocrx_word' id='word_1_101' title='bbox 767 1748 823 1792; x_wconf 89' lang='lat' dir='ltr'><strong>et</strong></span> <span class='ocrx_word' id='word_1_102' title='bbox 855 1738 1034 1792; x_wconf 88' lang='lat' dir='ltr'><strong>minus</strong></span> <span class='ocrx_word' id='word_1_103' title='bbox 1079 1748 1220 1803; x_wconf 88' lang='lat' dir='ltr'><strong>tuta,</strong></span> <span class='ocrx_word' id='word_1_104' title='bbox 1249 1755 1364 1806; x_wconf 71' lang='lat' dir='ltr'><strong>qua:</strong></span> <span class='ocrx_word' id='word_1_105' title='bbox 1393 1742 1534 1806; x_wconf 77' lang='lat' dir='ltr'><strong>piam</strong></span> <span class='ocrx_word' id='word_1_106' title='bbox 1569 1739 1823 1792; x_wconf 82' lang='lat' dir='ltr'><strong>lectorem</strong></span> 
     </span>
    </p>
   </div>
   <div class='ocr_carea' id='block_1_17' title="bbox 1929 543 3518 614">
    <p class='ocr_par' dir='ltr' id='par_1_17' title="bbox 1929 543 3518 614">
     <span class='ocr_line' id='line_1_17' title="bbox 1929 543 3518 614; baseline 0.005 -18"><span class='ocrx_word' id='word_1_107' title='bbox 1929 543 2100 597; x_wconf 83' lang='lat' dir='ltr'><strong>lumen</strong></span> <span class='ocrx_word' id='word_1_108' title='bbox 2127 556 2472 610; x_wconf 69' lang='lat' dir='ltr'><strong>excresceret;</strong></span> <span class='ocrx_word' id='word_1_109' title='bbox 2505 549 2635 601; x_wconf 89' lang='lat' dir='ltr'><strong>satis</strong></span> <span class='ocrx_word' id='word_1_110' title='bbox 2659 549 2724 602; x_wconf 89' lang='lat' dir='ltr'><strong>sit</strong></span> <span class='ocrx_word' id='word_1_111' title='bbox 2751 549 2849 603; x_wconf 86' lang='lat' dir='ltr'><strong>hoc</strong></span> <span class='ocrx_word' id='word_1_112' title='bbox 2877 547 2989 604; x_wconf 92' lang='lat' dir='ltr'><strong>loco</strong></span> <span class='ocrx_word' id='word_1_113' title='bbox 3017 552 3271 605; x_wconf 74' lang='lat' dir='ltr'><strong>monuisse</strong></span> <span class='ocrx_word' id='word_1_114' title='bbox 3288 592 3301 614; x_wconf 91' lang='lat'><strong>,</strong></span> <span class='ocrx_word' id='word_1_115' title='bbox 3328 553 3518 605; x_wconf 54' lang='lat' dir='ltr'><strong>lectio-</strong></span> 
     </span>
    </p>
   </div>
   <div class='ocr_carea' id='block_1_18' title="bbox 1929 640 3512 698">
    <p class='ocr_par' dir='ltr' id='par_1_18' title="bbox 1929 640 3512 698">
     <span class='ocr_line' id='line_1_18' title="bbox 1929 640 3512 698; baseline 0.006 -10"><span class='ocrx_word' id='word_1_116' title='bbox 1929 650 2052 689; x_wconf 89' lang='lat' dir='ltr'><strong>nem</strong></span> <span class='ocrx_word' id='word_1_117' title='bbox 2084 647 2416 692; x_wconf 79' lang='lat' dir='ltr'><strong>vetustorum</strong></span> <span class='ocrx_word' id='word_1_118' title='bbox 2455 640 2701 694; x_wconf 86' lang='lat' dir='ltr'><strong>codicum</strong></span> <span class='ocrx_word' id='word_1_119' title='bbox 2735 651 2878 694; x_wconf 89' lang='lat' dir='ltr'><strong>tanta</strong></span> <span class='ocrx_word' id='word_1_120' title='bbox 2915 657 2945 695; x_wconf 85' lang='lat' dir='ltr'><strong>a</strong></span> <span class='ocrx_word' id='word_1_121' title='bbox 2991 642 3147 695; x_wconf 86' lang='lat' dir='ltr'><strong>nobis</strong></span> <span class='ocrx_word' id='word_1_122' title='bbox 3179 642 3349 698; x_wconf 80' lang='lat' dir='ltr'><strong>fuisse</strong></span> <span class='ocrx_word' id='word_1_123' title='bbox 3383 644 3512 697; x_wconf 77' lang='lat' dir='ltr'><strong>reli-</strong></span> 
     </span>
    </p>
   </div>
   <div class='ocr_carea' id='block_1_19' title="bbox 1928 724 3515 800">
    <p class='ocr_par' dir='ltr' id='par_1_19' title="bbox 1928 724 3515 800">
     <span class='ocr_line' id='line_1_19' title="bbox 1928 724 3515 800; baseline 0.007 -24"><span class='ocrx_word' id='word_1_124' title='bbox 1928 724 2088 794; x_wconf 88' lang='lat' dir='ltr'><strong>gione</strong></span> <span class='ocrx_word' id='word_1_125' title='bbox 2115 737 2514 794; x_wconf 76' lang='lat' dir='ltr'><strong>conservatam,</strong></span> <span class='ocrx_word' id='word_1_126' title='bbox 2549 739 2604 782; x_wconf 92' lang='lat' dir='ltr'><strong>ut</strong></span> <span class='ocrx_word' id='word_1_127' title='bbox 2636 745 2810 798; x_wconf 88' lang='lat' dir='ltr'><strong>neque</strong></span> <span class='ocrx_word' id='word_1_128' title='bbox 2850 745 3038 785; x_wconf 88' lang='lat' dir='ltr'><strong>eorum</strong></span> <span class='ocrx_word' id='word_1_129' title='bbox 3081 733 3398 786; x_wconf 76' lang='lat' dir='ltr'><strong>varietatem</strong></span> <span class='ocrx_word' id='word_1_130' title='bbox 3423 777 3437 800; x_wconf 92' lang='lat'><strong>,</strong></span> <span class='ocrx_word' id='word_1_131' title='bbox 3473 736 3515 788; x_wconf 90' lang='lat' dir='ltr'><strong>si</strong></span> 
     </span>
    </p>
   </div>
   <div class='ocr_carea' id='block_1_20' title="bbox 1930 819 3518 896">
    <p class='ocr_par' dir='ltr' id='par_1_20' title="bbox 1930 819 3518 896">
     <span class='ocr_line' id='line_1_20' title="bbox 1930 819 3518 896; baseline 0.005 -25"><span class='ocrx_word' id='word_1_132' title='bbox 1930 819 2145 885; x_wconf 81' lang='lat' dir='ltr'><strong>quando</strong></span> <span class='ocrx_word' id='word_1_133' title='bbox 2201 819 2503 883; x_wconf 83' lang='lat' dir='ltr'><strong>inciderat,</strong></span> <span class='ocrx_word' id='word_1_134' title='bbox 2550 824 2960 892; x_wconf 73' lang='lat' dir='ltr'><strong>neglexerimus</strong></span> <span class='ocrx_word' id='word_1_135' title='bbox 3002 824 3135 896; x_wconf 84' lang='grc' dir='ltr'><strong>(α).</strong></span> <span class='ocrx_word' id='word_1_136' title='bbox 3165 824 3360 879; x_wconf 83' lang='lat' dir='ltr'><strong>Prteter</strong></span> <span class='ocrx_word' id='word_1_137' title='bbox 3409 830 3518 880; x_wconf 78' lang='lat' dir='ltr'><strong>lucc</strong></span> 
     </span>
    </p>
   </div>
   <div class='ocr_carea' id='block_1_21' title="bbox 1929 909 3515 984">
    <p class='ocr_par' dir='ltr' id='par_1_21' title="bbox 1929 909 3515 984">
     <span class='ocr_line' id='line_1_21' title="bbox 1929 909 3515 984; baseline 0.006 -22"><span class='ocrx_word' id='word_1_138' title='bbox 1929 909 2141 964; x_wconf 63' lang='grc' dir='ltr'><strong>(ἔτασσε</strong></span> <span class='ocrx_word' id='word_1_139' title='bbox 2163 928 2329 977; x_wconf 84' lang='lat' dir='ltr'><strong>voces,</strong></span> <span class='ocrx_word' id='word_1_140' title='bbox 2361 915 2545 980; x_wconf 79' lang='lat' dir='ltr'><strong>quibus</strong></span> <span class='ocrx_word' id='word_1_141' title='bbox 2574 915 2658 967; x_wconf 90' lang='lat' dir='ltr'><strong>ltic</strong></span> <span class='ocrx_word' id='word_1_142' title='bbox 2684 924 2864 968; x_wconf 78' lang='lat' dir='ltr'><strong>auctor</strong></span> <span class='ocrx_word' id='word_1_143' title='bbox 2891 915 3106 968; x_wconf 74' lang='lat' dir='ltr'><strong>libenter</strong></span> <span class='ocrx_word' id='word_1_144' title='bbox 3134 919 3313 984; x_wconf 86' lang='lat' dir='ltr'><strong>utitur,</strong></span> <span class='ocrx_word' id='word_1_145' title='bbox 3337 927 3383 972; x_wconf 88' lang='lat' dir='ltr'><strong>et</strong></span> <span class='ocrx_word' id='word_1_146' title='bbox 3408 917 3515 972; x_wconf 79' lang='lat' dir='ltr'><strong>La-</strong></span> 
     </span>
    </p>
   </div>
   <div class='ocr_carea' id='block_1_22' title="bbox 1931 1005 3516 1078">
    <p class='ocr_par' dir='ltr' id='par_1_22' title="bbox 1931 1005 3516 1078">
     <span class='ocr_line' id='line_1_22' title="bbox 1931 1005 3516 1078; baseline 0.004 -20"><span class='ocrx_word' id='word_1_147' title='bbox 1931 1005 2062 1058; x_wconf 88' lang='lat' dir='ltr'><strong>tinas</strong></span> <span class='ocrx_word' id='word_1_148' title='bbox 2087 1006 2342 1074; x_wconf 84' lang='lat' dir='ltr'><strong>quasdam</strong></span> <span class='ocrx_word' id='word_1_149' title='bbox 2364 1007 2656 1061; x_wconf 84' lang='lat' dir='ltr'><strong>rudiaribus</strong></span> <span class='ocrx_word' id='word_1_150' title='bbox 2681 1009 3022 1068; x_wconf 87' lang='lat' dir='ltr'><strong>consulentes,</strong></span> <span class='ocrx_word' id='word_1_151' title='bbox 3048 1007 3309 1078; x_wconf 83' lang='lat' dir='ltr'><strong>alphabeti</strong></span> <span class='ocrx_word' id='word_1_152' title='bbox 3337 1012 3516 1064; x_wconf 83' lang='lat' dir='ltr'><strong>ordine</strong></span> 
     </span>
    </p>
   </div>
   <div class='ocr_carea' id='block_1_23' title="bbox 1932 1095 3514 1168">
    <p class='ocr_par' dir='ltr' id='par_1_23' title="bbox 1932 1095 3514 1168">
     <span class='ocr_line' id='line_1_23' title="bbox 1932 1095 3514 1168; baseline 0.004 -21"><span class='ocrx_word' id='word_1_153' title='bbox 1932 1097 2206 1164; x_wconf 82' lang='lat' dir='ltr'><strong>dispositas</strong></span> <span class='ocrx_word' id='word_1_154' title='bbox 2235 1095 2393 1150; x_wconf 89' lang='lat' dir='ltr'><strong>latius</strong></span> <span class='ocrx_word' id='word_1_155' title='bbox 2420 1098 2807 1168; x_wconf 67' lang='lat' dir='ltr'><strong>explanavimus</strong></span> <span class='ocrx_word' id='word_1_156' title='bbox 2825 1141 2840 1164; x_wconf 94' lang='lat'><strong>,</strong></span> <span class='ocrx_word' id='word_1_157' title='bbox 2869 1099 3107 1150; x_wconf 84' lang='lat' dir='ltr'><strong>adductis</strong></span> <span class='ocrx_word' id='word_1_158' title='bbox 3149 1116 3327 1152; x_wconf 82' lang='lat' dir='ltr'><strong>eorum</strong></span> <span class='ocrx_word' id='word_1_159' title='bbox 3352 1102 3476 1154; x_wconf 86' lang='lat' dir='ltr'><strong>locis</strong></span> <span class='ocrx_word' id='word_1_160' title='bbox 3499 1143 3514 1162; x_wconf 88' lang='lat'><strong>,</strong></span> 
     </span>
    </p>
   </div>
   <div class='ocr_carea' id='block_1_24' title="bbox 1931 1188 3515 1258">
    <p class='ocr_par' dir='ltr' id='par_1_24' title="bbox 1931 1188 3515 1258">
     <span class='ocr_line' id='line_1_24' title="bbox 1931 1188 3515 1258; baseline 0.003 -17"><span class='ocrx_word' id='word_1_161' title='bbox 1931 1204 1994 1241; x_wconf 80' lang='lat' dir='ltr'><strong>ea:</strong></span> <span class='ocrx_word' id='word_1_162' title='bbox 2006 1205 2223 1258; x_wconf 87' lang='lat' dir='ltr'><strong>quorum</strong></span> <span class='ocrx_word' id='word_1_163' title='bbox 2249 1189 2482 1257; x_wconf 78' lang='lat' dir='ltr'><strong>fontibus</strong></span> <span class='ocrx_word' id='word_1_164' title='bbox 2505 1190 2742 1244; x_wconf 78' lang='lat' dir='ltr'><strong>hausisse</strong></span> <span class='ocrx_word' id='word_1_165' title='bbox 2759 1188 3064 1245; x_wconf 84' lang='lat' dir='ltr'><strong>Cassianum</strong></span> <span class='ocrx_word' id='word_1_166' title='bbox 3094 1192 3515 1246; x_wconf 76' lang='lat' dir='ltr'><strong>existimarimus.</strong></span> 
     </span>
    </p>
   </div>
   <div class='ocr_carea' id='block_1_25' title="bbox 1931 1279 3520 1353">
    <p class='ocr_par' dir='ltr' id='par_1_25' title="bbox 1931 1279 3520 1353">
     <span class='ocr_line' id='line_1_25' title="bbox 1931 1279 3520 1353; baseline 0.002 -19"><span class='ocrx_word' id='word_1_167' title='bbox 1931 1279 2248 1334; x_wconf 86' lang='lat' dir='ltr'><strong>Testimonia</strong></span> <span class='ocrx_word' id='word_1_168' title='bbox 2264 1298 2427 1336; x_wconf 65' lang='lat' dir='ltr'><strong>sacra?</strong></span> <span class='ocrx_word' id='word_1_169' title='bbox 2446 1282 2731 1350; x_wconf 83' lang='lat' dir='ltr'><strong>Scripturtc</strong></span> <span class='ocrx_word' id='word_1_170' title='bbox 2754 1283 2926 1335; x_wconf 86' lang='lat' dir='ltr'><strong>omnia</strong></span> <span class='ocrx_word' id='word_1_171' title='bbox 2949 1282 3223 1353; x_wconf 85' lang='lat' dir='ltr'><strong>diligenter</strong></span> <span class='ocrx_word' id='word_1_172' title='bbox 3236 1285 3520 1351; x_wconf 84' lang='lat' dir='ltr'><strong>conquisita</strong></span> 
     </span>
    </p>
   </div>
   <div class='ocr_carea' id='block_1_26' title="bbox 1930 1371 3519 1444">
    <p class='ocr_par' dir='ltr' id='par_1_26' title="bbox 1930 1371 3519 1444">
     <span class='ocr_line' id='line_1_26' title="bbox 1930 1371 3519 1444; baseline 0.001 -17"><span class='ocrx_word' id='word_1_173' title='bbox 1930 1376 1982 1428; x_wconf 82' lang='lat' dir='ltr'><strong>in</strong></span> <span class='ocrx_word' id='word_1_174' title='bbox 2010 1376 2241 1442; x_wconf 79' lang='lat' dir='ltr'><strong>margine</strong></span> <span class='ocrx_word' id='word_1_175' title='bbox 2269 1375 2591 1441; x_wconf 83' lang='lat' dir='ltr'><strong>notavimus;</strong></span> <span class='ocrx_word' id='word_1_176' title='bbox 2615 1383 2660 1428; x_wconf 86' lang='lat' dir='ltr'><strong>ct</strong></span> <span class='ocrx_word' id='word_1_177' title='bbox 2682 1391 2794 1442; x_wconf 70' lang='lat' dir='ltr'><strong>qum</strong></span> <span class='ocrx_word' id='word_1_178' title='bbox 2818 1383 2966 1427; x_wconf 86' lang='lat' dir='ltr'><strong>erant</strong></span> <span class='ocrx_word' id='word_1_179' title='bbox 2989 1392 3051 1429; x_wconf 74' lang='lat' dir='ltr'><strong>ea;</strong></span> <span class='ocrx_word' id='word_1_180' title='bbox 3080 1373 3228 1427; x_wconf 78' lang='lat' dir='ltr'><strong>LXX</strong></span> <span class='ocrx_word' id='word_1_181' title='bbox 3259 1371 3519 1444; x_wconf 81' lang='lat' dir='ltr'><strong>Interpre—</strong></span> 
     </span>
    </p>
   </div>
   <div class='ocr_carea' id='block_1_27' title="bbox 1932 1464 3520 1537">
    <p class='ocr_par' dir='ltr' id='par_1_27' title="bbox 1932 1464 3520 1537">
     <span class='ocr_line' id='line_1_27' title="bbox 1932 1464 3520 1537; baseline 0.001 -19"><span class='ocrx_word' id='word_1_182' title='bbox 1932 1474 2040 1519; x_wconf 88' lang='lat' dir='ltr'><strong>tum</strong></span> <span class='ocrx_word' id='word_1_183' title='bbox 2064 1468 2310 1523; x_wconf 86' lang='lat' dir='ltr'><strong>editione.</strong></span> <span class='ocrx_word' id='word_1_184' title='bbox 2335 1476 2422 1519; x_wconf 89' lang='lat' dir='ltr'><strong>aut</strong></span> <span class='ocrx_word' id='word_1_185' title='bbox 2441 1475 2663 1519; x_wconf 87' lang='lat' dir='ltr'><strong>anostra</strong></span> <span class='ocrx_word' id='word_1_186' title='bbox 2686 1464 2897 1537; x_wconf 81' lang='lat' dir='ltr'><strong>vulgata</strong></span> <span class='ocrx_word' id='word_1_187' title='bbox 2919 1467 3200 1534; x_wconf 77' lang='lat' dir='ltr'><strong>aliquando</strong></span> <span class='ocrx_word' id='word_1_188' title='bbox 3218 1467 3439 1528; x_wconf 68' lang='lat' dir='ltr'><strong>dicet-sa,</strong></span> <span class='ocrx_word' id='word_1_189' title='bbox 3456 1482 3520 1519; x_wconf 89' lang='lat' dir='ltr'><strong>ne</strong></span> 
     </span>
    </p>
   </div>
   <div class='ocr_carea' id='block_1_28' title="bbox 1931 1557 3522 1627">
    <p class='ocr_par' dir='ltr' id='par_1_28' title="bbox 1931 1557 3522 1627">
     <span class='ocr_line' id='line_1_28' title="bbox 1931 1557 3522 1627; baseline 0.002 -18"><span class='ocrx_word' id='word_1_190' title='bbox 1931 1557 2065 1626; x_wconf 78' lang='lat' dir='ltr'><strong>forte</strong></span> <span class='ocrx_word' id='word_1_191' title='bbox 2109 1557 2290 1611; x_wconf 75' lang='lat' dir='ltr'><strong>vitiosa</strong></span> <span class='ocrx_word' id='word_1_192' title='bbox 2341 1561 2688 1624; x_wconf 76' lang='lat' dir='ltr'><strong>crederentur,</strong></span> <span class='ocrx_word' id='word_1_193' title='bbox 2730 1558 2783 1610; x_wconf 87' lang='lat' dir='ltr'><strong>in</strong></span> <span class='ocrx_word' id='word_1_194' title='bbox 2837 1558 3017 1611; x_wconf 78' lang='lat' dir='ltr'><strong>iudicis</strong></span> <span class='ocrx_word' id='word_1_195' title='bbox 3051 1557 3271 1626; x_wconf 75' lang='lat' dir='ltr'><strong>formam</strong></span> <span class='ocrx_word' id='word_1_196' title='bbox 3321 1557 3522 1627; x_wconf 84' lang='lat' dir='ltr'><strong>digesta</strong></span> 
     </span>
    </p>
   </div>
   <div class='ocr_carea' id='block_1_29' title="bbox 1931 1649 3521 1722">
    <p class='ocr_par' dir='ltr' id='par_1_29' title="bbox 1931 1649 3521 1722">
     <span class='ocr_line' id='line_1_29' title="bbox 1931 1649 3521 1722; baseline -0.001 -16"><span class='ocrx_word' id='word_1_197' title='bbox 1931 1651 2146 1706; x_wconf 87' lang='lat' dir='ltr'><strong>seorsim</strong></span> <span class='ocrx_word' id='word_1_198' title='bbox 2199 1651 2571 1722; x_wconf 85' lang='lat' dir='ltr'><strong>impressimus,</strong></span> <span class='ocrx_word' id='word_1_199' title='bbox 2619 1650 2805 1718; x_wconf 78' lang='lat' dir='ltr'><strong>quibus</strong></span> <span class='ocrx_word' id='word_1_200' title='bbox 2853 1661 2898 1704; x_wconf 87' lang='lat' dir='ltr'><strong>ct</strong></span> <span class='ocrx_word' id='word_1_201' title='bbox 2945 1649 3166 1718; x_wconf 59' lang='lat' dir='ltr'><strong>Graica,</strong></span> <span class='ocrx_word' id='word_1_202' title='bbox 3219 1652 3353 1705; x_wconf 84' lang='lat' dir='ltr'><strong>unde</strong></span> <span class='ocrx_word' id='word_1_203' title='bbox 3402 1663 3521 1706; x_wconf 86' lang='lat' dir='ltr'><strong>sunt</strong></span> 
     </span>
    </p>
   </div>
   <div class='ocr_carea' id='block_1_30' title="bbox 1933 1741 3521 1810">
    <p class='ocr_par' dir='ltr' id='par_1_30' title="bbox 1933 1741 3521 1810">
     <span class='ocr_line' id='line_1_30' title="bbox 1933 1741 3521 1810; baseline 0.001 -16"><span class='ocrx_word' id='word_1_204' title='bbox 1933 1742 2273 1809; x_wconf 85' lang='lat' dir='ltr'><strong>transscripta</strong></span> <span class='ocrx_word' id='word_1_205' title='bbox 2297 1781 2313 1805; x_wconf 89' lang='lat'><strong>,</strong></span> <span class='ocrx_word' id='word_1_206' title='bbox 2341 1742 2707 1807; x_wconf 67' lang='lat' dir='ltr'><strong>coniunxi-mus</strong></span> <span class='ocrx_word' id='word_1_207' title='bbox 2753 1757 2814 1794; x_wconf 76' lang='lat' dir='ltr'><strong>e1:</strong></span> <span class='ocrx_word' id='word_1_208' title='bbox 2858 1742 3215 1810; x_wconf 81' lang='lat' dir='ltr'><strong>antiquissimo</strong></span> <span class='ocrx_word' id='word_1_209' title='bbox 3250 1741 3521 1796; x_wconf 73' lang='lat' dir='ltr'><strong>Vaticana:</strong></span> 
     </span>
    </p>
   </div>
   <div class='ocr_carea' id='block_1_31' title="bbox 226 1828 3519 1894">
    <p class='ocr_par' dir='ltr' id='par_1_31' title="bbox 226 1828 3519 1894">
     <span class='ocr_line' id='line_1_31' title="bbox 226 1828 3519 1894; baseline 0.002 -16"><span class='ocrx_word' id='word_1_210' title='bbox 226 1828 528 1881; x_wconf 76' lang='lat' dir='ltr'><strong>oll&#39;endere</strong></span> <span class='ocrx_word' id='word_1_211' title='bbox 554 1842 800 1894; x_wconf 74' lang='lat' dir='ltr'><strong>possent.</strong></span> <span class='ocrx_word' id='word_1_212' title='bbox 828 1829 1089 1882; x_wconf 62' lang='lat' dir='ltr'><strong>Praeterea</strong></span> <span class='ocrx_word' id='word_1_213' title='bbox 1123 1831 1327 1884; x_wconf 80' lang='lat' dir='ltr'><strong>indit-es</strong></span> <span class='ocrx_word' id='word_1_214' title='bbox 1349 1830 1454 1882; x_wconf 86' lang='lat' dir='ltr'><strong>duo</strong></span> <span class='ocrx_word' id='word_1_215' title='bbox 1486 1837 1825 1884; x_wconf 83' lang='lat' dir='ltr'><strong>testimonio—</strong></span> <span class='ocrx_word' id='word_1_216' title='bbox 1856 1828 1901 1888; x_wconf 82' lang='grc' dir='ltr'><strong>Β</strong></span> <span class='ocrx_word' id='word_1_217' title='bbox 1930 1833 2248 1888; x_wconf 80' lang='lat' dir='ltr'><strong>bibliohecte</strong></span> <span class='ocrx_word' id='word_1_218' title='bbox 2276 1831 2411 1886; x_wconf 88' lang='lat' dir='ltr'><strong>libro</strong></span> <span class='ocrx_word' id='word_1_219' title='bbox 2457 1841 2503 1886; x_wconf 87' lang='lat' dir='ltr'><strong>et</strong></span> <span class='ocrx_word' id='word_1_220' title='bbox 2549 1833 2671 1885; x_wconf 85' lang='lat' dir='ltr'><strong>aliis</strong></span> <span class='ocrx_word' id='word_1_221' title='bbox 2715 1833 3017 1887; x_wconf 62' lang='lat' dir='ltr'><strong>veneranda</strong></span> <span class='ocrx_word' id='word_1_222' title='bbox 3057 1835 3318 1886; x_wconf 78' lang='lat' dir='ltr'><strong>vetustatis</strong></span> <span class='ocrx_word' id='word_1_223' title='bbox 3346 1849 3519 1886; x_wconf 71' lang='lat' dir='ltr'><strong>exerit-</strong></span> 
     </span>
    </p>
   </div>
   <div class='ocr_carea' id='block_1_32' title="bbox 227 1918 1825 1990">
    <p class='ocr_par' dir='ltr' id='par_1_32' title="bbox 227 1918 1825 1990">
     <span class='ocr_line' id='line_1_32' title="bbox 227 1918 1825 1990; baseline 0.002 -17"><span class='ocrx_word' id='word_1_224' title='bbox 227 1934 368 1973; x_wconf 82' lang='lat' dir='ltr'><strong>rum</strong></span> <span class='ocrx_word' id='word_1_225' title='bbox 403 1934 570 1972; x_wconf 70' lang='lat' dir='ltr'><strong>sacrae</strong></span> <span class='ocrx_word' id='word_1_226' title='bbox 601 1918 917 1987; x_wconf 68' lang='lat' dir='ltr'><strong>Scriptum,</strong></span> <span class='ocrx_word' id='word_1_227' title='bbox 948 1937 1063 1986; x_wconf 75' lang='lat' dir='ltr'><strong>qua:</strong></span> <span class='ocrx_word' id='word_1_228' title='bbox 1095 1919 1404 1974; x_wconf 83' lang='lat' dir='ltr'><strong>aCassiauo</strong></span> <span class='ocrx_word' id='word_1_229' title='bbox 1437 1923 1519 1976; x_wconf 76' lang='lat' dir='ltr'><strong>\el</strong></span> <span class='ocrx_word' id='word_1_230' title='bbox 1548 1925 1825 1990; x_wconf 69' lang='lat' dir='ltr'><strong>eXpIicau-</strong></span> 
     </span>
    </p>
   </div>
   <div class='ocr_carea' id='block_1_33' title="bbox 226 2010 1822 2080">
    <p class='ocr_par' dir='ltr' id='par_1_33' title="bbox 226 2010 1822 2080">
     <span class='ocr_line' id='line_1_33' title="bbox 226 2010 1822 2080; baseline 0.001 -14"><span class='ocrx_word' id='word_1_231' title='bbox 226 2021 349 2074; x_wconf 88' lang='lat' dir='ltr'><strong>tur,</strong></span> <span class='ocrx_word' id='word_1_232' title='bbox 381 2015 460 2064; x_wconf 82' lang='lat' dir='ltr'><strong>vel</strong></span> <span class='ocrx_word' id='word_1_233' title='bbox 491 2010 670 2075; x_wconf 80' lang='lat' dir='ltr'><strong>aliter,</strong></span> <span class='ocrx_word' id='word_1_234' title='bbox 707 2026 868 2080; x_wconf 88' lang='lat' dir='ltr'><strong>quam</strong></span> <span class='ocrx_word' id='word_1_235' title='bbox 897 2013 1106 2080; x_wconf 79' lang='lat' dir='ltr'><strong>vulgata</strong></span> <span class='ocrx_word' id='word_1_236' title='bbox 1137 2014 1301 2066; x_wconf 84' lang='lat' dir='ltr'><strong>editio</strong></span> <span class='ocrx_word' id='word_1_237' title='bbox 1338 2013 1536 2078; x_wconf 75' lang='lat' dir='ltr'><strong>habet,</strong></span> <span class='ocrx_word' id='word_1_238' title='bbox 1563 2025 1822 2070; x_wconf 81' lang='lat' dir='ltr'><strong>citantur.</strong></span> 
     </span>
    </p>
   </div>
   <div class='ocr_carea' id='block_1_34' title="bbox 225 2103 1824 2170">
    <p class='ocr_par' dir='ltr' id='par_1_34' title="bbox 225 2103 1824 2170">
     <span class='ocr_line' id='line_1_34' title="bbox 225 2103 1824 2170; baseline 0.001 -13"><span class='ocrx_word' id='word_1_239' title='bbox 225 2103 405 2158; x_wconf 70' lang='lat' dir='ltr'><strong>ltldr&#39;x</strong></span> <span class='ocrx_word' id='word_1_240' title='bbox 436 2115 712 2170; x_wconf 84' lang='lat' dir='ltr'><strong>postremo</strong></span> <span class='ocrx_word' id='word_1_241' title='bbox 742 2119 924 2156; x_wconf 84' lang='lat' dir='ltr'><strong>rerum</strong></span> <span class='ocrx_word' id='word_1_242' title='bbox 960 2103 1418 2157; x_wconf 76' lang='lat' dir='ltr'><strong>inertioraliilium.</strong></span> <span class='ocrx_word' id='word_1_243' title='bbox 1441 2103 1689 2158; x_wconf 79' lang='lat' dir='ltr'><strong>Accessit</strong></span> <span class='ocrx_word' id='word_1_244' title='bbox 1719 2105 1824 2158; x_wconf 79' lang='lat' dir='ltr'><strong>Be-</strong></span> 
     </span>
    </p>
   </div>
   <div class='ocr_carea' id='block_1_35' title="bbox 224 2195 1824 2268">
    <p class='ocr_par' dir='ltr' id='par_1_35' title="bbox 224 2195 1824 2268">
     <span class='ocr_line' id='line_1_35' title="bbox 224 2195 1824 2268; baseline 0.001 -18"><span class='ocrx_word' id='word_1_245' title='bbox 224 2198 357 2267; x_wconf 85' lang='lat' dir='ltr'><strong>gula</strong></span> <span class='ocrx_word' id='word_1_246' title='bbox 387 2197 444 2250; x_wconf 82' lang='lat' dir='ltr'><strong>S.</strong></span> <span class='ocrx_word' id='word_1_247' title='bbox 479 2195 796 2260; x_wconf 79' lang='lat' dir='ltr'><strong>Pachumii,</strong></span> <span class='ocrx_word' id='word_1_248' title='bbox 829 2212 950 2266; x_wconf 71' lang='lat' dir='ltr'><strong>qua:</strong></span> <span class='ocrx_word' id='word_1_249' title='bbox 975 2215 1004 2249; x_wconf 84' lang='lat' dir='ltr'><strong>a</strong></span> <span class='ocrx_word' id='word_1_250' title='bbox 1034 2198 1091 2250; x_wconf 85' lang='lat' dir='ltr'><strong>S.</strong></span> <span class='ocrx_word' id='word_1_251' title='bbox 1120 2197 1451 2268; x_wconf 84' lang='lat' dir='ltr'><strong>Hieronymo</strong></span> <span class='ocrx_word' id='word_1_252' title='bbox 1485 2199 1536 2250; x_wconf 89' lang='lat' dir='ltr'><strong>in</strong></span> <span class='ocrx_word' id='word_1_253' title='bbox 1572 2199 1824 2252; x_wconf 83' lang='lat' dir='ltr'><strong>Latinum</strong></span> 
     </span>
    </p>
   </div>
   <div class='ocr_carea' id='block_1_36' title="bbox 223 2290 1826 2360">
    <p class='ocr_par' dir='ltr' id='par_1_36' title="bbox 223 2290 1826 2360">
     <span class='ocr_line' id='line_1_36' title="bbox 223 2290 1826 2360; baseline -0.002 -13"><span class='ocrx_word' id='word_1_254' title='bbox 223 2306 542 2347; x_wconf 78' lang='lat' dir='ltr'><strong>sermonem</strong></span> <span class='ocrx_word' id='word_1_255' title='bbox 575 2305 837 2345; x_wconf 89' lang='lat' dir='ltr'><strong>conversa</strong></span> <span class='ocrx_word' id='word_1_256' title='bbox 884 2301 999 2354; x_wconf 91' lang='lat' dir='ltr'><strong>est,</strong></span> <span class='ocrx_word' id='word_1_257' title='bbox 1049 2291 1222 2344; x_wconf 91' lang='lat' dir='ltr'><strong>multo</strong></span> <span class='ocrx_word' id='word_1_258' title='bbox 1266 2290 1632 2360; x_wconf 82' lang='lat' dir='ltr'><strong>emendatior,</strong></span> <span class='ocrx_word' id='word_1_259' title='bbox 1665 2306 1826 2360; x_wconf 85' lang='lat' dir='ltr'><strong>quam</strong></span> 
     </span>
    </p>
   </div>
   <div class='ocr_carea' id='block_1_37' title="bbox 225 2395 414 2440">
    <p class='ocr_par' dir='ltr' id='par_1_37' title="bbox 225 2395 414 2440">
     <span class='ocr_line' id='line_1_37' title="bbox 225 2395 414 2440; baseline -0.016 0"><span class='ocrx_word' id='word_1_260' title='bbox 225 2395 414 2440; x_wconf 82' lang='lat' dir='ltr'><strong>antea.</strong></span> 
     </span>
    </p>
   </div>
   <div class='ocr_carea' id='block_1_38' title="bbox 303 2475 1827 2547">
    <p class='ocr_par' dir='ltr' id='par_1_38' title="bbox 303 2475 1827 2547">
     <span class='ocr_line' id='line_1_38' title="bbox 303 2475 1827 2547; baseline 0 -17"><span class='ocrx_word' id='word_1_261' title='bbox 303 2475 704 2547; x_wconf 77' lang='lat' dir='ltr'><strong>&#39;I&#39;ypographus</strong></span> <span class='ocrx_word' id='word_1_262' title='bbox 749 2475 1066 2530; x_wconf 86' lang='lat' dir='ltr'><strong>Dominicus</strong></span> <span class='ocrx_word' id='word_1_263' title='bbox 1117 2475 1253 2531; x_wconf 85' lang='lat' dir='ltr'><strong>Basa</strong></span> <span class='ocrx_word' id='word_1_264' title='bbox 1299 2475 1572 2531; x_wconf 71' lang='lat' dir='ltr'><strong>dedicavit</strong></span> <span class='ocrx_word' id='word_1_265' title='bbox 1617 2475 1827 2530; x_wconf 87' lang='lat' dir='ltr'><strong>editio-</strong></span> 
     </span>
    </p>
   </div>
   <div class='ocr_carea' id='block_1_39' title="bbox 225 2567 1828 2642">
    <p class='ocr_par' dir='ltr' id='par_1_39' title="bbox 225 2567 1828 2642">
     <span class='ocr_line' id='line_1_39' title="bbox 225 2567 1828 2642; baseline -0.003 -15"><span class='ocrx_word' id='word_1_266' title='bbox 225 2584 360 2627; x_wconf 82' lang='lat' dir='ltr'><strong>nem</strong></span> <span class='ocrx_word' id='word_1_267' title='bbox 385 2569 646 2639; x_wconf 76' lang='lat' dir='ltr'><strong>Gregorio</strong></span> <span class='ocrx_word' id='word_1_268' title='bbox 667 2567 781 2623; x_wconf 79' lang='lat' dir='ltr'><strong>XIII</strong></span> <span class='ocrx_word' id='word_1_269' title='bbox 806 2569 1011 2624; x_wconf 75' lang='lat' dir='ltr'><strong>Pontif.</strong></span> <span class='ocrx_word' id='word_1_270' title='bbox 1031 2570 1168 2624; x_wconf 74' lang='lat' dir='ltr'><strong>Max.</strong></span> <span class='ocrx_word' id='word_1_271' title='bbox 1187 2569 1251 2642; x_wconf 63' lang='grc'><strong>(1-</strong></span> <span class='ocrx_word' id='word_1_272' title='bbox 1272 2568 1436 2637; x_wconf 82' lang='lat' dir='ltr'><strong>I585)</strong></span> <span class='ocrx_word' id='word_1_273' title='bbox 1461 2570 1686 2636; x_wconf 78' lang='lat' dir='ltr'><strong>episwla</strong></span> <span class='ocrx_word' id='word_1_274' title='bbox 1701 2569 1828 2623; x_wconf 86' lang='lat' dir='ltr'><strong>data</strong></span> 
     </span>
    </p>
   </div>
   <div class='ocr_carea' id='block_1_40' title="bbox 229 2659 1828 2733">
    <p class='ocr_par' dir='ltr' id='par_1_40' title="bbox 229 2659 1828 2733">
     <span class='ocr_line' id='line_1_40' title="bbox 229 2659 1828 2733; baseline -0.001 -16"><span class='ocrx_word' id='word_1_275' title='bbox 229 2662 419 2717; x_wconf 80' lang='lat' dir='ltr'><strong>Romte</strong></span> <span class='ocrx_word' id='word_1_276' title='bbox 443 2661 696 2717; x_wconf 83' lang='lat' dir='ltr'><strong>Kalendis</strong></span> <span class='ocrx_word' id='word_1_277' title='bbox 729 2663 1082 2717; x_wconf 87' lang='lat' dir='ltr'><strong>iutercalarib.</strong></span> <span class='ocrx_word' id='word_1_278' title='bbox 1111 2680 1165 2715; x_wconf 82' lang='grc' dir='ltr'><strong>α.</strong></span> <span class='ocrx_word' id='word_1_279' title='bbox 1191 2661 1272 2717; x_wconf 78' lang='grc' dir='ltr'><em>Μ.</em></span> <span class='ocrx_word' id='word_1_280' title='bbox 1291 2661 1360 2716; x_wconf 88' lang='lat' dir='ltr'><strong>D.</strong></span> <span class='ocrx_word' id='word_1_281' title='bbox 1386 2659 1587 2716; x_wconf 77' lang='lat' dir='ltr'><em>LXXX</em></span> <span class='ocrx_word' id='word_1_282' title='bbox 1614 2661 1828 2733; x_wconf 49' lang='lat'><strong>(1550).</strong></span> 
     </span>
    </p>
   </div>
   <div class='ocr_carea' id='block_1_41' title="bbox 230 2753 1832 2823">
    <p class='ocr_par' dir='ltr' id='par_1_41' title="bbox 230 2753 1832 2823">
     <span class='ocr_line' id='line_1_41' title="bbox 230 2753 1832 2823; baseline -0.001 -13"><span class='ocrx_word' id='word_1_283' title='bbox 230 2753 371 2810; x_wconf 86' lang='lat' dir='ltr'><strong>Tam</strong></span> <span class='ocrx_word' id='word_1_284' title='bbox 399 2754 451 2809; x_wconf 90' lang='lat' dir='ltr'><strong>in</strong></span> <span class='ocrx_word' id='word_1_285' title='bbox 502 2755 603 2809; x_wconf 87' lang='lat' dir='ltr'><strong>hac</strong></span> <span class='ocrx_word' id='word_1_286' title='bbox 645 2754 981 2809; x_wconf 90' lang='lat' dir='ltr'><strong>dedicatoria</strong></span> <span class='ocrx_word' id='word_1_287' title='bbox 1026 2771 1179 2820; x_wconf 82' lang='lat' dir='ltr'><strong>vero,</strong></span> <span class='ocrx_word' id='word_1_288' title='bbox 1210 2770 1368 2822; x_wconf 82' lang='lat' dir='ltr'><strong>quam</strong></span> <span class='ocrx_word' id='word_1_289' title='bbox 1414 2756 1465 2808; x_wconf 92' lang='lat' dir='ltr'><strong>in</strong></span> <span class='ocrx_word' id='word_1_290' title='bbox 1510 2754 1832 2823; x_wconf 70' lang='lat' dir='ltr'><strong>praefatione</strong></span> 
     </span>
    </p>
   </div>
   <div class='ocr_carea' id='block_1_42' title="bbox 233 2847 1832 2917">
    <p class='ocr_par' dir='ltr' id='par_1_42' title="bbox 233 2847 1832 2917">
     <span class='ocr_line' id='line_1_42' title="bbox 233 2847 1832 2917; baseline 0 -15"><span class='ocrx_word' id='word_1_291' title='bbox 233 2861 340 2902; x_wconf 82' lang='lat' dir='ltr'><strong>sua</strong></span> <span class='ocrx_word' id='word_1_292' title='bbox 370 2847 434 2901; x_wconf 89' lang='lat' dir='ltr'><strong>ad</strong></span> <span class='ocrx_word' id='word_1_293' title='bbox 468 2847 724 2902; x_wconf 82' lang='lat' dir='ltr'><strong>lectorem</strong></span> <span class='ocrx_word' id='word_1_294' title='bbox 755 2847 898 2903; x_wconf 88' lang='lat' dir='ltr'><strong>hunc</strong></span> <span class='ocrx_word' id='word_1_295' title='bbox 920 2848 1161 2903; x_wconf 75' lang='lat' dir='ltr'><strong>laborem</strong></span> <span class='ocrx_word' id='word_1_296' title='bbox 1192 2849 1436 2902; x_wconf 81' lang='lat' dir='ltr'><strong>maxime</strong></span> <span class='ocrx_word' id='word_1_297' title='bbox 1466 2862 1630 2917; x_wconf 85' lang='lat' dir='ltr'><strong>opera</strong></span> <span class='ocrx_word' id='word_1_298' title='bbox 1653 2847 1832 2902; x_wconf 80' lang='lat' dir='ltr'><strong>cardi-</strong></span> 
     </span>
    </p>
   </div>
   <div class='ocr_carea' id='block_1_43' title="bbox 234 2937 1833 3010">
    <p class='ocr_par' dir='ltr' id='par_1_43' title="bbox 234 2937 1833 3010">
     <span class='ocr_line' id='line_1_43' title="bbox 234 2937 1833 3010; baseline -0.001 -15"><span class='ocrx_word' id='word_1_299' title='bbox 234 2940 382 2996; x_wconf 88' lang='lat' dir='ltr'><strong>nalis</strong></span> <span class='ocrx_word' id='word_1_300' title='bbox 413 2939 636 2995; x_wconf 76' lang='lat' dir='ltr'><strong>Antonii</strong></span> <span class='ocrx_word' id='word_1_301' title='bbox 675 2938 886 2995; x_wconf 74' lang='lat' dir='ltr'><strong>Carala:</strong></span> <span class='ocrx_word' id='word_1_302' title='bbox 925 2950 1244 3006; x_wconf 77' lang='lat' dir='ltr'><strong>susceptum</strong></span> <span class='ocrx_word' id='word_1_303' title='bbox 1277 2953 1343 2993; x_wconf 89' lang='lat' dir='ltr'><strong>ac</strong></span> <span class='ocrx_word' id='word_1_304' title='bbox 1385 2937 1681 3010; x_wconf 84' lang='lat' dir='ltr'><strong>perlectum</strong></span> <span class='ocrx_word' id='word_1_305' title='bbox 1710 2953 1833 2994; x_wconf 87' lang='lat' dir='ltr'><strong>esse</strong></span> 
     </span>
    </p>
   </div>
   <div class='ocr_carea' id='block_1_44' title="bbox 232 3031 1835 3103">
    <p class='ocr_par' dir='ltr' id='par_1_44' title="bbox 232 3031 1835 3103">
     <span class='ocr_line' id='line_1_44' title="bbox 232 3031 1835 3103; baseline -0.003 -14"><span class='ocrx_word' id='word_1_306' title='bbox 232 3033 540 3103; x_wconf 76' lang='lat' dir='ltr'><strong>signiﬁcat.</strong></span> <span class='ocrx_word' id='word_1_307' title='bbox 572 3032 737 3100; x_wconf 84' lang='lat' dir='ltr'><strong>Quam</strong></span> <span class='ocrx_word' id='word_1_308' title='bbox 768 3035 989 3102; x_wconf 79' lang='lat' dir='ltr'><strong>quidem</strong></span> <span class='ocrx_word' id='word_1_309' title='bbox 1022 3031 1313 3103; x_wconf 86' lang='lat' dir='ltr'><strong>posteriori</strong></span> <span class='ocrx_word' id='word_1_310' title='bbox 1357 3033 1409 3086; x_wconf 92' lang='lat' dir='ltr'><strong>in</strong></span> <span class='ocrx_word' id='word_1_311' title='bbox 1441 3033 1562 3086; x_wconf 90' lang='lat' dir='ltr'><strong>loco</strong></span> <span class='ocrx_word' id='word_1_312' title='bbox 1591 3031 1835 3086; x_wconf 83' lang='lat' dir='ltr'><strong>declarat</strong></span> 
     </span>
    </p>
   </div>
   <div class='ocr_carea' id='block_1_45' title="bbox 233 3121 1833 3196">
    <p class='ocr_par' dir='ltr' id='par_1_45' title="bbox 233 3121 1833 3196">
     <span class='ocr_line' id='line_1_45' title="bbox 233 3121 1833 3196; baseline 0 -18"><span class='ocrx_word' id='word_1_313' title='bbox 233 3123 511 3195; x_wconf 83' lang='lat' dir='ltr'><strong>apertius,</strong></span> <span class='ocrx_word' id='word_1_314' title='bbox 561 3127 686 3178; x_wconf 92' lang='lat' dir='ltr'><strong>dum</strong></span> <span class='ocrx_word' id='word_1_315' title='bbox 737 3124 930 3179; x_wconf 85' lang='lat' dir='ltr'><strong>codicis</strong></span> <span class='ocrx_word' id='word_1_316' title='bbox 959 3127 1076 3196; x_wconf 89' lang='lat' dir='ltr'><strong>jam</strong></span> <span class='ocrx_word' id='word_1_317' title='bbox 1125 3125 1253 3178; x_wconf 83' lang='lat' dir='ltr'><strong>editi</strong></span> <span class='ocrx_word' id='word_1_318' title='bbox 1299 3135 1346 3177; x_wconf 86' lang='lat' dir='ltr'><strong>et</strong></span> <span class='ocrx_word' id='word_1_319' title='bbox 1393 3123 1542 3178; x_wconf 87' lang='lat' dir='ltr'><strong>Petri</strong></span> <span class='ocrx_word' id='word_1_320' title='bbox 1573 3121 1833 3178; x_wconf 84' lang='lat' dir='ltr'><strong>Ciacconii</strong></span> 
     </span>
    </p>
   </div>
   <div class='ocr_carea' id='block_1_46' title="bbox 1931 1924 3523 1997">
    <p class='ocr_par' dir='ltr' id='par_1_46' title="bbox 1931 1924 3523 1997">
     <span class='ocr_line' id='line_1_46' title="bbox 1931 1924 3523 1997; baseline 0.003 -23"><span class='ocrx_word' id='word_1_321' title='bbox 1931 1925 2188 1993; x_wconf 80' lang='lat' dir='ltr'><strong>pluribus.</strong></span> <span class='ocrx_word' id='word_1_322' title='bbox 2223 1925 2521 1997; x_wconf 82' lang='lat' dir='ltr'><strong>Adjecimus</strong></span> <span class='ocrx_word' id='word_1_323' title='bbox 2552 1936 2596 1976; x_wconf 88' lang='lat' dir='ltr'><strong>et</strong></span> <span class='ocrx_word' id='word_1_324' title='bbox 2627 1926 2912 1978; x_wconf 85' lang='lat' dir='ltr'><strong>secundum</strong></span> <span class='ocrx_word' id='word_1_325' title='bbox 2942 1925 3181 1989; x_wconf 84' lang='lat' dir='ltr'><strong>indicem,</strong></span> <span class='ocrx_word' id='word_1_326' title='bbox 3218 1925 3330 1977; x_wconf 86' lang='lat' dir='ltr'><strong>loca</strong></span> <span class='ocrx_word' id='word_1_327' title='bbox 3360 1926 3411 1978; x_wconf 90' lang='lat' dir='ltr'><strong>in</strong></span> <span class='ocrx_word' id='word_1_328' title='bbox 3438 1924 3523 1979; x_wconf 86' lang='lat' dir='ltr'><strong>his</strong></span> 
     </span>
    </p>
   </div>
   <div class='ocr_carea' id='block_1_47' title="bbox 1931 2014 3523 2084">
    <p class='ocr_par' dir='ltr' id='par_1_47' title="bbox 1931 2014 3523 2084">
     <span class='ocr_line' id='line_1_47' title="bbox 1931 2014 3523 2084; baseline -0.001 -14"><span class='ocrx_word' id='word_1_329' title='bbox 1931 2017 2075 2070; x_wconf 87' lang='lat' dir='ltr'><strong>libris</strong></span> <span class='ocrx_word' id='word_1_330' title='bbox 2103 2016 2263 2069; x_wconf 82' lang='lat' dir='ltr'><strong>obiter</strong></span> <span class='ocrx_word' id='word_1_331' title='bbox 2285 2014 2540 2083; x_wconf 78' lang='lat' dir='ltr'><strong>explicata</strong></span> <span class='ocrx_word' id='word_1_332' title='bbox 2571 2019 2934 2069; x_wconf 83' lang='lat' dir='ltr'><strong>continentem.</strong></span> <span class='ocrx_word' id='word_1_333' title='bbox 2975 2014 3138 2068; x_wconf 81' lang='lat' dir='ltr'><strong>Porro</strong></span> <span class='ocrx_word' id='word_1_334' title='bbox 3169 2017 3220 2068; x_wconf 88' lang='lat' dir='ltr'><strong>id</strong></span> <span class='ocrx_word' id='word_1_335' title='bbox 3245 2016 3382 2084; x_wconf 86' lang='lat' dir='ltr'><strong>quod</strong></span> <span class='ocrx_word' id='word_1_336' title='bbox 3409 2027 3523 2070; x_wconf 84' lang='lat' dir='ltr'><strong>erat</strong></span> 
     </span>
    </p>
   </div>
   <div class='ocr_carea' id='block_1_48' title="bbox 1930 2107 3519 2175">
    <p class='ocr_par' dir='ltr' id='par_1_48' title="bbox 1930 2107 3519 2175">
     <span class='ocr_line' id='line_1_48' title="bbox 1930 2107 3519 2175; baseline 0.001 -15"><span class='ocrx_word' id='word_1_337' title='bbox 1930 2108 2154 2160; x_wconf 75' lang='lat' dir='ltr'><strong>maxime</strong></span> <span class='ocrx_word' id='word_1_338' title='bbox 2197 2109 2544 2161; x_wconf 84' lang='lat' dir='ltr'><strong>necessarium</strong></span> <span class='ocrx_word' id='word_1_339' title='bbox 2570 2151 2583 2172; x_wconf 88' lang='lat'><strong>,</strong></span> <span class='ocrx_word' id='word_1_340' title='bbox 2614 2107 2859 2158; x_wconf 73' lang='lat' dir='ltr'><strong>adversus</strong></span> <span class='ocrx_word' id='word_1_341' title='bbox 2888 2109 3137 2175; x_wconf 87' lang='lat' dir='ltr'><strong>quasdam</strong></span> <span class='ocrx_word' id='word_1_342' title='bbox 3170 2108 3336 2160; x_wconf 87' lang='lat' dir='ltr'><strong>minus</strong></span> <span class='ocrx_word' id='word_1_343' title='bbox 3372 2107 3519 2162; x_wconf 80' lang='lat' dir='ltr'><strong>tritas</strong></span> 
     </span>
    </p>
   </div>
   <div class='ocr_carea' id='block_1_49' title="bbox 1927 2198 3523 2274">
    <p class='ocr_par' dir='ltr' id='par_1_49' title="bbox 1927 2198 3523 2274">
     <span class='ocr_line' id='line_1_49' title="bbox 1927 2198 3523 2274; baseline 0.001 -22"><span class='ocrx_word' id='word_1_344' title='bbox 1927 2199 2088 2274; x_wconf 81' lang='lat' dir='ltr'><strong>hujus</strong></span> <span class='ocrx_word' id='word_1_345' title='bbox 2118 2204 2342 2254; x_wconf 89' lang='lat' dir='ltr'><strong>auctoris</strong></span> <span class='ocrx_word' id='word_1_346' title='bbox 2368 2200 2676 2262; x_wconf 77' lang='lat' dir='ltr'><strong>sententias,</strong></span> <span class='ocrx_word' id='word_1_347' title='bbox 2704 2198 2843 2266; x_wconf 85' lang='lat' dir='ltr'><strong>quod</strong></span> <span class='ocrx_word' id='word_1_348' title='bbox 2887 2199 3180 2252; x_wconf 82' lang='lat' dir='ltr'><strong>antidotum</strong></span> <span class='ocrx_word' id='word_1_349' title='bbox 3228 2200 3292 2253; x_wconf 82' lang='lat' dir='ltr'><strong>sit</strong></span> <span class='ocrx_word' id='word_1_350' title='bbox 3321 2199 3523 2254; x_wconf 67' lang='lat' dir='ltr'><strong>exhibi-</strong></span> 
     </span>
    </p>
   </div>
   <div class='ocr_carea' id='block_1_50' title="bbox 1931 2288 3522 2364">
    <p class='ocr_par' dir='ltr' id='par_1_50' title="bbox 1931 2288 3522 2364">
     <span class='ocr_line' id='line_1_50' title="bbox 1931 2288 3522 2364; baseline -0.002 -16"><span class='ocrx_word' id='word_1_351' title='bbox 1931 2306 2070 2358; x_wconf 87' lang='lat' dir='ltr'><strong>tunt,</strong></span> <span class='ocrx_word' id='word_1_352' title='bbox 2097 2295 2362 2361; x_wconf 82' lang='lat' dir='ltr'><strong>superiore</strong></span> <span class='ocrx_word' id='word_1_353' title='bbox 2386 2294 2604 2364; x_wconf 87' lang='lat' dir='ltr'><strong>epistola</strong></span> <span class='ocrx_word' id='word_1_354' title='bbox 2633 2292 2878 2346; x_wconf 78' lang='lat' dir='ltr'><strong>diximus.</strong></span> <span class='ocrx_word' id='word_1_355' title='bbox 2910 2290 3134 2361; x_wconf 85' lang='lat' dir='ltr'><strong>Scripsit</strong></span> <span class='ocrx_word' id='word_1_356' title='bbox 3164 2291 3369 2360; x_wconf 88' lang='lat' dir='ltr'><strong>quidem</strong></span> <span class='ocrx_word' id='word_1_357' title='bbox 3391 2288 3522 2345; x_wconf 85' lang='lat' dir='ltr'><strong>Cas-</strong></span> 
     </span>
    </p>
   </div>
   <div class='ocr_carea' id='block_1_51' title="bbox 1929 2381 3522 2442">
    <p class='ocr_par' dir='ltr' id='par_1_51' title="bbox 1929 2381 3522 2442">
     <span class='ocr_line' id='line_1_51' title="bbox 1929 2381 3522 2442; baseline -0.004 0"><span class='ocrx_word' id='word_1_358' title='bbox 1929 2390 2106 2442; x_wconf 83' lang='lat' dir='ltr'><strong>sianus</strong></span> <span class='ocrx_word' id='word_1_359' title='bbox 2137 2389 2340 2441; x_wconf 86' lang='lat' dir='ltr'><strong>hortatu</strong></span> <span class='ocrx_word' id='word_1_360' title='bbox 2375 2386 2559 2440; x_wconf 84' lang='lat' dir='ltr'><strong>Leonis</strong></span> <span class='ocrx_word' id='word_1_361' title='bbox 2596 2383 2616 2422; x_wconf 72' lang='grc' dir='ltr'><em>ι</em></span> <span class='ocrx_word' id='word_1_362' title='bbox 2650 2384 2806 2439; x_wconf 87' lang='lat' dir='ltr'><strong>Pont.</strong></span> <span class='ocrx_word' id='word_1_363' title='bbox 2856 2382 3001 2436; x_wconf 78' lang='lat' dir='ltr'><strong>Max.</strong></span> <span class='ocrx_word' id='word_1_364' title='bbox 3033 2381 3321 2436; x_wconf 88' lang='lat' dir='ltr'><strong>luculentas</strong></span> <span class='ocrx_word' id='word_1_365' title='bbox 3360 2381 3522 2436; x_wconf 87' lang='lat' dir='ltr'><strong>libros</strong></span> 
     </span>
    </p>
   </div>
   <div class='ocr_carea' id='block_1_52' title="bbox 1932 2473 3524 2540">
    <p class='ocr_par' dir='ltr' id='par_1_52' title="bbox 1932 2473 3524 2540">
     <span class='ocr_line' id='line_1_52' title="bbox 1932 2473 3524 2540; baseline -0.003 -7"><span class='ocrx_word' id='word_1_366' title='bbox 1932 2482 1994 2536; x_wconf 86' lang='lat' dir='ltr'><strong>de</strong></span> <span class='ocrx_word' id='word_1_367' title='bbox 2022 2479 2392 2533; x_wconf 79' lang='lat' dir='ltr'><strong>Incarnutione</strong></span> <span class='ocrx_word' id='word_1_368' title='bbox 2442 2477 2655 2531; x_wconf 86' lang='lat' dir='ltr'><strong>Domini</strong></span> <span class='ocrx_word' id='word_1_369' title='bbox 2703 2487 2881 2530; x_wconf 85' lang='lat' dir='ltr'><strong>contra</strong></span> <span class='ocrx_word' id='word_1_370' title='bbox 2920 2474 3263 2540; x_wconf 81' lang='lat' dir='ltr'><strong>Nestorium;</strong></span> <span class='ocrx_word' id='word_1_371' title='bbox 3301 2473 3390 2528; x_wconf 86' lang='lat' dir='ltr'><strong>sed</strong></span> <span class='ocrx_word' id='word_1_372' title='bbox 3436 2491 3524 2529; x_wconf 87' lang='lat' dir='ltr'><strong>eos</strong></span> 
     </span>
    </p>
   </div>
   <div class='ocr_carea' id='block_1_53' title="bbox 1931 2567 3523 2644">
    <p class='ocr_par' dir='ltr' id='par_1_53' title="bbox 1931 2567 3523 2644">
     <span class='ocr_line' id='line_1_53' title="bbox 1931 2567 3523 2644; baseline -0.003 -18"><span class='ocrx_word' id='word_1_373' title='bbox 1931 2576 2067 2644; x_wconf 83' lang='lat' dir='ltr'><strong>quod</strong></span> <span class='ocrx_word' id='word_1_374' title='bbox 2098 2572 2301 2626; x_wconf 88' lang='lat' dir='ltr'><strong>nullum</strong></span> <span class='ocrx_word' id='word_1_375' title='bbox 2347 2579 2567 2626; x_wconf 73' lang='lat' dir='ltr'><strong>exstaret</strong></span> <span class='ocrx_word' id='word_1_376' title='bbox 2610 2571 2663 2622; x_wconf 89' lang='lat' dir='ltr'><strong>in</strong></span> <span class='ocrx_word' id='word_1_377' title='bbox 2715 2567 2967 2623; x_wconf 88' lang='lat' dir='ltr'><strong>Vaticana</strong></span> <span class='ocrx_word' id='word_1_378' title='bbox 3001 2567 3306 2622; x_wconf 71' lang='lat' dir='ltr'><strong>bibliotheca</strong></span> <span class='ocrx_word' id='word_1_379' title='bbox 3336 2584 3523 2622; x_wconf 84' lang='lat' dir='ltr'><strong>manu-</strong></span> 
     </span>
    </p>
   </div>
   <div class='ocr_carea' id='block_1_54' title="bbox 1932 2661 3583 2732">
    <p class='ocr_par' dir='ltr' id='par_1_54' title="bbox 1932 2661 3583 2732">
     <span class='ocr_line' id='line_1_54' title="bbox 1932 2661 3583 2732; baseline -0.005 -12"><span class='ocrx_word' id='word_1_380' title='bbox 1932 2667 2179 2732; x_wconf 77' lang='lat' dir='ltr'><strong>scriptuni</strong></span> <span class='ocrx_word' id='word_1_381' title='bbox 2200 2662 2489 2732; x_wconf 66' lang='lat' dir='ltr'><strong>exemplar,</strong></span> <span class='ocrx_word' id='word_1_382' title='bbox 2518 2661 2588 2716; x_wconf 89' lang='lat' dir='ltr'><strong>ad</strong></span> <span class='ocrx_word' id='word_1_383' title='bbox 2619 2663 2774 2731; x_wconf 88' lang='lat' dir='ltr'><strong>cujus</strong></span> <span class='ocrx_word' id='word_1_384' title='bbox 2801 2662 2958 2730; x_wconf 79' lang='lat' dir='ltr'><strong>ﬁdem</strong></span> <span class='ocrx_word' id='word_1_385' title='bbox 2985 2661 3247 2716; x_wconf 81' lang='lat' dir='ltr'><strong>emendari</strong></span> <span class='ocrx_word' id='word_1_386' title='bbox 3270 2668 3476 2728; x_wconf 81' lang='lat' dir='ltr'><strong>possent</strong></span> <span class='ocrx_word' id='word_1_387' title='bbox 3503 2703 3518 2726; x_wconf 92' lang='lat'><strong>,</strong></span> <span class='ocrx_word' id='word_1_388' title='bbox 3580 2709 3583 2711; x_wconf 74' lang='lat'><strong>.</strong></span> 
     </span>
    </p>
   </div>
   <div class='ocr_carea' id='block_1_55' title="bbox 1933 2751 3525 2823">
    <p class='ocr_par' dir='ltr' id='par_1_55' title="bbox 1933 2751 3525 2823">
     <span class='ocr_line' id='line_1_55' title="bbox 1933 2751 3525 2823; baseline -0.004 -13"><span class='ocrx_word' id='word_1_389' title='bbox 1933 2767 1980 2810; x_wconf 89' lang='lat' dir='ltr'><strong>et</strong></span> <span class='ocrx_word' id='word_1_390' title='bbox 2010 2757 2329 2810; x_wconf 66' lang='lat' dir='ltr'><strong>abinstituto</strong></span> <span class='ocrx_word' id='word_1_391' title='bbox 2371 2763 2568 2819; x_wconf 83' lang='lat' dir='ltr'><strong>nostro,</strong></span> <span class='ocrx_word' id='word_1_392' title='bbox 2609 2769 2712 2823; x_wconf 89' lang='lat' dir='ltr'><strong>quo</strong></span> <span class='ocrx_word' id='word_1_393' title='bbox 2766 2751 3024 2806; x_wconf 82' lang='lat' dir='ltr'><strong>hominem</strong></span> <span class='ocrx_word' id='word_1_394' title='bbox 3068 2767 3182 2805; x_wconf 80' lang='lat' dir='ltr'><strong>nere</strong></span> <span class='ocrx_word' id='word_1_395' title='bbox 3223 2751 3525 2823; x_wconf 79' lang='lat' dir='ltr'><strong>religiosum</strong></span> 
     </span>
    </p>
   </div>
   <div class='ocr_carea' id='block_1_56' title="bbox 1933 2841 3520 2917">
    <p class='ocr_par' dir='ltr' id='par_1_56' title="bbox 1933 2841 3520 2917">
     <span class='ocr_line' id='line_1_56' title="bbox 1933 2841 3520 2917; baseline -0.004 -16"><span class='ocrx_word' id='word_1_396' title='bbox 1933 2847 2217 2917; x_wconf 78' lang='lat' dir='ltr'><strong>informare</strong></span> <span class='ocrx_word' id='word_1_397' title='bbox 2255 2846 2577 2911; x_wconf 85' lang='lat' dir='ltr'><strong>studuimus,</strong></span> <span class='ocrx_word' id='word_1_398' title='bbox 2629 2842 2850 2898; x_wconf 87' lang='lat' dir='ltr'><strong>multum</strong></span> <span class='ocrx_word' id='word_1_399' title='bbox 2895 2843 3184 2910; x_wconf 81' lang='lat' dir='ltr'><strong>distarent,</strong></span> <span class='ocrx_word' id='word_1_400' title='bbox 3221 2841 3520 2911; x_wconf 86' lang='lat' dir='ltr'><strong>omisimus,</strong></span> 
     </span>
    </p>
   </div>
   <div class='ocr_carea' id='block_1_57' title="bbox 1934 2936 2878 3009">
    <p class='ocr_par' dir='ltr' id='par_1_57' title="bbox 1934 2936 2878 3009">
     <span class='ocr_line' id='line_1_57' title="bbox 1934 2936 2878 3009; baseline -0.002 -15"><span class='ocrx_word' id='word_1_401' title='bbox 1934 2941 2115 2994; x_wconf 89' lang='lat' dir='ltr'><strong>addita</strong></span> <span class='ocrx_word' id='word_1_402' title='bbox 2143 2939 2326 3009; x_wconf 86' lang='lat' dir='ltr'><strong>regula</strong></span> <span class='ocrx_word' id='word_1_403' title='bbox 2357 2938 2417 2992; x_wconf 92' lang='lat' dir='ltr'><strong>S.</strong></span> <span class='ocrx_word' id='word_1_404' title='bbox 2446 2936 2744 3006; x_wconf 87' lang='lat' dir='ltr'><strong>Pachomii,</strong></span> <span class='ocrx_word' id='word_1_405' title='bbox 2770 2947 2878 2994; x_wconf 89' lang='lat' dir='ltr'><strong>etc.</strong></span> 
     </span>
    </p>
   </div>
   <div class='ocr_carea' id='block_1_58' title="bbox 2007 3030 3529 3103">
    <p class='ocr_par' dir='ltr' id='par_1_58' title="bbox 2007 3030 3529 3103">
     <span class='ocr_line' id='line_1_58' title="bbox 2007 3030 3529 3103; baseline 0 -15"><span class='ocrx_word' id='word_1_406' title='bbox 2007 3033 2134 3088; x_wconf 72' lang='lat' dir='ltr'><strong>1133c</strong></span> <span class='ocrx_word' id='word_1_407' title='bbox 2164 3032 2277 3098; x_wconf 89' lang='lat' dir='ltr'><strong>ille,</strong></span> <span class='ocrx_word' id='word_1_408' title='bbox 2305 3033 2398 3103; x_wconf 90' lang='lat' dir='ltr'><strong>qui</strong></span> <span class='ocrx_word' id='word_1_409' title='bbox 2439 3032 2485 3087; x_wconf 88' lang='lat' dir='ltr'><strong>si</strong></span> <span class='ocrx_word' id='word_1_410' title='bbox 2535 3030 2866 3087; x_wconf 80' lang='lat' dir='ltr'><strong>Ciacconius</strong></span> <span class='ocrx_word' id='word_1_411' title='bbox 2891 3032 3079 3099; x_wconf 78' lang='lat' dir='ltr'><strong>fuerit,</strong></span> <span class='ocrx_word' id='word_1_412' title='bbox 3127 3032 3377 3088; x_wconf 85' lang='lat' dir='ltr'><strong>dolemus</strong></span> <span class='ocrx_word' id='word_1_413' title='bbox 3404 3033 3529 3103; x_wconf 86' lang='lat' dir='ltr'><strong>qui-</strong></span> 
     </span>
    </p>
   </div>
   <div class='ocr_carea' id='block_1_59' title="bbox 1935 3123 3526 3194">
    <p class='ocr_par' dir='ltr' id='par_1_59' title="bbox 1935 3123 3526 3194">
     <span class='ocr_line' id='line_1_59' title="bbox 1935 3123 3526 3194; baseline -0.001 -14"><span class='ocrx_word' id='word_1_414' title='bbox 1935 3125 2082 3189; x_wconf 88' lang='lat' dir='ltr'><strong>dem,</strong></span> <span class='ocrx_word' id='word_1_415' title='bbox 2116 3139 2237 3179; x_wconf 90' lang='lat' dir='ltr'><strong>enm</strong></span> <span class='ocrx_word' id='word_1_416' title='bbox 2269 3137 2397 3188; x_wconf 90' lang='lat' dir='ltr'><strong>non,</strong></span> <span class='ocrx_word' id='word_1_417' title='bbox 2429 3133 2538 3178; x_wconf 86' lang='lat' dir='ltr'><strong>uta</strong></span> <span class='ocrx_word' id='word_1_418' title='bbox 2566 3123 2891 3194; x_wconf 71' lang='lat' dir='ltr'><strong>praecedenti</strong></span> <span class='ocrx_word' id='word_1_419' title='bbox 2915 3123 3123 3180; x_wconf 88' lang='lat' dir='ltr'><strong>editore</strong></span> <span class='ocrx_word' id='word_1_420' title='bbox 3169 3123 3367 3179; x_wconf 80' lang='lat' dir='ltr'><strong>factum</strong></span> <span class='ocrx_word' id='word_1_421' title='bbox 3417 3133 3526 3190; x_wconf 87' lang='lat' dir='ltr'><strong>est,</strong></span> 
     </span>
    </p>
   </div>
   <div class='ocr_carea' id='block_1_60' title="bbox 234 3204 3530 3288">
    <p class='ocr_par' dir='ltr' id='par_1_60' title="bbox 234 3204 3530 3288">
     <span class='ocr_line' id='line_1_60' title="bbox 234 3204 3530 3288; baseline -0.001 -16"><span class='ocrx_word' id='word_1_422' title='bbox 234 3216 604 3286; x_wconf 85' lang='lat' dir='ltr'><strong>manuscriptis</strong></span> <span class='ocrx_word' id='word_1_423' title='bbox 633 3219 952 3288; x_wconf 83' lang='lat' dir='ltr'><strong>marginibus</strong></span> <span class='ocrx_word' id='word_1_424' title='bbox 977 3218 1119 3271; x_wconf 86' lang='lat' dir='ltr'><strong>aucti</strong></span> <span class='ocrx_word' id='word_1_425' title='bbox 1148 3217 1360 3283; x_wconf 73' lang='lat' dir='ltr'><strong>copiam</strong></span> <span class='ocrx_word' id='word_1_426' title='bbox 1409 3216 1478 3271; x_wconf 85' lang='lat' dir='ltr'><strong>ab</strong></span> <span class='ocrx_word' id='word_1_427' title='bbox 1512 3233 1578 3271; x_wconf 89' lang='lat' dir='ltr'><strong>eo</strong></span> <span class='ocrx_word' id='word_1_428' title='bbox 1619 3216 1720 3270; x_wconf 87' lang='lat' dir='ltr'><strong>sibi</strong></span> <span class='ocrx_word' id='word_1_429' title='bbox 1753 3215 1833 3270; x_wconf 84' lang='lat' dir='ltr'><strong>l&#39;a-</strong></span> <span class='ocrx_word' id='word_1_430' title='bbox 1856 3204 1902 3268; x_wconf 87' lang='lat' dir='ltr'><strong><em>C</em></strong></span> <span class='ocrx_word' id='word_1_431' title='bbox 1936 3225 2126 3281; x_wconf 81' lang='lat' dir='ltr'><strong>aperte</strong></span> <span class='ocrx_word' id='word_1_432' title='bbox 2152 3215 2478 3278; x_wconf 81' lang='lat' dir='ltr'><strong>declarasse,</strong></span> <span class='ocrx_word' id='word_1_433' title='bbox 2509 3214 2769 3286; x_wconf 81' lang='lat' dir='ltr'><strong>quidquid</strong></span> <span class='ocrx_word' id='word_1_434' title='bbox 2808 3215 3048 3272; x_wconf 87' lang='lat' dir='ltr'><strong>muneris</strong></span> <span class='ocrx_word' id='word_1_435' title='bbox 3077 3216 3253 3271; x_wconf 90' lang='lat' dir='ltr'><strong>critici</strong></span> <span class='ocrx_word' id='word_1_436' title='bbox 3296 3215 3348 3270; x_wconf 90' lang='lat' dir='ltr'><strong>in</strong></span> <span class='ocrx_word' id='word_1_437' title='bbox 3394 3214 3530 3270; x_wconf 81' lang='lat' dir='ltr'><strong>Cas-</strong></span> 
     </span>
    </p>
   </div>
   <div class='ocr_carea' id='block_1_61' title="bbox 233 3309 1827 3380">
    <p class='ocr_par' dir='ltr' id='par_1_61' title="bbox 233 3309 1827 3380">
     <span class='ocr_line' id='line_1_61' title="bbox 233 3309 1827 3380; baseline -0.002 -14"><span class='ocrx_word' id='word_1_438' title='bbox 233 3320 385 3366; x_wconf 80' lang='lat' dir='ltr'><strong>ctam</strong></span> <span class='ocrx_word' id='word_1_439' title='bbox 431 3326 550 3365; x_wconf 76' lang='lat' dir='ltr'><strong>e~se</strong></span> <span class='ocrx_word' id='word_1_440' title='bbox 606 3313 900 3376; x_wconf 48' lang='lat' dir='ltr'><strong>praedicat,</strong></span> <span class='ocrx_word' id='word_1_441' title='bbox 950 3326 1012 3362; x_wconf 88' lang='lat' dir='ltr'><strong>ne</strong></span> <span class='ocrx_word' id='word_1_442' title='bbox 1057 3310 1172 3380; x_wconf 85' lang='lat' dir='ltr'><strong>ejus</strong></span> <span class='ocrx_word' id='word_1_443' title='bbox 1214 3311 1500 3362; x_wconf 87' lang='lat' dir='ltr'><strong>auctoritas</strong></span> <span class='ocrx_word' id='word_1_444' title='bbox 1545 3309 1827 3377; x_wconf 81' lang='lat' dir='ltr'><strong>deﬁceret,</strong></span> 
     </span>
    </p>
   </div>
   <div class='ocr_carea' id='block_1_62' title="bbox 235 3397 1829 3473">
    <p class='ocr_par' dir='ltr' id='par_1_62' title="bbox 235 3397 1829 3473">
     <span class='ocr_line' id='line_1_62' title="bbox 235 3397 1829 3473; baseline -0.002 -17"><span class='ocrx_word' id='word_1_445' title='bbox 235 3417 398 3473; x_wconf 66' lang='lat' dir='ltr'><strong>cujus</strong></span> <span class='ocrx_word' id='word_1_446' title='bbox 427 3398 527 3469; x_wconf 87' lang='lat' dir='ltr'><strong>(C.</strong></span> <span class='ocrx_word' id='word_1_447' title='bbox 563 3397 867 3470; x_wconf 78' lang='lat' dir='ltr'><strong>Ciacconii)</strong></span> <span class='ocrx_word' id='word_1_448' title='bbox 898 3416 1054 3470; x_wconf 85' lang='lat' dir='ltr'><strong>opera</strong></span> <span class='ocrx_word' id='word_1_449' title='bbox 1084 3402 1180 3454; x_wconf 89' lang='lat' dir='ltr'><strong>iste</strong></span> <span class='ocrx_word' id='word_1_450' title='bbox 1205 3400 1352 3453; x_wconf 89' lang='lat' dir='ltr'><strong>labor</strong></span> <span class='ocrx_word' id='word_1_451' title='bbox 1379 3398 1647 3466; x_wconf 81' lang='lat' dir='ltr'><strong>susceptus</strong></span> <span class='ocrx_word' id='word_1_452' title='bbox 1683 3409 1829 3453; x_wconf 85' lang='lat' dir='ltr'><strong>esset.</strong></span> 
     </span>
    </p>
   </div>
   <div class='ocr_carea' id='block_1_63' title="bbox 233 3489 1834 3558">
    <p class='ocr_par' dir='ltr' id='par_1_63' title="bbox 233 3489 1834 3558">
     <span class='ocr_line' id='line_1_63' title="bbox 233 3489 1834 3558; baseline -0.001 -10"><span class='ocrx_word' id='word_1_453' title='bbox 233 3493 404 3548; x_wconf 74' lang='lat' dir='ltr'><strong>Addit</strong></span> <span class='ocrx_word' id='word_1_454' title='bbox 441 3493 654 3558; x_wconf 80' lang='lat' dir='ltr'><strong>deinde,</strong></span> <span class='ocrx_word' id='word_1_455' title='bbox 711 3493 932 3546; x_wconf 81' lang='lat' dir='ltr'><strong>Petinm</strong></span> <span class='ocrx_word' id='word_1_456' title='bbox 973 3489 1324 3545; x_wconf 85' lang='lat' dir='ltr'><strong>Ciacconium</strong></span> <span class='ocrx_word' id='word_1_457' title='bbox 1371 3490 1665 3546; x_wconf 82' lang='lat' dir='ltr'><strong>caidinaIis</strong></span> <span class='ocrx_word' id='word_1_458' title='bbox 1715 3489 1834 3546; x_wconf 86' lang='lat' dir='ltr'><strong>Iau-</strong></span> 
     </span>
    </p>
   </div>
   <div class='ocr_carea' id='block_1_64' title="bbox 234 3580 1836 3639">
    <p class='ocr_par' dir='ltr' id='par_1_64' title="bbox 234 3580 1836 3639">
     <span class='ocr_line' id='line_1_64' title="bbox 234 3580 1836 3639; baseline -0.002 0"><span class='ocrx_word' id='word_1_459' title='bbox 234 3583 364 3639; x_wconf 87' lang='lat' dir='ltr'><strong>dati</strong></span> <span class='ocrx_word' id='word_1_460' title='bbox 385 3582 856 3637; x_wconf 80' lang='lat' dir='ltr'><strong>cohortationibus</strong></span> <span class='ocrx_word' id='word_1_461' title='bbox 873 3580 1192 3636; x_wconf 59' lang='lat' dir='ltr'><strong>Cassianum</strong></span> <span class='ocrx_word' id='word_1_462' title='bbox 1213 3583 1281 3636; x_wconf 89' lang='lat' dir='ltr'><strong>ab</strong></span> <span class='ocrx_word' id='word_1_463' title='bbox 1303 3582 1601 3636; x_wconf 79' lang='lat' dir='ltr'><strong>innumeris</strong></span> <span class='ocrx_word' id='word_1_464' title='bbox 1625 3582 1836 3636; x_wconf 85' lang='lat' dir='ltr'><strong>mendis</strong></span> 
     </span>
    </p>
   </div>
   <div class='ocr_carea' id='block_1_65' title="bbox 236 3675 1836 3745">
    <p class='ocr_par' dir='ltr' id='par_1_65' title="bbox 236 3675 1836 3745">
     <span class='ocr_line' id='line_1_65' title="bbox 236 3675 1836 3745; baseline -0.001 -13"><span class='ocrx_word' id='word_1_465' title='bbox 236 3687 604 3744; x_wconf 71' lang='lat' dir='ltr'><strong>expurgatum</strong></span> <span class='ocrx_word' id='word_1_466' title='bbox 628 3677 682 3730; x_wconf 88' lang='lat' dir='ltr'><strong>in</strong></span> <span class='ocrx_word' id='word_1_467' title='bbox 708 3678 991 3744; x_wconf 82' lang='lat' dir='ltr'><strong>pristinum</strong></span> <span class='ocrx_word' id='word_1_468' title='bbox 1015 3676 1358 3745; x_wconf 84' lang='lat' dir='ltr'><strong>splendorem</strong></span> <span class='ocrx_word' id='word_1_469' title='bbox 1383 3675 1716 3743; x_wconf 88' lang='lat' dir='ltr'><strong>restituisse,</strong></span> <span class='ocrx_word' id='word_1_470' title='bbox 1739 3691 1836 3730; x_wconf 84' lang='lat' dir='ltr'><strong>no-</strong></span> 
     </span>
    </p>
   </div>
   <div class='ocr_carea' id='block_1_66' title="bbox 237 3768 1834 3838">
    <p class='ocr_par' dir='ltr' id='par_1_66' title="bbox 237 3768 1834 3838">
     <span class='ocr_line' id='line_1_66' title="bbox 237 3768 1834 3838; baseline -0.001 -14"><span class='ocrx_word' id='word_1_471' title='bbox 237 3777 444 3838; x_wconf 84' lang='lat' dir='ltr'><strong>tasque</strong></span> <span class='ocrx_word' id='word_1_472' title='bbox 471 3770 771 3832; x_wconf 82' lang='lat' dir='ltr'><strong>addidisse,</strong></span> <span class='ocrx_word' id='word_1_473' title='bbox 819 3770 913 3822; x_wconf 89' lang='lat' dir='ltr'><strong>sed</strong></span> <span class='ocrx_word' id='word_1_474' title='bbox 949 3783 1143 3822; x_wconf 86' lang='lat' dir='ltr'><strong>nomen</strong></span> <span class='ocrx_word' id='word_1_475' title='bbox 1188 3783 1254 3823; x_wconf 79' lang='lat' dir='ltr'><strong>ex</strong></span> <span class='ocrx_word' id='word_1_476' title='bbox 1295 3768 1562 3822; x_wconf 82' lang='lat' dir='ltr'><strong>modestia</strong></span> <span class='ocrx_word' id='word_1_477' title='bbox 1593 3768 1834 3838; x_wconf 81' lang='lat' dir='ltr'><strong>proﬁteri</strong></span> 
     </span>
    </p>
   </div>
   <div class='ocr_carea' id='block_1_67' title="bbox 234 3858 1837 3930">
    <p class='ocr_par' dir='ltr' id='par_1_67' title="bbox 234 3858 1837 3930">
     <span class='ocr_line' id='line_1_67' title="bbox 234 3858 1837 3930; baseline -0.004 -11"><span class='ocrx_word' id='word_1_478' title='bbox 234 3875 538 3919; x_wconf 81' lang='lat' dir='ltr'><strong>recusasse</strong></span> <span class='ocrx_word' id='word_1_479' title='bbox 556 3903 569 3924; x_wconf 94' lang='lat'><strong>,</strong></span> <span class='ocrx_word' id='word_1_480' title='bbox 595 3875 761 3930; x_wconf 80' lang='lat' dir='ltr'><strong>seque</strong></span> <span class='ocrx_word' id='word_1_481' title='bbox 781 3861 951 3930; x_wconf 89' lang='lat' dir='ltr'><strong>igitur</strong></span> <span class='ocrx_word' id='word_1_482' title='bbox 974 3859 1177 3914; x_wconf 63' lang='lat' dir='ltr'><strong>codicis</strong></span> <span class='ocrx_word' id='word_1_483' title='bbox 1201 3859 1549 3914; x_wconf 78' lang='lat' dir='ltr'><strong>CiacConiani</strong></span> <span class='ocrx_word' id='word_1_484' title='bbox 1574 3858 1837 3913; x_wconf 83' lang='lat' dir='ltr'><strong>beneﬁcio</strong></span> 
     </span>
    </p>
   </div>
   <div class='ocr_carea' id='block_1_68' title="bbox 243 3951 1841 4025">
    <p class='ocr_par' dir='ltr' id='par_1_68' title="bbox 243 3951 1841 4025">
     <span class='ocr_line' id='line_1_68' title="bbox 243 3951 1841 4025; baseline -0.004 -14"><span class='ocrx_word' id='word_1_485' title='bbox 243 3957 534 4025; x_wconf 87' lang='lat' dir='ltr'><strong>adjutum,</strong></span> <span class='ocrx_word' id='word_1_486' title='bbox 563 3952 878 4008; x_wconf 76' lang='lat' dir='ltr'><strong>Cassianum</strong></span> <span class='ocrx_word' id='word_1_487' title='bbox 907 3963 960 4007; x_wconf 91' lang='lat' dir='ltr'><strong>et</strong></span> <span class='ocrx_word' id='word_1_488' title='bbox 985 3951 1410 4007; x_wconf 85' lang='lat' dir='ltr'><strong>emendatiorem</strong></span> <span class='ocrx_word' id='word_1_489' title='bbox 1433 3959 1488 4005; x_wconf 89' lang='lat' dir='ltr'><strong>et</strong></span> <span class='ocrx_word' id='word_1_490' title='bbox 1520 3951 1841 4017; x_wconf 81' lang='lat' dir='ltr'><strong>locupletio-</strong></span> 
     </span>
    </p>
   </div>
   <div class='ocr_carea' id='block_1_69' title="bbox 233 4041 1839 4115">
    <p class='ocr_par' dir='ltr' id='par_1_69' title="bbox 233 4041 1839 4115">
     <span class='ocr_line' id='line_1_69' title="bbox 233 4041 1839 4115; baseline -0.005 -9"><span class='ocrx_word' id='word_1_491' title='bbox 233 4063 362 4106; x_wconf 83' lang='lat' dir='ltr'><strong>rem</strong></span> <span class='ocrx_word' id='word_1_492' title='bbox 396 4047 558 4100; x_wconf 91' lang='lat' dir='ltr'><strong>simul</strong></span> <span class='ocrx_word' id='word_1_493' title='bbox 585 4047 855 4104; x_wconf 86' lang='lat' dir='ltr'><strong>emittere.</strong></span> <span class='ocrx_word' id='word_1_494' title='bbox 880 4044 1022 4115; x_wconf 73' lang='lat' dir='ltr'><strong>quod</strong></span> <span class='ocrx_word' id='word_1_495' title='bbox 1051 4046 1215 4098; x_wconf 86' lang='lat' dir='ltr'><strong>multa</strong></span> <span class='ocrx_word' id='word_1_496' title='bbox 1244 4044 1520 4100; x_wconf 88' lang='lat' dir='ltr'><strong>Ciacconii</strong></span> <span class='ocrx_word' id='word_1_497' title='bbox 1551 4059 1716 4098; x_wconf 85' lang='lat' dir='ltr'><strong>manu</strong></span> <span class='ocrx_word' id='word_1_498' title='bbox 1751 4041 1839 4098; x_wconf 90' lang='lat' dir='ltr'><strong>de-</strong></span> 
     </span>
    </p>
   </div>
   <div class='ocr_carea' id='block_1_70' title="bbox 235 4136 1837 4208">
    <p class='ocr_par' dir='ltr' id='par_1_70' title="bbox 235 4136 1837 4208">
     <span class='ocr_line' id='line_1_70' title="bbox 235 4136 1837 4208; baseline -0.005 -10"><span class='ocrx_word' id='word_1_499' title='bbox 235 4157 359 4198; x_wconf 79' lang='lat' dir='ltr'><strong>nuo</strong></span> <span class='ocrx_word' id='word_1_500' title='bbox 390 4140 644 4208; x_wconf 75' lang='lat' dir='ltr'><strong>adjuncta</strong></span> <span class='ocrx_word' id='word_1_501' title='bbox 693 4139 1008 4208; x_wconf 89' lang='lat' dir='ltr'><strong>reperisset,</strong></span> <span class='ocrx_word' id='word_1_502' title='bbox 1058 4152 1181 4205; x_wconf 65' lang='lat' dir='ltr'><strong>quae</strong></span> <span class='ocrx_word' id='word_1_503' title='bbox 1229 4136 1425 4191; x_wconf 86' lang='lat' dir='ltr'><strong>librum</strong></span> <span class='ocrx_word' id='word_1_504' title='bbox 1477 4137 1837 4191; x_wconf 64' lang='lat' dir='ltr'><strong>illustriorem</strong></span> 
     </span>
    </p>
   </div>
   <div class='ocr_carea' id='block_1_71' title="bbox 232 4229 1842 4303">
    <p class='ocr_par' dir='ltr' id='par_1_71' title="bbox 232 4229 1842 4303">
     <span class='ocr_line' id='line_1_71' title="bbox 232 4229 1842 4303; baseline -0.005 -11"><span class='ocrx_word' id='word_1_505' title='bbox 232 4233 485 4292; x_wconf 81' lang='lat' dir='ltr'><strong>reddere</strong></span> <span class='ocrx_word' id='word_1_506' title='bbox 523 4239 771 4303; x_wconf 57' lang='lat' dir='ltr'><strong>possent.</strong></span> <span class='ocrx_word' id='word_1_507' title='bbox 802 4230 906 4286; x_wconf 87' lang='lat' dir='ltr'><strong>Sed</strong></span> <span class='ocrx_word' id='word_1_508' title='bbox 935 4229 1203 4299; x_wconf 88' lang='lat' dir='ltr'><strong>ejusmodi</strong></span> <span class='ocrx_word' id='word_1_509' title='bbox 1235 4239 1520 4296; x_wconf 84' lang='lat' dir='ltr'><strong>augmenta</strong></span> <span class='ocrx_word' id='word_1_510' title='bbox 1539 4271 1554 4296; x_wconf 95' lang='lat'><strong>,</strong></span> <span class='ocrx_word' id='word_1_511' title='bbox 1578 4244 1696 4300; x_wconf 69' lang='lat' dir='ltr'><strong>quae</strong></span> <span class='ocrx_word' id='word_1_512' title='bbox 1717 4243 1842 4298; x_wconf 89' lang='lat' dir='ltr'><strong>spe-</strong></span> 
     </span>
    </p>
   </div>
   <div class='ocr_carea' id='block_1_72' title="bbox 231 4324 1844 4397">
    <p class='ocr_par' dir='ltr' id='par_1_72' title="bbox 231 4324 1844 4397">
     <span class='ocr_line' id='line_1_72' title="bbox 231 4324 1844 4397; baseline -0.004 -13"><span class='ocrx_word' id='word_1_513' title='bbox 231 4331 401 4384; x_wconf 87' lang='lat' dir='ltr'><strong>ciose</strong></span> <span class='ocrx_word' id='word_1_514' title='bbox 427 4327 644 4394; x_wconf 78' lang='lat' dir='ltr'><strong>quidem</strong></span> <span class='ocrx_word' id='word_1_515' title='bbox 677 4343 743 4382; x_wconf 77' lang='lat' dir='ltr'><strong>ex</strong></span> <span class='ocrx_word' id='word_1_516' title='bbox 789 4328 1073 4395; x_wconf 89' lang='lat' dir='ltr'><strong>utriusque</strong></span> <span class='ocrx_word' id='word_1_517' title='bbox 1121 4324 1378 4380; x_wconf 86' lang='lat' dir='ltr'><strong>editionis</strong></span> <span class='ocrx_word' id='word_1_518' title='bbox 1409 4324 1430 4397; x_wconf 90' lang='lat'><strong>(</strong></span> <span class='ocrx_word' id='word_1_519' title='bbox 1456 4326 1558 4380; x_wconf 90' lang='lat' dir='ltr'><strong>hoc</strong></span> <span class='ocrx_word' id='word_1_520' title='bbox 1592 4325 1696 4379; x_wconf 89' lang='lat' dir='ltr'><strong>sihi</strong></span> <span class='ocrx_word' id='word_1_521' title='bbox 1729 4324 1844 4378; x_wconf 78' lang='lat' dir='ltr'><strong>vult</strong></span> 
     </span>
    </p>
   </div>
   <div class='ocr_carea' id='block_1_73' title="bbox 232 4416 1842 4490">
    <p class='ocr_par' dir='ltr' id='par_1_73' title="bbox 232 4416 1842 4490">
     <span class='ocr_line' id='line_1_73' title="bbox 232 4416 1842 4490; baseline -0.006 -13"><span class='ocrx_word' id='word_1_522' title='bbox 232 4422 622 4490; x_wconf 81' lang='lat' dir='ltr'><strong>antiquiorum</strong></span> <span class='ocrx_word' id='word_1_523' title='bbox 652 4431 706 4474; x_wconf 91' lang='lat' dir='ltr'><strong>et</strong></span> <span class='ocrx_word' id='word_1_524' title='bbox 736 4424 914 4487; x_wconf 40' lang='lat' dir='ltr'><strong>nov-.1.)</strong></span> <span class='ocrx_word' id='word_1_525' title='bbox 938 4418 1346 4486; x_wconf 82' lang='lat' dir='ltr'><strong>comparatione</strong></span> <span class='ocrx_word' id='word_1_526' title='bbox 1371 4417 1603 4471; x_wconf 83' lang='lat' dir='ltr'><strong>lectores</strong></span> <span class='ocrx_word' id='word_1_527' title='bbox 1631 4416 1842 4471; x_wconf 90' lang='lat' dir='ltr'><strong>discere</strong></span> 
     </span>
    </p>
   </div>
   <div class='ocr_carea' id='block_1_74' title="bbox 228 4506 1842 4586">
    <p class='ocr_par' dir='ltr' id='par_1_74' title="bbox 228 4506 1842 4586">
     <span class='ocr_line' id='line_1_74' title="bbox 228 4506 1842 4586; baseline -0.005 -18"><span class='ocrx_word' id='word_1_528' title='bbox 228 4513 424 4586; x_wconf 85' lang='lat' dir='ltr'><strong>jubet,</strong></span> <span class='ocrx_word' id='word_1_529' title='bbox 452 4523 654 4581; x_wconf 59' lang='lat' dir='ltr'><strong>praeter</strong></span> <span class='ocrx_word' id='word_1_530' title='bbox 682 4511 942 4580; x_wconf 77' lang='lat' dir='ltr'><strong>Regulam</strong></span> <span class='ocrx_word' id='word_1_531' title='bbox 974 4511 1033 4564; x_wconf 89' lang='lat' dir='ltr'><strong>S.</strong></span> <span class='ocrx_word' id='word_1_532' title='bbox 1061 4509 1336 4563; x_wconf 82' lang='lat' dir='ltr'><strong>I’acbomii</strong></span> <span class='ocrx_word' id='word_1_533' title='bbox 1371 4508 1515 4562; x_wconf 89' lang='lat' dir='ltr'><strong>nulla</strong></span> <span class='ocrx_word' id='word_1_534' title='bbox 1540 4506 1842 4573; x_wconf 83' lang='lat' dir='ltr'><strong>deprehen-</strong></span> 
     </span>
    </p>
   </div>
   <div class='ocr_carea' id='block_1_75' title="bbox 1936 3305 3531 3376">
    <p class='ocr_par' dir='ltr' id='par_1_75' title="bbox 1936 3305 3531 3376">
     <span class='ocr_line' id='line_1_75' title="bbox 1936 3305 3531 3376; baseline -0.001 -16"><span class='ocrx_word' id='word_1_535' title='bbox 1936 3305 2147 3360; x_wconf 91' lang='lat' dir='ltr'><strong>siannm</strong></span> <span class='ocrx_word' id='word_1_536' title='bbox 2174 3321 2205 3360; x_wconf 89' lang='lat' dir='ltr'><strong>a</strong></span> <span class='ocrx_word' id='word_1_537' title='bbox 2236 3320 2295 3360; x_wconf 91' lang='lat' dir='ltr'><strong>se</strong></span> <span class='ocrx_word' id='word_1_538' title='bbox 2317 3305 2578 3362; x_wconf 71' lang='lat' dir='ltr'><strong>collatum</strong></span> <span class='ocrx_word' id='word_1_539' title='bbox 2607 3307 2698 3368; x_wconf 80' lang='lat' dir='ltr'><strong>sit,</strong></span> <span class='ocrx_word' id='word_1_540' title='bbox 2730 3306 3082 3376; x_wconf 76' lang='lat' dir='ltr'><strong>intelligimus</strong></span> <span class='ocrx_word' id='word_1_541' title='bbox 3125 3316 3327 3372; x_wconf 83' lang='lat' dir='ltr'><strong>autem,</strong></span> <span class='ocrx_word' id='word_1_542' title='bbox 3379 3321 3531 3359; x_wconf 87' lang='lat' dir='ltr'><strong>eam-</strong></span> 
     </span>
    </p>
   </div>
   <div class='ocr_carea' id='block_1_76' title="bbox 1938 3398 3530 3469">
    <p class='ocr_par' dir='ltr' id='par_1_76' title="bbox 1938 3398 3530 3469">
     <span class='ocr_line' id='line_1_76' title="bbox 1938 3398 3530 3469; baseline 0.001 -17"><span class='ocrx_word' id='word_1_543' title='bbox 1938 3403 2060 3453; x_wconf 86' lang='lat' dir='ltr'><strong>dem</strong></span> <span class='ocrx_word' id='word_1_544' title='bbox 2089 3400 2186 3469; x_wconf 90' lang='lat' dir='ltr'><strong>ipsi</strong></span> <span class='ocrx_word' id='word_1_545' title='bbox 2217 3399 2270 3453; x_wconf 92' lang='lat' dir='ltr'><strong>in</strong></span> <span class='ocrx_word' id='word_1_546' title='bbox 2302 3401 2582 3454; x_wconf 76' lang='lat' dir='ltr'><strong>tractando</strong></span> <span class='ocrx_word' id='word_1_547' title='bbox 2611 3399 2874 3455; x_wconf 73' lang='lat' dir='ltr'><strong>Cassiano</strong></span> <span class='ocrx_word' id='word_1_548' title='bbox 2903 3401 3167 3455; x_wconf 84' lang='lat' dir='ltr'><strong>rationem</strong></span> <span class='ocrx_word' id='word_1_549' title='bbox 3192 3399 3260 3454; x_wconf 87' lang='lat' dir='ltr'><strong>ab</strong></span> <span class='ocrx_word' id='word_1_550' title='bbox 3286 3398 3530 3454; x_wconf 81' lang='lat' dir='ltr'><strong>Antonio</strong></span> 
     </span>
    </p>
   </div>
   <div class='ocr_carea' id='block_1_77' title="bbox 1937 3488 3528 3564">
    <p class='ocr_par' dir='ltr' id='par_1_77' title="bbox 1937 3488 3528 3564">
     <span class='ocr_line' id='line_1_77' title="bbox 1937 3488 3528 3564; baseline 0 -19"><span class='ocrx_word' id='word_1_551' title='bbox 1937 3488 2145 3545; x_wconf 72' lang='lat' dir='ltr'><strong>C-iralze</strong></span> <span class='ocrx_word' id='word_1_552' title='bbox 2174 3489 2341 3546; x_wconf 78' lang='lat' dir='ltr'><strong>fuisse</strong></span> <span class='ocrx_word' id='word_1_553' title='bbox 2374 3491 2772 3559; x_wconf 67' lang='lat' dir='ltr'><strong>praescriptam,</strong></span> <span class='ocrx_word' id='word_1_554' title='bbox 2813 3509 2974 3562; x_wconf 83' lang='lat' dir='ltr'><strong>quam</strong></span> <span class='ocrx_word' id='word_1_555' title='bbox 3021 3489 3263 3564; x_wconf 78' lang='lat' dir='ltr'><strong>Cuychio</strong></span> <span class='ocrx_word' id='word_1_556' title='bbox 3311 3490 3528 3560; x_wconf 83' lang='lat' dir='ltr'><strong>placere</strong></span> 
     </span>
    </p>
   </div>
   <div class='ocr_carea' id='block_1_78' title="bbox 1936 3583 3531 3655">
    <p class='ocr_par' dir='ltr' id='par_1_78' title="bbox 1936 3583 3531 3655">
     <span class='ocr_line' id='line_1_78' title="bbox 1936 3583 3531 3655; baseline -0.001 -17"><span class='ocrx_word' id='word_1_557' title='bbox 1936 3583 2037 3638; x_wconf 86' lang='lat' dir='ltr'><strong>sibi</strong></span> <span class='ocrx_word' id='word_1_558' title='bbox 2069 3584 2160 3638; x_wconf 88' lang='lat' dir='ltr'><strong>ille</strong></span> <span class='ocrx_word' id='word_1_559' title='bbox 2180 3584 2601 3652; x_wconf 76' lang='lat' dir='ltr'><strong>signiﬁcaverat.</strong></span> <span class='ocrx_word' id='word_1_560' title='bbox 2633 3584 2802 3655; x_wconf 88' lang='lat' dir='ltr'><strong>Cujus</strong></span> <span class='ocrx_word' id='word_1_561' title='bbox 2833 3599 3044 3640; x_wconf 86' lang='lat' dir='ltr'><strong>summa</strong></span> <span class='ocrx_word' id='word_1_562' title='bbox 3069 3583 3288 3653; x_wconf 69' lang='lat' dir='ltr'><strong>quidem</strong></span> <span class='ocrx_word' id='word_1_563' title='bbox 3319 3597 3384 3636; x_wconf 86' lang='lat' dir='ltr'><strong>eo</strong></span> <span class='ocrx_word' id='word_1_564' title='bbox 3409 3589 3531 3636; x_wconf 83' lang='lat' dir='ltr'><strong>ten-</strong></span> 
     </span>
    </p>
   </div>
   <div class='ocr_carea' id='block_1_79' title="bbox 1939 3673 3532 3740">
    <p class='ocr_par' dir='ltr' id='par_1_79' title="bbox 1939 3673 3532 3740">
     <span class='ocr_line' id='line_1_79' title="bbox 1939 3673 3532 3740; baseline -0.002 -12"><span class='ocrx_word' id='word_1_565' title='bbox 1939 3675 2085 3728; x_wconf 62' lang='lat' dir='ltr'><strong>disse</strong></span> <span class='ocrx_word' id='word_1_566' title='bbox 2135 3673 2368 3737; x_wconf 87' lang='lat' dir='ltr'><strong>videtur,</strong></span> <span class='ocrx_word' id='word_1_567' title='bbox 2404 3685 2460 3730; x_wconf 90' lang='lat' dir='ltr'><strong>ut</strong></span> <span class='ocrx_word' id='word_1_568' title='bbox 2516 3675 2746 3730; x_wconf 59' lang='lat' dir='ltr'><strong>lectores</strong></span> <span class='ocrx_word' id='word_1_569' title='bbox 2777 3676 2845 3729; x_wconf 84' lang='lat' dir='ltr'><strong>de</strong></span> <span class='ocrx_word' id='word_1_570' title='bbox 2892 3674 3024 3729; x_wconf 86' lang='lat' dir='ltr'><strong>locis</strong></span> <span class='ocrx_word' id='word_1_571' title='bbox 3077 3673 3532 3740; x_wconf 85' lang='lat' dir='ltr'><strong>Pelagianismutn</strong></span> 
     </span>
    </p>
   </div>
   <div class='ocr_carea' id='block_1_80' title="bbox 1938 3760 3533 3832">
    <p class='ocr_par' dir='ltr' id='par_1_80' title="bbox 1938 3760 3533 3832">
     <span class='ocr_line' id='line_1_80' title="bbox 1938 3760 3533 3832; baseline -0.003 -12"><span class='ocrx_word' id='word_1_572' title='bbox 1938 3765 2306 3821; x_wconf 87' lang='lat' dir='ltr'><strong>redolentibus</strong></span> <span class='ocrx_word' id='word_1_573' title='bbox 2330 3774 2705 3820; x_wconf 89' lang='lat' dir='ltr'><strong>monerentur.</strong></span> <span class='ocrx_word' id='word_1_574' title='bbox 2736 3765 2880 3818; x_wconf 88' lang='lat' dir='ltr'><strong>Idem</strong></span> <span class='ocrx_word' id='word_1_575' title='bbox 2902 3762 3070 3824; x_wconf 88' lang='lat' dir='ltr'><strong>enim,</strong></span> <span class='ocrx_word' id='word_1_576' title='bbox 3088 3761 3230 3830; x_wconf 91' lang='lat' dir='ltr'><strong>quod</strong></span> <span class='ocrx_word' id='word_1_577' title='bbox 3257 3760 3533 3832; x_wconf 77' lang='lat' dir='ltr'><strong>Cuychius</strong></span> 
     </span>
    </p>
   </div>
   <div class='ocr_carea' id='block_1_81' title="bbox 1941 3851 3534 3922">
    <p class='ocr_par' dir='ltr' id='par_1_81' title="bbox 1941 3851 3534 3922">
     <span class='ocr_line' id='line_1_81' title="bbox 1941 3851 3534 3922; baseline -0.002 -12"><span class='ocrx_word' id='word_1_578' title='bbox 1941 3857 1994 3911; x_wconf 87' lang='lat' dir='ltr'><strong>iti</strong></span> <span class='ocrx_word' id='word_1_579' title='bbox 2027 3859 2162 3912; x_wconf 89' lang='lat' dir='ltr'><strong>notis</strong></span> <span class='ocrx_word' id='word_1_580' title='bbox 2188 3857 2438 3911; x_wconf 82' lang='lat' dir='ltr'><strong>censoriis</strong></span> <span class='ocrx_word' id='word_1_581' title='bbox 2473 3855 2623 3918; x_wconf 82' lang='lat' dir='ltr'><strong>fecit,</strong></span> <span class='ocrx_word' id='word_1_582' title='bbox 2659 3855 2745 3907; x_wconf 89' lang='lat' dir='ltr'><strong>hic</strong></span> <span class='ocrx_word' id='word_1_583' title='bbox 2776 3868 2873 3922; x_wconf 89' lang='lat' dir='ltr'><strong>per</strong></span> <span class='ocrx_word' id='word_1_584' title='bbox 2900 3851 3312 3920; x_wconf 82' lang='lat' dir='ltr'><strong>observationes,</strong></span> <span class='ocrx_word' id='word_1_585' title='bbox 3337 3853 3534 3908; x_wconf 87' lang='lat' dir='ltr'><strong>ultitno</strong></span> 
     </span>
    </p>
   </div>
   <div class='ocr_carea' id='block_1_82' title="bbox 1942 3944 3537 4014">
    <p class='ocr_par' dir='ltr' id='par_1_82' title="bbox 1942 3944 3537 4014">
     <span class='ocr_line' id='line_1_82' title="bbox 1942 3944 3537 4014; baseline -0.002 -11"><span class='ocrx_word' id='word_1_586' title='bbox 1942 3950 2064 4003; x_wconf 89' lang='lat' dir='ltr'><strong>loco</strong></span> <span class='ocrx_word' id='word_1_587' title='bbox 2094 3959 2220 4003; x_wconf 81' lang='lat' dir='ltr'><strong>ante</strong></span> <span class='ocrx_word' id='word_1_588' title='bbox 2267 3945 2477 4001; x_wconf 89' lang='lat' dir='ltr'><strong>indices</strong></span> <span class='ocrx_word' id='word_1_589' title='bbox 2502 3944 2795 4011; x_wconf 73' lang='lat' dir='ltr'><strong>exhibitis,</strong></span> <span class='ocrx_word' id='word_1_590' title='bbox 2832 3953 3091 4014; x_wconf 57' lang='lat' dir='ltr'><strong>praestare</strong></span> <span class='ocrx_word' id='word_1_591' title='bbox 3137 3946 3344 3998; x_wconf 89' lang='lat' dir='ltr'><strong>studuit</strong></span> <span class='ocrx_word' id='word_1_592' title='bbox 3370 3986 3386 4008; x_wconf 92' lang='lat'><strong>,</strong></span> <span class='ocrx_word' id='word_1_593' title='bbox 3420 3945 3537 4001; x_wconf 89' lang='lat' dir='ltr'><strong>loca</strong></span> 
     </span>
    </p>
   </div>
   <div class='ocr_carea' id='block_1_83' title="bbox 1942 4035 3540 4111">
    <p class='ocr_par' dir='ltr' id='par_1_83' title="bbox 1942 4035 3540 4111">
     <span class='ocr_line' id='line_1_83' title="bbox 1942 4035 3540 4111; baseline -0.001 -18"><span class='ocrx_word' id='word_1_594' title='bbox 1942 4041 2139 4108; x_wconf 88' lang='lat' dir='ltr'><strong>omnia,</strong></span> <span class='ocrx_word' id='word_1_595' title='bbox 2162 4053 2280 4111; x_wconf 67' lang='lat' dir='ltr'><strong>qua:</strong></span> <span class='ocrx_word' id='word_1_596' title='bbox 2321 4035 2692 4107; x_wconf 84' lang='lat' dir='ltr'><strong>Pelagianismi</strong></span> <span class='ocrx_word' id='word_1_597' title='bbox 2735 4037 3078 4108; x_wconf 87' lang='lat' dir='ltr'><strong>suspicionem</strong></span> <span class='ocrx_word' id='word_1_598' title='bbox 3122 4051 3372 4107; x_wconf 84' lang='lat' dir='ltr'><strong>generare</strong></span> <span class='ocrx_word' id='word_1_599' title='bbox 3415 4053 3540 4106; x_wconf 79' lang='lat' dir='ltr'><strong>pos-</strong></span> 
     </span>
    </p>
   </div>
   <div class='ocr_carea' id='block_1_84' title="bbox 1940 4128 3539 4201">
    <p class='ocr_par' dir='ltr' id='par_1_84' title="bbox 1940 4128 3539 4201">
     <span class='ocr_line' id='line_1_84' title="bbox 1940 4128 3539 4201; baseline -0.003 -13"><span class='ocrx_word' id='word_1_600' title='bbox 1940 4145 2074 4196; x_wconf 88' lang='lat' dir='ltr'><strong>sent,</strong></span> <span class='ocrx_word' id='word_1_601' title='bbox 2109 4133 2349 4187; x_wconf 87' lang='lat' dir='ltr'><strong>undecim</strong></span> <span class='ocrx_word' id='word_1_602' title='bbox 2372 4129 2820 4201; x_wconf 85' lang='lat' dir='ltr'><strong>prapositionibus</strong></span> <span class='ocrx_word' id='word_1_603' title='bbox 2848 4128 3187 4200; x_wconf 79' lang='lat' dir='ltr'><strong>complexus,</strong></span> <span class='ocrx_word' id='word_1_604' title='bbox 3216 4130 3414 4199; x_wconf 88' lang='lat' dir='ltr'><strong>quibus</strong></span> <span class='ocrx_word' id='word_1_605' title='bbox 3457 4129 3539 4183; x_wconf 87' lang='lat' dir='ltr'><strong>in-</strong></span> 
     </span>
    </p>
   </div>
   <div class='ocr_carea' id='block_1_85' title="bbox 1943 4222 3540 4295">
    <p class='ocr_par' dir='ltr' id='par_1_85' title="bbox 1943 4222 3540 4295">
     <span class='ocr_line' id='line_1_85' title="bbox 1943 4222 3540 4295; baseline -0.003 -14"><span class='ocrx_word' id='word_1_606' title='bbox 1943 4241 2108 4294; x_wconf 88' lang='lat' dir='ltr'><strong>super</strong></span> <span class='ocrx_word' id='word_1_607' title='bbox 2136 4241 2318 4295; x_wconf 79' lang='lat' dir='ltr'><strong>pauca:</strong></span> <span class='ocrx_word' id='word_1_608' title='bbox 2341 4223 2462 4279; x_wconf 76' lang='lat' dir='ltr'><strong>alite</strong></span> <span class='ocrx_word' id='word_1_609' title='bbox 2481 4225 2750 4279; x_wconf 76' lang='lat' dir='ltr'><strong>sententia:</strong></span> <span class='ocrx_word' id='word_1_610' title='bbox 2777 4222 3014 4279; x_wconf 84' lang='lat' dir='ltr'><strong>Cassiani</strong></span> <span class='ocrx_word' id='word_1_611' title='bbox 3042 4224 3182 4295; x_wconf 87' lang='lat' dir='ltr'><strong>piam</strong></span> <span class='ocrx_word' id='word_1_612' title='bbox 3228 4224 3540 4290; x_wconf 87' lang='lat' dir='ltr'><strong>in‘erpreta-</strong></span> 
     </span>
    </p>
   </div>
   <div class='ocr_carea' id='block_1_86' title="bbox 1946 4315 3536 4382">
    <p class='ocr_par' dir='ltr' id='par_1_86' title="bbox 1946 4315 3536 4382">
     <span class='ocr_line' id='line_1_86' title="bbox 1946 4315 3536 4382; baseline -0.004 -9"><span class='ocrx_word' id='word_1_613' title='bbox 1946 4322 2137 4374; x_wconf 86' lang='lat' dir='ltr'><strong>tionem</strong></span> <span class='ocrx_word' id='word_1_614' title='bbox 2157 4318 2532 4382; x_wconf 82' lang='lat' dir='ltr'><strong>desiderantes,</strong></span> <span class='ocrx_word' id='word_1_615' title='bbox 2559 4319 2707 4372; x_wconf 88' lang='lat' dir='ltr'><strong>nulla</strong></span> <span class='ocrx_word' id='word_1_616' title='bbox 2731 4317 2936 4371; x_wconf 91' lang='lat' dir='ltr'><strong>ordinis</strong></span> <span class='ocrx_word' id='word_1_617' title='bbox 2964 4315 3223 4369; x_wconf 83' lang='lat' dir='ltr'><strong>librorum</strong></span> <span class='ocrx_word' id='word_1_618' title='bbox 3245 4325 3334 4369; x_wconf 88' lang='lat' dir='ltr'><strong>aut</strong></span> <span class='ocrx_word' id='word_1_619' title='bbox 3361 4315 3536 4370; x_wconf 88' lang='lat' dir='ltr'><strong>colla-</strong></span> 
     </span>
    </p>
   </div>
   <div class='ocr_carea' id='block_1_87' title="bbox 1948 4405 3540 4477">
    <p class='ocr_par' dir='ltr' id='par_1_87' title="bbox 1948 4405 3540 4477">
     <span class='ocr_line' id='line_1_87' title="bbox 1948 4405 3540 4477; baseline -0.005 -9"><span class='ocrx_word' id='word_1_620' title='bbox 1948 4413 2154 4468; x_wconf 87' lang='lat' dir='ltr'><strong>tionum</strong></span> <span class='ocrx_word' id='word_1_621' title='bbox 2188 4411 2400 4464; x_wconf 85' lang='lat' dir='ltr'><strong>ratione</strong></span> <span class='ocrx_word' id='word_1_622' title='bbox 2433 4408 2638 4476; x_wconf 79' lang='lat' dir='ltr'><strong>habita,</strong></span> <span class='ocrx_word' id='word_1_623' title='bbox 2685 4407 3036 4477; x_wconf 83' lang='lat' dir='ltr'><strong>adjiciuntur.</strong></span> <span class='ocrx_word' id='word_1_624' title='bbox 3073 4406 3180 4460; x_wconf 78' lang='lat' dir='ltr'><strong>Has</strong></span> <span class='ocrx_word' id='word_1_625' title='bbox 3202 4422 3330 4462; x_wconf 85' lang='lat' dir='ltr'><strong>vero</strong></span> <span class='ocrx_word' id='word_1_626' title='bbox 3364 4405 3540 4460; x_wconf 84' lang='lat' dir='ltr'><strong>obser-</strong></span> 
     </span>
    </p>
   </div>
   <div class='ocr_carea' id='block_1_88' title="bbox 1948 4502 3544 4571">
    <p class='ocr_par' dir='ltr' id='par_1_88' title="bbox 1948 4502 3544 4571">
     <span class='ocr_line' id='line_1_88' title="bbox 1948 4502 3544 4571; baseline -0.003 -10"><span class='ocrx_word' id='word_1_627' title='bbox 1948 4506 2174 4561; x_wconf 77' lang='lat' dir='ltr'><strong>nationes</strong></span> <span class='ocrx_word' id='word_1_628' title='bbox 2201 4504 2526 4559; x_wconf 86' lang='lat' dir='ltr'><strong>antecedunt</strong></span> <span class='ocrx_word' id='word_1_629' title='bbox 2555 4504 2943 4559; x_wconf 88' lang='lat' dir='ltr'><strong>annotationum</strong></span> <span class='ocrx_word' id='word_1_630' title='bbox 2975 4502 3196 4557; x_wconf 88' lang='lat' dir='ltr'><strong>nomine</strong></span> <span class='ocrx_word' id='word_1_631' title='bbox 3221 4503 3544 4571; x_wconf 77' lang='lat' dir='ltr'><strong>ettplicatio-</strong></span> 
     </span>
    </p>
   </div>
   <div class='ocr_carea' id='block_1_89' title="bbox 227 4588 3536 4672">
    <p class='ocr_par' dir='ltr' id='par_1_89' title="bbox 227 4588 3536 4672">
     <span class='ocr_line' id='line_1_89' title="bbox 227 4588 3536 4672; baseline -0.005 -11"><span class='ocrx_word' id='word_1_632' title='bbox 227 4607 450 4661; x_wconf 81' lang='lat' dir='ltr'><strong>dimtts.</strong></span> <span class='ocrx_word' id='word_1_633' title='bbox 485 4601 743 4672; x_wconf 79' lang='lat' dir='ltr'><strong>Sequitur</strong></span> <span class='ocrx_word' id='word_1_634' title='bbox 773 4617 904 4657; x_wconf 82' lang='lat' dir='ltr'><strong>vero</strong></span> <span class='ocrx_word' id='word_1_635' title='bbox 948 4601 1088 4655; x_wconf 88' lang='lat' dir='ltr'><strong>hanc</strong></span> <span class='ocrx_word' id='word_1_636' title='bbox 1140 4598 1515 4671; x_wconf 69' lang='lat' dir='ltr'><strong>praelationem</strong></span> <span class='ocrx_word' id='word_1_637' title='bbox 1564 4598 1738 4653; x_wconf 85' lang='lat' dir='ltr'><strong>altera</strong></span> <span class='ocrx_word' id='word_1_638' title='bbox 1777 4596 1842 4651; x_wconf 89' lang='lat' dir='ltr'><strong>ad</strong></span> <span class='ocrx_word' id='word_1_639' title='bbox 1874 4588 2046 4654; x_wconf 87' lang='lat' dir='ltr'><strong>Dnes</strong></span> <span class='ocrx_word' id='word_1_640' title='bbox 2097 4612 2291 4652; x_wconf 85' lang='lat' dir='ltr'><strong>vocum</strong></span> <span class='ocrx_word' id='word_1_641' title='bbox 2341 4596 2678 4658; x_wconf 71' lang='lat' dir='ltr'><strong>Cra-carum,</strong></span> <span class='ocrx_word' id='word_1_642' title='bbox 2730 4594 2928 4664; x_wconf 88' lang='lat' dir='ltr'><strong>quibus</strong></span> <span class='ocrx_word' id='word_1_643' title='bbox 2973 4591 3268 4648; x_wconf 77' lang='lat' dir='ltr'><strong>Cassianus</strong></span> <span class='ocrx_word' id='word_1_644' title='bbox 3324 4595 3536 4660; x_wconf 91' lang='lat' dir='ltr'><strong>utitur,</strong></span> 
     </span>
    </p>
   </div>
   <div class='ocr_carea' id='block_1_90' title="bbox 229 4692 1844 4766">
    <p class='ocr_par' dir='ltr' id='par_1_90' title="bbox 229 4692 1844 4766">
     <span class='ocr_line' id='line_1_90' title="bbox 229 4692 1844 4766; baseline -0.004 -13"><span class='ocrx_word' id='word_1_645' title='bbox 229 4701 495 4756; x_wconf 76' lang='lat' dir='ltr'><strong>lectores</strong></span> <span class='ocrx_word' id='word_1_646' title='bbox 529 4711 736 4766; x_wconf 84' lang='lat' dir='ltr'><strong>quoque</strong></span> <span class='ocrx_word' id='word_1_647' title='bbox 767 4697 1026 4764; x_wconf 89' lang='lat' dir='ltr'><strong>inscripta</strong></span> <span class='ocrx_word' id='word_1_648' title='bbox 1049 4735 1065 4761; x_wconf 93' lang='lat'><strong>,</strong></span> <span class='ocrx_word' id='word_1_649' title='bbox 1111 4709 1271 4764; x_wconf 86' lang='lat' dir='ltr'><strong>quam</strong></span> <span class='ocrx_word' id='word_1_650' title='bbox 1315 4693 1536 4762; x_wconf 70' lang='lat' dir='ltr'><strong>quidem</strong></span> <span class='ocrx_word' id='word_1_651' title='bbox 1567 4692 1844 4747; x_wconf 80' lang='lat' dir='ltr'><strong>CiaccOnii</strong></span> 
     </span>
    </p>
   </div>
   <div class='ocr_carea' id='block_1_91' title="bbox 225 4784 1846 4856">
    <p class='ocr_par' dir='ltr' id='par_1_91' title="bbox 225 4784 1846 4856">
     <span class='ocr_line' id='line_1_91' title="bbox 225 4784 1846 4856; baseline -0.004 -11"><span class='ocrx_word' id='word_1_652' title='bbox 225 4804 411 4854; x_wconf 86' lang='lat' dir='ltr'><strong>esse,</strong></span> <span class='ocrx_word' id='word_1_653' title='bbox 445 4801 512 4840; x_wconf 80' lang='lat' dir='ltr'><strong>ex</strong></span> <span class='ocrx_word' id='word_1_654' title='bbox 532 4789 894 4856; x_wconf 83' lang='lat' dir='ltr'><strong>superioribus</strong></span> <span class='ocrx_word' id='word_1_655' title='bbox 919 4803 1024 4842; x_wconf 89' lang='lat' dir='ltr'><strong>non</strong></span> <span class='ocrx_word' id='word_1_656' title='bbox 1049 4788 1285 4842; x_wconf 89' lang='lat' dir='ltr'><strong>obscure</strong></span> <span class='ocrx_word' id='word_1_657' title='bbox 1315 4786 1658 4852; x_wconf 67' lang='lat' dir='ltr'><strong>intelligitur.</strong></span> <span class='ocrx_word' id='word_1_658' title='bbox 1676 4784 1846 4854; x_wconf 74' lang='lat' dir='ltr'><strong>Igitur</strong></span> 
     </span>
    </p>
   </div>
   <div class='ocr_carea' id='block_1_92' title="bbox 228 4877 1847 4948">
    <p class='ocr_par' dir='ltr' id='par_1_92' title="bbox 228 4877 1847 4948">
     <span class='ocr_line' id='line_1_92' title="bbox 228 4877 1847 4948; baseline -0.004 -10"><span class='ocrx_word' id='word_1_659' title='bbox 228 4882 363 4948; x_wconf 80' lang='lat' dir='ltr'><strong>ipsa</strong></span> <span class='ocrx_word' id='word_1_660' title='bbox 404 4880 568 4932; x_wconf 68' lang='lat' dir='ltr'><strong>verba</strong></span> <span class='ocrx_word' id='word_1_661' title='bbox 591 4923 604 4945; x_wconf 89' lang='lat'><strong>,</strong></span> <span class='ocrx_word' id='word_1_662' title='bbox 638 4879 831 4945; x_wconf 80' lang='lat' dir='ltr'><strong>quibus</strong></span> <span class='ocrx_word' id='word_1_663' title='bbox 860 4895 1083 4948; x_wconf 86' lang='lat' dir='ltr'><strong>operam</strong></span> <span class='ocrx_word' id='word_1_664' title='bbox 1116 4894 1268 4931; x_wconf 87' lang='lat' dir='ltr'><strong>suam</strong></span> <span class='ocrx_word' id='word_1_665' title='bbox 1301 4877 1572 4943; x_wconf 78' lang='lat' dir='ltr'><strong>declarat,</strong></span> <span class='ocrx_word' id='word_1_666' title='bbox 1606 4891 1847 4947; x_wconf 84' lang='lat' dir='ltr'><strong>appona-</strong></span> 
     </span>
    </p>
   </div>
   <div class='ocr_carea' id='block_1_93' title="bbox 1950 4683 3537 4758">
    <p class='ocr_par' dir='ltr' id='par_1_93' title="bbox 1950 4683 3537 4758">
     <span class='ocr_line' id='line_1_93' title="bbox 1950 4683 3537 4758; baseline -0.004 -14"><span class='ocrx_word' id='word_1_667' title='bbox 1950 4688 2297 4758; x_wconf 80' lang='lat' dir='ltr'><strong>alplinheticn</strong></span> <span class='ocrx_word' id='word_1_668' title='bbox 2311 4689 2473 4742; x_wconf 91' lang='lat' dir='ltr'><strong>etiam</strong></span> <span class='ocrx_word' id='word_1_669' title='bbox 2498 4687 2714 4748; x_wconf 86' lang='lat' dir='ltr'><strong>ordine,</strong></span> <span class='ocrx_word' id='word_1_670' title='bbox 2731 4685 2822 4739; x_wconf 87' lang='lat' dir='ltr'><strong>sed</strong></span> <span class='ocrx_word' id='word_1_671' title='bbox 2843 4684 3119 4738; x_wconf 83' lang='lat' dir='ltr'><strong>uberiores</strong></span> <span class='ocrx_word' id='word_1_672' title='bbox 3135 4683 3537 4752; x_wconf 82' lang='lat' dir='ltr'><strong>accrebriores,</strong></span> 
     </span>
    </p>
   </div>
   <div class='ocr_carea' id='block_1_94' title="bbox 1954 4776 3540 4853">
    <p class='ocr_par' dir='ltr' id='par_1_94' title="bbox 1954 4776 3540 4853">
     <span class='ocr_line' id='line_1_94' title="bbox 1954 4776 3540 4853; baseline -0.004 -21"><span class='ocrx_word' id='word_1_673' title='bbox 1954 4797 2114 4853; x_wconf 89' lang='lat' dir='ltr'><strong>quam</strong></span> <span class='ocrx_word' id='word_1_674' title='bbox 2140 4779 2282 4849; x_wconf 77' lang='lat' dir='ltr'><strong>apud</strong></span> <span class='ocrx_word' id='word_1_675' title='bbox 2306 4777 2628 4850; x_wconf 83' lang='lat' dir='ltr'><strong>Cuychium,</strong></span> <span class='ocrx_word' id='word_1_676' title='bbox 2655 4778 2745 4846; x_wconf 93' lang='lat' dir='ltr'><strong>qui</strong></span> <span class='ocrx_word' id='word_1_677' title='bbox 2769 4776 3139 4830; x_wconf 85' lang='lat' dir='ltr'><strong>elucidationes</strong></span> <span class='ocrx_word' id='word_1_678' title='bbox 3155 4776 3286 4831; x_wconf 63' lang='lat' dir='ltr'><strong>istas</strong></span> <span class='ocrx_word' id='word_1_679' title='bbox 3308 4779 3540 4845; x_wconf 77' lang='lat' dir='ltr'><strong>castiga-</strong></span> 
     </span>
    </p>
   </div>
   <div class='ocr_carea' id='block_1_95' title="bbox 1953 4868 3536 4942">
    <p class='ocr_par' dir='ltr' id='par_1_95' title="bbox 1953 4868 3536 4942">
     <span class='ocr_line' id='line_1_95' title="bbox 1953 4868 3536 4942; baseline -0.006 -12"><span class='ocrx_word' id='word_1_680' title='bbox 1953 4879 2117 4932; x_wconf 80' lang='lat' dir='ltr'><strong>torias</strong></span> <span class='ocrx_word' id='word_1_681' title='bbox 2151 4875 2292 4929; x_wconf 89' lang='lat' dir='ltr'><strong>notis</strong></span> <span class='ocrx_word' id='word_1_682' title='bbox 2317 4873 2430 4928; x_wconf 90' lang='lat' dir='ltr'><strong>suis</strong></span> <span class='ocrx_word' id='word_1_683' title='bbox 2455 4872 2796 4942; x_wconf 72' lang='lat' dir='ltr'><strong>adiunxerat.</strong></span> <span class='ocrx_word' id='word_1_684' title='bbox 2833 4871 2926 4924; x_wconf 88' lang='lat' dir='ltr'><strong>His</strong></span> <span class='ocrx_word' id='word_1_685' title='bbox 2948 4869 3177 4924; x_wconf 77' lang='lat' dir='ltr'><strong>acces~it</strong></span> <span class='ocrx_word' id='word_1_686' title='bbox 3202 4868 3365 4921; x_wconf 76' lang='lat' dir='ltr'><strong>etiam</strong></span> <span class='ocrx_word' id='word_1_687' title='bbox 3397 4869 3536 4922; x_wconf 81' lang='lat' dir='ltr'><strong>indi-</strong></span> 
     </span>
    </p>
   </div>
   <div class='ocr_carea' id='block_1_96' title="bbox 227 4958 3543 5038">
    <p class='ocr_par' dir='ltr' id='par_1_96' title="bbox 227 4958 3543 5038">
     <span class='ocr_line' id='line_1_96' title="bbox 227 4958 3543 5038; baseline -0.005 -12"><span class='ocrx_word' id='word_1_688' title='bbox 227 4985 374 5026; x_wconf 85' lang='lat' dir='ltr'><strong>mus</strong></span> <span class='ocrx_word' id='word_1_689' title='bbox 414 4985 426 5020; x_wconf 90' lang='lat'>:</span> <span class='ocrx_word' id='word_1_690' title='bbox 468 4967 723 5021; x_wconf 81' lang='lat' dir='ltr'><strong>Vaticana</strong></span> <span class='ocrx_word' id='word_1_691' title='bbox 768 4968 1096 5037; x_wconf 78' lang='lat' dir='ltr'><strong>bibliotheca,</strong></span> <span class='ocrx_word' id='word_1_692' title='bbox 1121 4969 1330 5038; x_wconf 90' lang='lat' dir='ltr'><strong>inquit,</strong></span> <span class='ocrx_word' id='word_1_693' title='bbox 1376 4979 1493 5022; x_wconf 91' lang='lat' dir='ltr'><strong>octo</strong></span> <span class='ocrx_word' id='word_1_694' title='bbox 1538 4969 1682 5022; x_wconf 88' lang='lat' dir='ltr'><strong>nobis</strong></span> <span class='ocrx_word' id='word_1_695' title='bbox 1718 4967 1856 5021; x_wconf 84' lang='lat' dir='ltr'><strong>anti-</strong></span> <span class='ocrx_word' id='word_1_696' title='bbox 1949 4968 2104 5024; x_wconf 86' lang='lat' dir='ltr'><strong>cuius</strong></span> <span class='ocrx_word' id='word_1_697' title='bbox 2137 4966 2378 5021; x_wconf 89' lang='lat' dir='ltr'><strong>locorum</strong></span> <span class='ocrx_word' id='word_1_698' title='bbox 2413 4965 2714 5030; x_wconf 76' lang='lat' dir='ltr'><strong>Scriptura:</strong></span> <span class='ocrx_word' id='word_1_699' title='bbox 2746 4976 2914 5015; x_wconf 67' lang='lat' dir='ltr'><strong>sacrae</strong></span> <span class='ocrx_word' id='word_1_700' title='bbox 2944 4961 3104 5028; x_wconf 82' lang='lat' dir='ltr'><strong>juxta</strong></span> <span class='ocrx_word' id='word_1_701' title='bbox 3146 4958 3290 5013; x_wconf 75' lang='lat' dir='ltr'><strong>LXX</strong></span> <span class='ocrx_word' id='word_1_702' title='bbox 3331 4961 3543 5014; x_wconf 86' lang='lat' dir='ltr'><strong>versio-</strong></span> 
     </span>
    </p>
   </div>
   <div class='ocr_carea' id='block_1_97' title="bbox 225 5058 1852 5131">
    <p class='ocr_par' dir='ltr' id='par_1_97' title="bbox 225 5058 1852 5131">
     <span class='ocr_line' id='line_1_97' title="bbox 225 5058 1852 5131; baseline 0.001 -18"><span class='ocrx_word' id='word_1_703' title='bbox 225 5061 505 5130; x_wconf 84' lang='lat' dir='ltr'><strong>quissima</strong></span> <span class='ocrx_word' id='word_1_704' title='bbox 535 5060 764 5113; x_wconf 74' lang='lat' dir='ltr'><strong>exhibuit</strong></span> <span class='ocrx_word' id='word_1_705' title='bbox 789 5058 1024 5114; x_wconf 78' lang='lat' dir='ltr'><strong>Cassiani</strong></span> <span class='ocrx_word' id='word_1_706' title='bbox 1053 5061 1375 5124; x_wconf 82' lang='lat' dir='ltr'><strong>exemplaria</strong></span> <span class='ocrx_word' id='word_1_707' title='bbox 1395 5105 1409 5128; x_wconf 92' lang='lat'><strong>,</strong></span> <span class='ocrx_word' id='word_1_708' title='bbox 1442 5071 1486 5115; x_wconf 90' lang='lat' dir='ltr'><strong>et</strong></span> <span class='ocrx_word' id='word_1_709' title='bbox 1510 5077 1573 5115; x_wconf 77' lang='lat' dir='ltr'><strong>ex</strong></span> <span class='ocrx_word' id='word_1_710' title='bbox 1605 5059 1686 5114; x_wconf 90' lang='lat' dir='ltr'><strong>his</strong></span> <span class='ocrx_word' id='word_1_711' title='bbox 1712 5076 1852 5131; x_wconf 72' lang='lat' dir='ltr'><strong>qua:-</strong></span> 
     </span>
    </p>
   </div>
   <div class='ocr_carea' id='block_1_98' title="bbox 227 5153 1851 5224">
    <p class='ocr_par' dir='ltr' id='par_1_98' title="bbox 227 5153 1851 5224">
     <span class='ocr_line' id='line_1_98' title="bbox 227 5153 1851 5224; baseline 0.001 -16"><span class='ocrx_word' id='word_1_712' title='bbox 227 5155 368 5208; x_wconf 80' lang='lat' dir='ltr'><strong>dam</strong></span> <span class='ocrx_word' id='word_1_713' title='bbox 390 5153 815 5207; x_wconf 80' lang='lat' dir='ltr'><strong>emendatissime</strong></span> <span class='ocrx_word' id='word_1_714' title='bbox 832 5155 1024 5222; x_wconf 87' lang='lat' dir='ltr'><strong>scripta</strong></span> <span class='ocrx_word' id='word_1_715' title='bbox 1043 5194 1057 5218; x_wconf 90' lang='lat'><strong>,</strong></span> <span class='ocrx_word' id='word_1_716' title='bbox 1090 5169 1155 5208; x_wconf 84' lang='lat' dir='ltr'><strong>ex</strong></span> <span class='ocrx_word' id='word_1_717' title='bbox 1177 5168 1408 5224; x_wconf 88' lang='lat' dir='ltr'><strong>quorum</strong></span> <span class='ocrx_word' id='word_1_718' title='bbox 1441 5154 1736 5210; x_wconf 90' lang='lat' dir='ltr'><strong>collatione</strong></span> <span class='ocrx_word' id='word_1_719' title='bbox 1765 5154 1851 5209; x_wconf 90' lang='lat' dir='ltr'><strong>in-</strong></span> 
     </span>
    </p>
   </div>
   <div class='ocr_carea' id='block_1_99' title="bbox 228 5244 1852 5304">
    <p class='ocr_par' dir='ltr' id='par_1_99' title="bbox 228 5244 1852 5304">
     <span class='ocr_line' id='line_1_99' title="bbox 228 5244 1852 5304; baseline 0.001 -1"><span class='ocrx_word' id='word_1_720' title='bbox 228 5244 609 5303; x_wconf 83' lang='lat' dir='ltr'><strong>numerabilia</strong></span> <span class='ocrx_word' id='word_1_721' title='bbox 639 5245 759 5300; x_wconf 89' lang='lat' dir='ltr'><strong>loca</strong></span> <span class='ocrx_word' id='word_1_722' title='bbox 789 5254 918 5301; x_wconf 90' lang='lat' dir='ltr'><strong>sunt</strong></span> <span class='ocrx_word' id='word_1_723' title='bbox 958 5247 1013 5300; x_wconf 93' lang='lat' dir='ltr'><strong>in</strong></span> <span class='ocrx_word' id='word_1_724' title='bbox 1043 5248 1142 5300; x_wconf 90' lang='lat' dir='ltr'><strong>hac</strong></span> <span class='ocrx_word' id='word_1_725' title='bbox 1166 5247 1405 5302; x_wconf 87' lang='lat' dir='ltr'><strong>editione</strong></span> <span class='ocrx_word' id='word_1_726' title='bbox 1431 5247 1678 5302; x_wconf 81' lang='lat' dir='ltr'><strong>restituta</strong></span> <span class='ocrx_word' id='word_1_727' title='bbox 1712 5266 1725 5300; x_wconf 89' lang='lat'>:</span> <span class='ocrx_word' id='word_1_728' title='bbox 1756 5247 1852 5304; x_wconf 86' lang='lat' dir='ltr'><strong>sed</strong></span> 
     </span>
    </p>
   </div>
   <div class='ocr_carea' id='block_1_100' title="bbox 328 5405 1854 5478">
    <p class='ocr_par' dir='ltr' id='par_1_100' title="bbox 328 5405 1854 5478">
     <span class='ocr_line' id='line_1_100' title="bbox 328 5405 1854 5478; baseline -0.001 -18"><span class='ocrx_word' id='word_1_729' title='bbox 328 5407 408 5478; x_wconf 78' lang='grc' dir='ltr'><strong>(α)</strong></span> <span class='ocrx_word' id='word_1_730' title='bbox 440 5406 568 5461; x_wconf 68' lang='lat' dir='ltr'><strong>Haec</strong></span> <span class='ocrx_word' id='word_1_731' title='bbox 593 5421 719 5460; x_wconf 91' lang='lat' dir='ltr'><strong>cum</strong></span> <span class='ocrx_word' id='word_1_732' title='bbox 747 5405 935 5460; x_wconf 82' lang='lat' dir='ltr'><strong>verbis</strong></span> <span class='ocrx_word' id='word_1_733' title='bbox 964 5407 1415 5462; x_wconf 86' lang='lat' dir='ltr'><strong>antecedentibus</strong></span> <span class='ocrx_word' id='word_1_734' title='bbox 1445 5405 1682 5478; x_wconf 88' lang='lat' dir='ltr'><strong>rotundo</strong></span> <span class='ocrx_word' id='word_1_735' title='bbox 1704 5405 1854 5478; x_wconf 80' lang='lat' dir='ltr'><strong>pari-</strong></span> 
     </span>
    </p>
   </div>
   <div class='ocr_carea' id='block_1_101' title="bbox 236 5477 1854 5548">
    <p class='ocr_par' dir='ltr' id='par_1_101' title="bbox 236 5477 1854 5548">
     <span class='ocr_line' id='line_1_101' title="bbox 236 5477 1854 5548; baseline -0.004 -10"><span class='ocrx_word' id='word_1_736' title='bbox 236 5477 348 5538; x_wconf 27' lang='lat' dir='ltr'><strong>Ier’</strong></span> <span class='ocrx_word' id='word_1_737' title='bbox 389 5479 716 5532; x_wconf 82' lang='lat' dir='ltr'><strong>charactere</strong></span> <span class='ocrx_word' id='word_1_738' title='bbox 768 5479 1065 5547; x_wconf 79' lang='lat' dir='ltr'><strong>exscriptis</strong></span> <span class='ocrx_word' id='word_1_739' title='bbox 1121 5480 1210 5534; x_wconf 80' lang='lat' dir='ltr'><strong>vix</strong></span> <span class='ocrx_word' id='word_1_740' title='bbox 1258 5478 1544 5534; x_wconf 84' lang='lat' dir='ltr'><strong>commode</strong></span> <span class='ocrx_word' id='word_1_741' title='bbox 1569 5477 1641 5531; x_wconf 87' lang='lat' dir='ltr'><strong>ab</strong></span> <span class='ocrx_word' id='word_1_742' title='bbox 1668 5477 1854 5548; x_wconf 82' lang='lat' dir='ltr'><strong>aliquo</strong></span> 
     </span>
    </p>
   </div>
   <div class='ocr_carea' id='block_1_102' title="bbox 235 5549 862 5619">
    <p class='ocr_par' dir='ltr' id='par_1_102' title="bbox 235 5549 862 5619">
     <span class='ocr_line' id='line_1_102' title="bbox 235 5549 862 5619; baseline -0.008 -13"><span class='ocrx_word' id='word_1_743' title='bbox 235 5549 552 5609; x_wconf 72' lang='lat' dir='ltr'><strong>conciliari</strong></span> <span class='ocrx_word' id='word_1_744' title='bbox 580 5558 862 5619; x_wconf 82' lang='lat' dir='ltr'><strong>poterunt.</strong></span> 
     </span>
    </p>
   </div>
   <div class='ocr_carea' id='block_1_103' title="bbox 333 5619 1856 5691">
    <p class='ocr_par' dir='ltr' id='par_1_103' title="bbox 333 5619 1856 5691">
     <span class='ocr_line' id='line_1_103' title="bbox 333 5619 1856 5691; baseline -0.001 -18"><span class='ocrx_word' id='word_1_745' title='bbox 333 5619 410 5691; x_wconf 89' lang='lat' dir='ltr'><strong>(b)</strong></span> <span class='ocrx_word' id='word_1_746' title='bbox 453 5621 760 5687; x_wconf 84' lang='lat' dir='ltr'><strong>Cassianus,</strong></span> <span class='ocrx_word' id='word_1_747' title='bbox 802 5619 1000 5691; x_wconf 89' lang='lat' dir='ltr'><strong>inquit.</strong></span> <span class='ocrx_word' id='word_1_748' title='bbox 1035 5621 1325 5676; x_wconf 82' lang='lat' dir='ltr'><strong>testimonia</strong></span> <span class='ocrx_word' id='word_1_749' title='bbox 1364 5635 1526 5676; x_wconf 73' lang='lat' dir='ltr'><strong>sacra:</strong></span> <span class='ocrx_word' id='word_1_750' title='bbox 1573 5619 1856 5690; x_wconf 71' lang='lat' dir='ltr'><strong>Scriptum</strong></span> 
     </span>
    </p>
   </div>
   <div class='ocr_carea' id='block_1_104' title="bbox 229 5691 1859 5768">
    <p class='ocr_par' dir='ltr' id='par_1_104' title="bbox 229 5691 1859 5768">
     <span class='ocr_line' id='line_1_104' title="bbox 229 5691 1859 5768; baseline -0.004 -20"><span class='ocrx_word' id='word_1_751' title='bbox 229 5697 374 5768; x_wconf 74' lang='lat' dir='ltr'><strong>[ere</strong></span> <span class='ocrx_word' id='word_1_752' title='bbox 409 5692 588 5768; x_wconf 75' lang='lat' dir='ltr'><strong>omnia</strong></span> <span class='ocrx_word' id='word_1_753' title='bbox 614 5707 681 5746; x_wconf 75' lang='lat' dir='ltr'><strong>ex</strong></span> <span class='ocrx_word' id='word_1_754' title='bbox 719 5693 934 5768; x_wconf 76' lang='lat' dir='ltr'><strong>vulgata</strong></span> <span class='ocrx_word' id='word_1_755' title='bbox 965 5692 1197 5768; x_wconf 77' lang='lat' dir='ltr'><strong>editione</strong></span> <span class='ocrx_word' id='word_1_756' title='bbox 1218 5694 1453 5768; x_wconf 83' lang='lat' dir='ltr'><strong>adducit,</strong></span> <span class='ocrx_word' id='word_1_757' title='bbox 1483 5707 1650 5768; x_wconf 69' lang='lat' dir='ltr'><strong>quam</strong></span> <span class='ocrx_word' id='word_1_758' title='bbox 1689 5691 1859 5768; x_wconf 48' lang='lat' dir='ltr'><strong>melio-</strong></span> 
     </span>
    </p>
   </div>
   <div class='ocr_carea' id='block_1_105' title="bbox 221 5760 1861 5829">
    <p class='ocr_par' dir='ltr' id='par_1_105' title="bbox 221 5760 1861 5829">
     <span class='ocr_line' id='line_1_105' title="bbox 221 5760 1861 5829; baseline -0.004 -9"><span class='ocrx_word' id='word_1_759' title='bbox 221 5760 1007 5829; x_wconf 49' lang='lat' dir='ltr'><strong>arentesuinterprcta&#39;tionem</strong></span> <span class='ocrx_word' id='word_1_760' title='bbox 1039 5775 1086 5817; x_wconf 90' lang='lat' dir='ltr'><strong>et</strong></span> <span class='ocrx_word' id='word_1_761' title='bbox 1129 5763 1197 5818; x_wconf 89' lang='lat' dir='ltr'><strong>ad</strong></span> <span class='ocrx_word' id='word_1_762' title='bbox 1241 5766 1506 5817; x_wconf 80' lang='lat' dir='ltr'><strong>veritatem</strong></span> <span class='ocrx_word' id='word_1_763' title='bbox 1550 5760 1861 5816; x_wconf 81' lang='lat' dir='ltr'><strong>Hebraicam</strong></span> 
     </span>
    </p>
   </div>
   <div class='ocr_carea' id='block_1_106' title="bbox 221 5832 1854 5899">
    <p class='ocr_par' dir='ltr' id='par_1_106' title="bbox 221 5832 1854 5899">
     <span class='ocr_line' id='line_1_106' title="bbox 221 5832 1854 5899; baseline -0.002 -11"><span class='ocrx_word' id='word_1_764' title='bbox 221 5849 558 5897; x_wconf 54' lang='lat' dir='ltr'><strong>“pressam</strong></span> <span class='ocrx_word' id='word_1_765' title='bbox 578 5835 830 5899; x_wconf 78' lang='lat' dir='ltr'><strong>afﬁrmat.</strong></span> <span class='ocrx_word' id='word_1_766' title='bbox 875 5833 1063 5889; x_wconf 81' lang='lat' dir='ltr'><strong>Verum</strong></span> <span class='ocrx_word' id='word_1_767' title='bbox 1089 5835 1327 5899; x_wconf 85' lang='lat' dir='ltr'><strong>quoniam</strong></span> <span class='ocrx_word' id='word_1_768' title='bbox 1351 5832 1502 5888; x_wconf 77' lang='lat' dir='ltr'><strong>LXX</strong></span> <span class='ocrx_word' id='word_1_769' title='bbox 1533 5836 1854 5888; x_wconf 70' lang='lat' dir='ltr'><strong>interpretes.</strong></span> 
     </span>
    </p>
   </div>
   <div class='ocr_carea' id='block_1_107' title="bbox 1954 5053 3544 5124">
    <p class='ocr_par' dir='ltr' id='par_1_107' title="bbox 1954 5053 3544 5124">
     <span class='ocr_line' id='line_1_107' title="bbox 1954 5053 3544 5124; baseline -0.01 -5"><span class='ocrx_word' id='word_1_770' title='bbox 1954 5079 2075 5119; x_wconf 91' lang='lat' dir='ltr'><strong>nem</strong></span> <span class='ocrx_word' id='word_1_771' title='bbox 2111 5061 2452 5116; x_wconf 83' lang='lat' dir='ltr'><strong>laudatorum</strong></span> <span class='ocrx_word' id='word_1_772' title='bbox 2485 5056 2586 5124; x_wconf 86' lang='lat' dir='ltr'><strong>(b),</strong></span> <span class='ocrx_word' id='word_1_773' title='bbox 2612 5053 2813 5108; x_wconf 88' lang='lat' dir='ltr'><strong>additis</strong></span> <span class='ocrx_word' id='word_1_774' title='bbox 2837 5053 3065 5116; x_wconf 65' lang='lat' dir='ltr'><strong>Graecis,</strong></span> <span class='ocrx_word' id='word_1_775' title='bbox 3094 5054 3238 5107; x_wconf 88' lang='lat' dir='ltr'><strong>unde</strong></span> <span class='ocrx_word' id='word_1_776' title='bbox 3262 5053 3544 5118; x_wconf 80' lang='lat' dir='ltr'><strong>desumpta</strong></span> 
     </span>
    </p>
   </div>
   <div class='ocr_carea' id='block_1_108' title="bbox 1953 5141 3546 5218">
    <p class='ocr_par' dir='ltr' id='par_1_108' title="bbox 1953 5141 3546 5218">
     <span class='ocr_line' id='line_1_108' title="bbox 1953 5141 3546 5218; baseline -0.011 -6"><span class='ocrx_word' id='word_1_777' title='bbox 1953 5163 2102 5218; x_wconf 85' lang='lat' dir='ltr'><strong>sunt,</strong></span> <span class='ocrx_word' id='word_1_778' title='bbox 2129 5168 2193 5206; x_wconf 78' lang='lat' dir='ltr'><strong>ea:</strong></span> <span class='ocrx_word' id='word_1_779' title='bbox 2214 5148 2557 5203; x_wconf 66' lang='lat' dir='ltr'><strong>vetustissimo</strong></span> <span class='ocrx_word' id='word_1_780' title='bbox 2590 5145 2852 5199; x_wconf 74' lang='lat' dir='ltr'><strong>Vaticana:</strong></span> <span class='ocrx_word' id='word_1_781' title='bbox 2877 5144 3195 5201; x_wconf 77' lang='lat' dir='ltr'><strong>bibliotheca:</strong></span> <span class='ocrx_word' id='word_1_782' title='bbox 3215 5145 3345 5199; x_wconf 88' lang='lat' dir='ltr'><strong>libro</strong></span> <span class='ocrx_word' id='word_1_783' title='bbox 3361 5151 3407 5196; x_wconf 90' lang='lat' dir='ltr'><strong>et</strong></span> <span class='ocrx_word' id='word_1_784' title='bbox 3427 5141 3546 5194; x_wconf 83' lang='lat' dir='ltr'><strong>aliis</strong></span> 
     </span>
    </p>
   </div>
   <div class='ocr_carea' id='block_1_109' title="bbox 1954 5240 2370 5304">
    <p class='ocr_par' dir='ltr' id='par_1_109' title="bbox 1954 5240 2370 5304">
     <span class='ocr_line' id='line_1_109' title="bbox 1954 5240 2370 5304; baseline -0.031 0"><span class='ocrx_word' id='word_1_785' title='bbox 1954 5240 2370 5304; x_wconf 87' lang='lat' dir='ltr'><strong>correctioribus.</strong></span> 
     </span>
    </p>
   </div>
   <div class='ocr_carea' id='block_1_110' title="bbox 1959 5385 3546 5476">
    <p class='ocr_par' dir='ltr' id='par_1_110' title="bbox 1959 5385 3546 5476">
     <span class='ocr_line' id='line_1_110' title="bbox 1959 5385 3546 5476; baseline -0.013 -17"><span class='ocrx_word' id='word_1_786' title='bbox 1959 5406 2046 5476; x_wconf 87' lang='lat' dir='ltr'><strong>qui</strong></span> <span class='ocrx_word' id='word_1_787' title='bbox 2072 5405 2125 5456; x_wconf 92' lang='lat' dir='ltr'><strong>in</strong></span> <span class='ocrx_word' id='word_1_788' title='bbox 2154 5399 2380 5476; x_wconf 84' lang='lat' dir='ltr'><strong>omnium</strong></span> <span class='ocrx_word' id='word_1_789' title='bbox 2406 5405 2527 5476; x_wconf 77' lang='lat' dir='ltr'><strong>tunc</strong></span> <span class='ocrx_word' id='word_1_790' title='bbox 2569 5391 2811 5476; x_wconf 70' lang='lat' dir='ltr'><strong>manibus</strong></span> <span class='ocrx_word' id='word_1_791' title='bbox 2850 5393 3208 5476; x_wconf 53' lang='lat' dir='ltr'><strong>persabanﬂtr,</strong></span> <span class='ocrx_word' id='word_1_792' title='bbox 3237 5385 3546 5476; x_wconf 69' lang='lat' dir='ltr'><strong>imbiberat;</strong></span> 
     </span>
    </p>
   </div>
   <div class='ocr_carea' id='block_1_111' title="bbox 1963 5457 3548 5545">
    <p class='ocr_par' dir='ltr' id='par_1_111' title="bbox 1963 5457 3548 5545">
     <span class='ocr_line' id='line_1_111' title="bbox 1963 5457 3548 5545; baseline -0.011 -17"><span class='ocrx_word' id='word_1_793' title='bbox 2073 5485 2128 5526; x_wconf 91' lang='lat' dir='ltr'><strong>ut</strong></span> <span class='ocrx_word' id='word_1_794' title='bbox 2157 5473 2272 5526; x_wconf 87' lang='lat' dir='ltr'><strong>loca</strong></span> <span class='ocrx_word' id='word_1_795' title='bbox 2299 5466 2540 5545; x_wconf 53' lang='lat' dir='ltr'><strong>quaedam</strong></span> <span class='ocrx_word' id='word_1_796' title='bbox 2563 5464 2674 5545; x_wconf 70' lang='lat' dir='ltr'><strong>(sed</strong></span> <span class='ocrx_word' id='word_1_797' title='bbox 2703 5465 2962 5543; x_wconf 67' lang='lat' dir='ltr'><strong>pratcipue</strong></span> <span class='ocrx_word' id='word_1_798' title='bbox 3000 5478 3061 5541; x_wconf 73' lang='lat' dir='ltr'><strong>ex</strong></span> <span class='ocrx_word' id='word_1_799' title='bbox 3091 5457 3404 5545; x_wconf 51' lang='lat' dir='ltr'><strong>Proverbiis,</strong></span> <span class='ocrx_word' id='word_1_800' title='bbox 3435 5475 3548 5545; x_wconf 75' lang='lat' dir='ltr'><strong>qua-</strong></span> 
     </span>
    </p>
   </div>
   <div class='ocr_carea' id='block_1_112' title="bbox 1962 5529 3548 5615">
    <p class='ocr_par' dir='ltr' id='par_1_112' title="bbox 1962 5529 3548 5615">
     <span class='ocr_line' id='line_1_112' title="bbox 1962 5529 3548 5615; baseline -0.012 -16"><span class='ocrx_word' id='word_1_801' title='bbox 1962 5529 2322 5615; x_wconf 54' lang='lat' dir='ltr'><strong>}‘ortassejam&#39;</strong></span> <span class='ocrx_word' id='word_1_802' title='bbox 2353 5539 2479 5592; x_wconf 90' lang='lat' dir='ltr'><strong>olim</strong></span> <span class='ocrx_word' id='word_1_803' title='bbox 2519 5529 2714 5615; x_wconf 46' lang='lat' dir='ltr'><strong>in‘ejus&#39;</strong></span> <span class='ocrx_word' id='word_1_804' title='bbox 2743 5529 2986 5587; x_wconf 81' lang='lat' dir='ltr'><strong>memoria</strong></span> <span class='ocrx_word' id='word_1_805' title='bbox 3012 5529 3331 5615; x_wconf 66' lang='lat' dir='ltr'><strong>insederant)</strong></span> <span class='ocrx_word' id='word_1_806' title='bbox 3365 5544 3548 5611; x_wconf 65' lang='lat' dir='ltr'><strong>secun—</strong></span> 
     </span>
    </p>
   </div>
   <div class='ocr_carea' id='block_1_113' title="bbox 1964 5599 3548 5677">
    <p class='ocr_par' dir='ltr' id='par_1_113' title="bbox 1964 5599 3548 5677">
     <span class='ocr_line' id='line_1_113' title="bbox 1964 5599 3548 5677; baseline -0.013 -8"><span class='ocrx_word' id='word_1_807' title='bbox 1964 5599 2084 5669; x_wconf 63' lang='lat' dir='ltr'><strong>dum</strong></span> <span class='ocrx_word' id='word_1_808' title='bbox 2127 5599 2300 5668; x_wconf 69' lang='lat' dir='ltr'><strong>eorum</strong></span> <span class='ocrx_word' id='word_1_809' title='bbox 2333 5599 2807 5677; x_wconf 67' lang='lat' dir='ltr'><strong>interpretoiionent</strong></span> <span class='ocrx_word' id='word_1_810' title='bbox 2835 5611 2969 5654; x_wconf 82' lang='lat' dir='ltr'><strong>citet.</strong></span> <span class='ocrx_word' id='word_1_811' title='bbox 3007 5599 3082 5652; x_wconf 81' lang='lat' dir='ltr'><strong>Ea</strong></span> <span class='ocrx_word' id='word_1_812' title='bbox 3121 5616 3233 5677; x_wconf 81' lang='lat' dir='ltr'><strong>nos,</strong></span> <span class='ocrx_word' id='word_1_813' title='bbox 3273 5601 3460 5671; x_wconf 78' lang='lat' dir='ltr'><strong>mujon</strong></span> <span class='ocrx_word' id='word_1_814' title='bbox 3485 5618 3548 5653; x_wconf 77' lang='lat' dir='ltr'><strong>ex</strong></span> 
     </span>
    </p>
   </div>
   <div class='ocr_carea' id='block_1_114' title="bbox 1963 5671 3548 5759">
    <p class='ocr_par' dir='ltr' id='par_1_114' title="bbox 1963 5671 3548 5759">
     <span class='ocr_line' id='line_1_114' title="bbox 1963 5671 3548 5759; baseline -0.015 -20"><span class='ocrx_word' id='word_1_815' title='bbox 1963 5697 2112 5759; x_wconf 67' lang='lat' dir='ltr'><strong>parte</strong></span> <span class='ocrx_word' id='word_1_816' title='bbox 2140 5684 2204 5737; x_wconf 89' lang='lat' dir='ltr'><strong>ab</strong></span> <span class='ocrx_word' id='word_1_817' title='bbox 2231 5683 2350 5736; x_wconf 82' lang='lat' dir='ltr'><strong>aliis</strong></span> <span class='ocrx_word' id='word_1_818' title='bbox 2381 5671 2480 5733; x_wconf 77' lang='lat' dir='ltr'><strong>non</strong></span> <span class='ocrx_word' id='word_1_819' title='bbox 2519 5675 2896 5759; x_wconf 74' lang='lat' dir='ltr'><strong>unintadversa,</strong></span> <span class='ocrx_word' id='word_1_820' title='bbox 2944 5682 3032 5725; x_wconf 89' lang='lat' dir='ltr'><strong>aut</strong></span> <span class='ocrx_word' id='word_1_821' title='bbox 3081 5671 3423 5759; x_wconf 59' lang='lat' dir='ltr'><strong>negligentiae</strong></span> <span class='ocrx_word' id='word_1_822' title='bbox 3461 5686 3548 5722; x_wconf 79' lang='lat' dir='ltr'><strong>ca.</strong></span> 
     </span>
    </p>
   </div>
   <div class='ocr_carea' id='block_1_115' title="bbox 1965 5741 3551 5827">
    <p class='ocr_par' dir='ltr' id='par_1_115' title="bbox 1965 5741 3551 5827">
     <span class='ocr_line' id='line_1_115' title="bbox 1965 5741 3551 5827; baseline -0.011 -16"><span class='ocrx_word' id='word_1_823' title='bbox 1965 5741 2177 5827; x_wconf 68' lang='lat' dir='ltr'><strong>stigata.</strong></span> <span class='ocrx_word' id='word_1_824' title='bbox 2205 5764 2248 5806; x_wconf 84' lang='lat' dir='ltr'><strong>et</strong></span> <span class='ocrx_word' id='word_1_825' title='bbox 2277 5755 2318 5804; x_wconf 84' lang='lat' dir='ltr'><strong>si</strong></span> <span class='ocrx_word' id='word_1_826' title='bbox 2340 5768 2438 5827; x_wconf 78' lang='lat' dir='ltr'><strong>qua</strong></span> <span class='ocrx_word' id='word_1_827' title='bbox 2462 5751 2614 5827; x_wconf 78' lang='lat' dir='ltr'><strong>aliaa</strong></span> <span class='ocrx_word' id='word_1_828' title='bbox 2636 5748 2843 5827; x_wconf 60' lang='lat' dir='ltr'><strong>uulgata</strong></span> <span class='ocrx_word' id='word_1_829' title='bbox 2867 5754 3042 5827; x_wconf 72' lang='lat' dir='ltr'><strong>nostra</strong></span> <span class='ocrx_word' id='word_1_830' title='bbox 3066 5743 3289 5827; x_wconf 40' lang='lat' dir='ltr'><strong>editi-one</strong></span> <span class='ocrx_word' id='word_1_831' title='bbox 3309 5741 3551 5827; x_wconf 78' lang='lat' dir='ltr'><strong>aliquan-</strong></span> 
     </span>
    </p>
   </div>
   <div class='ocr_carea' id='block_1_116' title="bbox 1968 5815 3546 5890">
    <p class='ocr_par' dir='ltr' id='par_1_116' title="bbox 1968 5815 3546 5890">
     <span class='ocr_line' id='line_1_116' title="bbox 1968 5815 3546 5890; baseline -0.011 -9"><span class='ocrx_word' id='word_1_832' title='bbox 1968 5815 2130 5883; x_wconf 57' lang='lat' dir='ltr'><strong>tulvunt</strong></span> <span class='ocrx_word' id='word_1_833' title='bbox 2162 5815 2538 5889; x_wconf 57' lang='lat' dir='ltr'><strong>discrepabunt,</strong></span> <span class='ocrx_word' id='word_1_834' title='bbox 2575 5820 2624 5872; x_wconf 79' lang='lat' dir='ltr'><strong>in</strong></span> <span class='ocrx_word' id='word_1_835' title='bbox 2655 5817 2835 5870; x_wconf 86' lang='lat' dir='ltr'><strong>indicis</strong></span> <span class='ocrx_word' id='word_1_836' title='bbox 2866 5815 3083 5884; x_wconf 76' lang='lat' dir='ltr'><strong>formam</strong></span> <span class='ocrx_word' id='word_1_837' title='bbox 3106 5815 3412 5890; x_wconf 73' lang='lat' dir='ltr'><strong>redegimtts,</strong></span> <span class='ocrx_word' id='word_1_838' title='bbox 3438 5819 3546 5871; x_wconf 83' lang='lat' dir='ltr'><strong>etc.</strong></span> 
     </span>
    </p>
   </div>
  </div>
