4026 6212
604 317 672 372 19
1440 303 1534 360 ΔΙ)
1569 301 1792 359 OPEIIA
1835 298 2113 358 JOANNIS
2147 296 2460 358 CASSIANI
2504 295 3038 358 PROLEGONENA.
3799 314 3867 369 ευ

1218 441 1437 484 σεαυιο
1463 443 1589 483 XVII.

1314 521 1472 578 1606.

671 618 932 690 Lugduni,
982 616 1148 672 ἱιιοὸο.
1194 615 1416 669 Joannis
1448 612 1696 668 Cassiani
1726 611 1796 669 de
1841 609 2185 667 Institutione

601 711 1042 768 Renuntiantinm
1109 709 1230 763 libri
1283 707 1399 772 XII,
1451 705 1786 762 Collationes
1835 706 1932 762 SS.
1962 705 2182 761 Patrum

602 803 790 860 XXIV.
820 803 1071 858 Occurrit
1102 801 1156 856 in
1189 799 1305 855 Cat.
1347 799 1485 854 Bibl.
1520 799 1689 854 Musei
1714 797 1871 854 Britt.
1915 799 1994 853 Ex
2029 798 2184 853 titulo

517 923 522 932 -
600 905 770 965 patet,
794 896 1175 966 repetitionem
1207 892 1464 948 Romana
1491 907 1650 958 esse;
1685 892 1738 948 id
1766 891 1912 962 quod
1953 891 2181 948 Cazaus

598 991 765 1045 etiam
797 990 852 1044 in
884 987 1207 1060 pralatione
1231 987 1490 1044 editionis
1513 1000 1626 1042 sua
1655 985 1959 1044 conﬁrmat.

571 1079 582 1142 ὲ
1330 1084 1490 1138 1611.

665 1176 866 1241 Ιίοηιιε,
901 1176 1036 1245 typis
1063 1175 1291 1230 Camerar
1343 1174 1686 1247 Apostolicte;
1737 1173 1903 1232 in-80.
1952 1173 2181 1230 Joannis

593 1270 838 1326 Cassiani
873 1270 1128 1326 Eremitm
1172 1271 1296 1326 libri
1337 1271 1432 1327 XII
1463 1272 1532 1329 de
1562 1272 1828 1328 Institutis
1861 1273 2181 1328 renuntian-

592 1362 761 1428 tium,
795 1362 1133 1417 Collationes
1179 1361 1276 1418 SS.
1326 1362 1547 1418 Patrum
1595 1361 1789 1430 XXIV,
1833 1363 1964 1418 libri
1993 1361 2083 1417 VII
2111 1363 2180 1418 de

593 1455 761 1510 Verbi
799 1455 1176 1511 Incarnatione
1203 1473 1325 1512 cum
1355 1458 1796 1512 annotationibus
1836 1465 1892 1512 et
1920 1457 2180 1512 observa-

593 1546 855 1602 tionibus.
885 1548 1254 1604 Accesserunt
1280 1548 1484 1620 Regula
1514 1550 1574 1605 S.
1605 1548 1881 1604 Pachomii
1911 1565 1926 1614 ;
1959 1548 2179 1619 Regulae

593 1637 693 1693 SS.
727 1637 948 1692 Patrum
981 1649 1036 1692 et
1061 1640 1119 1694 S.
1153 1640 1402 1710 Prosperi
1426 1639 1683 1710 Aquitani
1735 1640 1874 1695 liber
1901 1639 1970 1694 de
1993 1638 2177 1695 Gratia

593 1728 694 1783 Dei
720 1739 776 1784 et
802 1730 974 1785 libero
1002 1730 1267 1801 Arbitrio,
1303 1740 1360 1788 et
1386 1732 1801 1788 observationes
1838 1732 1893 1786 in
1925 1732 2040 1788 loca
2063 1746 2176 1786 am-

2213 430 2262 488 Λ
2289 433 2380 479 aut
2422 425 2757 496 reformando
2803 443 2906 482 non
2941 441 3250 498 magnopere
3300 427 3646 482 laborandum
3696 431 3863 485 misti-

2286 520 2441 587 mavi,
2472 536 2590 573 cum
2617 510 3102 576 satis'emendatum
3121 528 3170 574 et
3198 521 3524 576 enucleatum
3561 537 3676 576 eum
3723 525 3861 581 nobis

2282 614 2578 683 reliquerint
2604 613 2865 686 Cuychius
2907 625 2956 668 et
3000 614 3334 684 Ciacconius,
3383 617 3479 671 uiri
3510 617 3788 673 doctissimi
3816 638 3854 674 ei

2281 709 2681 773 accuratissimi,
2701 709 2792 778 qui
2814 709 2974 763 hacin
2994 726 3051 763 re
3071 719 3334 764 strenuam
3353 726 3560 782 operam
3587 721 3852 766 navarunt.

2281 801 2493 857 Contuli
2519 813 2686 857 tamen
2707 820 2826 857 cum
2854 805 3054 874 aliquot
3100 803 3481 872 exemplaribus
3509 813 3617 858 tum
3643 807 3853 870 excusis,

2282 901 2391 946 tum
2407 910 2552 959 mss.,
2577 901 2625 949 et
2647 894 2861 947 subinde
2885 895 3120 964 quaedam
3146 894 3261 947 loca
3285 893 3348 946 ab
3368 893 3471 948 illis
3492 897 3851 966 praetermissa,

2280 992 2368 1037 aut
2398 984 2569 1036 minus
2599 1001 2824 1055 expensa
2865 983 3088 1050 correxi,
3134 994 3225 1038 aut
3279 986 3506 1053 excussi,
3538 996 3586 1039 et
3637 988 3855 1040 adhibita

2275 1078 2435 1130 etiaus
2479 1075 2720 1146 Dionysii
2743 1075 3078 1131 Cari/tusiani
3107 1074 3439 1148 paraphrasi,
3468 1077 3634 1131 lucem
3671 1079 3820 1132 ascivi
3839 1093 3855 1138 ;

2278 1183 2429 1241 quem
2459 1179 2630 1224 tamen
2648 1169 3042 1241 paraphrastem
3063 1170 3231 1241 (salva
3257 1171 3386 1224 tanti
3408 1170 3505 1224 viri
3532 1171 3855 1240 auctoritate)

2279 1277 2669 1333 nonnumquam
2714 1260 2779 1316 ab
2810 1263 3041 1316 auctoris
3071 1271 3260 1328 mente,
3304 1279 3368 1316 ac
3413 1264 3668 1318 sententia
3715 1263 3856 1316 aber-

2278 1369 2422 1411 rasse
2443 1355 2736 1419 submonui,
2761 1356 2966 1408 lectoris
2998 1354 3204 1408 interim
3231 1355 3428 1425 iudicio
3458 1356 3827 1409 arbitrantium.

2349 1451 2414 1506 II.
2447 1450 2814 1505 Annotationes
2855 1450 2962 1520 fere
3007 1458 3280 1520 perpetuas
3315 1450 3517 1521 adjeci,
3549 1450 3729 1518 quibus
3759 1463 3855 1503 non

2278 1544 2446 1598 solum
2473 1556 2642 1608 voces,
2675 1554 2722 1596 et
2758 1544 3009 1598 dictiones
3039 1543 3290 1614 quasdam
3329 1541 3558 1612 Graecas,
3590 1542 3852 1610 barbaras,

2279 1646 2370 1691 aut
2402 1637 2570 1691 minus
2593 1638 2828 1708 vulgatae
2878 1637 3170 1704 elucidavi;
3211 1637 3301 1692 sed
3327 1648 3376 1692 et
3397 1639 3666 1692 sententias
3703 1653 3856 1708 quas-

2278 1745 2376 1800 que
2397 1729 2733 1798 obscuriores,
2769 1731 2944 1786 itidem
2969 1732 3274 1796 quiestiones
3298 1730 3610 1802 theologicas
3641 1731 3709 1783 ad
3744 1747 3855 1785 mo-

595 1819 790 1890 bigua:
825 1823 1006 1876 omnia
1035 1822 1210 1876 multo
1255 1823 1624 1878 emendatiora
1674 1836 1832 1892 quam
1876 1831 2031 1878 antea
2080 1839 2176 1879 ex-
2205 1808 2535 1878 Bnasticum
2581 1825 2867 1878 institutum
2921 1832 3233 1894 spectantes,
3276 1839 3464 1893 easque
3508 1825 3752 1895 perutiles
3797 1839 3857 1877 ex

595 1929 744 1971 cusa.
775 1912 887 1969 Cat.
913 1913 1050 1969 Bibl.
1079 1914 1211 1988 Reg.
1248 1914 1404 1970 Paris
1433 1927 1480 1970 et
1504 1915 1645 1970 Bibl.
1671 1915 2001 1971 Casanatens.

1303 2013 1464 2067 1616.

664 2103 854 2172 Duaci,
899 2121 962 2159 ea:
1008 2103 1356 2176 typographia
1403 2102 1700 2159 Baltasaris
1729 2101 1958 2172 Belleri;
2005 2103 2173 2173 iit-8',

594 2195 693 2251 111
722 2199 895 2253 tomis.
939 2197 1164 2253 Joannis
1211 2196 1454 2253 Cassiani
1500 2197 1829 2267 presbyteri,
1879 2211 2041 2270 quem
2083 2199 2176 2255 alii

592 2292 899 2357 eremitam,
932 2292 1026 2346 alii
1067 2291 1318 2347 abbatem
1361 2300 1697 2362 nuncupant,
1740 2292 1916 2362 Opera
1961 2294 2165 2349 omnia.

591 2385 897 2441 Novissime
919 2385 1222 2456 recognita,
1255 2397 1549 2456 repurgata
1580 2395 1633 2442 et
1652 2387 1795 2443 notis
1817 2387 2171 2458 amplissimis

593 2480 884 2534 illustrata.
918 2480 1123 2547 Quibus
1150 2493 1434 2536 accessere
1469 2480 1576 2536 alia
1601 2481 1843 2550 ejusdem
1867 2483 2175 2553 argumenti

592 2570 873 2639 Opuscula,
906 2586 1134 2642 quorum
1159 2571 1457 2627 Elenchum
1477 2588 1711 2643 sequens
1737 2574 1928 2645 pagina
1954 2575 2176 2632 exhibe-

591 2663 695 2717 bit.
745 2663 937 2718 Studio
989 2673 1044 2720 et
1093 2679 1257 2734 opera
1303 2665 1369 2722 D.
1399 2666 1581 2721 Διανάὶ
1629 2664 1833 2736 Gauri,
1891 2669 2176 2726 cmnobitte

593 2753 873 2811 Vedastini
919 2757 1035 2812 ord.
1072 2757 1372 2814 Benedicti.

660 2847 868 2904 'I‘omus
895 2850 1163 2906 secundus
1182 2852 1389 2908 duabus
1415 2851 1664 2922 partibus
1685 2860 1914 2920 constat,
1947 2870 2174 2925 quarum

589 2939 762 2993 altera
795 2941 991 3009 incipit
1019 2956 1048 2995 a
1077 2942 1397 3012 praefatione
1420 2943 1743 3000 Collationis
1770 2942 1955 3011 XVIII,
1983 2947 2177 3018 pagina

590 3028 716 3098 88-1,
751 3046 871 3100 qua:
895 3041 980 3086 est
1011 3033 1151 3087 tituli
1181 3035 1368 3104 ipsius.
1419 3033 1716 3106 Utriusque
1758 3035 1890 3092 tomi
1919 3038 2175 3094 elenchus

588 3132 711 3190 post
735 3124 954 3179 titulum
973 3126 1156 3179 statim
1175 3126 1264 3180 liic
1294 3135 1592 3198 comparet.
1626 3129 1813 3185 Insunt
1832 3139 1966 3185 tomo
1985 3131 2169 3202 primo;

2278 1915 2549 1970 occasione
2573 1925 2914 1980 occurrentes,
2934 1923 3129 1986 quanta
3156 1915 3294 1984 potui
3315 1914 3569 1981 facilitate
3589 1923 3640 1967 et
3664 1915 3858 1985 perspi-

2275 2009 2468 2064 cuitate
2494 2026 2586 2081 pro
2608 2020 2763 2080 captu
2774 2011 3045 2080 juniorum
3073 2008 3395 2063 examinari:
3423 2006 3561 2060 unde
3589 2008 3737 2060 multi
3756 2007 3858 2062 loci

2278 2113 2574 2155 communes
2611 2104 2674 2155 de
2701 2102 2852 2156 rebus
2881 2101 3177 2157 monasticis
3202 2101 3253 2154 in
3282 2116 3407 2154 usus
3435 2100 3769 2169 quotidianae
3795 2117 3859 2155 ac

2278 2193 2567 2265 familiares
2587 2195 2822 2267 depromi
2842 2205 3046 2267 queant.
3075 2193 3306 2266 Ingenue
3325 2194 3529 2248 interim
3560 2193 3725 2264 fateor
3739 2194 3857 2249 sub-

2276 2286 2397 2342 inde
2427 2287 2662 2359 adjutum
2690 2303 2771 2342 me
2802 2298 2911 2342 tum
2933 2287 3280 2342 natationibus
3311 2285 3546 2356 Cuyclu'i,
3578 2296 3686 2340 tum
3717 2284 3858 2341 οἱπερ

2279 2381 2435 2448 conii,
2467 2398 2594 2451 quas
2635 2383 2850 2453 proinde
2879 2390 2925 2436 et
2971 2383 3119 2448 meis,
3153 2382 3357 2453 publica
3389 2384 3520 2435 bono
3564 2383 3852 2448 consulens,

2275 2474 2351 2527 ita
2370 2473 2588 2540 inserui,
2621 2485 2673 2527 ut
2715 2484 2885 2528 tamen
2923 2491 3043 2530 suus
3065 2475 3247 2546 cuique
3277 2474 3478 2528 auctori
3520 2482 3750 2536 acceptas
3777 2490 3859 2527 re-

2279 2571 2487 2641 ferrem,
2507 2567 2637 2623 nihil
2661 2569 2887 2623 alienum
2919 2569 3046 2622 mihi
3071 2570 3355 2625 vindicans.
3387 2567 3570 2639 Neque
3596 2580 3712 2621 vero
3734 2567 3859 2620 mihi

2276 2660 2470 2713 excidit
2497 2657 2632 2712 illud
2672 2658 2835 2714 Plinii
2888 2663 2957 2715 ad
3005 2659 3384 2730 Vespasianum
3422 2662 3548 2716 scite
3578 2661 3857 2730 scriptum;

2277 2749 2579 2820 Benignum
2626 2765 2771 2820 esse,
2805 2761 2859 2807 et
2888 2753 3101 2822 ingenui
3143 2754 3361 2824 plenum
3398 2753 3620 2826 pudoris
3669 2752 3849 2818 lateri,

2276 2859 2376 2918 per
2397 2859 2532 2917 quos
2561 2846 2975 2916 profecerimus.

2345 2941 2432 2997 III.
2475 2940 2641 2997 Porro
2671 2942 2908 3009 antiquos
2932 2943 3082 3007 ritus,
3107 2951 3155 2997 et
3182 2941 3414 2997 instituta
3439 2950 3655 3006 veterum
3681 2953 3860 2995 mona~

2277 3031 2486 3088 chorum
2527 3043 2632 3088 tum
2665 3034 2717 3087 in
2739 3033 2915 3104 ofﬁciis
2950 3033 3134 3088 divinis
3163 3035 3464 3107 peragendis
3488 3074 3502 3101 ,
3532 3044 3636 3087 tum
3660 3035 3711 3085 in
3742 3032 3862 3087 aliis

2278 3127 2716 3182 exercitationibus
2745 3127 2974 3181 asceticis
3000 3127 3199 3181 curiose
3232 3126 3486 3180 observavi
3514 3132 3541 3190 ,'
3570 3135 3620 3178 et
3643 3124 3774 3179 velut
3803 3124 3863 3176 in

587 3215 654 3270 de
682 3213 950 3272 Institutis
997 3218 1371 3275 ccenoblorum
1417 3195 1540 3276 libri
1573 3221 1692 3291 XII,
1719 3238 1840 3279 cum
1884 3195 2168 3281 commen;
2194 3195 2240 3261 ο
2273 3220 2448 3274 tabula
2471 3222 2672 3292 depicta
2691 3221 2865 3274 lectori
2893 3219 3192 3291 diligentius
3217 3217 3534 3288 inspicienda
3562 3225 3611 3270 et
3635 3225 3861 3270 contem-

586 3308 740 3362 tariis
787 3318 840 3364 et
893 3312 1289 3380 notationibus,
1324 3313 1527 3385 Regula
1554 3315 1612 3372 S.
1646 3317 1924 3373 Pachomii
1959 3319 2088 3374 olim
2135 3335 2164 3376 a

583 3400 642 3456 S.
678 3401 1007 3475 Ilieronymo
1036 3403 1227 3462 Latine
1255 3407 1546 3464 translata:
1582 3422 1723 3465 nunc
1751 3410 1914 3466 etiam
1945 3411 2166 3468 scltoliis

582 3503 639 3549 et
683 3498 826 3550 notis
868 3495 1171 3566 illustrata;
1215 3497 1406 3556 Flores
1449 3501 1698 3558 Cassiani
1746 3503 1866 3558 sive
1907 3503 2166 3560 illustrio-

581 3603 670 3643 res
702 3591 989 3647 sententiae
1019 3607 1086 3647 ex
1131 3593 1301 3664 ipsius
1332 3596 1592 3665 operibus
1631 3593 1900 3653 collectae.
1942 3595 2165 3653 Joannis

579 3677 824 3736 Cassiani
857 3682 925 3738 de
951 3682 1154 3740 Christi
1190 3687 1570 3746 Incarnatione
1600 3691 1697 3748 lib.
1751 3687 1852 3747 VII.
1889 3692 2050 3747 Temo
2079 3693 2162 3748 al-

582 3782 720 3827 tero:
744 3774 830 3830 Jo.
851 3774 1487 3836 CassianiCollationum
1520 3781 1622 3837 PP.
1658 3779 1852 3849 XXIV,
1885 3799 2164 3839 commen-

580 3867 734 3918 tariis
771 3878 825 3921 et
868 3870 1011 3923 notis
1043 3872 1347 3928 illustrataz.
1380 3873 1631 3948 Dionysii
1661 3867 2021 3934 'Carlliusiani
2051 3877 2160 3934 Do-

578 3957 759 4010 ctrina
790 3957 1066 4015 Catholica
1094 3961 1382 4018 Collationi
1427 3965 1546 4019 XIII
1577 3967 1886 4023 substituta.
1926 3969 1989 4024 D.
2023 3969 2158 4026 Pro-

578 4052 725 4118 spcri
791 4052 1099 4122 Aquitanici
1162 4053 1297 4109 liber
1354 4055 1423 4111 de
1476 4053 1658 4112 Gratia
1719 4058 1815 4112 Del
1875 4069 1930 4114 et
1991 4061 2162 4118 libero

576 4143 822 4199 Arbitrio
850 4153 1038 4200 contra
1069 4145 1419 4201 Collatorem.
1469 4146 1532 4201 II.
1565 4143 1626 4204 D.
1661 4147 1876 4207 Henrici
1910 4152 2156 4226 Cuychii,

579 4236 823 4304 episcopi
871 4237 1364 4304 Ruremondensis,
1416 4241 1799 4300 annotationes
1856 4244 1973 4300 sive
2025 4257 2160 4303 nota:

578 4327 827 4380 censoria:
849 4326 914 4380 ad
940 4329 1026 4383 J0.
1049 4326 1296 4384 Cassiani
1319 4329 1506 4386 libros.
1538 4332 1750 4388 Statuta
1774 4333 2000 4391 duarum
2031 4355 2158 4394 con-

576 4421 948 4485 gregationum
999 4418 1118 4473 sive
1152 4419 1524 4488 Capitulorum
1574 4426 1908 4493 generalium
1941 4429 2054 4484 0rd.
2090 4429 2153 4487 D.

577 4507 875 4563 Benedicti.
903 4509 1048 4564 Petri
1067 4510 1341 4566 Ciacconii
1357 4513 1662 4587 presbyteri
1690 4517 1936 4576 Toletani
1962 4521 2156 4578 obser-

576 4603 822 4659 vationes
847 4609 896 4658 in
923 4603 1362 4661 Jo.Cassianum.
1399 4607 1612 4665 Indices
1637 4622 1892 4680 quatuor,
1923 4631 2155 4685 quorum

577 4713 775 4764 primus
806 4707 887 4752 est
919 4698 1165 4752 locorum
1197 4715 1364 4756 sacra:
1387 4701 1683 4773 Scriptura:
1714 4709 2009 4763 secundum
2037 4704 2157 4764 vul-

577 4796 755 4855 gatam
782 4789 1076 4843 editionem
1099 4792 1302 4858 passim
1329 4791 1382 4845 in
1409 4793 1513 4848 hoc
1537 4811 1705 4864 opere
1731 4798 2151 4868 eXplicatorum;

575 4880 851 4944 secuiulus,
876 4883 1230 4950 quorumdam
1256 4885 1497 4941 locorum
1528 4889 1824 4944 secundum
1846 4891 2153 4948 versionem

577 4968 721 5023 LXX
748 4971 1102 5041 lntcrpretum
1126 4991 1139 5039 ;
1165 4977 1367 5044 tertius,
1395 4995 1576 5033 rerum
1601 4989 1654 5035 et
1682 4996 1873 5036 vocum
1903 4998 2157 5052 quarunt-

489 5117 491 5121 ,
574 5064 699 5119 dam
744 5066 796 5119 in
852 5075 999 5121 textu
1029 5068 1747 5138 Cassianioccurrentium;
1806 5083 2041 5147 quartus,
2100 5077 2152 5131 in

477 5155 483 5161 ”
573 5161 966 5213 commentaria
998 5169 1052 5214 et
1080 5165 1404 5220 notationes.
1465 5163 1765 5237 Prteligitur
1794 5177 1849 5223 et
1889 5178 2034 5226 tomo
2064 5183 2152 5225 se-

574 5251 751 5305 cundo
790 5250 854 5305 D.
907 5252 1155 5320 Anselmi,
1187 5254 1564 5312 Cantuariens.
1614 5261 1882 5329 archiep.,
1918 5261 2151 5318 Carmen

571 5345 810 5400 divinum
843 5345 909 5399 de
940 5346 1047 5401 vita
1087 5348 1474 5404 monachorum
1503 5359 1560 5404 et
1603 5351 1747 5407 Laus
1792 5354 1918 5409 vita:
1965 5369 2153 5412 mona-

569 5438 723 5492 sticae
756 5438 965 5492 incerto
985 5446 1224 5493 auctore.
1256 5439 1546 5508 Praeterea,
1579 5442 1705 5512 quid
1738 5443 1789 5497 in
1817 5444 1917 5498 hac
1948 5455 2154 5514 postre-

569 5543 654 5581 ma
708 5529 948 5584 editione
987 5531 1343 5585 allaboratum
1398 5543 1489 5587 aut
1530 5546 1777 5589 curatum
1820 5535 2150 5608 fueritquod

574 5620 788 5688 quidem
819 5622 884 5674 ad
912 5638 1010 5678 sex
1035 5633 1307 5679 momenta
1331 5625 1498 5683 relert
1540 5629 1739 5700 editor,
1770 5631 1940 5702 ipsius
1967 5635 2150 5694 verbis

568 5714 1008 5779 cognoscendum
1038 5716 1306 5774 dabimus.

639 5806 682 5863 I.
723 5808 957 5867 Primum
982 5815 1191 5884 quidem
1230 5815 1294 5871 de
1339 5824 1482 5871 textu
1513 5819 1749 5878 Auctoris
1789 5824 2137 5894 repurgando,

2268 3313 2465 3385 ptanda
2508 3314 2754 3386 proposui
2783 3329 2802 3368 :
2843 3313 2927 3368 Ea:
2971 3315 3154 3384 quibus
3193 3311 3402 3375 itidem,
3436 3320 3692 3378 tamquam
3732 3309 3862 3362 locis

2268 3406 2615 3460 communibus
2633 3447 2648 3473 ,
2680 3407 3042 3477 antiquitatum
3068 3405 3464 3460 monasticarnm
3492 3402 3752 3455 studiosus
3772 3402 3861 3488 in:

2268 3499 2486 3570 telligat,
2515 3499 2695 3569 quibus
2723 3501 3016 3554 auctoribus
3047 3509 3093 3554 et
3119 3499 3520 3554 observatoribus
3552 3491 3862 3562 huiusmod'

2265 3595 2397 3648 ritus
2422 3602 2469 3648 et
2491 3594 2820 3648 observantiae
2849 3595 3142 3648 monastica:
3168 3636 3182 3659 ,
3205 3593 3384 3663 quibus
3413 3607 3599 3662 magna
3624 3605 3742 3662 pars
3768 3603 3855 3642 re-

2263 3685 2458 3757 gularis
2491 3685 2778 3757 disciplima
2810 3686 3118 3750 continetur,
3151 3687 3295 3754 quasi
3317 3698 3406 3755 per
3432 3697 3616 3736 manus
3648 3680 3857 3734 traditis

2267 3775 2335 3831 ad
2364 3795 2456 3832 nos
2486 3781 2826 3848 pervenerint.

2337 3865 2429 3924 IV.
2480 3868 2665 3923 Verum
2690 3869 2820 3922 illud
2855 3865 3108 3940 prtecipue
3135 3867 3359 3939 spectavi
3383 3908 3397 3932 ,
3438 3874 3483 3920 et
3527 3867 3621 3920 hoc
3650 3864 3856 3935 potissi-

2265 3975 2401 4015 mum
2421 3962 2624 4015 nomine
2655 3961 2899 4015 Cassiano
2925 3977 3006 4014 me
3032 3959 3232 4027 addixi,
3265 3968 3320 4013 ut
3341 3959 3392 4012 in
3418 3959 3659 4030 gratiam,
3689 3961 3734 4010 et
3757 3956 3849 4009 ob-

2261 4055 2491 4120 sequium
2510 4052 2916 4106 commilitonum
2934 4063 2982 4108 et
3007 4052 3328 4124 confratrum
3355 4067 3607 4120 meorum,
3627 4047 3858 4104 ordinis!

2260 4139 2509 4212 inquam,
2541 4138 2862 4196 Benedictiui
2903 4143 3267 4196 caenobitarnm
3297 4141 3412 4210 (cui
3450 4157 3529 4196 me
3577 4139 3708 4196 Deus
3753 4155 3850 4193 sua

2262 4237 2432 4306 gratia
2451 4235 2754 4305 inscriptum
2777 4232 2935 4290 voluit
2967 4234 2984 4307 )
3016 4237 3289 4307 plerasque
3307 4278 3322 4304 ,
3345 4253 3406 4290 ac
3434 4238 3721 4308 prwcipuas
3749 4233 3856 4289 Re-

2261 4327 2408 4398 gulos
2427 4328 2733 4382 sanctissimi
2761 4326 2938 4382 Patris
2979 4329 3144 4383 nostri
3172 4327 3472 4395 Benedicti,
3509 4339 3756 4399 quantum
3797 4327 3856 4381 in

2260 4437 2342 4479 me
2369 4430 2516 4488 esset,
2548 4420 2656 4476 Deo
2675 4425 2887 4496 juvante
2906 4466 2920 4494 ,
2954 4434 3105 4494 prout
3132 4439 3185 4477 se
3212 4423 3348 4477 dedit
3372 4423 3572 4476 occasio
3590 4465 3604 4489 ,
3631 4435 3694 4475 es;
3717 4419 3856 4475 Cas-

2260 4513 2406 4570 siano
2433 4515 2740 4586 explicarem
2765 4558 2781 4584 ,
2804 4525 2851 4571 et
2882 4517 3170 4588 complures
3199 4517 3311 4588 ejus
3341 4515 3479 4568 locos
3512 4513 3579 4566 ad
3606 4511 3856 4566 Cassiani

2260 4605 2455 4676 scripta
2475 4648 2490 4673 ,
2519 4608 2655 4660 velut
2691 4608 2758 4660 ad
2786 4617 3117 4679 prototypum
3140 4624 3289 4662 suum
3316 4605 3582 4675 referrem,
3611 4621 3671 4658 ac
3699 4618 3853 4659 revo-

2262 4714 2450 4754 carem.
2504 4695 2650 4756 Unde
2680 4698 2873 4772 liquido
2903 4712 3116 4772 apparet
3142 4745 3156 4771 ,
3183 4713 3372 4770 quanta
3401 4715 3546 4767 cura,
3575 4715 3728 4771 quam
3754 4697 3847 4766 pia

2259 4797 2499 4852 etsolerti
2528 4796 2853 4852 writulatione
2874 4800 3229 4853 sanctissimus
3250 4807 3397 4868 pater
3426 4795 3730 4850 Benedictus
3761 4809 3851 4846 ve-

2262 4897 2390 4945 teres
2411 4889 2685 4945 monachos
2713 4891 2904 4944 imitari
2931 4891 3207 4956 studuerit,
3241 4898 3288 4942 et
3319 4903 3492 4942 eorum
3514 4887 3738 4958 vestigiis
3767 4885 3855 4938 in-

2261 4981 2462 5049 sistere,
2495 4997 2686 5051 suoque
2713 4985 2946 5054 exemplo
2974 4992 3020 5037 et
3056 4982 3374 5037 institutione
3407 4997 3528 5036 suos
3571 4977 3850 5036 cwnobitas

2255 5071 2325 5128 ad
2345 5090 2520 5128 eorum
2545 5075 2874 5131 imitationem
2906 5092 3201 5146 prorocare.

2327 5169 2394 5225 ν.
2437 5166 2518 5223 Ad
2556 5168 2662 5225 haec
2694 5171 2967 5227 sententias
2998 5173 3301 5226 illustriores
3329 5167 3562 5225 Cassiani
3589 5169 3852 5223 similibus

2252 5264 2512 5318 sententiis
2548 5274 2592 5318 et
2630 5265 2810 5335 elogiis
2841 5264 2948 5320 SS.
2989 5263 3204 5319 Patrum
3233 5260 3458 5330 Basilii,
3497 5261 3806 5332 Hieronymi
3837 5306 3850 5322 .

2252 5359 2563 5432 Augustini,
2596 5358 2866 5428 Gregorii,
2897 5358 3217 5428 aliorumque
3243 5359 3435 5426 passim
3466 5356 3721 5410 illustrari
3751 5395 3765 5418 ,
3803 5366 3852 5406 rt

2255 5454 2513 5518 roboravi,
2532 5464 2580 5508 et
2606 5467 2670 5507 es
2687 5451 2791 5506 illis
2815 5450 3094 5507 nonnullas
3121 5453 3412 5506 selectior'es
3433 5461 3480 5506 et
3503 5450 3695 5514 breves,
3731 5447 3845 5500 uel-

2255 5556 2310 5598 ut
2330 5546 2561 5604 stellulas
2590 5543 2987 5616 sﬂendidiores,
3028 5543 3084 5597 in
3115 5561 3273 5598 unum
3291 5544 3552 5606 collectas,
3580 5551 3626 5595 et
3657 5540 3846 5594 ordine

2253 5639 2476 5710 digestas
2501 5641 2569 5696 ad
2607 5639 2796 5694 calcem
2827 5640 2995 5711 operis
3023 5636 3248 5713 seposui,
3276 5656 3376 5711 quo
3417 5646 3463 5693 et
3492 5635 3697 5709 facilius
3733 5649 3845 5686 me.-

2249 5734 2428 5788 tnorire
2460 5731 2767 5787 mndentur
2791 5749 2822 5786 a
2855 5734 3184 5804 junioribus,
3207 5743 3254 5788 et
3276 5732 3504 5786 tenacius
3524 5729 3840 5798 inﬁgantur.

2326 5826 2408 5881 VI.
2449 5827 2528 5880 Ad
2554 5835 2866 5897 extremum,
2903 5845 2965 5885 ne
2997 5829 3120 5898 quid
3147 5829 3384 5884 lectorem
3410 5827 3460 5881 in
3487 5825 3645 5896 hujus
3662 5823 3843 5892 operis
