4026 6212
228 323 291 377 si
827 315 1097 374 NOTITIA
1132 298 1943 372 «eranteo-mnuum
1978 299 2047 357 IN
2081 295 2402 359 JOMNEM
2434 296 2853 357 caesurus.
3199 270 3222 317 ’·
3423 300 3494 353 :2
3548 364 3551 367 _

232 438 447 495 decursu
469 432 745 503 remorari,
763 433 843 490 vel
859 429 1136 501 statim,
1161 430 1243 486 uel
1267 427 1449 500 quovis
1469 425 1624 481 modo
1649 423 1709 477 in
1725 437 1807 476 er-
1830 422 1885 483 Α
1907 415 2077 489 pitula
2106 422 2166 470 nt
2191 414 2244 471 in
2272 412 2446 484 prima
2470 413 2614 469 notis
2634 412 2922 471 distinctus
2945 422 3055 479 est,
3080 425 3201 485 quae
3222 411 3491 469 columnis

234 546 401 587 rorem
440 528 685 584 inducere
707 536 917 601 posset,
965 532 1147 597 prater
1173 532 1378 578 nostras
1418 518 1806 581 cunctationes,

234 626 387 680 etiam
415 622 549 679 alias
574 622 965 689 observationes,
998 624 1045 675 et
1069 617 1328 675 censorias
1354 622 1507 670 notas
1532 621 1642 665 turn
1671 608 1812 679 Cug-

231 715 359 786 cltil,
401 720 505 769 tum
534 712 789 770 οἰακοΜὲ
818 711 1193 786 adjnngendas,
1224 718 1275 764 et
1291 708 1360 761 ad
1402 706 1595 760 calcent
1632 700 1812 757 itidem

232 824 324 863 suo
351 806 529 863 ordine
554 805 883 862 collocandas
913 804 1038 859 duxi
1057 848 1072 873 ,
1100 802 1285 875 quibus
1311 797 1560 854 antidotis
1583 795 1811 849 monitus

231 898 437 973 quilibet
466 898 775 957 Cassianum
806 898 1039 969 deinceps
1064 895 1317 965 ina/Teneo
1340 891 1468 964 peds
1519 892 1809 962 percurrat,

231 988 485 1061 nihilque,
516 990 656 1064 quod
677 990 744 1045 ad
768 992 939 1064 operis
969 987 1328 1061 perfectionem
1348 982 1429 1040 sel
1448 981 1608 1037 animi
1628 980 1709 1036 sui
1730 993 1812 1034 se-

231 1082 494 1140 curitatem
532 1083 810 1156 pertineat,
848 1082 1073 1153 amplius
1111 1080 1387 1136 desideret.
1435 1074 1578 1144 Quas
1607 1070 1814 1144 quidem

229 1174 598 1232 observationes
635 1174 905 1249 diligenter
927 1174 993 1229 iis
1024 1169 1378 1244 prclegendas
1400 1166 1593 1223 uades
1625 1172 1676 1218 et
1700 1178 1813 1216 mo-

227 1286 339 1337 neo,
362 1269 452 1341 qui
473 1281 572 1325 non
592 1280 753 1340 usque
779 1268 911 1323 adeo
933 1264 989 1321 in
1007 1264 1090 1321 Ais
1110 1265 1315 1333 versati,
1348 1260 1507 1316 libros
1531 1257 1815 1331 prsessrtim

228 1363 574 1421 cellationum
595 1408 610 1432 ,
646 1362 878 1433 aliosque
907 1360 1207 1416 utilissimas
1224 1399 1239 1425 ,
1262 1363 1311 1413 et
1332 1370 1365 1412 α
1390 1352 1499 1412 SS.
1524 1351 1773 1407 Patr-ibus
1796 1386 1813 1417 ,

1910 509 2056 565 binis
2080 509 2366 577 impressae
2394 513 2541 561 sunt.
2566 506 2775 563 Titulus
2800 506 2953 564 adest
2976 505 3201 577 duplex,
3231 505 3385 579 prelo
3411 504 3491 560 ai-

1908 610 2016 671 ter,
2045 601 2185 658 alter
2214 614 2322 656 aere
2351 599 2673 669 impressus.

2618 694 2779 751 1642.

1976 788 2202 845 Parisiis
2222 826 2238 855 ,
2281 788 2423 860 apud
2452 787 2615 843 Laur.
2638 785 2936 851 Gottereau;
2963 787 3134 858 iit-fol.
3168 786 3330 842 Joan.
3363 783 3497 839 Cas-
3583 830 3588 850 .

1911 881 2052 937 siaui
2080 895 2249 950 opera
2277 881 2459 937 omnia
2488 895 2612 936 cum
2640 878 3047 937 commentariis
3070 878 3250 934 Atardi
3276 876 3449 935 Gauri
3479 921 3493 945 ,

1910 982 2017 1030 etc.
2049 972 2162 1029 Cat.
2191 971 2329 1030 Bibi.
2358 972 2493 1049 Reg.
2522 972 2703 1030 Paris.
2724 980 2772 1027 et
2800 967 2939 1028 Bibi.
2960 968 3073 1026 Jos.
3110 971 3291 1027 llenati
3320 971 3491 1041 impe—

1911 1064 2057 1122 rialis
2082 1066 2228 1123 card.

2694 1158 2783 1213 77.

2694 1158 2725 1213 7
2767 1194 2783 1213 .

1984 1252 2227 1324 Lugduni
2255 1294 2271 1320 ,
2317 1255 2456 1326 apud
2502 1158 2835 1318 Anisifni’os;
2880 1249 3069 1320 in-[ol.
3116 1247 3204 1303 ιο.
3251 1246 3493 1303 Cassiani

1916 1345 2093 1418 Opera
2117 1347 2305 1402 omnia
2322 1362 2391 1404 ex
2410 1346 2501 1404 ed.
2520 1347 2701 1405 Alardi
2726 1344 2900 1403 Gasati
2912 1361 2934 1413 ;
2958 1345 3012 1401 in
3032 1341 3172 1399 Bibl.
3195 1340 3345 1397 Max.
3375 1337 3492 1395 PP.

223 1454 504 1512 Benedicto
532 1450 731 1511 Thema
751 1451 1283 1521 Aquinate,altisque,
1302 1455 1359 1503 ut
1380 1448 1576 1500 dictum
1600 1451 1697 1510 est,
1725 1438 1820 1495 teri
1920 1448 2065 1497 tomo
2092 1438 2183 1496 Vli
2202 1482 2217 1509 ,
2248 1455 2305 1513 p.
2327 1440 2393 1497 17
2421 1453 2575 1511 seqq.

222 1546 427 1616 solitos,
454 1544 653 1604 utiliter
670 1563 731 1602 ac
758 1544 1031 1603 salubriter
1045 1552 1254 1599 versare
1273 1538 1549 1593 uoluerint.
1574 1533 1819 1604 Subjecit

223 1639 387 1713 igitur
423 1648 581 1697 notas
621 1652 748 1697 snas
786 1636 1017 1709 singulis
1059 1634 1242 1691 statim
1287 1628 1537 1702 capitulis
1561 1668 1577 1695 ,
1627 1627 1819 1683 doctas

221 1730 424 1807 ubique
456 1743 514 1791 et
550 1730 692 1805 frugi
733 1730 940 1804 plenas.
972 1728 1352 1787 Prmtationem
1392 1722 1649 1795 praecedit
1692 1721 1812 1793 epi-

2474 1542 2687 1591 ωσι]ιο
2723 1545 2875 1589 ινιιι.

2626 1625 2781 1679 1711.

1988 1714 2227 1784 Parisiis,
2257 1716 2434 1787 in-fol.
2463 1714 2690 1772 Joannis
2717 1713 2964 1775 Cassiani
2993 1711 3226 1769 Collatio
3254 1709 3399 1780 XIII,
3427 1710 3495 1767 de

221 1830 339 1886 stola
378 1828 511 1900 ejus
542 1822 876 1884 dedicataria
906 1827 970 1881 ad
1001 1819 1305 1896 Philippum
1329 1818 1668 1879 Caverelliurn
1696 1832 1811 1877 cm-
1843 1812 1891 1876 Β
1916 1807 2264 1869 Protectione
2300 1812 2429 1881 Dei;
2468 1825 2595 1869 cum
2631 1809 2900 1882 Operibns
2937 1808 3187 1881 Prosperi
3228 1808 3404 1880 Aquit.
3436 1821 3490 1878 p.

223 1926 353 1983 nobii
396 1918 681 1981 Vedastini
708 1917 849 1993 apud
878 1916 1167 1977 Atrebates
1194 1928 1323 1975 tunc
1353 1917 1663 1988 praesulem,
1686 1914 1811 1971 data

224 2035 274 2073 es
297 2019 422 2074 wde
440 2011 599 2090 ipsius
621 2021 669 2069 et
690 2010 1029 2087 prtrpositura
1052 2010 1112 2067 S.
1142 2003 1435 2076 Michaelis,
1458 2006 1813 2080 apparitionis

224 2108 358 2165 feriis
388 2101 525 2180 Cio.
556 2105 641 2179 ις).
670 2100 832 2160 CXV.
867 2098 1065 2159 Addita
1104 2107 1191 2158 est
1220 2101 1384 2157 etiam
1411 2096 1639 2171 Cuychii
1672 2108 1814 2169 prte-

224 2200 364 2257 latio.
412 2197 710 2269 Utriusque
740 2197 872 2253 tomi
906 2193 1075 2252 limen
1100 2190 1342 2250 obsitum
1370 2198 1456 2249 est
1480 2190 1812 2250 carminibus

226 2291 594 2365 gratulatoriis
618 2294 672 2346 et
713 2284 1193 2359 anagrammaticls
1222 2285 1291 2340 ad
1322 2283 1588 2341 editorem
1618 2324 1633 2350 ,
1673 2283 1817 2339 inter

227 2402 341 2457 qua;
363 2386 537 2443 etiam
570 2396 735 2439 unum
784 2382 841 2439 in
890 2380 1131 2437 secundo
1162 2385 1312 2436 tumo
1340 2420 1355 2445 ,
1405 2378 1547 2450 quod
1593 2376 1814 2449 proprio

229 2474 627 2535 commentario
654 2474 981 2533 instructum
1010 2480 1114 2533 est.
1145 2468 1363 2530 Titulus
1394 2468 1580 2528 tabula
1613 2483 1679 2528 ex
1704 2478 1814 2527 ere

229 2572 432 2645 sculpta
457 2571 764 2645 impressus
791 2576 893 2627 est.

301 2752 584 2833 Lugduni,
612 2758 804 2831 sumpt.
841 2754 1004 2813 Laur.
1049 2752 1302 2823 Durand;
1339 2752 1515 2826 iit-fol.
1544 2750 1630 2810 Jo.
1676 2749 1811 2809 Cas-

233 2851 361 2907 siani
396 2849 534 2907 Vita!
558 2850 780 2906 Patrum
812 2867 875 2906 ea:
906 2850 1050 2907 libris
1080 2850 1193 2919 eius
1223 2847 1287 2904 de
1315 2845 1577 2902 lnstitutis
1602 2845 1814 2900 Renun-

235 2940 474 2998 tiantium
518 2949 563 2997 et
616 2938 991 2997 Collationibus
1042 2947 1318 3012 excerptas.
1359 2938 1419 2995 in
1476 2935 1658 2994 Herib.
1706 2934 1815 2992 Ro-

232 3033 422 3108 sweydi
460 3030 592 3090 Vitis
622 3051 676 3107 p.
710 3030 833 3093 563.

941 3122 1105 3182 i628.

1910 1904 2017 1962 285
2057 1917 2212 1975 seqq.

2621 1998 2783 2054 i722.

1984 2088 2348 2160 Francofurti,
2379 2096 2570 2161 sumpt.
2613 2087 2825 2149 Thema:
2860 2085 3139 2154 Fritschii;
3178 2085 3356 2155 in—fol.
3401 2083 3495 2141 Jo.

1911 2182 2157 2240 Cassiani
2204 2183 2381 2254 Opera
2420 2181 2604 2239 omnia
2651 2196 2720 2239 es
2762 2180 2856 2237 ed.
2900 2180 3081 2236 Διατάὶ
3129 2178 3321 2236 Gauri.
3376 2175 3493 2234 Cat.

1913 2273 2048 2330 Bibl.
2072 2274 2319 2330 Casanat.

2605 2367 2767 2423 1755.

1983 2458 2197 2530 Lipsiw,
2224 2459 2367 2531 apud
2394 2456 2700 2515 Wetstcnios
2722 2465 2769 2513 et
2801 2457 3007 2525 Smitlt;
3036 2456 3215 2527 iri-fol.
3241 2454 3328 2512 io.
3357 2439 3523 2521 Cas-f

1910 2555 2046 2611 siani
2077 2555 2253 2625 Opera
2280 2554 2461 2609 omnia
2489 2569 2611 2610 cum
2638 2551 3048 2608 commentariis
3078 2551 3142 2606 D.
3166 2548 3353 2606 Alardi
3380 2547 3493 2605 Ga-

1912 2650 2008 2706 zzei
2036 2649 2255 2706 caenob.
2288 2648 2507 2705 Vedast.
2552 2647 2673 2703 0rd.
2707 2646 2767 2704 Β.
2805 2646 3008 2702 Bened.
3042 2644 3174 2712 Quae
3217 2643 3384 2700 editio
3428 2642 3498 2700 ab

1912 2743 2106 2801 eodem
2149 2740 2332 2799 denuo
2375 2741 2652 2812 recognitis
2677 2783 2695 2810 ,
2724 2738 3131 2795 commentariis
3162 2736 3295 2806 ipsis
3338 2735 3498 2792 tertia

1913 2846 2068 2907 parte
2089 2836 2421 2891 auctioribus
2441 2834 2701 2888 illustrior
2722 2830 2937 2889 reddita
2962 2846 2977 2884 :
3001 2843 3248 2899 novoque
3270 2827 3496 2897 insuper

1914 2932 1968 2986 in
2001 2929 2172 2985 libros
2196 2929 2265 2985 de
2293 2928 2703 2993 incarnatione,
2743 2926 2838 2998 qui
2869 2924 3307 2991 desiderabatur,
3339 2935 3495 2979 com-

1915 3025 2189 3081 mentario
2222 3021 2571 3094 locupletato.
3359 3026 3373 3039 '

1987 3117 2057 3175 Ut
2088 3118 2270 3173 titulus
2313 3114 2585 3183 ostendit,
2616 3117 2788 3173 altera
2819 3113 3001 3172 Gazaei
3042 3113 3214 3170 editio
3244 3116 3500 3167 accurate

304 3218 531 3275 Colonia:
567 3218 812 3293 Agripp.,
854 3229 1046 3290 sumpt.
1079 3217 1200 3273 Ant.
1245 3210 1469 3281 Hierat,
1497 3208 1677 3286 ὅθι-[οι.
1720 3211 1806 3271 io.
1837 3194 1885 3260 C
1914 3224 2170 3283 expressa
2211 3220 2333 3279 est;
2366 3210 2511 3283 quod
2555 3209 2708 3283 prelo
2753 3207 3244 3265 Amstclodamensi
3293 3194 3505 3261 factum

233 3315 470 3371 Cassiani
501 3312 688 3386 presb.
738 3306 1099 3369 Massiliensis
1129 3306 1195 3367 tie
1229 3304 1498 3367 lnstitutis
1537 3308 1815 3365 coenobio-

238 3425 345 3463 rum
377 3407 507 3465 libri
532 3402 624 3477 iV,
660 3416 770 3464 etc.
804 3425 819 3463 :
849 3407 1030 3462 omnia
1048 3421 1120 3464 ex
1152 3419 1371 3479 recogn.
1402 3404 1591 3461 Alardi
1613 3402 1810 3460 Gasati.

237 3502 287 3558 in
312 3499 451 3558 Bibl.
486 3496 609 3557 PP.
646 3492 712 3555 Τ.
739 3494 803 3556 V.
835 3508 979 3571 part.
1003 3514 1069 3558 ll.

940 3586 1103 3647 1628.

303 3687 557 3753 Atrebati,
598 3685 738 3759 apud
765 3678 1034 3758 Jo.Bapt.
1084 3691 1132 3741 et
1172 3682 1509 3742 Guilielmum
1554 3683 1812 3751 Riverios,

237 3782 321 3838 sub
341 3785 495 3857 signa
523 3780 659 3837 Boni
675 3778 947 3847 Pastoris;
974 3778 1151 3851 in-fol.

300 3876 444 3933 Nova
466 3874 636 3933 editio
658 3872 727 3930 ab
758 3872 948 3930 eodem
973 3868 1153 3930 denuo
1178 3869 1457 3943 recognita
1479 3912 1492 3939 ,
1524 3878 1579 3925 et
1601 3885 1631 3925 a
1658 3878 1816 3924 men-

235 3966 333 4038 dis,
362 3984 487 4041 qua:
512 3968 850 4039 irrepserant
879 3966 931 4021 in
955 3966 1145 4039 priori,
1177 3972 1467 4036 repurgata
1494 3979 1507 4017 :
1531 3974 1816 4017 commen-

240 4063 384 4119 tariis
427 4062 566 4134 ipsis
612 4056 776 4117 tertia
823 4070 972 4131 parte
1014 4057 1347 4115 auctioribus
1392 4052 1661 4112 illustrior
1692 4053 1817 4110 red—

240 4153 343 4210 dita
376 4174 387 4211 :
433 4168 693 4223 novoque
734 4152 955 4223 insuper
984 4150 1037 4208 in
1080 4147 1252 4206 libros
1291 4146 1358 4204 de
1389 4145 1770 4204 lncamatione
1794 4188 1810 4215 ,

240 4248 324 4318 qui
349 4246 788 4313 desiderabatur,
822 4245 1215 4302 commentario
1245 4241 1595 4314 locupletata.

305 4340 513 4398 Praeter
549 4354 614 4398 ea
644 4383 659 4410 ,
709 4356 828 4411 qua:
868 4338 924 4396 in
960 4336 1119 4396 titulo
1155 4336 1419 4410 promissa
1450 4344 1620 4406 sunt,
1670 4348 1814 4391 novo

239 4434 393 4490 etiam
422 4435 618 4492 ordine
646 4433 858 4505 singula
899 4441 1027 4489 sunt
1061 4431 1349 4503 disposita.
1382 4426 1476 4489 Sic
1505 4434 1625 4501 post
1654 4423 1817 4482 Insti-
1926 4468 1932 4473 .

241 4528 451 4591 lationes
500 4529 684 4584 statim
733 4525 1048 4583 Collationes
1097 4540 1220 4582 cum
1268 4520 1523 4581 Doctrina
1569 4516 1812 4592 Dionysii

1915 3318 2036 3360 esse
2071 3318 2141 3360 ex
2174 3305 2348 3361 nitore
2378 3315 2624 3377 typorum
2653 3314 2708 3359 et
2747 3303 2941 3371 insigni
2968 3302 3320 3360 Westeniano
3346 3300 3401 3354 in
3424 3299 3500 3354 ti-

1914 3400 2028 3452 tulo
2058 3396 2324 3467 impresso
2360 3397 2692 3469 colligimus.
2737 3397 2942 3452 Charta
2985 3406 3165 3454 tamen
3192 3406 3389 3465 aspera
3415 3397 3503 3449 est

1913 3498 1967 3544 et
1996 3487 2182 3545 cruda.

2512 3580 2579 3633 li.
2606 3582 2895 3635 Versiones.

2628 3665 2792 3721 1563.

1991 3758 2236 3825 Veneria,
2298 3772 2389 3828 per
2445 3756 2526 3812 Μ.
2584 3754 2971 3817 Tramessinb;
3027 3753 3202 3806 .n-40.
3268 3769 3287 3803 ι
3322 3754 3502 3820 Opera

1914 3849 1969 3906 di
1990 3849 2253 3903 Cassiano
2287 3848 2526 3902 Eremita
2554 3844 2695 3898 delle
2720 3842 3069 3897 Costitutioni
3099 3853 3155 3898 et
3177 3842 3396 3913 Origine
3416 3843 3502 3900 de‘

1914 3940 2161 4017 Monachi
2181 3979 2197 4007 ,
2226 3955 2257 3996 e
2281 3938 2365 3995 de‘
2390 3936 2614 3993 Remedi
2644 3950 2675 3992 e
2701 3935 2879 4017 Causa
2907 3934 2962 3990 di
2991 3939 3115 3990 tutti
3150 3936 3167 3990 i
3199 3936 3330 4002 viai,
3362 3935 3503 3994 dove

1914 4036 1961 4093 si
1985 4014 2232 4092 recitatio
2257 4033 2626 4102 ventiquattro
2652 4014 3052 4099 ragionaimenti
3079 4028 3166 4083 de’
3199 4030 3367 4084 nostri
3401 4044 3503 4085 an-

1914 4127 2043 4185 ticbi
2089 4126 2247 4183 Padri
2280 4166 2295 4182 .
2321 4167 2336 4183 .
2366 4166 2379 4181 .
2424 4123 2658 4180 tradotln
2711 4135 2807 4193 per
2851 4120 2950 4175 Fr.
2994 4119 3273 4175 Benedetto
3314 4118 3493 4192 Βυθῑ..

1915 4222 2159 4279 Eremits
2202 4221 2287 4277 de‘
2324 4219 2619 4276 Cantaidoll
2651 4218 2708 4275 di
2750 4216 2944 4274 Latino
2988 4217 3044 4272 in
3067 4216 3340 4287 volgares
3375 4214 3493 4271 Cat.

1916 4314 2055 4373 Bibl.
2088 4316 2335 4372 Casauat.

2632 4404 2790 4462 1665.

1990 4502 2183 4572 Paris,
2258 4503 2382 4557 cites
2442 4500 2661 4556 Charles
2734 4498 3011 4565 Sauream;
3084 4498 3254 4555 ενι-8ο.
3338 4513 3357 4551 ι
3388 4496 3500 4555 Les

241 4564 450 4591 ...........
500 4564 684 4584 ..κ-...η
734 4564 1047 4583 ..νικηνηη
1097 4564 1220 4582 νυ...
1269 4564 1523 4581 usu”..-
1570 4564 1811 4592 -.....,...

240 4616 420 4675 Cartb.
462 4628 519 4677 et
544 4619 797 4691 Prosperi
842 4619 984 4675 libro
1010 4619 1077 4675 de
1107 4610 1289 4675 Gratia
1323 4624 1645 4689 sequuntur.
1685 4608 1811 4670 Post

1929 4564 2279 4654 Conferences
2308 4595 2377 4651 de
2421 4592 2646 4650 Cassien
2695 4590 2958 4647 traduites
2990 4564 3071 4646 en
3106 4589 3348 4658 iraneois
3395 4605 3503 4660 par

244 4724 359 4780 qua:
383 4713 587 4768 inserta
611 4719 738 4767 sunt
770 4711 1020 4766 Ctzlestini
1048 4727 1194 4783 papa:
1229 4725 1323 4781 pro
1350 4706 1608 4779 Prospero
1630 4716 1678 4762 et
1707 4701 1813 4761 Hi-

241 4803 396 4871 lario,
439 4804 505 4860 de
534 4802 713 4862 Gratia
742 4803 842 4858 Dei
872 4802 1088 4875 epistola
1134 4803 1202 4857 ad
1242 4800 1489 4872 quosdam
1526 4797 1811 4854 Galliarum

241 4898 528 4969 episcopos,
562 4902 691 4956 item
723 4897 955 4954 Canones
994 4895 1201 4951 concilii
1225 4893 1437 4951 secundi
1467 4892 1774 4947 Arausicani
1792 4932 1810 4961 ,

240 4991 367 5045 circa
392 5002 618 5065 tempora
655 4990 845 5046 Leonis
882 5005 1031 5062 papas
1062 4990 1216 5061 primi
1244 4990 1307 5043 de
1346 4986 1507 5043 libero
1535 4984 1758 5041 Arbitrio
1788 5030 1803 5057 ,

238 5092 361 5152 etc.,
387 5095 444 5141 et
462 5083 532 5140 D.
563 5083 810 5156 Prosperi
828 5084 1045 5156 epistola
1067 5082 1135 5137 ad
1160 5083 1521 5154 Augustinum.
1554 5080 1676 5135 Mox
1698 5095 1813 5136 rur-

239 5190 326 5231 sus
348 5186 471 5248 post
499 5177 727 5252 Cuychii
765 5186 820 5233 et
860 5176 1129 5233 Ciacconii
1171 5173 1582 5231 observationes
1613 5172 1811 5245 legitur

238 5276 539 5335 postremum
561 5269 625 5323 de
649 5269 883 5325 Cassiani
913 5269 1147 5323 doctrina
1175 5265 1606 5322 Annotamentum
1637 5280 1811 5320 excer-

238 5368 374 5427 ptum
392 5377 456 5416 εει
483 5360 671 5416 Didaci
699 5361 912 5415 Alvares
937 5357 1026 5414 lib.
1053 5376 1067 5414 ι
1090 5358 1242 5429 Disp.
1272 5356 1328 5423 2,
1364 5356 1391 5430 §
1423 5358 1478 5427 3,
1506 5357 1568 5411 de
1586 5354 1809 5414 Λιιπίιὶἰὲ

240 5450 414 5509 diuinis
449 5454 629 5528 gratiis
666 5462 715 5508 et
754 5452 944 5509 viribus
971 5452 1117 5508 liberi
1146 5452 1366 5508 arbitrii.
1410 5451 1545 5507 Tum
1588 5450 1805 5507 demum

241 5542 359 5601 libri
390 5546 485 5602 νη
508 5548 577 5603 de
597 5547 997 5614 incarnatione,
1028 5544 1236 5618 Regula
1267 5546 1326 5603 S.
1360 5542 1657 5615 Pachomii,
1684 5544 1809 5602 Flo-

242 5646 324 5690 res
351 5651 418 5693 es
445 5634 707 5694 Cassiano
731 5652 903 5709 usque
930 5638 997 5694 ad
1028 5638 1239 5696 indices
1267 5638 1590 5695 exhibentur
1619 5640 1805 5696 exclu-

243 5722 313 5779 sis
333 5725 398 5782 ab
420 5727 527 5783 hoc
546 5742 793 5801 corpore,
816 5743 937 5799 quae
956 5744 1025 5786 es
1047 5729 1315 5786 contentis
1335 5730 1523 5800 prima
1550 5730 1806 5788 editionis

239 5812 291 5872 in
319 5817 421 5877 hoc
450 5834 594 5880 novo
617 5822 849 5881 elencho
878 5822 1096 5886 desunt.
1128 5823 1331 5884 Textus
1348 5838 1453 5889 per
1478 5825 1689 5893 singula
1717 5840 1808 5883 ca-

1918 4690 1998 4747 De
2045 4688 2321 4762 Saligny.»
2358 4686 2471 4743 Cat.
2503 4684 2642 4741 Bibl.
2674 4684 2805 4756 Reg.
2842 4684 3020 4739 Paris.
3064 4682 3327 4739 Esmdem
3376 4698 3505 4739 ver-

1917 4785 2122 4839 sionem
2155 4780 2224 4837 ab
2248 4779 2440 4836 eodem
2481 4776 2777 4847 bibliopola
2802 4789 2854 4831 ε.
2884 4774 3023 4831 166ὕ
3048 4775 3092 4830 ll
3127 4776 3288 4830 tomis
3328 4777 3503 4830 emis-

1916 4886 2031 4933 sam
2048 4875 2162 4932 Cat.
2191 4874 2330 4930 Bibl.
2358 4872 2685 4937 'l‘etterianae,
2710 4884 2811 4926 nec
2839 4882 2946 4925 non
2970 4870 3133 4926 aliam
3161 4869 3323 4927 1682.
3354 4870 3499 4941 Lug-

1915 4966 2044 5025 duni
2079 4980 2168 5041 ap.
2198 4967 2286 5023 Io.
2323 4964 2516 5022 Matth.
2551 4964 2839 5020 Martinum
2867 4962 2912 5018 ll
2938 4961 3115 5031 tomis,
3148 4961 3321 5018 Catat.
3347 4961 3494 5016 Bibl.

1919 5060 2168 5121 Casanat.
2224 5060 2465 5117 laudant.
2505 5058 2809 5116 Observant
2847 5057 3183 5115 Benedictini
3227 5056 3497 5113 Collatia-

1917 5168 2042 5214 nem
2068 5148 2187 5211 χιιι
2224 5170 2257 5211 a
2287 5153 2598 5211 traductore
2636 5152 2798 5224 iustis
2840 5151 2908 5210 de
2957 5151 3137 5210 causis
3181 5161 3304 5208 esse
3341 5158 3497 5205 roses

1914 5259 2073 5309 ctam.

2619 5338 2778 5399 1667.

1984 5430 2141 5492 Paris
2167 5476 2183 5504 ,
2236 5432 2355 5490 chez
2402 5432 2498 5491 Ch.
2551 5430 2832 5500 Savreux;
2891 5431 3063 5488 iit-8°.
3123 5449 3143 5486 ι
3171 5431 3277 5489 Les
3325 5428 3493 5488 insti-

1910 5532 2110 5587 tutions
2140 5528 2209 5586 de
2238 5526 2459 5586 Cassien
2488 5527 2747 5584 traduites
2778 5539 2847 5581 en
2876 5522 3120 5591 francois
3149 5536 3251 5594 par
3279 5525 3355 5583 De
3382 5524 3491 5581 Sa-

1908 5625 2070 5698 ligny.
2085 5643 2105 5678 s
2140 5688 2148 5695 .

2529 5713 2617 5768 ill.
2641 5711 2857 5767 Codices.

1978 5823 2079 5883 llic
2127 5830 2224 5882 eos
2254 5818 2587 5881 solummodo
2612 5826 2802 5877 notare
2831 5800 2992 5887 licet,
3040 5826 3176 5887 quos
3221 5810 3489 5880 Caystrius
