4026 6212
410 326 483 383 ,5
538 336 541 339 .
704 258 709 263 “
1243 304 1340 362 sn
1373 302 1605 363 OPERA
1640 304 1927 365 JOANNIS
1961 307 2274 367 cessum
2311 307 2843 371 psouzcousus.

404 434 691 505 adhibuit,
739 435 938 506 quippe
978 448 1069 504 qm
1102 445 1211 488 non
1241 446 1415 488 sotum
1448 445 1553 485 non
1597 432 1703 487 sibi
1745 432 1827 486 fus
1868 446 1991 489 esse
2019 439 2063 498 Α
2092 435 2224 489 dere
2238 433 2432 501 agitur,
2457 450 2571 503 qute
2595 450 2819 491 maxime
2837 437 3063 508 antiquis
3082 438 3386 495 ecodicibus
3408 446 3455 494 et
3478 440 3687 498 schedis

402 531 641 589 credidit
666 531 899 586 lectores
922 543 1140 591 celare.
1169 526 1261 582 ubi
1290 535 1341 581 et
1369 541 1477 596 quo
1501 526 1624 596 jure
1662 542 1691 581 a
1724 542 1783 582 se
1808 535 1991 583 textus

403 633 643 681 mutatus
673 622 772 689 sit,
810 620 951 691 quod
984 636 1090 675 non
1124 618 1225 673 uisi
1258 618 1513 673 omnibus
1558 636 1689 672 tnss.
1716 625 1991 689 exempta-

405 716 558 771 ribus
602 714 1076 771 consentientibus
1106 712 1270 776 fecit,
1300 712 1396 765 sed
1433 714 1595 766 etiam
1640 714 1784 769 ultro
1816 716 1991 769 varias

405 809 691 869 lectiones.
726 808 793 861 de
819 805 1019 877 quibus
1046 804 1163 873 ipse
1183 811 1426 859 statuere
1451 819 1557 858 non
1583 804 1830 867 auderet.
1858 805 1992 860 alto-

408 918 529 959 rum
572 899 763 972 judicii
804 898 1092 954 exercendi
1136 897 1309 968 gratia
1340 898 1611 967 apposuit.
1642 898 1779 952 Sunt
1806 908 1988 953 autem

407 1009 637 1050 numero
664 1008 782 1053 sex,
809 1004 946 1060 quos
973 989 1288 1045 describere
1331 999 1511 1045 tamen
1559 1004 1663 1043 non
1710 992 1985 1046 sustinuit.

404 1085 450 1144 Ι.
488 1083 671 1138 Codex
710 1080 1083 1152 Aﬁligin.'eitsis
1111 1078 1343 1135 abbatis:
1367 1084 1419 1134 in
1453 1079 1762 1135 Brabantia.

398 1175 467 1231 ll.
497 1172 680 1228 Codex
703 1171 1087 1227 canonicorum
1111 1170 1285 1241 regul.
1312 1170 1366 1226 in
1389 1167 1750 1226 Corsendonclt
1778 1172 1830 1226 in
1857 1171 1989 1228 Bra-

475 1266 677 1321 bantia.

399 1353 492 1411 lll.
519 1356 706 1413 Codex
746 1354 1123 1411 Bethlemitici
1166 1355 1465 1410 monasterii
1508 1355 1827 1412 canonicor.
1866 1370 1983 1427 reg.

474 1464 643 1519 prope
671 1448 989 1504 Lovanium.
1386 1488 1391 1493 ν

401 1540 490 1598 IV.
533 1540 718 1597 Codex
764 1542 1014 1596 canonic.
1063 1541 1237 1612 regul.
1269 1540 1327 1596 in
1356 1539 1527 1595 Busco
1571 1536 1786 1595 Domini
1831 1537 1987 1594 Isaac

472 1648 643 1705 prope
671 1632 955 1687 Nivellam.

401 1724 465 1781 ν.
503 1725 688 1781 Codex
734 1723 1122 1781 Plantinianus.

2090 533 2309 599 pendeat
2335 570 2349 589 .
2378 531 2429 581 iu
2461 529 2647 596 quibus
2671 546 2761 600 per
2784 546 2948 587 annos
2971 532 3089 599 plus
3109 533 3382 589 duodecim
3404 533 3679 607 diligentia

2092 636 2248 689 quam
2275 622 2503 675 maxima
2531 624 2737 675 assidue
2766 634 2996 679 versatus
3023 641 3135 677 sum
3161 636 3209 679 et
3229 635 3409 679 nactus
3435 643 3548 680 sunt
3577 627 3682 682 Ta-

2092 710 2292 767 bularia
2318 730 2441 768 sane
2463 730 2615 784 quam
2641 717 2905 771 luculenta
2933 719 3096 789 iisque
3126 720 3453 785 potissimum
3482 723 3675 777 instru-

2091 812 2173 857 cta
2202 808 2568 869 monumentis,
2594 807 2779 876 quibus
2807 810 3104 862 monasterii
3134 809 3199 865 S.
3238 809 3461 866 Victoris
3488 812 3681 868 Massi-

2089 896 2267 950 liensis
2310 899 2524 967 ejusque
2575 899 2888 966 patriarcha
2924 912 2972 955 et
3011 904 3295 957 conditoris
3343 903 3403 959 S.
3437 904 3680 961 Cassiani

2090 989 2237 1043 initia
2263 990 2489 1058 ﬁdeliter
2513 1002 2561 1047 et
2587 994 2792 1064 copiose
2815 996 3072 1067 explicata
3113 1008 3509 1052 conservantur.
3546 999 3682 1067 Qui-

2092 1081 2189 1136 bus
2217 1083 2337 1135 item
2366 1084 2603 1150 partibus
2631 1088 2698 1139 sit
2721 1087 2941 1154 auctior,
2970 1087 3126 1157 facile
3150 1100 3226 1142 est
3248 1088 3493 1162 colligere
3522 1101 3567 1145 et
3583 1094 3681 1164 ju-

2090 1172 2263 1225 dicare
2287 1189 2351 1226 ea:
2374 1176 2889 1244 commentariorum,
2917 1194 3045 1248 quos
3070 1180 3124 1233 in
3152 1178 3321 1233 lucem
3351 1181 3505 1234 edere
3527 1182 3682 1236 insti-

2091 1264 2281 1319 tuimus
2299 1306 2314 1329 ,
2339 1268 2652 1322 accessione.
2695 1269 2865 1324 Vitam
2904 1271 2965 1326 S.
2999 1271 3239 1327 Cassiani
3256 1283 3307 1327 et
3330 1290 3411 1329 res
3431 1276 3681 1346 prteclare

2088 1366 2255 1426 gestas
2278 1358 2364 1412 via:
2388 1359 2451 1412 ab
2478 1360 2736 1415 historicis
2756 1364 3006 1417 veteribus
3033 1363 3287 1418 delibutas
3328 1377 3376 1420 et
3406 1367 3594 1437 majori
3613 1382 3681 1421 ea:

2088 1456 2237 1517 parte
2266 1448 2532 1519 ignoratus
2569 1466 2635 1505 ea:
2660 1454 2776 1523 ejus
2819 1455 3022 1525 scriptis
3048 1454 3273 1516 ﬁdeliter
3296 1456 3539 1511 collectus
3568 1459 3679 1525 pri-

2088 1554 2175 1593 mo
2210 1542 2578 1595 commentario
2622 1543 2674 1595 in
2701 1544 2865 1597 multa
2906 1545 3079 1610 capita
3109 1546 3497 1618 descripsimus.
3543 1546 3677 1602 Tum

2087 1631 2306 1685 alterum
2332 1632 2668 1702 subiecimus,
2699 1636 2752 1689 in
2781 1651 2882 1706 quo
2908 1639 3229 1707 apertissime
3250 1640 3576 1710 redarguitur
3596 1640 3679 1694 in-

2089 1722 2565 1778 consideratissima
2590 1726 2937 1794 quorumdam
2965 1729 3250 1798 temeritas,
3280 1745 3397 1800 qua:
3424 1729 3521 1784 sibi
3552 1741 3676 1785 tan-

472 1818 690 1876 Utinam
725 1832 853 1875 vero
883 1816 1190 1874 Ciacconius
1215 1832 1432 1889 quoque
1459 1829 1595 1880 octo,
1627 1832 1763 1885 quos
1791 1829 1983 1876 contu.
2014 1812 2061 1873 Β
2087 1822 2196 1868 tum
2232 1817 2326 1886 jus
2352 1816 2592 1870 censendi
2621 1828 2669 1871 et
2689 1819 2977 1890 judicandi
3016 1819 3081 1874 de
3109 1831 3437 1889 antiquorum
3464 1823 3673 1894 scriptis

396 1911 529 1969 lisse
573 1915 849 1982 professus
894 1919 1012 1977 est,
1067 1909 1351 1966 Vaticanos
1393 1911 1612 1968 codices
1658 1911 1762 1967 hoc
1789 1912 1983 1969 saltem

394 2004 567 2064 modo
597 2004 913 2062 indicasset.

1145 2094 1236 2152 IV.

462 2189 755 2250 Postremo
784 2192 905 2247 loco
936 2190 1093 2247 nobis
1132 2189 1645 2247 commemorandus
1686 2191 1791 2246 erit
1822 2190 1982 2255 lilter,

397 2286 553 2358 cujus
579 2286 723 2344 seria
750 2285 967 2357 quidem
997 2284 1265 2357 professio
1304 2299 1369 2340 ea
1414 2287 1542 2350 l'u.t,
1577 2296 1632 2337 ut
1662 2284 1981 2339 Cassianum

396 2388 524 2452 post
548 2380 790 2434 omnium
821 2377 1169 2448 superiorum
1215 2376 1484 2433 editorum
1531 2376 1744 2430 labores
1766 2416 1783 2438 .
1815 2389 1983 2427 corre-

394 2472 609 2528 ctiorem
638 2470 880 2535 tandem,
914 2470 1300 2537 locupletiorem
1339 2479 1386 2523 et
1429 2471 1712 2522 auctiorem
1742 2467 1984 2531 sisteret,

393 2562 496 2620 sed
519 2562 674 2634 cujus
701 2571 891 2616 auctor
921 2575 1261 2630 nequaquam
1291 2575 1410 2615 eam
1434 2603 1449 2627 ,
1476 2574 1639 2629 quam
1666 2558 1770 2614 sibi
1797 2571 1987 2626 spera-

394 2659 491 2717 bat
514 2658 743 2729 gratiam
775 2656 913 2728 apud
937 2654 1128 2711 doctos
1159 2654 1301 2711 iniit.
1324 2654 1401 2709 Eu
1436 2653 1652 2707 titulum
1685 2668 1700 2706 :
1731 2651 1793 2707 S.
1822 2649 1985 2704 Joan-

395 2765 491 2806 nes
535 2747 815 2805 Cassianus
858 2748 1173 2813 illustratus,
1222 2750 1326 2801 site
1353 2743 1703 2816 Chronologia
1755 2741 1885 2797 Vitta
1917 2740 1982 2799 S.

397 2840 619 2898 Joannis
644 2839 883 2897 Cassiani
913 2840 1142 2907 abbatis,
1168 2848 1218 2895 et
1247 2838 1541 2892 monasterii
1572 2836 1634 2892 S.
1674 2833 1896 2889 Victoris
1922 2833 1985 2887 ab

395 2932 577 2988 eodem
622 2931 872 2987 Massilia:
899 2931 1123 2996 conditi,
1155 2929 1421 3002 primarite
1465 2931 1598 2981 inter
1628 2926 1985 2981 Occidentaliu

396 3023 629 3080 canobia
654 3023 997 3093 antiquitatis,
1026 3021 1090 3075 ab
1117 3038 1253 3075 anno
1272 3019 1463 3077 Christi
1488 3016 1781 3074 CCCCXX.
1811 3017 1984 3090 Opera

395 3124 457 3173 et
498 3116 671 3170 studio
711 3115 770 3170 P.
817 3115 1047 3170 Joannis
1089 3113 1348 3181 Baptista:
1397 3111 1647 3168 Gusssu
1688 3111 1981 3180 Aquewis,

400 3209 640 3280 theologi
666 3224 698 3264 e
722 3207 996 3265 Societale
1040 3207 1188 3263 Jesa.
1234 3209 1443 3263 Accedit
1476 3205 1739 3261 Elenchus
1778 3219 1985 3261 sancto-
2011 3184 2056 3245 ί)

397 3317 538 3362 rum.
560 3302 891 3370 virorumque
907 3300 1188 3355 illustrium
1209 3309 1257 3353 et
1279 3298 1620 3363 abbatiarum,
1639 3300 1982 3367 prioratuum,

398 3392 685 3456 cellarum,
730 3393 1063 3446 ecclesiarum
1107 3391 1170 3445 ab
1217 3391 1393 3445 eodem
1439 3392 1751 3444 monasterio
1796 3392 1987 3457 depen-

399 3484 659 3539 dentium.
693 3482 828 3539 Item
872 3484 1266 3539 Unomastlcum
1288 3499 1459 3537 rerum
1479 3492 1526 3536 et
1558 3486 1822 3536 verborum
1851 3481 1988 3552 difﬁ-

400 3574 639 3629 ciliorum
693 3575 750 3629 in
806 3574 1202 3629 Commentariis
1262 3572 1324 3629 S.
1385 3570 1643 3628 Cassiani.
1712 3571 1984 3644 Lugduni,

402 3677 594 3737 sumpt.
618 3667 832 3722 Antonii
863 3664 1071 3722 Cellier.
1119 3665 1279 3731 1652,
1308 3665 1362 3719 in
1392 3667 1479 3721 4°.

472 3758 616 3814 Cave
641 3773 774 3813 vero
801 3773 871 3814 ne
897 3757 1026 3828 quid
1054 3757 1231 3813 simile
1258 3757 1336 3812 illi
1366 3771 1549 3826 operae
1569 3755 1656 3811 hic
1677 3767 1986 3826 exspectes,

400 3864 563 3920 quam
586 3848 688 3904 sub
712 3848 902 3904 eadem
925 3851 1222 3920 epigraplte
1250 3847 1557 3906 Cltillletius
1572 3862 1785 3905 nat-tht
1807 3849 1987 3906 Pauli-

400 3958 475 3998 no
501 3940 731 3998 Nolano.
777 3943 1000 3997 Scilicet
1026 3959 1147 4012 qua:
1186 3943 1253 3997 ad
1286 3944 1674 4000 monasterium
1715 3955 1987 4013 spectant,

401 4046 467 4087 ea
493 4029 708 4101 quidem
751 4035 885 4085 satis
916 4032 1055 4086 bene
1082 4047 1141 4086 se
1172 4031 1410 4097 habent,
1447 4045 1504 4088 ut
1547 4036 1615 4087 ab
1658 4046 1884 4089 auctore
1933 4035 1987 4088 iu

408 4123 494 4178 liis
538 4124 699 4178 rebus
729 4122 1033 4178 diutissime
1059 4133 1272 4178 versato
1297 4134 1353 4177 et
1381 4122 1729 4178 documentis
1759 4126 1991 4179 vetustis

404 4217 714 4272 abundante
739 4217 1044 4286 exspectari
1069 4229 1241 4286 pctest
1259 4214 1358 4285 (a).
1376 4215 1483 4270 Sed
1510 4231 1631 4285 quae
1652 4219 1720 4272 de
1742 4215 1989 4272 Cassiani

407 4309 522 4365 vita
545 4309 785 4371 disserit,
813 4308 1013 4378 ingenii
1038 4321 1098 4363 se
1124 4310 1299 4378 ipsum
1324 4309 1564 4363 ludentis
1589 4307 1840 4379 ligmenta
1866 4320 1994 4366 sunt

407 4409 464 4456 et
488 4401 689 4456 dudum
720 4403 791 4454 au
820 4400 1075 4455 omnibus
1095 4400 1342 4471 explosa.
1373 4398 1503 4467 Quae
1532 4415 1668 4455 nova
1693 4410 1871 4457 autem
1899 4416 1989 4457 su-

408 4507 507 4565 per
554 4492 800 4548 Cassiani
852 4493 1099 4548 doctrina
1148 4492 1429 4557 attulerit,
1458 4493 1664 4561 Optime
1706 4508 1773 4549 es
1819 4496 1987 4564 ipsius

407 4586 591 4639 verbis
621 4583 912 4654 inzelligc-s.
949 4583 1170 4640 Fatetur
1194 4581 1527 4650 Guesnaius,
1557 4598 1781 4655 operam
1810 4587 1989 4644 edito-

408 4692 528 4732 rum
558 4673 801 4731 Cassiani
830 4692 935 4732 non
957 4676 1204 4744 laudare,
1233 4676 1399 4731 animi
1427 4690 1551 4732 esse
1581 4678 1775 4748 ingrati
1801 4694 1817 4735 :
1846 4688 1988 4733 atta—

409 4784 534 4823 meu
582 4768 820 4824 nonduin
869 4768 940 4823 ita
985 4769 1235 4839 dignitati
1285 4771 1434 4825 illum
1483 4784 1606 4827 esse
1653 4777 1986 4840 restitutum,

408 4862 537 4930 quin
569 4877 637 4917 ne
669 4863 845 4931 perire
872 4864 1089 4931 quidem
1121 4864 1282 4919 tacite
1306 4864 1644 4934 obscureque
1672 4864 1823 4933 plura
1844 4866 1900 4921 in
1925 4880 1993 4923 eo

410 4962 614 5018 genere
660 4948 1080 5014 concederetur,
1130 4957 1187 5002 et
1234 4946 1373 5002 alios
1416 4959 1682 5019 praeterea
1726 4952 1913 5005 oculos
1939 4960 1997 5007 et

411 5054 604 5096 manus
634 5040 953 5109 postularet.
989 5038 1139 5095 Nunc
1174 5054 1306 5111 ergo
1347 5054 1572 5111 sperare
1598 5056 1660 5097 se
1698 5043 1995 5098 correctio-

368 5128 525 5190 ‘rem
557 5134 760 5197 multo.
798 5132 1204 5204 locupletiorem
1250 5142 1306 5190 et
1351 5132 1648 5191 auctiorem
1693 5151 1855 5206 quam
1903 5150 1993 5193 us-

412 5229 555 5295 piam
602 5236 760 5280 antea
799 5241 925 5281 eum
971 5228 1330 5296 proditurum.
1365 5227 1498 5283 Nam
1523 5228 1577 5282 id
1603 5229 1777 5283 videor
1807 5245 1990 5298 posse,

413 5316 612 5386 inquit,
644 5320 699 5372 in
729 5318 809 5372 his
835 5321 1193 5373 controversiis
1215 5320 1355 5373 haud
1381 5330 1567 5375 temere
1589 5322 1845 5393 proﬁteri,
1870 5325 1998 5376 satis

414 5423 495 5463 me
512 5408 756 5465 idoneum
773 5411 970 5466 censeri
989 5418 1165 5466 testem
1186 5412 1391 5475 debere,
1412 5428 1722 5483 quamquam
1738 5413 1805 5468 de
1815 5426 1997 5469 cratera

415 5499 716 5557 tenuitatem
736 5518 900 5561 meam
925 5519 1087 5572 neque
1106 5505 1311 5578 ignoro,
1337 5518 1494 5575 neque
1516 5503 1997 5578 inﬁcior,qnoniam

487 5719 567 5801 (ᾳ)
589 5720 736 5801 Idem
759 5724 923 5801 paulo
948 5735 1068 5801 post
1095 5724 1484 5801 auctorfactus
1504 5736 1589 5784 est
1610 5727 1813 5798 operis,
1844 5730 1987 5801 quod

418 5788 636 5850 titulum
672 5788 779 5853 lori
828 5788 1064 5853 Massilia
1107 5795 1324 5856 Gentilis
1352 5808 1401 5853 et
1429 5798 1626 5870 Sacra,
1650 5788 1718 5857 ὀι
1746 5788 1991 5875 Lugduni

2090 1911 2381 1978 usurpavit.
2413 1918 2465 1962 ul
2491 1924 2556 1963 ea:
2576 1910 2740 1981 ipsius
2768 1910 3004 1965 Cassiani
3032 1914 3247 1984 egregiis
3292 1916 3676 1970 lucubrationi-

2088 2002 2202 2066 bus,
2227 2010 2415 2070 prtcter
2453 2019 2514 2058 ea
2543 2020 2657 2072 qua:
2682 2007 2740 2059 S.
2773 2004 2959 2075 Prosp:
2978 2023 3004 2059 r
3022 2009 3148 2079 jure
3176 2007 3364 2071 refellit
3400 2018 3449 2061 et
3477 2010 3674 2064 erroris

2087 2095 2352 2165 coarguit,
2398 2110 2639 2165 magnam
2683 2107 2885 2165 partem
2926 2113 3020 2165 pro
3078 2096 3292 2151 libidine
3340 2108 3432 2151 aut
3463 2097 3679 2168 indigne

2086 2186 2309 2261 resecari
2338 2185 2618 2253 voluerint,
2647 2197 2736 2241 aut
2773 2188 2937 2244 illius.
2966 2190 3146 2259 quales
3190 2205 3326 2244 nunc
3366 2199 3523 2256 sunt,
3571 2207 3679 2247 non

2087 2294 2195 2333 esse
2236 2281 2627 2336 reclamaverint
2659 2291 2814 2348 atque
2837 2283 2947 2336 suis
2977 2283 3214 2347 ipsorum
3245 2283 3475 2338 censuris
3503 2282 3681 2337 ranis-

2088 2388 2189 2443 que
2228 2375 2530 2427 commentis
2572 2375 2627 2428 in
2672 2375 2881 2444 inﬁmas
2922 2376 3099 2430 vilium
3129 2376 3445 2443 scriptorum
3489 2375 3679 2431 classes

2087 2466 2395 2535 redegerint.
2446 2465 2679 2520 Alterum
2737 2469 2802 2522 de
2852 2470 2969 2538 ejus
3023 2468 3191 2539 gloria
3247 2468 3677 2522 commentarium

2088 2574 2216 2611 noro
2247 2560 2474 2629 quodam
2502 2558 2658 2612 modo
2690 2559 2845 2613 veluti
2885 2575 3141 2614 summam
3182 2560 3462 2630 quamdam
3483 2562 3674 2630 operis,

2086 2666 2264 2704 rerum
2302 2659 2692 2721 temporumque
2719 2650 2904 2704 ordine
2940 2662 3162 2717 servato,
3209 2659 3509 2706 contextum
3538 2649 3677 2705 calci

2087 2741 2247 2814 hujus
2268 2742 2391 2794 tomi
2410 2738 2440 2793 1
2453 2740 2521 2808 li)
2543 2741 2849 2812 adjecimus,
2864 2750 2921 2795 ut
2940 2742 3115 2809 palam
3134 2742 3228 2810 ﬁat
3250 2744 3305 2796 in
3329 2757 3419 2797 ore
3442 2742 3675 2797 omnium

2087 2833 2294 2903 quantis
2350 2847 2458 2903 prae
2509 2835 2780 2888 sanctitate
2827 2842 2875 2886 et
2904 2831 3140 2885 doctrina
3183 2834 3350 2886 virum
3398 2847 3678 2905 proseque-

2086 2936 2231 2980 retur
2273 2924 2551 2979 honoribus
2593 2941 2653 2978 ac
2680 2925 2868 2979 studiis
2904 2922 3152 2979 Ecclesia.
3207 2925 3480 2982 Voluimus
3519 2926 3675 2981 etiam

2085 3018 2360 3073 inusitatas
2386 3021 2495 3072 vias
2517 3018 2790 3089 indagare,
2828 3019 2976 3072 tritas
3007 3019 3295 3087 relinquere
3323 3020 3672 3088 interpretan-

2088 3109 2144 3162 di
2170 3114 2281 3180 ejus
2310 3111 2589 3164 sententias
2617 3126 2682 3164 επ
2707 3109 3081 3165 consuetudine
3119 3112 3345 3166 aliorum
3392 3109 3678 3167 Doctorum

2087 3201 2142 3253 in
2171 3202 2515 3269 explanandis
2560 3203 2758 3256 ceteris
2789 3200 3060 3268 Patribus,
3108 3219 3197 3257 nec
3225 3203 3467 3257 metiendi
3493 3220 3580 3256 eas
3620 3214 3679 3259 ut

2087 3293 2300 3363 quidam
2329 3292 2526 3346 indocti
2555 3305 2644 3347 aut
2687 3293 3009 3365 longitudine
3053 3304 3146 3349 aut
3174 3294 3528 3350 contractione
3554 3311 3676 3348 ora-

2085 3385 2270 3447 tionis,
2296 3394 2384 3437 aut
2412 3385 2765 3455 ambiguitate,
2789 3396 2879 3439 aut
2906 3386 3204 3456 inﬂexione,
3235 3396 3324 3439 aut
3348 3385 3512 3440 immu
3539 3386 3678 3439 alio-

2089 3492 2154 3530 ue
2198 3475 2487 3531 verborum.
2530 3476 2757 3531 Constat
2804 3493 2943 3545 opus
2972 3477 3172 3532 duobus
3216 3476 3391 3543 libris,
3440 3492 3674 3548 quorum

2088 3574 2285 3643 primus
2308 3573 2576 3640 capitibus
2598 3569 2759 3626 LXIV
2785 3570 3013 3642 E/ﬁgiem
3041 3572 3102 3626 S.
3120 3570 3378 3637 Cassiani,
3407 3571 3522 3626 sive
3551 3571 3678 3627 lde-

2086 3679 2175 3717 ant
2213 3661 2342 3717 Vitas
2374 3661 2648 3733 Religioste
2678 3674 2952 3733 proponit,
2976 3664 3107 3718 alter
3120 3664 3188 3720 de
3215 3660 3398 3719 Gloria
3420 3674 3467 3719 et
3500 3661 3676 3718 Beati-

2090 3755 2276 3810 tudine
2298 3754 2545 3825 ejusdem
2580 3753 2749 3810 XXIX
2777 3756 3047 3826 capitibus
3074 3755 3209 3827 agit.
3260 3761 3435 3828 Atque
3470 3756 3552 3812 Ιιί»
3593 3758 3677 3811 in-

2090 3848 2480 3918 scriptionibus
2531 3848 2792 3904 librorum
2839 3850 2970 3903 satis
3016 3862 3253 3905 mentem
3302 3866 3456 3904 suum
3487 3849 3677 3905 decla-

2090 3955 2242 3996 rasse
2275 3941 2441 3996 videri
2471 3953 2662 3996 auctor
2692 3939 2881 4011 poSsit.
2912 3938 3044 4008 Qum
3076 3940 3215 4012 frugi
3247 3940 3299 3995 in
3330 3942 3395 3995 iis
3420 3955 3540 3997 sunt
3564 3985 3579 4008 ,
3612 3959 3675 3998 ea

2090 4033 2262 4087 lerme
2282 4032 2631 4088 continentur
2660 4034 2711 4087 in
2747 4042 2873 4088 octo
2917 4033 3312 4102 posterioribus
3353 4033 3477 4088 libri
3521 4033 3677 4102 primi

2091 4125 2383 4194 capitibus,
2414 4140 2648 4194 quorum
2674 4125 2861 4180 titulos
2881 4125 2969 4181 hic
3008 4142 3365 4193 apponamus.
3414 4126 3679 4185 Videlicet

2092 4226 2253 4284 caput
2284 4215 2352 4269 57
2370 4217 2687 4271 inscribitur
2712 4216 2785 4271 De
2807 4215 3043 4273 Cassiani
3068 4220 3301 4287 scriptis.
3342 4218 3475 4274 Vera
3491 4230 3536 4274 et
3552 4219 3653 4293 legi

2091 4308 2220 4360 tima
2248 4304 2490 4361 Cassiani
2516 4325 2672 4380 opera
2691 4326 2808 4379 qua:
2835 4320 3035 4365 exstant
3059 4312 3084 4365 Ρ
3105 4308 3278 4381 Caput
3298 4312 3366 4367 58
3391 4330 3403 4365 :
3435 4313 3561 4378 ουω
3579 4312 3652 4366 du

2092 4398 2176 4453 bia
2201 4408 2248 4453 et
2277 4416 2337 4471 sp
2362 4400 2457 4454 {ria
2480 4401 2506 4455 7
2540 4398 2712 4470 Caput
2737 4402 2805 4457 59
2841 4421 2852 4454 :
2891 4404 3004 4468 Quo
3035 4403 3168 4469 loco,
3203 4414 3426 4476 tempore
3463 4414 3510 4457 et
3544 4406 3651 4457 idio

2093 4504 2231 4545 mate
2253 4493 2537 4558 scripserit.
2577 4490 2747 4563 Caput
2777 4494 2848 4549 60
2891 4510 2905 4547 :
2954 4493 3262 4549 lllustratur
3301 4494 3562 4563 Religiosa
3596 4495 3678 4547 di-

2091 4585 2317 4654 sciplina
2354 4589 2654 4640 earumdem
2686 4586 2953 4655 praeclaris
2982 4584 3399 4643 Institutionibus
3432 4594 3481 4638 et
3508 4601 3677 4640 exem-

2096 4680 2220 4751 plis,
2262 4690 2308 4733 et
2340 4680 2560 4732 multum
2591 4680 2753 4745 pictas
2782 4681 2986 4749 publica
3012 4691 3350 4752 promovetur.
3383 4678 3552 4747 Capttt
3575 4678 3637 4734 6t
3659 4694 3679 4735 :

2097 4770 2408 4826 Collationes
2445 4770 2722 4842 publicata:
2752 4769 3000 4827 Massilia
3036 4776 3260 4842 primum
3307 4780 3415 4825 tum
3453 4771 3574 4825 alibi
3599 4772 3680 4825 di-

2098 4865 2254 4919 versis
2298 4865 2609 4934 temporibus
2650 4866 2882 4936 ingentes
2926 4866 3145 4920 excitant
3171 4865 3463 4917 animorum
3491 4871 3679 4917 motus.

2099 4959 2273 5029 Caput
2302 4957 2371 5013 69.
2403 4977 2414 5007 :
2446 4961 2527 5013 An
2557 4960 2645 5012 ille
2671 4959 2807 5013 idem
2829 4959 2919 5030 qui
2945 4974 2976 5010 a
3006 4972 3098 5011 suo
3131 4959 3272 5026 [ante
3299 4956 3450 5026 ﬂuxit
3478 4954 3683 5009 Cassia-

2101 5069 2222 5120 nus,
2261 5053 2509 5106 doctrinte
2556 5053 2752 5123 integer
2791 5070 2853 5107 ac
2892 5052 3063 5105 litura!
3096 5066 3256 5117 purus
3297 5050 3365 5102 ad
3398 5065 3488 5103 nos
3527 5064 3683 5114 usque

2103 5144 2393 5215 pervenerit
2419 5142 2443 5196 ?
2468 5141 2622 5209 Quod
2654 5156 2841 5201 rootra
2869 5142 3157 5197 Barosiutn
3191 5140 3470 5196 asserizur.
3509 5139 3685 5208 Caput

2098 5232 2204 5291 63:
2236 5233 2315 5288 An
2347 5234 2551 5303 aliquos
2579 5234 2815 5290 habuerit
2841 5233 3120 5289 Cassianus
3146 5231 3412 5286 benevolos
3448 5246 3509 5283 ac
3545 5230 3686 5282 beni-

2098 5342 2226 5401 gnos
2254 5327 2554 5397 interpretes
2582 5344 2643 5382 ac
2667 5328 2981 5397 defensores.
3010 5326 3107 5381 ltbi
3132 5326 3286 5395 longa
3309 5323 3480 5379 series
3502 5320 3685 5376 Theo-

2100 5417 2344 5491 logorum
2395 5430 2741 5485 recensetur,
2788 5434 2909 5488 quae
2946 5418 3125 5473 minus
3162 5424 3324 5474 caute
3368 5432 3396 5469 a
3427 5413 3685 5471 Cassiano

2101 5511 2377 5570 enuntiata
2424 5512 2478 5569 in
2523 5510 2804 5568 meliorem
2852 5522 3057 5579 partem
3105 5508 3457 5580 interpretari
3503 5521 3679 5562 conat-

2095 5734 2234 5804 apud
2265 5735 2514 5794 eumdem
2545 5734 2894 5805 bililiopolatn
2939 5735 3174 5804 prodiit,
3233 5732 3392 5801 I657,
3427 5735 3605 5805 its-fol.
