4026 6212
216 237 281 299 ιι
1124 262 1125 267 ‘
1314 241 1689 301 PREFATIO
1731 240 2011 297 HENBICI
2046 238 2135 298 CU
2146 238 2345 311 YCﬂll.
3412 244 3485 304 ιο

213 367 333 413 sunt
355 400 371 429 ,
416 357 577 430 cujus
620 360 834 431 quidem
871 361 1339 430 interpretationis
1381 360 1797 417 Fraternitatem
1823 365 1878 425 Α
1903 360 2023 426 bus,
2044 358 2137 431 qui
2168 374 2275 414 non
2299 356 2500 430 ubique
2521 355 2840 414 Cassianum
2866 353 3167 411 orthodoxa
3189 369 3383 426 sapere
3401 355 3485 415 fa-

212 450 333 506 Jesu
379 452 449 507 ab
495 454 643 509 omni
690 466 930 524 tempore
973 465 1263 525 patronam
1316 470 1436 510 sese
1476 453 1791 510 exhibuisse

210 552 441 599 constat.
473 543 643 615 Caput
664 545 733 602 64
756 564 770 602 :
798 546 991 603 Errare
1017 546 1265 603 Doctores
1293 544 1547 603 Catholici
1577 557 1793 613 possunt

212 640 339 689 citra
358 639 563 692 hwresis
583 638 767 693 labem.
799 642 974 711 Atque
1006 641 1093 696 hic
1121 640 1241 695 ﬁnis
1257 648 1342 694 est
1364 638 1526 695 totius
1539 639 1655 707 ejus
1679 639 1785 692 dis-

219 728 515 789 putationis
541 739 594 785 et
619 730 780 799 dicte,
806 748 967 803 quam
986 733 1404 802 inverbissupra
1424 732 1600 788 allatis
1618 730 1797 786 omni-

1896 462 2137 519 teantur,
2162 451 2433 508 intendit:
2456 450 2874 515 Rationabiliter,
2901 449 3098 518 inquit,
3123 448 3365 504 debemus
3385 449 3487 506 Ca-

1899 544 2208 600 tholicorum
2238 545 2378 600 dicta
2417 544 2470 598 in
2501 543 2845 613 benigniorem
2888 553 3086 610 partem
3119 558 3273 612 quam
3301 559 3486 615 possu-

1900 654 2015 691 mus
2038 636 2413 707 interpretari,-
2467 633 2822 689 haereticorum
2859 648 2976 687 vero
3012 634 3071 687 in
3098 636 3273 689 odium
3308 649 3485 690 eorum

1905 732 2186 799 perfectum
2206 732 2369 802 juxta
2394 731 2631 801 ipsorum
2659 726 2895 781 haeresim
2921 728 3200 784 mstimare.

760 1005 1374 1091 PR/EFATIO
1450 1009 1560 1092 Β.
1638 1010 1755 1091 Ι).

1904 1008 2073 1091 IEN
2085 1007 2330 1093 RICI
2404 1007 2936 1094 CUYCHII.

271 1282 389 1340 Non
417 1295 501 1340 est
528 1286 669 1356 apud
716 1302 805 1344 me
829 1287 1092 1355 dubium,
1151 1289 1419 1348 benevole
1466 1299 1525 1345 et
1569 1287 1801 1343 candide

207 1373 377 1431 lector
396 1418 412 1441 ,
435 1378 562 1447 quin
594 1378 831 1436 studium
854 1380 957 1437 hoc
978 1391 1032 1437 et
1056 1382 1206 1437 labor
1228 1397 1387 1452 quem
1418 1384 1473 1435 in
1506 1382 1567 1434 ι).
1594 1378 1803 1434 Joanne

205 1466 465 1523 Cassiano
497 1470 850 1540 illustrando,
894 1485 950 1529 et
996 1482 1242 1530 veterum
1274 1473 1527 1529 codicum
1570 1471 1803 1527 auctori-

206 1567 309 1615 tate
333 1558 731 1620 abinnumeris
779 1565 1023 1634 mendis,
1074 1580 1196 1635 qua:
1241 1566 1326 1621 vel
1369 1567 1694 1635 scriptorum
1732 1577 1797 1620 ac

1906 1302 1991 1341 ma
2020 1284 2356 1352 Collatione,
2384 1285 2523 1341 sicut
2546 1299 2577 1341 a
2608 1285 2671 1341 Β.
2697 1283 2972 1356 Prospero
2993 1282 3338 1341 observatum
3364 1294 3447 1341 est
3473 1327 3490 1355 ,

1904 1378 2000 1434 sed
2035 1379 2086 1433 in
2112 1379 2235 1432 aliis
2272 1380 2437 1433 etiam
2472 1377 2705 1433 subinde
2732 1377 2858 1433 licet
2885 1375 3317 1447 deprehendere.
3358 1377 3493 1433 Nam

1903 1469 2216 1526 Collattonis
2243 1468 2418 1526 tertia:
2440 1484 2560 1541 cap.
2591 1470 2807 1525 decimo
2846 1469 3186 1539 Paphnutius
3213 1471 3382 1526 abbas
3419 1470 3493 1527 ita

1902 1561 2179 1631 loquitur;
2208 1561 2312 1617 Per
2358 1561 2505 1633 quod
2553 1562 2838 1617 manifeste
2871 1563 3170 1630 probatur,
3201 1576 3254 1617 et
3282 1562 3492 1619 initium

206 1651 665 1724 typographorum
692 1656 905 1711 incuria
926 1697 941 1719 ,
971 1657 1058 1711 vel
1080 1658 1211 1712 alias
1237 1661 1306 1712 ob
1332 1672 1525 1713 causas
1561 1663 1795 1732 irrepse-
1826 1697 1872 1757 Β
1902 1666 2103 1710 nostra
2124 1655 2315 1709 salutis
2348 1654 2560 1711 Domini
2582 1656 2872 1711 vocatione
2901 1654 3051 1721 ﬁeri,
3079 1656 3341 1722 dicentis,
3393 1656 3493 1711 Exi

205 1754 315 1797 rant
337 1784 355 1808 ,
383 1747 741 1816 repurgando
787 1751 1328 1819 recognoscendoque
1355 1754 1750 1809 exantlavimus
1774 1773 1790 1809 :

206 1834 336 1903 apud
367 1837 719 1904 complures,
744 1841 835 1909 qui
872 1844 1161 1896 Auctorem
1186 1841 1329 1897 hunc
1348 1853 1590 1899 nostrum
1620 1846 1795 1903 luere-

206 1924 314 1981 ticz
346 1925 485 1981 labis
508 1924 848 1999 insimulant,
877 1928 1289 2000 improbabitur.
1319 1932 1451 1989 Nam
1473 1946 1525 1989 et
1548 1935 1794 1993 Gelasius

205 2018 442 2083 pontifex
485 2016 615 2071 dist.
681 2017 813 2087 XV,
858 2034 979 2091 Cap.
1034 2021 1231 2077 Sancta
1287 2024 1520 2080 lienteria
1571 2027 1794 2085 Joannis

204 2107 441 2164 Cassiani
460 2111 722 2179 opuscula
742 2112 883 2167 inter
899 2116 1209 2186 apocrypha
1228 2132 1408 2172 numer
1424 2128 1497 2172 at.
1523 2119 1586 2174 Et
1608 2121 1797 2177 beatus

204 2199 441 2271 PrOSpe-r
468 2216 658 2259 contra
699 2205 915 2261 tertiam
944 2208 1206 2263 decimam
1254 2210 1646 2279 Collationem,
1675 2229 1797 2285 qua

204 2289 505 2365 Pelagianae
531 2294 804 2354 haereseos
829 2300 1070 2370 reliquiis
1094 2317 1233 2370 pene
1257 2311 1365 2357 tota
1396 2320 1644 2374 respersa
1669 2315 1755 2363 est
1774 2349 1792 2373 ,

204 2386 441 2442 libellum
472 2390 673 2456 edidit,
705 2391 792 2446 cui
816 2391 1030 2447 titulum
1062 2396 1369 2464 inscripsit,
1398 2410 1590 2452 contra
1614 2396 1794 2455 Colla-

205 2486 403 2536 torem.
434 2478 635 2536 Verum
679 2481 819 2536 sicut
872 2487 1055 2553 negari
1106 2499 1213 2539 non
1267 2496 1444 2554 potest
1480 2487 1796 2545 obscuriora

206 2571 409 2645 aliquot
436 2573 553 2629 inca
576 2612 592 2637 ,
621 2583 677 2629 et
696 2588 917 2630 errores
936 2616 952 2635 .
982 2585 1090 2630 tam
1140 2578 1191 2631 in
1214 2580 1313 2632 ista
1361 2581 1517 2635 tertia
1543 2581 1748 2636 decima
1773 2621 1793 2647 ,

205 2682 365 2736 quam
389 2668 443 2722 iu
476 2667 749 2736 plerisque
769 2667 896 2723 aliis
921 2662 1312 2724 Conlatiunibus
1354 2671 1585 2726 inveniri
1612 2689 1626 2725 :
1658 2687 1797 2740 quos

207 2772 299 2814 nos
325 2757 399 2813 ad
427 2760 631 2816 calcem
661 2761 829 2815 totius
857 2762 1039 2831 operis
1066 2764 1447 2818 ammtavimus
1474 2805 1488 2826 ,
1517 2775 1571 2819 et
1602 2780 1671 2819 ne
1698 2764 1799 2819 im-

206 2854 447 2920 prudens
476 2852 644 2907 lector
680 2851 738 2907 in
768 2865 869 2907 eos
897 2851 1255 2921 impingeret,
1288 2854 1569 2909 censorias
1619 2863 1798 2922 notas,

207 2958 264 3000 ac
288 2945 469 3001 veluti
500 2945 732 3000 antidota
766 2955 823 3002 et
847 2947 1083 3000 amuleta
1132 2948 1380 3015 quaedam
1419 2949 1747 3016 subjecimus
1778 2968 1793 3003 :

207 3035 269 3091 ita
286 3048 611 3093 constanter
626 3036 982 3100 aflirmamus,
1010 3036 1112 3091 hos
1131 3053 1237 3091 non
1263 3049 1369 3092 tam
1395 3038 1496 3109 ipsi
1515 3040 1772 3094 CztSsinnu

206 3142 371 3199 quam
421 3126 823 3193 Collatoribus,
873 3143 1011 3199 quos
1059 3127 1153 3183 ille
1203 3129 1273 3183 ita
1334 3130 1589 3198 opinatos
1636 3132 1800 3188 fuisse

208 3220 423 3286 scribit,
454 3221 801 3291 imputandos
847 3236 970 3277 esse
1036 3220 1168 3277 Nam
1221 3222 1326 3278 hoc
1373 3225 1425 3278 in
1473 3225 1660 3292 primis
1687 3228 1800 3297 ipsa

210 3312 317 3382 ejus
343 3313 598 3385 praelatio
621 3354 638 3380 ,
671 3328 790 3384 quae
810 3314 1203 3370 Collationibus
1237 3315 1616 3385 prauuittitnr,
1649 3333 1803 3374 coar-

206 3407 309 3475 guit
333 3426 350 3464 :
384 3406 435 3461 in
464 3422 633 3479 quase
659 3421 763 3463 non
787 3421 906 3467 sua.
934 3408 1027 3463 sed
1049 3407 1149 3463 SS.
1181 3406 1401 3463 Patrum
1426 3417 1482 3463 et
1510 3410 1805 3466 anachore-

208 3506 380 3555 tarum
438 3498 688 3554 instituta
742 3498 886 3554 ﬁdeli
946 3514 1201 3556 sermone
1252 3509 1594 3555 narraturum
1653 3502 1807 3571 polli-

205 3602 377 3648 estur.
400 3591 475 3652 Ea
494 3602 718 3663 propter
729 3590 824 3648 Col
849 3592 1048 3648 attonis
1072 3594 1350 3663 vigesima:
1367 3597 1549 3664 capite
1566 3593 1802 3661 decimo,

210 3695 559 3755 posteaquam
582 3696 1068 3740 commemorasset
1091 3685 1163 3742 de
1181 3686 1399 3741 Theona
1425 3687 1640 3750 abbate,
1661 3687 1805 3757 quod

206 3774 440 3832 dirortio
474 3777 544 3830 ab
558 3790 731 3831 uxore
763 3776 905 3831 facto
935 3778 1001 3833 ad
1030 3781 1464 3834 anachoreticam
1496 3779 1661 3833 vitam
1684 3794 1809 3836 sese

209 3870 557 3931 traduxerat.
594 3873 666 3923 ita
705 3869 973 3938 subjecit:
1014 3871 1060 3925 A
1083 3871 1287 3926 lectore
1315 3870 1417 3925 hoc
1447 3870 1676 3940 primum
1715 3872 1810 3924 de-

207 3975 401 4031 posco,
440 3972 499 4016 ut
528 3963 644 4018 sive
674 3960 780 4017 hoc
803 3964 851 4017 ei
883 3964 1131 4032 placeat,
1184 3967 1299 4020 sive
1344 3963 1668 4030 displiceat,
1723 3979 1810 4020 me

208 4070 419 4125 quoquo
450 4057 619 4111 modo
650 4072 679 4109 a
713 4056 981 4111 calumnia
1004 4056 1240 4112 alienum
1267 4075 1389 4114 esse
1414 4059 1725 4114 cont-edens
1753 4061 1807 4115 in

208 4160 306 4201 suo
335 4147 444 4203 hoc
466 4146 651 4213 facto,
681 4158 769 4201 aut
800 4148 1011 4217 laudet,
1064 4158 1160 4203 aut
1205 4149 1570 4217 reprehendat
1621 4160 1807 4206 aucto-

207 4251 340 4294 rem.
374 4240 491 4311 Ego
512 4249 699 4294 autem
721 4238 816 4309 qui
842 4256 949 4294 non
977 4254 1150 4295 meam
1181 4255 1345 4307 super
1369 4240 1469 4294 hac
1495 4257 1554 4296 re
1594 4253 1810 4297 senten-

208 4329 332 4385 tiam
355 4331 624 4403 prompsi,
648 4330 744 4385 sed
772 4331 851 4386 rei
872 4343 1039 4400 gestae
1066 4330 1344 4386 historiam
1369 4333 1598 4401 simplici
1616 4349 1804 4387 narra-

208 4422 354 4479 tione
385 4425 713 4494 complexus
741 4440 892 4492 sum;
941 4441 1153 4495 :equum
1186 4437 1269 4479 est
1311 4436 1365 4479 ut
1393 4429 1535 4480 sicut
1584 4425 1712 4481 mihi
1741 4425 1811 4481 de

206 4526 397 4569 eorum
421 4515 513 4586 qui
546 4515 652 4571 hoc
680 4515 883 4572 factum
904 4516 1159 4586 probant,
1186 4516 1346 4572 laude
1370 4517 1504 4572 nihil
1552 4518 1765 4573 vindico
1789 4536 1803 4573 :

209 4601 287 4655 ita
307 4618 501 4659 eorum
521 4606 611 4674 qui
635 4608 687 4661 id
717 4609 1049 4677 improbant,
1072 4622 1179 4663 non
1205 4609 1386 4679 pulser
1410 4609 1627 4664 invidia.
1653 4608 1808 4677 Quod

208 4696 313 4751 etsi
377 4712 489 4751 non
532 4700 725 4767 passim
778 4702 869 4755 ubi
916 4699 1251 4755 Collatorum
1307 4713 1555 4755 recenset
1596 4716 1810 4757 errores

208 4788 589 4859 admonuerit,
623 4807 837 4847 omnem
890 4803 1069 4845 tamen
1118 4791 1337 4847 errandi
1390 4792 1809 4861 suspicionema

207 4893 266 4935 se
286 4880 582 4936 susmlis~e
612 4884 861 4950 videtur,
893 4887 1110 4954 quando
1153 4899 1213 4940 se
1259 4900 1365 4939 non
1394 4900 1487 4940 sua
1508 4926 1522 4951 ,
1568 4884 1661 4940 sed
1693 4886 1812 4941 illo-

207 4986 327 5028 rum
359 4990 501 5043 quos
523 4976 809 5047 loquentes
838 4978 1134 5034 introducit
1164 4978 1354 5047 placita
1374 5019 1388 5041 ,
1414 4995 1476 5034 ea
1504 4996 1607 5050 qua
1635 4980 1704 5036 ab
1732 4980 1813 5036 eis

208 5078 499 5138 acceperat
559 5070 668 5125 (ide
725 5084 1107 5137 narraturum,
1159 5072 1211 5125 in
1253 5071 1371 5137 ipso
1421 5073 1581 5127 totius
1629 5075 1814 5142 aperis

208 5158 442 5215 exordio
472 5162 743 5231 promisit.
768 5162 843 5217 Ut
872 5165 1118 5218 omittam
1142 5165 1288 5232 quod
1322 5165 1372 5217 in
1402 5165 1530 5235 ipsis
1558 5164 1811 5221 Collatio-

205 5249 366 5306 nibus
387 5249 712 5317 frequenter
730 5254 983 5318 diSsonze.
1013 5255 1409 5326 discrepantes,
1438 5266 1492 5309 et
1516 5267 1815 5326 pugnantes

206 5344 279 5397 de
311 5346 491 5415 gratia
520 5345 727 5402 Christi
758 5358 1038 5405 sententia:
1068 5349 1353 5404 habentur.
1404 5347 1535 5403 Nam
1588 5350 1677 5403 alii
1719 5365 1813 5404 ex-

207 5432 357 5490 clusa
383 5439 568 5507 gratia
616 5452 759 5509 pene
788 5440 965 5495 omnia
1016 5440 1259 5498 referunt
1311 5441 1377 5496 ad
1410 5442 1638 5497 liberum
1669 5442 1814 5499 arbi-

208 5523 407 5595 trium,
478 5528 571 5585 alii
624 5541 819 5586 contra
871 5531 952 5587 sic
1002 5534 1383 5589 commendant
1434 5533 1701 5604 gratiam,
1756 5544 1813 5591 ut

206 5613 448 5674 liberum
478 5623 763 5678 arbitrium
790 5626 1090 5682 exclusisse
1118 5626 1426 5682 videamur.
1465 5630 1637 5694 Quam
1687 5641 1813 5683 sen-

206 5709 508 5777 tentiarum
526 5716 1015 5776 contradictionem
1039 5734 1144 5776 non
1170 5729 1373 5779 tantum
1400 5722 1450 5776 in
1478 5720 1637 5779 tertia
1666 5720 1811 5777 deci-

1777 3078 1873 3142 ’C

1897 1748 1962 1805 de
1992 1762 2127 1805 terra
2158 1761 2286 1807 tua:
2341 1760 2399 1805 et
2444 1751 2968 1805 consummationem
3021 1750 3373 1821 perfectionis
3428 1767 3493 1808 ac

1895 1842 2149 1913 puritatis
2180 1842 2249 1897 ab
2290 1842 2484 1899 eodem
2532 1841 2783 1898 similiter
2812 1842 2975 1899 tribui
3000 1885 3018 1910 ,
3073 1859 3197 1900 cum
3228 1845 3391 1914 dicit,
3422 1843 3490 1901 Et

1894 1940 2007 1991 veni
2033 1937 2086 1990 in
2116 1943 2305 1991 terram
2352 1952 2510 2007 quam
2539 1943 2891 1990 monstravere
2936 1937 3072 1992 tibi:
3124 1937 3177 1993 id
3224 1948 3343 2000 est.
3384 1954 3491 1997 non

1895 2044 2056 2099 quam
2082 2040 2137 2083 tu
2161 2044 2225 2083 ex
2252 2028 2540 2097 temetipso
2566 2044 2755 2097 nosse,
2778 2029 2863 2085 vel
2886 2028 3157 2086 industria
3181 2042 3269 2089 tua
3289 2034 3493 2103 poteris

1896 2121 2177 2191 reperire;
2230 2120 2327 2176 sed
2357 2136 2517 2191 quam
2547 2135 2651 2192 ego
2696 2121 2795 2176 tibi
2820 2137 2928 2177 non
2957 2124 3132 2177 solum
3182 2127 3491 2194 ignoranti,

1898 2213 1993 2271 sed
2015 2215 2179 2269 etiam
2211 2228 2320 2269 non
2355 2214 2652 2284 inquirenti
2681 2224 3084 2271 monstravero.
3133 2216 3197 2271 Et
3223 2231 3347 2287 cap.
3381 2219 3448 2273 12
3475 2236 3490 2271 :

1897 2305 2088 2362 Nullus
2138 2306 2408 2376 justorum
2460 2306 2565 2362 sibi
2595 2305 2795 2362 sufﬁcit
2823 2305 2890 2362 ad
2942 2307 3293 2363 obtinendam
3334 2309 3495 2379 justi-

1898 2399 2060 2466 tiam,
2106 2397 2212 2455 nisi
2245 2414 2340 2469 per
2387 2407 2663 2455 momenta
2693 2397 2902 2469 singula
2947 2398 3203 2456 titubanti
3226 2400 3402 2457 eidem
3438 2409 3494 2457 et

1896 2493 2170 2548 corruenti
2197 2490 2511 2547 fulcimenta
2556 2506 2747 2547 manus
2785 2505 2898 2546 suae
2925 2491 3275 2562 supposuerit
3311 2490 3493 2548 divina

1897 2584 2209 2641 clementia.
2238 2583 2449 2653 Quibus
2493 2582 2621 2638 licet
2645 2582 2885 2653 adjicere
2929 2597 2993 2639 ea
3022 2598 3143 2653 quae
3190 2584 3248 2638 in
3293 2599 3492 2642 conse-

1898 2677 2187 2748 quentibus
2214 2675 2421 2746 aliquot
2444 2675 2591 2731 illius
2620 2675 2933 2731 Collatinnis
2980 2674 3247 2745 capitibus
3292 2676 3493 2733 haben-

1902 2778 2025 2820 tur:
2057 2778 2110 2821 et
2141 2781 2263 2837 qua:
2295 2765 2461 2821 habet
2507 2765 2675 2820 abbas
2726 2764 2914 2821 Daniel
2944 2764 3138 2821 Collat.
3168 2768 3201 2821 5
3226 2781 3345 2835 cap.
3384 2768 3450 2822 l5
3476 2810 3491 2835 ,

1900 2866 1955 2911 ει
1989 2857 2155 2914 abbas
2181 2858 2423 2913 Serenus
2447 2854 2645 2912 Collat.
2678 2858 2710 2912 7
2740 2872 2862 2928 cap.
2909 2858 3000 2914 20.
3031 2858 3163 2927 Quae
3208 2862 3392 2915 omnia
3436 2867 3492 2917 et

1902 2947 1985 3003 his
2003 2945 2200 3002 similia
2234 2949 2348 3003 loca
2378 2948 2688 3017 complura,
2730 2963 2853 3003 cum
2903 2964 2969 3006 ex
2999 2950 3267 3008 diametro
3302 2951 3493 3008 adver-

1902 3050 2089 3097 sentur
2114 3042 2179 3096 iis
2208 3056 2328 3110 quae
2353 3040 2406 3096 in
2434 3041 2592 3096 tertia
2616 3041 2829 3098 decima
2859 3040 3161 3099 Collatione
3199 3042 3268 3101 de
3292 3044 3493 3101 Christi

1903 3132 2074 3205 gratia
2103 3131 2425 3189 Chmrenton
2456 3133 2638 3189 Abbas
2666 3134 2904 3189 sensisse
2930 3134 3216 3201 scribitur,
3243 3151 3349 3191 non
3372 3150 3472 3207 pos

1903 3240 2022 3281 sum
2051 3227 2102 3281 in
2124 3230 2361 3280 animum
2381 3241 2558 3281 meum
2583 3225 2842 3282 inducere
2871 3225 3133 3283 Joannem
3150 3226 3490 3296 Cassianum,

1904 3320 2018 3390 qui,
2052 3320 2193 3375 sicut
2229 3317 2354 3374 libri
2383 3319 2451 3373 de
2466 3318 2670 3374 Christi
2700 3317 3081 3375 lucarnatione
3109 3320 3282 3375 abillo
3310 3319 3494 3389 scripti

1908 3419 2195 3479 testantur,
2220 3419 2277 3465 et
2295 3412 2348 3465 iu
2362 3409 2708 3465 confutandis
2727 3409 3108 3467 haereticorum
3127 3410 3494 3481 opinionibus,

1906 3511 1960 3556 et
2002 3502 2055 3556 in
2098 3500 2441 3556 stabiliendis
2468 3511 2524 3557 et
2549 3501 2944 3557 conﬁrmandis
3001 3501 3237 3569 nostris,
3286 3515 3495 3554 summa

1908 3594 2105 3663 ingenii
2135 3594 2466 3650 dexteritate
2497 3594 2731 3664 pollebat
2757 3633 2773 3657 ,
2804 3594 2997 3649 horum
3022 3592 3310 3648 sententiis
3333 3593 3495 3645 etiam

1910 3687 2050 3740 inter
2083 3701 2143 3741 se
2186 3685 2548 3755 pugnantibus
2597 3700 2661 3738 ac
2713 3684 3103 3737 dissidentibus
3151 3681 3497 3748 astipulatutn

1908 3776 2093 3833 fuisse.
2117 3778 2374 3846 Exiguam
2390 3775 2533 3831 enim
2551 3773 2845 3829 admodum
2868 3783 3015 3827 recte
3032 3771 3310 3842 judicandi
3334 3771 3485 3826 lacul-

1912 3879 2075 3925 tatent
2102 3866 2402 3934 habuisset,
2429 3868 2474 3922 si
2497 3865 2636 3922 hanc
2656 3865 2970 3935 Opinionqu
3003 3865 3350 3938 pugnantiam
3375 3881 3496 3935 qua:

1910 3966 1962 4021 in
1994 3962 2167 4019 Collat
2189 3961 2385 4018 onibus
2412 3962 2686 4023 cernitur.
2720 3960 2806 4016 vel
2863 3976 2969 4015 non
3027 3960 3381 4029 advertisset,
3413 3962 3498 4017 vel

1909 4060 1976 4113 ab
2002 4073 2062 4113 ea
2088 4057 2193 4112 sibi
2227 4072 2331 4111 non
2359 4057 2612 4112 cavisset.
2642 4053 2869 4110 Accedit
2891 4053 3036 4124 quod
3078 4056 3131 4108 in
3162 4053 3310 4108 hisce
3349 4052 3497 4107 libris

1910 4152 1975 4204 de
2003 4149 2375 4205 lucarnatione
2408 4148 2588 4211 Verbi,
2619 4161 2753 4217 quos
2773 4148 2877 4202 sub
2919 4147 3080 4203 linem
3105 4147 3229 4201 vitm
3251 4145 3494 4216 scripsit,

1910 4252 2128 4314 rogatus
2158 4258 2187 4295 a
2215 4241 2270 4296 S.
2292 4241 2472 4296 Leone
2496 4238 2759 4294 Romanze
2786 4239 2940 4294 urbis
2963 4238 3370 4305 archidiacono,
3405 4239 3498 4309 qui

1909 4333 2171 4390 Cassiano
2206 4346 2700 4403 contemporaneus
2732 4346 2798 4386 ac
2833 4331 3186 4402 pnstmodum
3219 4329 3497 4388 Romanus

1838 4455 1891 4515 ι)
1915 4428 2157 4500 pontifex
2188 4426 2287 4481 fuit
2324 4425 2444 4495 ejus
2492 4425 2730 4479 nominis
2768 4424 3012 4494 primus,
3044 4424 3311 4479 adversus
3338 4423 3497 4479 Pela-

1913 4524 2133 4593 gianum
2158 4519 2858 4590 quemdamAutiochenum
2887 4519 3204 4588 episcopum
3230 4518 3496 4588 disputat,

1913 4615 2051 4669 sicut
2081 4629 2147 4667 ex
2175 4625 2332 4667 Sexto
2365 4623 2419 4667 et
2445 4612 2673 4682 septimo
2699 4610 2818 4664 libri
2847 4610 2993 4664 sexti
3020 4609 3317 4676 capitibus,
3343 4619 3397 4664 et
3431 4625 3497 4664 ex

1915 4702 1976 4759 31
2008 4718 2130 4771 cap.
2163 4703 2284 4758 libri
2318 4703 2495 4756 ultimi
2547 4700 2890 4755 tnanifestum
2934 4710 3035 4756 est.
3079 4700 3247 4770 Cujus
3283 4713 3500 4755 errores

1917 4795 2227 4850 lectissimis
2272 4793 2603 4865 optimisque
2640 4794 2978 4862 argumentis
3018 4792 3089 4848 ita
3120 4793 3420 4849 insectatur
3446 4800 3501 4848 et

1916 4888 2192 4951 confutet,
2230 4899 2284 4941 ut
2316 4884 2446 4940 hinc
2476 4886 2682 4955 liquido
2703 4892 2961 4954 appareat
2984 4884 3159 4953 ipsum
3192 4884 3499 4955 Pelagiana:

1916 4988 2080 5034 sectae
2112 4992 2452 5047 nequaquam
2484 4975 2884 5045 patrocinatum
2920 4976 3103 5031 luisse.
3172 4975 3283 5033 Nec
3322 4981 3498 5031 fcren-

1917 5072 2044 5127 dum
2070 5080 2153 5125 est
2175 5110 2190 5134 ,
2235 5071 2378 5140 quod
2409 5070 2632 5135 quidam
2665 5070 2819 5124 illum
2859 5086 2887 5124 a
2924 5071 3080 5126 beato
3107 5069 3500 5143 Chrysostomo

1918 5172 2141 5236 propter
2160 5162 2385 5233 hujusce
2408 5163 2613 5216 erroris
2630 5164 2995 5233 suspicionem
3019 5164 3325 5233 explosum,
3355 5163 3502 5217 able-

1917 5268 2127 5326 gatum,
2159 5255 2243 5309 vel
2269 5259 2502 5320 ejectum
2534 5252 2702 5309 fuisse
2724 5266 2996 5316 asserunt,
3046 5255 3345 5324 prmScrIim
3377 5267 3502 5307 cum

1918 5348 2067 5403 nulla
2100 5348 2254 5401 istius
2287 5363 2398 5401 sua:
2427 5346 2756 5417 suspicionis
2787 5345 3062 5401 evidentia
3100 5352 3194 5396 aut
3226 5353 3374 5398 certa
3404 5344 3498 5400 do-

1916 5448 2166 5494 cumenta
2203 5442 2519 5509 proferant:
2568 5453 2625 5494 et
2666 5440 2782 5509 ipse
2817 5436 3242 5507 Ctuysostomus
3282 5450 3501 5506 quoque

1915 5541 2139 5602 prepter
2166 5532 2250 5583 sui
2283 5529 2548 5599 temporis
2587 5536 2903 5600 grassantes
2931 5525 3167 5581 hatreses
3212 5526 3367 5583 liberi
3412 5541 3502 5582 ar-

1915 5626 2061 5680 bitrii
2106 5625 2249 5679 vires
2278 5637 2679 5692 nonnumquam
2727 5622 2801 5675 ita
2837 5619 3081 5691 extollat,
3117 5619 3501 5695 quasigratite

1914 5714 2116 5775 Christi
2170 5715 2403 5787 iniquior
2443 5714 2611 5769 fuisse
2652 5714 2938 5771 videatur:
2976 5728 3304 5787 quamquam
3341 5725 3499 5769 secus
