4026 6212
503 344 570 402 2.,
1330 311 1428 369 ao
1461 312 1693 371 OPERA
1722 302 2011 374 .toauNts
2045 306 2080 369 ε

2184 302 2364 369 sunt
2404 300 2936 380 PROLIGOIIENA.
3706 328 3787 393 η

503 471 592 513 res
640 445 859 511 habeat.
921 449 1263 522 Quapropter
1307 458 1428 501 cum
1478 440 1682 499 incerta
1749 434 1970 498 omnino
2011 434 2158 499 sitA
2187 432 2414 490 minime
2436 440 2693 501 recreati,
2723 434 2776 488 in
2803 433 2923 502 ejus
2952 432 3431 506 praeeptionibus,
3480 436 3775 517 institutis,

506 548 659 603 istius
688 544 960 602 discessus
1001 552 1185 608 causa,
1224 542 1278 595 et
1320 550 1385 594 ex
1432 536 1541 593 itne
1586 534 1803 608 septimi
1843 530 1967 592 libri
2016 530 2086 591 de

504 639 879 697 locarnatione
927 634 1104 707 palam
1155 628 1226 690 sit
1254 628 1605 696 Cassianum,
1634 624 1816 684 divum
1848 624 2085 700 Chryso-

504 742 738 788 stomum
781 731 858 787 uti
897 730 1159 802 Optimum
1200 732 1255 782 et
1290 722 1735 797 probatissimum
1769 722 2081 792 magistrum

502 842 660 881 suum
703 824 921 891 semper
967 828 1284 877 veneratum
1333 816 1535 883 fuisse,
1580 810 1929 871 temerarium
1960 822 2083 870 esse

501 933 720 982 censeo,
755 916 963 971 sinistri
991 923 1045 969 et
1074 912 1267 970 incerti
1298 911 1573 981 quidpiam
1604 910 1674 966 de
1701 924 1767 965 eo
1788 908 2079 977 suspicari.

500 1010 611 1066 Aut
642 1012 783 1067 enim
816 1025 908 1080 per
937 1006 1223 1062 baareticos
1246 1006 1313 1061 ab
1343 1006 1593 1061 Ecclesia
1621 1003 2084 1073 Constantinpo-

501 1102 696 1169 litana,
744 1102 858 1156 sive
902 1096 1367 1170 Jerosolymituna
1400 1097 1613 1167 eiectus
1643 1104 1729 1152 est
1751 1136 1769 1158 .
1807 1105 1866 1150 ut
1890 1105 2082 1150 auctor

499 1204 583 1249 est
616 1195 1040 1257 Volaterranos;
1083 1201 1177 1245 aut
1204 1189 1517 1245 solitudinis
1540 1188 1870 1244 desiderium
1900 1187 2081 1256 ipsum

500 1287 741 1355 impulit,
797 1297 855 1341 ut
897 1287 951 1341 in
996 1285 1407 1340 Narbonensem
1457 1284 1687 1340 Galliam
1717 1282 1810 1354 (in
1837 1297 1947 1353 qua
1976 1282 2081 1337 sita

496 1385 579 1433 est
622 1376 890 1449 Massilia)
942 1376 1179 1449 ignotam
1230 1377 1332 1432 sibi
1375 1370 1721 1446 provinciam
1768 1370 2077 1440 secederet,

497 1468 680 1539 ibique
705 1468 815 1523 duo
838 1466 1188 1540 monasteria,
1218 1467 1455 1525 virorum
1489 1462 1741 1532 alteram,
1771 1470 1825 1520 et
1847 1462 2081 1519 alterum

502 1561 787 1617 mulierum
829 1560 1120 1627 conderet;
1155 1572 1246 1616 aut
1281 1555 1513 1630 denique
1543 1567 1765 1629 propter
1792 1552 1970 1612 studia
2001 1552 2084 1611 in-

496 1668 792 1723 genuarum
847 1648 1300 1722 disciplinarum,
1361 1661 1413 1707 et
1472 1660 1685 1706 morum
1730 1650 2079 1719 gravitatem,

497 1744 790 1799 Massiliam
855 1743 1277 1815 commigravit:
1330 1742 1788 1815 quemadmodum
1847 1738 2080 1798 Romani

495 1850 713 1909 quoque
743 1853 840 1910 pro
869 1837 1043 1894 Attica
1068 1814 1517 1909 peregrinatione
1547 1837 1613 1893 ad
1644 1834 1961 1908 disciplinas
1989 1846 2081 1893 ca-
2108 1814 2158 1876 Β

496 1929 791 2001 pessendas
829 1929 1237 1987 Massilioticum
1275 1931 1617 2003 gymnasium
1671 1930 1943 2000 petebant.
1981 1929 2082 1987 Us-

494 2038 600 2093 que
630 2024 766 2079 adeo
794 2023 938 2079 enim
971 2026 1022 2078 in
1046 2038 1107 2079 ea
1140 2024 1276 2079 urbe
1298 2034 1507 2077 morum
1532 2023 1773 2095 gravitas
1800 2036 1865 2078 ac
1900 2031 2080 2077 matu-

497 2116 663 2181 ritas,
707 2122 763 2173 ct
807 2116 1033 2172 honesta
1077 2112 1257 2172 studia
1288 2112 1611 2182 floruerunt,
1663 2125 1723 2171 ut
1760 2116 1982 2170 Plautus
2024 2116 2079 2172 in

496 2207 714 2276 Casina,
735 2206 1105 2265 Massilienses
1131 2220 1313 2264 mores
1337 2215 1614 2279 tamquam
1635 2204 1869 2278 Optimos
1883 2216 1938 2263 et
1956 2220 2083 2278 pro-

497 2300 804 2357 batissimos
844 2298 1068 2357 dixerit.
1112 2300 1317 2357 Eadem
1346 2312 1563 2373 quoque
1588 2299 1764 2356 Studia
1808 2306 1862 2357 et
1890 2314 2082 2367 mores

495 2392 720 2449 mirifice
751 2393 1096 2449 commendat
1127 2388 1343 2449 Marcus
1370 2387 1604 2461 Tullius,
1637 2402 1757 2449 eum
1792 2390 1942 2461 alibi,
1968 2402 2080 2450 tum

496 2485 655 2553 praecl
666 2499 767 2554 pue
796 2485 851 2540 in
881 2485 1129 2540 oratione
1154 2498 1252 2555 pro
1274 2483 1338 2541 L.‘
1372 2479 1566 2542 Flacco
1593 2505 1606 2542 :
1629 2480 1786 2557 cujus
1813 2484 1929 2541 haec
1954 2490 2083 2543 sunt

496 2572 658 2631 verba
701 2595 712 2630 :
750 2576 935 2648 Neque
972 2592 1107 2634 vero
1152 2584 1231 2642 te,
1261 2573 1522 2646 Massilia,
1546 2585 1837 2649 praetereo,
1863 2588 1986 2648 qum
2015 2570 2077 2634 L.

500 2668 753 2726 Flaccum
785 2671 1008 2728 militem
1040 2681 1371 2743 quaestorem
1401 2668 1751 2742 cognoviSti:
1794 2669 1948 2741 cujus
1980 2684 2079 2741 ego

496 2760 732 2817 civitatis
762 2761 1107 2834 disciplinam
1153 2775 1317 2837 atque
1347 2762 1665 2836 gravitatem
1689 2806 1705 2830 ,
1752 2776 1858 2819 non
1901 2760 2078 2819 solum

501 2852 748 2920 Graeciaa,
772 2856 869 2911 sed
908 2855 1048 2911 haud
1080 2852 1195 2912 scio
1225 2873 1292 2912 an
1324 2857 1536 2913 cunctis
1560 2853 1811 2927 gentibus
1847 2862 2080 2927 antepo-

503 2946 735 2999 nendam
781 2946 903 3017 jure
922 2948 1122 3006 dicam.
1164 2946 1296 3017 Quae
1342 2958 1448 3004 tam
1491 2946 1680 3019 procul
1708 2944 2078 3005 aGrzecorum

502 3034 743 3091 omnium
776 3040 1134 3109 regionibus,
1166 3039 1504 3112 disciplinis,
1549 3040 1855 3113 linguisque
1882 3036 2077 3109 divisa,

497 3142 623 3185 cum
655 3127 709 3187 in
744 3132 950 3188 ultimis
986 3134 1143 3191 terris
1167 3136 1343 3192 cincta
1371 3136 1649 3192 Gallorum
1677 3136 1929 3207 gentibus
1955 3134 2081 3194 bar-

2187 530 2243 584 et
2271 524 2669 583 Collationibus
2698 524 3096 596 perdiscendis,
3127 533 3184 584 et
3206 528 3276 584 ad
3302 539 3460 587 usum
3487 535 3741 606 applicari

2185 626 2272 685 dis
2302 640 2462 684 omne
2490 638 2651 684 suum
2682 623 2922 683 studium
2959 625 3391 685 collocaverunt.
3425 630 3640 705 Reliqui
3670 649 3772 692 au—

2189 729 2294 776 tem
2322 718 2413 790 qui
2458 718 2557 774 sub
2587 718 2808 773 nomine
2834 715 3082 774 Cassiani
3111 717 3763 794 clrcumferunturlibri;

2186 818 2373 881 utpote
2419 807 2744 881 Theologlca
2788 808 3115 878 Confessio,
3166 825 3286 881 quae
3308 811 3357 869 ei
3384 828 3415 870 a
3443 815 3770 886 quibusdam

2185 906 2469 971 tribuitur,
2498 906 2576 961 De
2605 904 2863 961 conflictu
2899 905 3158 962 vitiorum
3204 915 3263 964 et
3304 907 3564 967 virtutum
3606 912 3773 980 liber,

2184 1001 2273 1071 qui
2317 999 2461 1071 apud
2507 999 2890 1054 Dominicanos
2940 997 3270 1057 Leodienses
3296 1000 3542 1059 Cassiani
3581 1005 3776 1063 intitu-

2185 1092 2331 1148 lator
2354 1106 2372 1147 :
2399 1098 2457 1148 et
2483 1090 2531 1147 si
2574 1088 2669 1162 qui
2693 1088 2785 1146 alii
2814 1091 3189 1160 inveniantur,
3232 1107 3265 1149 ι
3293 1093 3452 1149 nobis
3479 1106 3606 1152 sunt
3630 1113 3777 1169 prat-

2184 1183 2427 1241 tcrmissi
2452 1200 2465 1238 :
2495 1191 2605 1238 tum
2624 1182 2771 1254 quod
2796 1183 2941 1253 apud
2963 1181 3308 1241 Gennadium
3327 1194 3386 1243 et
3409 1187 3772 1246 Trithemium

2185 1292 2293 1333 non
2322 1277 2669 1334 inveniantur
2711 1276 2977 1333 Cassiano
3005 1276 3277 1345 attributi,
3302 1288 3418 1336 tum
3448 1281 3593 1352 quod
3622 1282 3774 1340 illius

2185 1368 2385 1441 stylom
2431 1382 2539 1425 non
2584 1366 2891 1425 redoleant.
2941 1366 3225 1440 Sequitur,
3264 1380 3326 1426 ut
3346 1382 3612 1444 exponam
3645 1381 3777 1433 utro

2185 1460 2467 1532 idiomate,
2500 1460 2769 1518 Graecum
2794 1472 2864 1517 an
2893 1458 3095 1517 Latino
3134 1460 3415 1535 scripserit
3440 1465 3731 1523 Cassianus
3758 1485 3777 1524 :

2187 1564 2311 1607 nam
2355 1558 2411 1609 et
2459 1551 2565 1609 hoc
2604 1551 2748 1623 apud
2793 1551 3077 1623 quosdam,
3118 1562 3340 1625 propter
3361 1547 3675 1627 Trithemii,
3712 1569 3781 1616 ut

2187 1642 2415 1713 opinor,
2463 1644 2845 1701 auctoritatem
2890 1641 2945 1701 in
2984 1645 3339 1716 quaestionem
3386 1647 3527 1705 verti
3567 1646 3727 1706 video
3757 1668 3778 1709 :

2188 1747 2514 1811 quamquam
2544 1750 2643 1798 nou
2674 1749 3012 1810 magnopere
3039 1736 3398 1799 laborandum
3426 1744 3499 1799 sit
3526 1741 3579 1801 in
3612 1742 3782 1804 istius

2186 1832 2506 1904 quaestionis
2561 1829 2939 1889 dissolutione.
3003 1830 3139 1889 Nam
3198 1832 3317 1905 ipse
3369 1830 3670 1893 Cassianus
3715 1837 3781 1894 in

2184 1926 2505 2002 praefatione
2552 1923 2912 1984 Collationum
2957 1938 3176 1983 suarum
3226 1924 3580 1987 manifestum
3611 1928 3782 1989 nobis

2184 2021 2396 2093 praebet
2434 2020 2809 2078 testimonium
2851 2019 2997 2091 quod
3021 2014 3213 2078 Latino
3242 2032 3499 2079 sermone
3525 2022 3782 2090 scripse-

2183 2117 2276 2171 rit.
2316 2112 2377 2170 lu
2423 2128 2487 2171 ea
2535 2110 2809 2185 siquidem
2854 2110 3141 2170 Leontium
3182 2114 3501 2188 pontificem
3539 2122 3596 2173 et
3626 2112 3778 2174 Elia-

2185 2208 2337 2264 dium
2382 2206 2605 2263 fratrem
2652 2205 2950 2278 alloquitur
2980 2206 3035 2263 in
3068 2207 3186 2264 haec
3218 2205 3428 2265 verba:
3479 2208 3776 2270 Obtineant

2185 2296 2463 2355 orationes
2503 2306 2702 2355 vestrae
2742 2298 2813 2353 ab
2859 2311 2927 2355 eo
2950 2296 3040 2369 qui
3069 2294 3263 2370 dignos
3290 2312 3389 2357 nos
3418 2299 3505 2359 vel
3530 2302 3645 2358 visu
3675 2316 3776 2361 eo-

2183 2400 2340 2457 rum,
2384 2388 2471 2447 vel
2513 2384 2843 2461 discipulam
2869 2430 2887 2459 ,
2932 2386 3021 2447 vel
3064 2390 3342 2449 consortio
3366 2390 3669 2465 judicavit,
3714 2388 3797 2454 uti

2186 2482 2346 2540 nobis
2375 2480 2686 2539 earumdem
2708 2481 3063 2539 traditionum
3090 2487 3410 2542 memoriam
3434 2487 3672 2559 planam,
3712 2497 3779 2547 et

2184 2586 2497 2632 sermonem
2526 2574 2593 2629 ad
2622 2572 2911 2631 dicendum
2940 2570 3155 2632 facilem
3199 2574 3453 2636 conferre
3478 2577 3773 2652 dignetur:

2185 2680 2293 2739 quo
2322 2672 2429 2723 tam
2461 2677 2647 2723 sancte
2694 2682 2786 2724 eas
2807 2710 2823 2737 ,
2852 2673 3072 2740 tamque
3109 2664 3321 2741 integre
3347 2686 3508 2743 quam
3538 2672 3608 2729 ab
3636 2668 3778 2746 ipsis

2184 2758 2495 2831 accepimus
2526 2758 2864 2830 explicantes
2886 2804 2902 2831 ,
2938 2758 3085 2834 ipsos
3126 2758 3529 2835 quodammodo
3572 2766 3627 2824 in
3657 2768 3776 2827 suis

2184 2853 2450 2909 institutis
2500 2852 2876 2925 incorporatos
2901 2895 2917 2921 ,
2950 2861 3006 2911 et
3050 2850 3196 2927 quod
3221 2858 3398 2931 majus
3428 2867 3511 2917 est
3534 2905 3548 2932 ,
3578 2860 3777 2918 Latino

2184 2945 2524 3018 disputantes
2566 2939 2789 3018 eloquio
2837 2942 2993 3004 vobis
3046 2948 3309 3011 exhibere
3352 2954 3640 3025 possimus.
3700 2952 3777 3013 Et

2183 3032 2508 3097 Coliationis
2551 3038 2727 3096 tertiae
2767 3041 2944 3110 capite
2986 3043 3176 3113 quinto
3203 3038 3444 3113 decimo,
3490 3044 3775 3118 proferens

2186 3131 2318 3190 illud
2350 3126 2591 3204 Apostoil
2619 3176 2634 3203 ,
2683 3126 3003 3205 Sit/ﬁdentia
3050 3142 3227 3191 nostra
3258 3151 3323 3191 ea:
3351 3134 3461 3191 Deo
3482 3146 3594 3205 est;
3624 3138 3776 3210 quod

497 3220 663 3279 bariae
688 3220 943 3281 fluctibus
973 3227 1203 3282 alluatur
1229 3246 1241 3282 :
1275 3228 1355 3284 sic
1380 3184 1707 3299 οριίιιιίιιιιιιῖ
1731 3224 1958 3284 consilio
1984 3244 2083 3300 gu-
2108 3184 2156 3258 Ο
2190 3226 2367 3282 minus
2397 3184 2628 3292 rLatine,
2680 3184 2878 3296 inq'uit,
2925 3220 3020 3282 sed
3050 3221 3362 3297 expressius
3402 3225 3509 3281 diei
3550 3184 3731 3298 poi'est
3756 3244 3777 3289 :

500 3318 780 3386 bernatur,
825 3330 883 3375 ut
929 3335 1119 3375 omnes
1151 3320 1270 3392 ejus
1315 3321 1560 3377 instituta
1607 3316 1835 3379 laudare
1872 3319 2082 3377 facilius

502 3413 741 3482 possint,
785 3430 943 3485 quam
977 3416 1245 3472 aemulari.
1286 3412 1456 3473 Porro
1488 3432 1652 3488 quam
1686 3428 1835 3473 recte
1861 3410 2080 3473 Cassia-

503 3521 602 3561 nus
626 3507 742 3576 ipse
773 3506 841 3563 de
870 3502 1069 3565 Christi
1110 3510 1279 3582 gratia
1309 3508 1586 3579 senserit,
1632 3506 1735 3565 alia
1770 3511 1891 3581 ejus
1918 3526 2081 3581 opera

503 3609 816 3657 testantur:
867 3602 920 3657 in
961 3602 1158 3673 quibus
1199 3619 1306 3660 non
1356 3602 1484 3678 quid
1524 3596 1615 3659 alii
1641 3602 1851 3674 opinati
1880 3598 2084 3661 fuerint

502 3694 639 3750 sicut
672 3695 724 3749 in
757 3694 1183 3763 Collationibus,
1232 3696 1329 3753 sed
1360 3710 1513 3753 suam
1546 3696 1720 3770 ipsius
1758 3696 2081 3753 sententiam

501 3788 752 3854 exponit;
788 3782 839 3843 id
880 3786 1021 3859 quod
1053 3790 1217 3845 etiam
1249 3786 1304 3845 in
1337 3790 1527 3860 primis
1572 3788 1782 3845 duabus
1820 3786 2082 3846 censoriis

504 3877 645 3932 notis
672 3895 700 3932 a
733 3880 889 3935 nobis
913 3892 1231 3938 annotatum
1260 3892 1364 3937 est.
1413 3883 1557 3940 Inter
1582 3899 1644 3938 ea
1672 3900 1801 3939 vero
1833 3899 1998 3957 opera
2028 3883 2080 3939 in

501 3966 695 4038 quibus
724 3986 788 4023 ex
816 3971 1031 4038 propria
1062 3973 1301 4041 loquitur
1329 3975 1599 4028 sententia
1620 4013 1634 4040 ,
1668 3985 1866 4043 praeter
1894 3975 2081 4029 Mona-

500 4060 757 4113 sticarum
808 4060 1273 4116 Constitutionum
1324 4063 1492 4117 libros
1542 4072 1795 4132 quatuor,
1830 4072 1886 4118 et
1917 4062 2083 4121 libros

499 4162 622 4209 octo
650 4153 715 4208 de
746 4150 906 4209 Vitiis
933 4152 1257 4224 capitalibus
1283 4195 1298 4220 ,
1349 4164 1558 4225 septem
1593 4150 1669 4209 illi
1698 4155 1766 4211 de
1802 4154 1969 4211 Verbi
1996 4156 2080 4211 ln-

503 4247 824 4302 carnatione
865 4246 992 4303 libri
1037 4258 1164 4302 sunt
1210 4248 1629 4303 annumerandi.
1670 4248 1782 4305 llos
1823 4249 1965 4305 enim
2017 4250 2085 4306 ab

505 4340 624 4409 ipso
654 4338 915 4394 Cassiano
939 4338 1113 4395 editos
1137 4349 1191 4394 et
1212 4342 1552 4409 conscriptos
1576 4357 1699 4397 esse
1730 4358 1887 4398 nemo
1915 4338 2083 4397 addu-

506 4430 720 4497 bitabit,
745 4431 837 4502 qui
872 4432 995 4486 illos
1019 4417 1603 4504 diligenterlectitarit,
1630 4444 1683 4490 et
1705 4432 1847 4490 istud
1881 4436 2084 4491 oratio-

502 4522 588 4579 nis
616 4524 765 4579 filum
794 4540 914 4580 cum
938 4524 1211 4596 prioribus
1228 4524 1348 4597 ejus
1372 4526 1629 4598 operibus
1660 4522 2079 4597 comparaverit.

503 4613 574 4671 Ut
602 4614 819 4670 interim
845 4614 1060 4671 silentio
1078 4625 1397 4687 praeteream
1420 4617 1587 4672 libros
1614 4617 1712 4672 hos
1730 4632 1760 4671 a
1780 4616 2081 4674 Trithemio

500 4718 552 4761 rt
580 4707 881 4775 Gennadio,
911 4711 1001 4778 qui
1036 4707 1330 4764 illustrium
1366 4709 1614 4765 Virorum
1647 4710 1856 4767 indices
1877 4711 2081 4768 descri-

499 4809 765 4871 pserunt,
811 4801 952 4855 inter
994 4817 1155 4872 opera
1202 4800 1447 4858 Cassiani
1511 4803 1806 4860 numerari.
1863 4803 2080 4862 Priores

503 4908 637 4948 vero
680 4893 806 4950 libri
856 4894 957 4950 hoc
987 4897 1220 4952 consilio
1250 4896 1318 4952 ab
1348 4911 1414 4952 eo
1441 4896 1628 4967 scripti
1660 4913 1781 4954 esse
1801 4897 2075 4967 videntur,

503 4996 557 5039 ut
586 4986 645 5040 in
688 4984 753 5041 iis
782 4988 907 5041 vitae
934 4987 1069 5057 piae,
1126 4984 1395 5060 religiosae
1426 4997 1481 5044 et
1526 4988 1841 5044 monasticae
1872 5000 2075 5047 certam

502 5078 788 5148 quamdam
817 5079 1230 5151 absolutamque
1267 5079 1498 5136 formam
1542 5083 1773 5153 posteris
1814 5082 2071 5153 traderet,

500 5171 645 5241 digni
675 5171 878 5228 idcirco
905 5170 996 5243 qui
1028 5189 1320 5245 numquam
1351 5174 1417 5232 de
1438 5177 1687 5233 manibus
1720 5177 1959 5234 maxime
1988 5194 2075 5235 re-

501 5265 809 5335 ligiosorum
842 5265 1214 5335 deponantur;
1245 5278 1464 5341 propter
1494 5281 1679 5326 sancta
1709 5271 2073 5341 salutariaque

499 5372 615 5425 quae
641 5357 920 5414 continent
946 5357 1197 5429 dogmata
1227 5370 1281 5417 et
1304 5364 1573 5429 exempla.
1603 5360 1773 5431 Cujus
1810 5359 1887 5417 rei
1920 5362 2071 5417 locu-

497 5449 825 5518 pletissimos
858 5462 1021 5509 testes
1043 5453 1305 5511 habemus
1331 5454 1513 5509 divum
1546 5455 1902 5511 Benedictum
1921 5496 1935 5521 ,
1961 5454 2072 5511 Do-

496 5544 747 5601 minicunt
766 5546 1074 5613 ,Thomam
1105 5548 1427 5620 Aquinatem
1451 5590 1465 5616 ,
1498 5549 1812 5619 Dionysium
1841 5546 2071 5603 Carthu-

495 5637 729 5706 sianum,
762 5639 1024 5711 lgnatium
1048 5642 1335 5700 Soeietatis
1354 5643 1479 5700 Jesu
1511 5643 1741 5714 primum
1770 5650 2071 5714 auctorem,

493 5739 829 5803 cmterosque
868 5733 992 5792 vitae
1033 5737 1393 5793 sanctimonia
1439 5746 1494 5793 et
1537 5737 1837 5793 monastica
1892 5735 2075 5809 perfe-

492 5822 672 5881 ctione
700 5823 984 5901 insigniter
1006 5827 1184 5886 claros
1208 5845 1224 5890 :
1252 5830 1344 5896 qui
1365 5829 1627 5890 Auctoris
1644 5826 1805 5899 hujus
1832 5829 2070 5891 lectione

2190 3312 2465 3373 fdoneitas
2499 3323 2687 3371 nostra
2732 3326 2798 3372 ex
2844 3312 2956 3372 Deo
3004 3323 3106 3372 est.
3165 3316 3499 3387 Quamquam
3539 3317 3683 3374 enim
3714 3316 3775 3377 in

2186 3402 2685 3465 commemorandis
2732 3416 2789 3464 et
2834 3404 3066 3463 citandis
3104 3418 3275 3463 sacrae
3318 3406 3620 3480 Seripturae
3649 3422 3779 3468 sett-

2187 3500 2371 3556 tentiis
2403 3499 2520 3556 fere
2548 3506 2813 3571 sequatur
2838 3493 3029 3555 LXXil
3057 3494 3426 3571 interpretum
3453 3500 3774 3570 lectionem,

2185 3596 2240 3650 et
2270 3594 2452 3649 multae
2484 3594 2684 3664 passim
2723 3593 2969 3649 obscurae
2998 3602 3052 3650 et
3081 3588 3458 3651 Graacolatlnaa
3494 3606 3661 3652 voces
3690 3590 3779 3652 in-

2189 3697 2269 3743 ter
2312 3686 2598 3757 legendum
2646 3698 2769 3743 sese
2821 3683 3091 3741 offerant:
3128 3700 3357 3757 quarum
3384 3690 3687 3761 catalogum
3716 3697 3779 3747 et

2193 3776 2696 3851 interpretationem
2745 3787 2867 3850 post
2912 3778 3071 3835 finem
3103 3776 3267 3835 totius
3307 3776 3484 3853 operis
3526 3782 3778 3853 adiunxi-

2189 3886 2345 3930 mus:
2390 3874 2518 3946 quia
2556 3880 2734 3930 tameu
2784 3886 2955 3943 prope
2999 3864 3317 3941 Massiliam,
3350 3868 3439 3930 ubi
3472 3877 3773 3932 etiamnum

2186 3969 2306 4040 ejus
2335 3967 2598 4024 memoria
2626 3964 2863 4022 celebris
2887 3958 3139 4033 habetur,
3171 3975 3349 4023 etnon
3374 3964 3425 4023 in
3450 3961 3681 4037 Grrecia,
3714 3978 3774 4028 et

2187 4062 2253 4116 ad
2276 4061 2562 4131 episcOpos
2578 4054 2767 4114 Gallias
2792 4058 3013 4115 Latinos
3038 4058 3330 4129 scribebat,
3351 4076 3456 4117 non
3479 4060 3587 4117 alio
3609 4078 3771 4134 quam

2186 4148 2380 4208 Latino
2411 4162 2689 4218 sermone,
2722 4148 2773 4205 in
2802 4162 2910 4221 quo
2941 4151 3019 4207 illi
3050 4150 3246 4207 versati
3276 4160 3467 4219 erant,
3492 4164 3546 4210 et
3582 4155 3633 4209 in
3661 4168 3776 4226 quo

2188 4245 2303 4314 ipse
2347 4242 2455 4313 jam
2488 4252 2702 4315 quoque
2750 4256 2919 4313 prope
2978 4242 3382 4301 Massilioticum
3418 4242 3765 4317 gymnasium

2187 4332 2437 4391 habitans
2468 4335 2626 4391 tritus
2656 4340 2795 4402 erat,
2828 4329 2906 4392 uti
2933 4329 3141 4392 debuit.
3167 4329 3279 4393 Sed
3305 4352 3480 4410 neque
3502 4339 3570 4394 de
3602 4334 3774 4394 inter-

2187 4438 2337 4501 prete
2381 4424 2625 4485 Cassiani
2676 4445 2936 4501 umquam
2963 4429 3205 4487 auditum
3235 4440 3320 4488 est
3344 4474 3359 4501 ,
3390 4448 3566 4503 neque
3598 4430 3771 4491 ullum

2190 4522 2451 4579 hactenus
2476 4522 2849 4579 Graecanicum
2874 4525 3177 4596 exemplar,
3201 4524 3319 4581 sive
3342 4520 3623 4593 scriptum,
3650 4524 3774 4584 sive

2187 4629 2476 4681 excusutn,
2502 4614 2645 4686 quod
2676 4612 2833 4672 nobis
2858 4612 3076 4687 quidem
3099 4616 3283 4673 videre
3312 4614 3488 4683 licuit,
3508 4616 3563 4672 in
3588 4618 3771 4678 lucem

2185 4707 2393 4763 datum.
2422 4702 2541 4763 .lam
2567 4722 2695 4763 vero
2726 4704 2867 4779 quod
2898 4710 2964 4765 ad
2992 4711 3162 4782 ipsius
3189 4706 3431 4767 Cassiani
3474 4709 3771 4769 lectionem

2181 4800 2414 4870 attinet,
2445 4815 2563 4856 eam
2597 4815 2695 4857 nos
2718 4798 2785 4857 ab
2812 4798 3035 4858 infinitis
3063 4803 3459 4875 propemodum
3490 4804 3773 4861 erroribus

2182 4907 2245 4950 ac
2268 4892 2503 4965 mendis,
2520 4910 2586 4950 ex
2609 4890 2898 4951 collatione
2921 4907 3164 4953 veterum
3189 4910 3319 4951 mss.
3343 4898 3769 4971 exemplarium,

2181 4990 2237 5042 et
2276 4982 2340 5039 D.
2386 4984 2631 5057 Dionysii
2679 4983 3026 5043 Carthasiani
3080 4985 3486 5057 paraphrastica
3531 4988 3771 5047 transla-

2184 5078 2352 5145 tione,
2380 5092 2501 5148 qua:
2534 5078 2715 5135 multis
2739 5079 2790 5136 in
2830 5078 2963 5136 locis
2993 5093 3123 5135 mss.
3156 5073 3438 5137 codicibus
3472 5076 3773 5139 conformis

2182 5170 2282 5239 est,
2318 5166 2745 5229 vindicavimus:
2799 5172 3249 5245 quemadmodum
3290 5188 3364 5231 ex
3406 5170 3772 5244 castigatoriis

2182 5262 2349 5337 notis,
2369 5283 2601 5340 quarum
2632 5266 2839 5323 tabulas
2868 5270 2993 5338 post
3018 5267 3175 5324 finem
3212 5268 3392 5339 operis
3420 5266 3771 5334 exhibemus,

2180 5360 2615 5419 animadvertere
2657 5359 2803 5416 licet.
2864 5356 3116 5431 Cupitum
3148 5363 3390 5433 partitio,
3426 5374 3547 5433 quae
3574 5358 3773 5417 multis

2181 5453 2235 5509 in
2284 5453 2419 5509 locis
2460 5468 2592 5510 mss.
2632 5451 3037 5523 exemplaribus
3065 5452 3133 5509 ab
3165 5455 3381 5511 excusis
3406 5450 3625 5509 diversa
3654 5454 3769 5523 est,

2178 5546 2526 5619 Dionysiante
2571 5536 2892 5618 paraphrasi
2940 5542 3055 5603 fere
3091 5555 3464 5603 consentanea
3506 5555 3626 5603 est:
3660 5560 3769 5603 nos

2177 5648 2357 5697 tamen
2380 5640 2448 5696 ab
2483 5656 2545 5699 ea
2575 5638 2928 5697 distinctione
2950 5683 2963 5707 ,
3006 5656 3127 5713 qua:
3157 5641 3420 5697 hactenus
3448 5634 3502 5697 in
3527 5641 3772 5711 impres-

2177 5735 2252 5793 sis
2294 5734 2447 5793 libris
2476 5732 2771 5804 invenitur,
2805 5732 3055 5791 duximus
3098 5748 3206 5790 non
3258 5743 3465 5791 temere
3513 5722 3790 5821 receden-g

2176 5828 2305 5888 dum
2336 5827 2540 5886 fuisse:
2573 5835 2940 5901 praeterquam
2987 5826 3133 5901 quod
3173 5826 3348 5889 libros
3392 5827 3463 5887 de
3504 5824 3779 5886 lucerna-
