4036 6218
329 349 400 407 g9
1504 351 1872 410 PREFATlO
1908 353 2167 413 ALARDl
2205 357 2450 418 cum.
3556 370 3627 432 so

331 467 488 524 tione
516 467 792 526 hactenus
820 470 1186 542 indistinctus,
1216 471 1269 528 in
1311 472 1489 546 capita
1519 472 1931 544 digesserimus.
1959 482 2015 542 Α
2039 475 2181 532 hunc
2225 488 2472 536 nostrum
2524 480 2714 538 eodem
2755 481 2925 540 animi
2965 479 3206 541 candore
3244 496 3356 556 quo
3406 497 3439 542 ι
3467 487 3624 547 nobis

339 561 442 617 llis
470 563 722 618 omnibus
748 563 1048 633 adjecimus
1083 565 1220 622 duos
1246 565 1453 624 indices
1491 581 1665 623 novos
1711 583 1776 623 ex
1811 567 1935 622 uni-

339 669 509 710 verso
528 655 767 712 Cassiani
793 674 960 729 opere
986 675 1016 715 a
1045 660 1203 716 nobis
1234 662 1528 717 collectos:
1553 662 1816 732 priorem,
1842 677 1939 719 ex-

340 750 659 820 plicaturum
689 752 761 808 ab
795 757 1035 811 Auctore
1075 757 1278 812 divina:
1312 757 1610 827 Scriptura:
1637 759 1937 815 sententia-

340 859 500 908 rum;
545 847 902 914 posteriorem
927 889 943 915 ,
992 849 1282 918 insignium
1310 862 1366 910 et
1393 852 1828 909 memorabilium
1851 869 1939 910 re-

339 954 484 994 rum.
514 939 799 1011 Superest,
847 946 1021 1000 amice
1043 955 1098 1001 et
1119 947 1350 1004 candide
1379 947 1576 1017 lector,
1609 958 1667 1004 ut
1691 948 1932 1006 laborem

1078 1208 1692 1292 ΡΗλἘῈΑΤΙΟ
1773 1211 2218 1295 ALARDI
2295 1211 2676 1296 GAZZEI
2755 1196 2872 1295 (α).

400 1485 748 1554 Cassianum,
793 1500 947 1554 ecce,
975 1484 1139 1542 toties
1159 1500 1350 1543 cusum
1382 1493 1437 1542 et
1457 1498 1716 1541 excusem
1745 1483 1921 1540 denuo

323 1582 673 1649 recudimus,
718 1589 773 1638 et
803 1597 949 1638 novo
989 1583 1274 1638 schemate
1319 1579 1566 1635 nonnihil
1607 1579 1921 1634 adornatum

328 1693 524 1732 rursus
555 1678 610 1732 in
641 1678 824 1732 lucem
854 1677 1070 1730 damus.
1111 1674 1472 1739 Mirabuntur,
1503 1683 1584 1728 sat
1619 1673 1763 1740 scio,
1796 1687 1922 1744 per-

329 1770 498 1824 multi
526 1788 539 1820 :
566 1779 624 1824 et
649 1769 746 1822 alii
773 1767 998 1838 quidem
1026 1768 1234 1822 inanem
1260 1782 1493 1836 operam,
1527 1765 1617 1820 alii
1652 1765 1927 1821 temerita-

2040 570 2285 641 aifertur,
2333 572 2639 644 suscipias;
2671 589 2846 646 eoque
2876 576 2945 631 ad
2975 575 3076 633 Dei
3103 576 3367 635 honorem
3407 587 3464 634 et
3491 578 3624 637 itei-

2037 665 2187 734 publ.
2217 679 2284 720 ac
2311 665 2506 721 animae
2549 677 2652 722 tute
2693 669 2923 725 salutem
2953 669 3185 727 feliciter
3223 670 3441 728 fruaris.
3468 671 3618 730 Vale.

2035 758 2261 814 Lovanii
2289 776 2356 816 ex
2389 771 2576 817 nostro
2602 763 2870 819 Albarum
2902 765 3252 823 Dominarum
3284 768 3618 826 monasterio

2037 853 2290 911 Calendis
2313 855 2517 913 Martiis
2538 857 2673 915 anni
2700 859 2862 916 1578.

2669 1095 2766 1110 *δυ

2027 1486 2298 1554 censuris,
2345 1489 2574 1560 aliisque
2628 1491 3013 1549 additamentis
3064 1493 3215 1548 anxit
3277 1501 3333 1548 et
3379 1490 3625 1549 illustra-

2028 1581 2108 1636 vit
2137 1598 2152 1636 :
2195 1597 2314 1653 qute
2345 1583 2531 1640 Roma:
2561 1587 2796 1657 primum
2828 1587 2970 1644 edita
3003 1587 3126 1658 (An.
3156 1584 3344 1657 l588),
3393 1585 3618 1642 demum

2031 1691 2099 1731 ex
2125 1674 2474 1746 Lugdunensi
2490 1679 2731 1735 editione
2756 1690 2879 1735 ante
2902 1694 3106 1750 paucos
3126 1693 3300 1735 annos
3322 1677 3427 1734 huc
3447 1677 3625 1737 delata

2031 1770 2337 1841 accepimus
2368 1770 2492 1842 (An.
2528 1770 2710 1843 1606).
2744 1773 3016 1839 Quorsum
3044 1771 3209 1842 igitur
3235 1769 3356 1827 inec
3401 1785 3542 1826 nova
3568 1780 3626 1828 et

336 1871 453 1916 tem
498 1863 748 1914 l’ortassis
791 1859 1143 1924 incusabunt,
1176 1858 1318 1929 quod
1347 1868 1466 1929 post
1490 1857 1625 1913 alias
1653 1858 1925 1914 editiones
1954 1899 2002 1960 Β
2034 1873 2138 1919 tam
2173 1879 2517 1936 przepmpera
2550 1866 2754 1921 editio?
2783 1875 2838 1922 et
2865 1867 2990 1937 quis
3019 1881 3136 1922 eam
3177 1867 3353 1936 primo
3395 1875 3623 1936 aspectu

338 1955 480 2008 adeo
519 1960 766 2007 recentes
804 1961 860 2005 et
895 1953 1139 2021 volgatas
1188 1951 1329 2007 idem
1383 1965 1518 2021 opus
1567 1951 1820 2021 aggredi,
1870 1959 1927 2007 et

336 2049 479 2101 velut
511 2058 692 2104 actum
730 2061 922 2116 agere,
975 2055 1069 2100 aut
1101 2045 1320 2119 Sisyphi
1360 2060 1548 2100 saxum
1581 2046 1803 2102 volvere
1842 2043 1928 2098 vi-

330 2140 578 2196 deamur.
594 2140 752 2204 Nam,
771 2150 828 2195 ut
843 2142 1146 2195 anteriores
1164 2140 1564 2210 etantiquiores
1581 2148 1922 2209 praeteream,

330 2233 500 2289 edidit
531 2234 657 2301 (Αη.
690 2232 845 2287 Dom.
882 2233 1047 2301 1578)
1079 2249 1185 2288 non
1215 2233 1289 2288 ita
1317 2234 1503 2288 multis
1541 2233 1744 2289 abhinc
1771 2233 1926 2288 annis

333 2329 449 2382 haec
478 2325 708 2380 Joannis
739 2327 984 2381 Cassiani
1015 2341 1181 2395 opera
1205 2341 1271 2382 ex
1301 2325 1535 2381 Plautini
1568 2323 1925 2397 typographia

331 2436 359 2476 a
382 2422 567 2474 multis
583 2419 798 2475 mendis
820 2429 1114 2490 expurgatu
1136 2419 1200 2474 Β.
1222 2419 1322 2474 Do.
1343 2418 1632 2474 Heinricus
1650 2416 1925 2490 Cuychius

334 2516 617 2586 theologus
643 2515 1002 2571 Lovauiensis
1021 2553 1034 2580 ,
1075 2525 1263 2586 postea
1293 2516 1590 2586 episcopus
1619 2514 1926 2569 Ruremun-

333 2609 547 2674 densis,
579 2608 782 2664 additis
807 2609 975 2664 etiam
1003 2609 1069 2662 ad
1097 2609 1350 2679 quaedam
1385 2609 1500 2664 loca
1523 2607 1788 2664 censoriis
1828 2622 1927 2664 n0—

329 2702 631 2757 tationibus
661 2717 920 2772 perquam
965 2702 1234 2769 eruditis,
1277 2717 1378 2757 nec
1419 2717 1528 2756 non
1569 2702 1925 2758 obscurarum

333 2795 686 2865 quarumdam
730 2811 928 2851 vocum
970 2810 1032 2851 ac
1083 2797 1486 2851 sententiarum
1527 2796 1924 2863 clucidatione,

329 2905 455 2960 qua:
500 2890 697 2960 passim
761 2890 1060 2946 multorum
1109 2890 1362 2946 manibus
1414 2897 1666 2943 teruntur
1711 2897 1768 2944 et
1816 2888 1925 2943 cir-

329 2983 727 3037 cumferuntur.
758 2981 945 3037 Edidit
972 2991 1029 3036 et
1070 2980 1231 3050 paulo
1259 2989 1380 3049 post
1406 2979 1600 3033 Petrus
1640 2976 1928 3036 Ciaconius

330 3075 621 3144 presbyter
667 3073 961 3130 Toletanus
1005 3089 1036 3129 a
1070 3072 1303 3128 Baronio
1335 3070 1642 3142 (Martyrol.
1679 3073 1745 3127 Η
1775 3069 1927 3143 Maii)

333 3168 776 3236 commendatus;
817 3181 992 3240 eaque
1041 3169 1198 3224 novis
1227 3166 1392 3223 etiam
1422 3166 1826 3249 natationibus,
1872 3175 1930 3224 et

2033 1971 2140 2012 non
2168 1957 2442 2028 suggillet,
2471 1967 2564 2012 aut
2591 1969 2900 2028 suspectam
2934 1956 3150 2024 habeat,
3177 1973 3298 2029 quae
3327 1957 3626 2030 superiori-

2031 2049 2134 2105 bus
2159 2049 2296 2106 adeo
2332 2052 2665 2119 recentibus,
2699 2062 2754 2108 et
2781 2060 2989 2108 tantum
3022 2068 3130 2108 non
3156 2068 3186 2107 a
3220 2053 3391 2122 praalo
3421 2052 3625 2109 sudan-

2031 2143 2173 2198 tibus
2219 2144 2529 2215 importuna
2558 2161 2620 2200 se
2660 2145 2940 2201 obtrudit?
2986 2145 3082 2201 liis
3123 2145 3335 2202 accedit
3383 2145 3529 2215 quod
3569 2155 3624 2201 et

2033 2237 2244 2292 Auctor
2295 2240 2412 2306 ipse
2459 2236 2729 2308 aliquibus
2760 2237 2989 2293 fortasse
3034 2238 3117 2292 vel
3164 2247 3485 2307 suspectus,
3536 2238 3624 2294 vel

2032 2332 2244 2388 minore
2267 2332 2388 2387 loco
2411 2331 2690 2388 habendus
2710 2330 2882 2386 videri
2902 2331 3076 2403 possit
3097 2331 3166 2388 ob
3187 2339 3426 2386 veterem
3448 2331 3621 2400 illam,

2033 2435 2085 2479 et
2115 2424 2383 2493 vulgatam
2414 2423 2482 2480 de
2525 2423 2697 2496 gratia
2727 2424 2824 2480 Dei
2881 2432 2936 2479 et
2975 2423 3146 2480 libero
3193 2422 3430 2477 hominis
3474 2421 3625 2477 arbi-

2034 2518 2139 2574 trio
2163 2517 2592 2573 controversiam
2611 2562 2625 2587 ,
2645 2517 2890 2587 aliasque
2911 2531 3104 2573 causas
3135 2533 3241 2573 non
3272 2515 3573 2587 incognitas
3600 2531 3617 2573 :

2031 2611 2178 2666 unde
2217 2611 2394 2682 ipsum
2427 2612 2610 2680 potius
2641 2611 2960 2667 delitescere
2981 2652 2998 2678 ,
3030 2627 3188 2682 quam
3219 2611 3380 2667 toties
3425 2611 3477 2666 in
3523 2626 3625 2681 pu-

2034 2705 2233 2762 blicum
2282 2705 2498 2775 prodire
2531 2705 2762 2760 forsitan
2803 2703 3080 2775 expediet.
3123 2704 3233 2760 Cur
3271 2704 3432 2775 igitur
3462 2703 3518 2760 in
3559 2718 3626 2761 eo

2031 2811 2222 2852 rursus
2267 2795 2586 2853 cxcudeudo
2632 2806 2688 2852 et
2730 2796 3062 2867 expoliendo
3107 2807 3293 2854 tantus
3330 2797 3486 2853 labor
3523 2799 3625 2854 im-

2033 2890 2269 2960 pensus?
2291 2889 2494 2944 Verum
2521 2889 2791 2958 :equiores
2811 2903 2971 2957 Spero
2992 2889 3208 2959 judices
3224 2931 3238 2957 ,
3263 2897 3320 2944 et
3338 2903 3621 2960 censores,

2032 2981 2124 3051 qui
2155 2992 2209 3035 et
2238 2981 2562 3037 Cassianum
2587 2982 2764 3051 ipsum
2794 2982 2961 3051 probe
2985 2982 3188 3050 norint,
3215 2989 3270 3038 et
3295 2981 3424 3053 quid
3449 2982 3500 3037 in
3525 2982 3625 3038 bac

2033 3075 2279 3132 editione
2303 3089 2415 3144 prae
2449 3075 2665 3131 caeteris
2693 3076 2992 3146 prmstitutn
3023 3075 3112 3141 sit,
3147 3085 3396 3133 accurate
3426 3089 3624 3146 cogno-

2034 3169 2233 3226 verint.
2263 3168 2418 3237 Quod
2443 3176 2732 3240 antequam
2757 3182 3033 3240 exponere
3057 3167 3362 3240 aggrediar,
3392 3182 3624 3225 consen-

405 3374 484 3445 (a)
526 3375 826 3446 Antequam
867 3375 1191 3446 ingrediaris
1230 3374 1478 3430 devotam
1520 3373 1829 3447 eloquentis
1869 3381 1924 3430 et
1952 3375 1998 3439 C
2029 3375 2244 3440 quidem
2275 3384 2329 3431 et
2367 3375 2547 3447 specie
2576 3373 2842 3431 exteriori
2871 3375 3099 3444 pusillus
3125 3383 3182 3432 et
3208 3375 3406 3443 brevis,
3437 3381 3522 3442 et,
3563 3381 3623 3431 ut

326 3448 499 3503 sancti
533 3445 767 3501 auctoris
800 3445 960 3516 hujus
999 3447 1288 3511 lecturam,
1330 3460 1490 3514 quam
1517 3448 1645 3499 tanti
1679 3445 1926 3502 fecerunt

322 3519 536 3589 antiqui
557 3519 764 3585 Patres,
786 3519 1092 3587 praisertitn
1117 3519 1278 3589 Pater
1299 3526 1483 3571 noster
1513 3516 1930 3582 Benedictus,et

327 3587 535 3645 schola:
553 3589 875 3659 theologicae
892 3591 972 3643 sol
988 3587 1406 3650 divus'l‘homas,
1421 3596 1481 3659 ut
1495 3603 1614 3641 eam
1636 3603 1926 3656 numquam

325 3661 396 3718 de
423 3662 674 3714 manibus
712 3658 824 3716 fere
853 3662 1188 3727 deponerent
1217 3676 1230 3712 :
1267 3675 1370 3712 non
1400 3658 1590 3715 dubito
1613 3659 1740 3727 quin
1783 3659 1929 3714 scire

325 3733 539 3798 avebis,
567 3735 740 3785 lector
758 3733 1038 3796 benevole,
1070 3733 1190 3800 quis
1213 3731 1306 3786 ille
1318 3732 1389 3784 sit
1415 3729 1647 3784 Alardus
1667 3728 1893 3786 Gazaeus
1910 3766 1924 3793 .

326 3806 420 3874 qui
459 3813 567 3857 tam
608 3803 895 3859 luculentis
931 3801 1243 3858 Cassianum
1299 3801 1394 3856 tibi
1443 3802 1738 3874 illustravit
1781 3817 1930 3854 com-

324 3870 634 3932 thentariis.
671 3875 802 3931 lluic
853 3890 984 3944 ergo
1038 3873 1312 3930 desiderio
1371 3881 1462 3927 tuo
1517 3870 1925 3944 satisfa_ct_urus,

324 3949 670 4018 prmiiiittere
702 3963 789 4018 me
840 3939 1002 4018 posse
1052 3961 1175 4000 reor
1205 3961 1311 4018 non
1355 3945 1536 4018 inepte
1578 3941 1707 3995 illtid
1741 3939 1929 3996 Eccle;

325 4015 539 4073 Siristici
573 4031 626 4070 xi
659 4034 672 4069 :
709 4015 1050 4070 Noniandes
1080 4021 1242 4070 cirum
1289 4017 1341 4068 in
1385 4015 1550 4084 specie
1589 4029 1718 4075 sua,
1771 4031 1931 4085 neque

324 4105 551 4158 spernas
577 4087 839 4142 hominem
866 4089 921 4140 in
946 4090 1058 4142 uisu
1084 4104 1178 4141 suo
1204 4104 1223 4142 :
1258 4087 1418 4140 brevis
1448 4087 1502 4139 in
1531 4085 1928 4158 volatilibuscst

325 4157 468 4230 apis,
504 4169 553 4214 et
582 4160 792 4213 initium
837 4158 1066 4230 d‘ulcoris
1105 4159 1257 4212 habet
1285 4159 1482 4228 [ructus
1528 4157 1929 4230 illius._Quibus

330 4227 516 4287 verbis
546 4247 652 4285 non
679 4227 972 4285 secundum
1004 4229 1191 4283 facii-in
1211 4272 1224 4296 ,
1250 4227 1342 4281 sed
1370 4227 1663 4283 secundum
1699 4228 1926 4281 fruetum

322 4303 580 4374 judicare
620 4316 717 4356 nos
764 4308 947 4355 mouet
974 4301 1222 4367 Sapiens.
1257 4299 1430 4374 Frons
1465 4301 1607 4352 enim
1640 4307 1694 4352 et
1720 4301 1930 4374 species

324 4369 595 4445 praeclara
644 4387 790 4440 saepe
840 4374 974 4442 tegit
1029 4374 1265 4445 animum
1305 4373 1542 4445 viliorem
1575 4380 1700 4445 :“et
1731 4369 1929 4445 Paulus

322 4440 622 4514 apostolus
655 4457 839 4498 contra
894 4440 1124 4498 tinnulos
1163 4444 1253 4513 qui
1303 4445 1369 4496 de
1418 4443 1534 4510 ipso
1566 4440 1925 4514 dictitabant,

327 4511 598 4585 Quoniam
624 4516 830 4586 quidem
860 4514 1092 4586 cpistola:
1121 4511 1298 4582 graves
1323 4522 1440 4566 sunt
1471 4521 1516 4564 et
1553 4511 1708 4581 fortes
1729 4552 1744 4577 ,
1782 4527 1926 4586 prte-

325 4583 499 4640 sentia
527 4583 698 4640 autem
730 4583 959 4655 corporis
991 4586 1196 4652 inﬁrma
1236 4593 1283 4638 ct
1312 4583 1930 4655 sermocontemplibffis;

330 4660 668 4725 respondere
704 4653 827 4712 non
860 4657 1137 4726 indignum
1179 4656 1418 4722 censuit,
1467 4653 1584 4707 Hoc
1613 4655 1800 4726 cogitet
1843 4655 1931 4726 qui

331 4724 595 4797 ejusmodi
621 4737 724 4792 est,
761 4728 878 4796 quia
917 4724 1093 4797 quales
1145 4744 1320 4781 sumus
1349 4725 1518 4797 uerbo,
1568 4739 1667 4797 pcr_
1689 4724 1929 4797 epistolas

328 4792 599 4863 timentes,
622 4799 745 4851 tales
773 4792 817 4850 Et
845 4792 1115 4868 prccseutes
1143 4799 1194 4851 in
1216 4802 1350 4868 [octo
1376 4795 1450 4866 (ll
1471 4792 1589 4848 Cor}
1622 4792 1699 4863 κ).
1717 4792 1928 4864 Nempe

325 4870 586 4942 quamvis
620 4867 852 4942 pusillus
867 4885 1114 4942 corpore,
1143 4867 1453 4942 magnificus
1486 4873 1662 4918 tamen
1681 4873 1928 4942 opere_et

326 4936 616 4997 sermone.
644 4939 711 4993 Et
738 4936 977 5010 pulchre
1011 4942 1115 4993 hoc
1161 4936 1405 4993 declarat
1456 4936 1790 5010 comparatio
1831 4936 1927 4991 Sa.

325 5015 539 5086 pientis
572 5008 959 5086 Eccleéiastici.
1007 5010 1192 5086 Neque
1221 5011 1372 5086 enim
1404 5008 1580 5077 aquila
1612 5023 1926 5086 magnarum

322 5079 579 5147 alarum,
626 5097 726 5137 nec
766 5084 986 5152 phoenix
1039 5083 1480 5152 longmvaavitae,
1525 5094 1623 5133 nec
1656 5079 1775 5152 ulla:
1807 5079 1928 5152 alite

327 5158 575 5225 majores
603 5168 730 5208 aves
763 5149 879 5208 eam
910 5149 1182 5207 merentur
1211 5150 1420 5204 laudem
1440 5163 1598 5220 quam
1623 5149 1841 5204 minima
1873 5151 1927 5204 in

324 5227 652 5282 volatilibus
676 5226 928 5278 omnibus
957 5225 1164 5290 apicula
1187 5265 1201 5288 ,
1243 5236 1366 5291 quae
1400 5226 1625 5275 fructum
1658 5231 1806 5274 creat
1834 5235 1926 5274 ar-

325 5300 569 5355 tificioso
609 5299 660 5351 iu
706 5297 858 5358 favo,
890 5298 978 5363 qui
1014 5295 1221 5349 initium
1251 5301 1338 5347 est
1382 5300 1438 5346 et
1470 5307 1719 5345 mensura
1749 5293 1926 5363 omnis

325 5371 596 5426 dulcoris.
622 5368 862 5422 Primum
889 5361 1032 5420 enim
1062 5367 1115 5420 iii
1141 5378 1464 5431 unoquoque
1492 5378 1712 5432 genere,
1745 5361 1928 5415 Philo-

324 5443 510 5510 soiilio
536 5450 704 5505 teste,
736 5445 820 5492 est
847 5451 1096 5510 mensura
1134 5437 1463 5510 reliquorum
1496 5433 1713 5510 :etmel
1743 5435 1929 5499 apicuo

325 5505 551 5568 lae'ideo
595 5511 681 5563 hic
712 5511 909 5563 dicitur
950 5509 1160 5563 initium
1196 5507 1463 5566 dulcoris,
1519 5505 1642 5573 quia
1675 5517 1924 5560 mensura

325 5594 418 5639 est
443 5586 688 5636 omnium
717 5581 985 5646 dulcium,
1039 5589 1096 5633 ut
1126 5588 1318 5633 merito
1351 5591 1454 5631 vox
1482 5573 1670 5630 Graeca
1699 5590 1804 5630 non
1837 5590 1926 5631 so-

327 5655 445 5710 lum
477 5655 692 5708 initium
723 5667 908 5708 verum
942 5659 996 5704 ct
1033 5651 1385 5719 principatum
1415 5646 1650 5719 dulcoris
1691 5647 1924 5719 genuine

332 5723 640 5794 significet.
669 5725 734 5779 Et
779 5731 966 5778 noster
1006 5717 1236 5777 Alardus
1268 5720 1507 5794 Gazacus
1533 5717 1585 5771 in
1618 5717 1926 5794 volatilibus

333 5788 472 5866 (ᾦιο
497 5793 721 5850 nomine
766 5794 1213 5866 conteinplativas
1257 5793 1464 5844 animas
1496 5791 1757 5866 in_rerum
1790 5788 1928 5842 divi-

329 5861 529 5925 narum
567 5867 688 5933 iugi
737 5865 1108 5933 speculatione
1137 5874 1432 5932 suspensas
1461 5861 1670 5931 accipe)
1697 5873 1927 5929 corpore

2030 3447 2108 3504 illi
2136 3448 2385 3503 dicebant
2409 3448 2477 3502 de
2505 3448 2799 3516 Apostolo,
2832 3448 3123 3516 praesentia
3168 3447 3382 3502 inlirma
3415 3454 3470 3502 et
3505 3461 3624 3502 ser-

2032 3534 2192 3574 mone
2245 3518 2685 3588 contemptibili;
2742 3533 2851 3588 prae
2906 3518 3207 3572 humilitate
3269 3517 3459 3588 animi,
3517 3525 3624 3588 qua

2030 3603 2246 3644 omnem
2297 3587 2377 3644 sui
2406 3587 2824 3644 ostentationem
2873 3588 3144 3659 fugiebat;
3197 3587 3290 3643 sed
3333 3587 3624 3644 mente’ut

2028 3661 2174 3716 facto
2204 3671 2254 3715 et
2288 3661 2505 3728 scriptis
2533 3661 2616 3730 (ut
2641 3660 2728 3714 hic
2752 3659 2926 3723 vides,
2962 3659 3148 3730 lector)
3174 3673 3362 3730 revera
3390 3659 3542 3730 fortis
3569 3669 3624 3714 et

2029 3732 2238 3802 gravis,
2273 3741 2332 3788 ut
2363 3727 2568 3786 initium
2611 3746 2674 3783 ac
2707 3731 2990 3802 primatum
3023 3728 3260 3802 dulcoris
3292 3728 3347 3781 in
3400 3727 3502 3782 hoc
3530 3743 3624 3802 ge-

2031 3795 2160 3858 nere
2187 3795 2920 3857 commeotariorun‘i’habeat
2949 3798 3150 3849 fructus
3183 3795 3324 3865 ejus,
3344 3805 3399 3852 et
3433 3813 3496 3854 ex
3523 3795 3620 3854 llo-

2030 3873 2245 3929 rulento
2277 3871 2491 3940 opiﬁcio
2538 3868 2629 3922 tibi
2674 3868 2925 3940 exhibeat
2961 3865 3426 3940 considerationes
3457 3885 3620 3935 super

2031 3948 2138 4001 tnel
2171 3952 2226 3999 et
2253 3937 2429 3997 favum
2461 3939 2754 3994 dulciores.
2786 3937 2909 3992 Fuit
2938 3951 3102 4007 porro
3135 3939 3363 3994 Alardus
3393 3940 3617 3996 fratrum

2033 4029 2158 4072 natu
2210 4016 2511 4076 maximus,
2542 4010 2632 4078 qui
2673 4013 2836 4066 etiam
2869 4009 2922 4063 in
2961 4009 3270 4065 volatilibus
3301 4014 3424 4069 (οωΙὶ
3469 4012 3620 4070 fuere

2034 4089 2307 4157 insignes,
2340 4093 2392 4140 et
2419 4083 2722 4157 scriptisin
2755 4083 2926 4138 lucem
2959 4082 3125 4157 editis
3146 4081 3416 4157 iliuswes.
3441 4087 3622 4157 Ange-

2034 4151 2174 4213 una;
2205 4157 2430 4213 Gazmus
2474 4151 2600 4212 SOc.
2632 4151 2755 4209 Jesu
2789 4153 3041 4209 sacerdos
3085 4153 3401 4221 religiosus,
3433 4151 3617 4209 multi-

2033 4230 2158 4297 plici
2201 4229 2448 4281 doctrina
2495 4237 2548 4280 et
2595 4227 2794 4295 pietate
2832 4226 3158 4294 prmclarns,
3215 4241 3366 4278 sacra
3408 4241 3621 4294 quoque

2033 4299 2182 4370 poesi
2233 4299 2638 4370 celeberrimus.
2669 4297 3208 4370 NicolausGorzaius,
3255 4298 3312 4352 S.
3346 4297 3618 4370 Francisci

2031 4368 2665 4434 alumnus,concionibus
2687 4368 2960 4438 praeclaris
2980 4369 3137 4422 editis
3151 4368 3618 4424 commendabilis.

2033 4439 2228 4496 Noster
2254 4452 2432 4493 autem
2460 4438 2713 4501 Alardus,
2738 4456 2843 4506 prie
2874 4439 2977 4494 illis
3010 4455 3239 4506 corpore
3261 4441 3505 4508 exiguus,
3525 4437 3620 4496 sed

2032 4521 2089 4568 et
2121 4525 2228 4579 pra:
2274 4511 2379 4566 illis
2425 4518 2481 4564 et
2521 4509 2760 4579 pluribus
2800 4511 2920 4564 aliis
2970 4511 3256 4565 dulcedine
3296 4511 3618 4581 scriptorum

2033 4585 2285 4649 eximius,
2318 4582 2562 4638 ordinem
2591 4583 2650 4636 ὃ.
2674 4582 2731 4636 Ρ.
2763 4581 2932 4636 nostri
2963 4582 3238 4636 Benedicti
3263 4584 3314 4635 in
3347 4593 3622 4636 monaste-

2034 4659 2118 4710 rio
2149 4656 2516 4712 Attrebatensi
2545 4654 2604 4710 S.
2637 4653 2853 4708 Vedasti
2881 4667 2912 4706 a
2940 4661 3124 4707 tenera
3155 4653 3382 4721 pueritia
3413 4653 3616 4720 ingres-

2035 4743 2147 4784 sus.
2166 4728 2218 4780 in
2233 4728 2422 4781 eodem
2447 4726 2716 4794 inculpate
2738 4724 2806 4794 ad,
2829 4739 3024 4777 annum
3048 4723 3222 4778 :etatis
3245 4739 3355 4779 suae
3369 4722 3439 4779 60
3458 4725 3614 4790 vixit,

2036 4797 2339 4851 valetudine
2383 4793 2702 4867 plerumque
2730 4793 2977 4859 infirma,
3011 4805 3194 4849 contra
3237 4796 3398 4863 quam
3443 4807 3618 4867 tanien

2033 4868 2348 4924 fortitudine
2379 4866 2540 4922 animi
2565 4868 2864 4921 colluctatis
2893 4876 3152 4935 perpetuo
3202 4867 3254 4920 in
3285 4866 3462 4932 magni
3500 4880 3621 4920 ino-

2033 4942 2200 4996 menti
2228 4941 2423 4996 studiis
2453 4940 2836 5008 occupabatur.
2867 4937 2998 4991 Nam
3043 4947 3099 4991 et
3127 4938 3504 5008 temporalium
3530 4953 3618 4992 re-

2031 5028 2149 5067 t‘uin
2174 5007 2638 5066 administratione
2665 5025 2771 5063 non
2793 5010 2911 5064 sine
2931 5008 3086 5062 laude
3113 5009 3162 5062 in
3187 5008 3376 5063 olliciis
3403 5007 3620 5070 majori-

2033 5081 2132 5136 bus
2157 5092 2402 5135 versatus
2425 5087 2538 5146 est,
2585 5087 2641 5133 et
2671 5081 2721 5131 in
2753 5081 2929 5132 medio
2962 5075 3444 5133 administrationis
3475 5077 3620 5129 illius

2034 5152 2246 5206 dilectis
2286 5148 2512 5202 erudita;
2553 5149 3028 5216 contemplationis
3071 5150 3292 5215 studiis,
3348 5156 3607 5216 quantum

2033 5225 2120 5276 vix
2149 5219 2290 5273 credi
2339 5225 2544 5285 potest,
2592 5220 2958 5274 incumbebat.
2992 5220 3047 5276 lu
3080 5222 3177 5274 liae
3205 5235 3332 5274 vero
3360 5218 3618 5272 litterario

2035 5287 2662 5361 occupationedeﬁxum
2692 5303 2839 5361 mors
2865 5292 3131 5361 abripuit,
3176 5305 3297 5361 cum
3346 5289 3493 5354 prius
3537 5296 3621 5343 ta-

2036 5358 2496 5417 men‘lectoribus
2541 5358 2816 5414 benevolis
2861 5358 3221 5428 limc'ingenii
3267 5369 3616 5412 monumenta

2035 5434 2365 5501 reliquisset,
2383 5445 2501 5501 quae
2523 5443 2643 5486 cum
2672 5429 3004 5495 lustraveris,
3026 5432 3227 5501 optime
3257 5429 3620 5501 lector,_benc

2034 5499 2261 5576 precare
2299 5499 2494 5576 animm
2527 5503 2706 5558 Alerdi
2736 5503 2808 5556 tui
2830 5546 2844 5570 ,
2874 5511 2928 5576 et
2954 5509 3076 5570 opta
3105 5500 3181 5554 illi
3214 5511 3270 5555 ut
3295 5502 3433 5576 inter
3456 5499 3619 5576 Para-

2035 5570 2139 5632 ilisi
2169 5575 2372 5631 incolas
2402 5585 2659 5646 perpetuo
2690 5582 2867 5644 gustet
2891 5574 3090 5626 fontem
3122 5571 3312 5646 aeterni
3336 5570 3615 5646 dulcoris‘,

2035 5650 2124 5719 qui
2160 5648 2250 5702 tibi
2285 5646 2370 5699 hic
2395 5641 2542 5701 velut
2572 5641 3089 5715 apis'argumentosa
3119 5641 3296 5719 favum
3331 5645 3472 5719 liu_nc
3501 5642 3620 5698 dul-

2034 5711 2174 5773 cium
2204 5711 2722 5788 cmnmentationuiu
2754 5711 2838 5771 est
2865 5725 3139 5788 operatus.
3173 5715 3321 5774 Vale.
3346 5711 3620 5788 (Prmo-

2028 5792 2162 5846 nitio
2203 5788 2414 5844 edituri:
2442 5787 2773 5861 Lipsiensis.)
