4026 6212
420 265 481 331 “
1255 259 1349 317 AD
1386 264 1614 324 OPERA
1651 267 1934 327 JOANNIS
1968 267 2009 324 C

2112 269 2278 328 SIANI
2320 270 2855 328 PROLEGOMENA.
3614 279 3690 334 32

424 394 641 440 laneum
663 382 969 441 existimavi
989 384 1220 456 primum
1243 385 1311 442 de
1330 387 1582 453 Auctore,
1605 394 1719 443 tum
1743 387 1812 442 de
1835 396 2002 454 opere
2027 384 2077 444 Δ
2108 382 2348 454 cipulatu
2377 394 2431 439 et
2458 385 2798 441 ordinatione
2832 386 3192 456 poStmodum.
3222 386 3377 444 Nunc
3404 397 3465 444 ut
3502 390 3688 449 ordini

424 489 595 546 pauca
628 476 877 545 praefui,
917 493 1039 548 quze
1069 487 1180 533 tum
1207 493 1272 534 ex
1304 479 1447 548 ipso,
1473 487 1584 533 tum
1615 494 1683 535 es
1729 479 1848 534 aliis
1871 495 2000 536 auc-

427 569 634 623 toribus
660 569 890 624 collecta
918 587 1022 624 non
1046 587 1228 640 parum
1252 572 1316 625 ad
1339 574 1454 638 ejus
1476 574 2003 629 commendationem

428 663 686 716 tnomcnti
720 662 949 718 all'erant
973 707 985 730 ,
1019 675 1071 719 et
1101 665 1320 718 lecturis
1345 664 1584 718 animum
1619 666 1878 720 nonnulla
1908 683 2005 720 an-

427 754 693 824 tiquitatis
721 765 779 810 et
810 755 1088 810 historica:
1115 755 1358 811 veritatis
1377 756 1688 826 cognitione
1714 759 2005 813 informem

427 847 589 900 simul
637 859 691 901 et
722 848 1015 904 oblectent.
1041 849 1110 902 Dc
1137 851 1372 906 Auctore
1401 851 1566 906 multa
1596 862 1721 906 sunt
1743 856 1794 907 in
1817 855 2006 924 elogiis

428 951 461 991 v
487 953 665 994 rorunt
697 940 1006 1004 illustrium,
1036 956 1156 1012 quae
1182 943 1482 1012 prieiatioui
1510 945 1888 1015 subjicietnus,
1913 948 2006 1002 ob-

427 1040 645 1085 servato
677 1031 856 1102 digna.
888 1031 1101 1088 Nomen
1142 1035 1319 1104 ipsum
1352 1045 1408 1090 et
1444 1051 1774 1106 cognomen,
1803 1055 2006 1107 genus,

429 1121 595 1190 ordo,
630 1138 844 1190 munus,
879 1124 1140 1195 dignitas,
1188 1128 1423 1197 denique
1466 1130 1769 1184 sanctitatis
1818 1132 2006 1187 titulus

428 1212 604 1268 eidem
632 1229 662 1268 a
713 1217 1032 1281 quibusdam
1061 1218 1373 1276 attributus.
1419 1222 1553 1288 Quae
1583 1224 1761 1278 omnia
1805 1233 1866 1279 ut
1915 1241 2007 1280 or-

430 1305 557 1360 dine
583 1322 1006 1378 prosequamur,
1036 1318 1093 1364 et
1123 1309 1367 1366 nonnihil
1409 1313 1777 1378 elut-idemus;
1813 1315 1866 1369 in
1901 1317 2010 1383 pri-

429 1396 533 1452 mis
558 1399 701 1468 qttod
732 1399 798 1454 ad
850 1402 1316 1458 nomenclaturam
1347 1410 1539 1460 attinet
1562 1447 1576 1471 ,
1611 1410 1778 1474 prima
1820 1408 2008 1463 obser-

430 1494 576 1544 vatio
605 1504 710 1554 eSt,
739 1490 993 1549 usitatius
1024 1497 1164 1549 hunc
1191 1499 1513 1566 cognomine
1533 1541 1546 1563 ,
1598 1513 1757 1563 quam
1790 1502 2008 1556 nomine

429 1599 459 1638 ξι
491 1585 789 1653 majoribus
831 1589 1059 1643 Vocilat'i
1100 1591 1335 1645 solitum.
1385 1590 1518 1645 Nam
1566 1592 1913 1660 Gennadius,
1955 1605 2010 1649 et

429 1679 818 1747 Caviodorus,
870 1696 1033 1752 atque
1071 1685 1160 1737 alii
1192 1688 1401 1740 nonnisi
1434 1686 1752 1741 Cassianum
1797 1705 2007 1742 nunt-u-

2106 485 2161 531 et
2186 476 2383 532 rationi
2415 489 2738 547 temporum,
2773 495 2836 534 ac
2867 496 3046 535 rerum
3077 489 3349 551 gestarum
3373 527 3387 551 ,
3413 499 3514 552 qua
3558 499 3687 554 pos-

2108 583 2314 635 sumus,
2349 570 2680 633 insistamus,
2713 571 2913 626 nemini
2939 573 3160 627 dubium
3183 589 3303 628 e~se
3329 586 3526 641 pctest,
3556 578 3687 646 quin

2107 659 2422 726 Cassianus,
2456 674 2739 732 anu-qnam
2775 665 2827 717 in
2859 664 3231 735 Citrysnst0mi
3272 667 3647 733 discipulatutn
3671 710 3688 732 ,

2106 753 2222 808 sive
2253 755 2595 815 disciplinattt
2627 755 2973 824 concederet,
3000 757 3172 810 mttlto
3203 771 3464 826 tempere,
3502 760 3587 814 vel
3620 760 3692 815 ab

2109 847 2242 918 ipsis
2285 850 2528 918 pueritiae
2551 849 2709 905 annis
2738 851 2880 904 inter
2909 852 3202 905 monachos
3231 863 3340 905 tum
3371 851 3688 925 Egyptios,

2112 949 2219 994 tum
2250 940 2568 996 Palaestinos
2597 952 2844 997 versatus
2871 944 3049 1002 luerit.
3097 954 3148 997 et
3179 945 3363 1008 primis
3403 956 3512 1000 tum
3559 946 3689 1000 reli—

2108 1033 2283 1103 gionis
2330 1035 2688 1102 Christianae,
2723 1047 2834 1090 ttttn
2870 1036 3180 1091 Inanasticm
3211 1040 3565 1094 institutionls
3595 1057 3691 1093 ru-

2109 1125 2362 1182 dimentis
2393 1127 2461 1182 ab
2488 1128 2568 1182 eis
2617 1128 2890 1196 imbutus,
2942 1139 3103 1196 atque
3149 1131 3286 1183 adeo
3335 1133 3692 1188 monasticam

2111 1221 2273 1273 vitam
2319 1221 2632 1282 complexus
2659 1262 2673 1284 ,
2721 1230 2774 1275 et
2823 1223 3122 1274 monachus
3149 1222 3392 1278 ell‘ectus.
3434 1223 3490 1278 Id
3543 1226 3690 1278 enim

2110 1309 2339 1380 ipsemet
2386 1313 2625 1377 pluribus
2665 1312 2717 1365 in
2765 1313 2901 1367 locis
2931 1313 3289 1369 di~t‘rllSSiltle
3317 1316 3478 1368 tradit
3529 1333 3540 1368 :
3586 1317 3692 1384 pri-

2112 1420 2258 1458 mum
2314 1405 2364 1459 in
2403 1421 2495 1472 pra
2518 1406 2718 1459 ratione
2766 1407 2833 1458 ad
2889 1404 3173 1459 Castori-tn
3217 1409 3530 1474 cpiscotiutn
3579 1410 3690 1476 (cui

2113 1498 2280 1553 libro-
2301 1499 2586 1553 duodecim
2607 1501 2671 1551 de
2692 1499 2952 1552 lnstittttis
2970 1498 3342 1553 casui-bimum
3372 1499 3692 1571 inscripsit),

2112 1590 2202 1644 ubi
2242 1591 2385 1645 inter
2427 1592 2558 1645 alias
2581 1607 2774 1645 Causas
2799 1606 2894 1644 cur
2923 1591 3038 1657 ejus
3065 1603 3191 1644 vato
3236 1607 3297 1644 ac
3333 1590 3538 1646 desidet
3557 1595 3607 1645 io
3636 1592 3692 1647 in

2112 1682 2420 1735 recoli-nilis
2475 1697 2527 1736 et.
2580 1683 2898 1736 enarrandis
2956 1684 3344 1736 monachorum
3402 1685 3690 1751 institutis,

431 1785 556 1840 pani
592 1771 916 1840 (Cassiodor.
967 1777 1030 1827 de
1070 1773 1248 1829 Divin.
1295 1775 1470 1832 Instil.
1522 1795 1571 1832 c.
1602 1778 1706 1840 29;
1751 1779 2005 1850 Sigebert.
2043 1769 2232 1846 Bqttm
2278 1791 2374 1846 per
2404 1775 2696 1845 Egyptutn
2754 1790 2804 1830 et
2845 1775 3182 1830 Palaesnnatn
3229 1779 3506 1831 observati
3563 1793 3697 1830 con-

437 1881 576 1919 anno
596 1864 747 1935 427):
773 1882 893 1920 cum
926 1878 1126 1934 tamen,
1150 1881 1372 1925 auctore
1399 1872 1459 1924 Ι).
1487 1871 1774 1938 Prospero,
1799 1883 2012 1928 constet

431 1958 756 2026 appellatum
789 1973 911 2014 esse
939 1960 1232 2026 Joannem,
1269 1963 1492 2032 proprio
1523 1963 1726 2018 scilicet
1759 1967 2008 2030 nomine;

433 2060 795 2112 cognomento
822 2065 948 2105 vero
978 2048 1293 2106 Cassianum
1330 2072 1341 2106 :
1375 2070 1475 2124 qua
1507 2054 1691 2110 itidem
1730 2072 2008 2127 nuncupa-

434 2141 580 2195 tione
608 2141 942 2199 1‘tithernius
968 2155 1130 2214 atque
1157 2145 1248 2200 alii
1279 2147 1358 2201 usi
1391 2147 1522 2202 sint.

501 2235 754 2290 Secundo
783 2235 906 2290 loco
929 2237 1244 2292 inscribitur
1271 2244 1488 2295 natione
1510 2239 1710 2312 Scytha
1744 2261 1755 2295 :
1786 2257 1882 2311 pro
1903 2258 2014 2313 quo

433 2325 707 2383 Honorius
740 2330 923 2384 Alrttm
947 2331 1188 2386 nominat
1216 2330 1446 2392 (Honor.
1485 2335 1848 2404 Augustodun.
1884 2336 1923 2389 ι.
1952 2337 2016 2391 de

431 2419 576 2475 Eccl.
631 2422 776 2488 Scr.,
832 2427 885 2477 in
936 2425 1241 2497 Cassiano);
1294 2429 1431 2482 forte
1482 2445 1604 2497 quia
1651 2430 1928 2500 Scythiam
1958 2432 2012 2486 in

435 2511 612 2566 Africa
646 2526 804 2567 snam
853 2517 1218 2583 existimarit,
1253 2534 1413 2583 quam
1446 2520 1536 2574 alii
1571 2522 1622 2575 in
1671 2524 1796 2576 Asia
1847 2524 2016 2578 collo-

434 2615 555 2657 cant
589 2604 759 2676 (l’lin.
791 2606 882 2661 lib.
911 2624 963 2664 v.
995 2627 1110 2677 cap.
1141 2611 1194 2672 9.
1228 2621 1276 2665 et
1316 2610 1409 2666 lib.
1441 2628 1497 2668 vt
1537 2631 1583 2668 c.
1613 2613 1702 2676 i7;
1752 2613 2011 2682 Pompon.

436 2692 599 2748 Mela.
646 2694 739 2750 lib.
785 2714 821 2752 t.
867 2698 998 2756 Vide
1030 2700 1253 2757 Tabulas
1285 2703 1518 2776 0rtelii.)
1558 2705 1671 2774 Qua
1727 2712 2014 2764 occasione

432 2786 586 2856 plura
613 2788 682 2844 de
721 2788 1046 2860 Scytharum
1073 2806 1236 2864 gente
1272 2811 1337 2851 ac
1388 2801 1610 2867 regione
1665 2798 1890 2854 dicenda
1933 2799 2014 2854 lo-

435 2893 587 2946 rent;
639 2900 852 2955 verum,
885 2888 952 2943 iis
977 2891 1193 2946 omissis
1222 2907 1343 2962 quae
1373 2893 1506 2949 nihil
1533 2895 1599 2951 ad
1628 2897 1858 2952 insututi
1890 2912 2016 2954 nos-

432 2973 500 3027 tri
526 2982 791 3032 ratiOuem
824 2981 1072 3048 attinent,
1103 2998 1168 3038 ex
1197 3001 1258 3039 ea
1283 2999 1414 3040 sane
1440 2989 1847 3045 nomenclatura
1874 2992 2012 3047 mul-

433 3073 612 3118 torutn
645 3069 952 3124 testimonio
982 3076 1328 3142 comprobata
1352 3118 1368 3143 ,
1398 3079 1768 3150 conjecturam
1815 3097 2009 3152 capere

433 3157 563 3210 mihi
589 3160 776 3215 videor
793 3162 930 3218 hattd
955 3165 1718 3235 improbabilctn,Cassianum
1743 3184 2011 3243 nostrum,
2041 3134 2087 3197 Ε

432 3265 595 3319 opera
647 3253 713 3308 D.
765 3253 1138 3327 Cltrysostomi
1170 3262 1236 3315 ad
1281 3262 1440 3317 tidem
1483 3276 1538 3319 et
1569 3267 1884 3337 religionem
1917 3283 2014 3324 ca-

430 3343 691 3401 tholicam
745 3364 1100 3416 conversum,
1135 3355 1186 3408 in
1215 3357 1333 3425 ejus
1379 3360 1697 3425 obsequium
1747 3372 1799 3416 et
1845 3361 2012 3415 disci-

432 3436 633 3506 plinam
674 3443 1014 3498 concessisse
1057 3442 1238 3515 (Baro.
1283 3457 1354 3501 to.
1390 3447 1452 3514 V,
1490 3448 1593 3503 An.
1637 3448 1831 3506 Christi
1859 3453 2014 3524 400).

432 3527 565 3584 Nam
589 3533 656 3586 de
687 3531 786 3588 hac
808 3533 1130 3604 Scytharum
1153 3541 1514 3597 conversione
1538 3558 1632 3611 per
1663 3543 1728 3599 Β.
1748 3545 2013 3602 Joannem

434 3619 882 3695 Cbrysostomnm
944 3640 1229 3699 procurata
1279 3641 1334 3687 et
1384 3635 1619 3700 perlecta
1673 3636 1790 3690 haec
1855 3639 2017 3694 tradit

429 3709 804 3774 Theodorettts
837 3719 968 3775 llist.
999 3721 1099 3776 lib.
1133 3738 1185 3789 ν,
1217 3738 1338 3794 cap.
1372 3724 1441 3780 30
1476 3742 1489 3778 :
1523 3725 1653 3780 Cum
1681 3729 1895 3796 videret,
1932 3730 2013 3784 in-

429 3821 565 3878 quit,
590 3822 790 3880 gentem
829 3811 1122 3884 Scythicam
1141 3814 1392 3872 doctrinis
1411 3816 1621 3873 Ariona:
1647 3819 1847 3889 laqueis
1880 3821 2014 3878 irre-

431 3898 582 3952 titum
627 3904 818 3966 teneri,
851 3905 1058 3959 molitus
1080 3917 1156 3959 est
1181 3907 1363 3962 sedulo
1385 3909 1507 3963 inde
1535 3926 1647 3964 eam
1677 3912 1892 3978 eripere.
1931 3913 2013 3966 Ad

431 4007 586 4062 quam
617 3995 846 4059 pratdam
867 3997 1169 4058 capiendam
1198 4001 1334 4053 hanc
1359 4003 1493 4054 viam
1518 4005 2012 4073 excogitavit.Com-

433 4085 609 4156 plures
652 4088 738 4156 qui
784 4089 962 4142 eadem
1003 4092 1182 4161 lingua
1227 4093 1596 4162 loquebantur,
1645 4097 1967 4166 presbyteros
1993 4138 2008 4163 ,

430 4179 712 4246 diaconos,
757 4191 804 4235 et
845 4184 1053 4237 lectores
1081 4185 1358 4249 ordinavit,
1391 4187 1598 4256 illisque
1635 4205 1791 4242 unam
1831 4189 2011 4243 tribuit

433 4269 724 4326 Ecclesium
740 4314 754 4335 ,
783 4290 1000 4344 quarunt
1026 4291 1184 4345 opera
1208 4276 1398 4332 multos
1424 4295 1600 4334 errore
1620 4279 1795 4350 lapsos
1829 4280 2010 4337 Eccle-

430 4365 522 4416 site
552 4366 918 4420 reconciliavit.
949 4367 1013 4421 Et
1043 4382 1162 4437 cap.
1201 4375 1448 4438 sequenti
1502 4391 1517 4426 :
1557 4371 1684 4427 Cum
1733 4378 2010 4444 accepisset

431 4451 652 4522 Scythas
674 4456 767 4526 qui
789 4455 1049 4512 Nomadce
1071 4472 1339 4525 vocantur,
1363 4463 1551 4531 quique
1573 4478 1780 4535 propter
1809 4461 2006 4518 Istrum

429 4548 764 4614 accolebant,
811 4549 1041 4604 sitienter
1065 4552 1272 4621 quidem
1318 4555 1539 4608 salutem
1587 4569 1860 4625 appetere;
1917 4561 2009 4612 sed

429 4635 614 4692 habere
641 4640 928 4709 neminem,
977 4643 1066 4712 qui
1104 4644 1242 4697 sitim
1291 4661 1438 4698 suam
1467 4646 1712 4700 salutaris
1755 4649 2008 4705 doctrina

428 4733 636 4801 ﬂuentis
658 4737 1018 4807 restingueret,
1040 4738 1176 4790 viros
1199 4738 1436 4793 laborum
1458 4740 1870 4812 Apostolicorum
1894 4743 2009 4797 imi-

427 4833 616 4880 tatores
657 4828 996 4897 conquisivit.
1055 4845 1238 4900 eosque
1263 4831 1371 4884 illis
1411 4835 1706 4887 erudiendis
1752 4839 2001 4908 prtefecit.

429 4916 555 4970 ilice
603 4916 714 4971 ille.
760 4920 967 4986 Quibus
1004 4935 1136 4976 sane
1187 4938 1310 4977 cum
1356 4922 1626 4980 Gennadti
1673 4925 2008 4998 aliorumque

430 5010 742 5063 testimonio
784 5010 1022 5078 collatis,
1050 5023 1102 5068 et
1133 5015 1358 5069 rationis
1403 5015 1558 5071 lance
1589 5018 1890 5086 perpensis,
1914 5020 2002 5074 vix

425 5109 504 5156 est
545 5109 602 5155 ut
630 5101 912 5173 quisquam
939 5104 1063 5173 jure
1087 5104 1292 5162 dubitet
1321 5106 1511 5163 horum
1539 5107 1768 5164 alterum
1802 5109 2002 5165 admit-

425 5200 540 5248 tere
565 5237 579 5262 ,
631 5204 687 5248 et
727 5206 903 5250 ratum
938 5197 1170 5266 habere,
1206 5211 1293 5254 aut
1328 5199 1644 5256 Cassianum
1675 5217 1706 5256 e
1750 5201 2003 5273 Scythica

422 5297 584 5356 gente
610 5287 898 5344 oriundum
926 5290 1067 5345 inter
1088 5306 1215 5346 suos
1245 5293 1497 5362 gentiles,
1529 5309 1688 5363 opera
1735 5303 1789 5346 et
1821 5293 2002 5348 indus-

426 5381 527 5434 tria
558 5379 618 5434 [ι.
653 5381 1059 5454 Cbrysostotni,
1087 5393 1146 5439 ut
1191 5385 1396 5441 dictum
1419 5395 1519 5446 est,
1547 5387 1711 5441 luisse
1735 5385 1802 5439 ad
1843 5385 2003 5441 ﬁdem

423 5471 782 5529 or.bodoxam
827 5475 1170 5541 traductum;
1203 5486 1316 5541 aut,
1373 5475 1515 5544 quod
1547 5476 1724 5544 majus
1764 5484 1886 5540 est,
1934 5475 2002 5531 ab

426 5565 620 5620 eodem
648 5569 803 5634 cujus
831 5568 1127 5639 discipulus
1155 5568 1383 5624 eil'ectus
1424 5568 1633 5632 fuerat,
1664 5569 1730 5622 ad
1769 5583 2005 5624 conver-

425 5654 642 5713 sionem
673 5673 786 5712 sus:
831 5662 1007 5729 gentis
1041 5678 1160 5717 cum
1193 5664 1315 5716 aliis
1346 5662 1677 5733 presbyteris
1720 5677 1783 5715 ac
1825 5661 2006 5716 diaco-

424 5749 512 5810 uis
538 5749 705 5810 luisse
733 5752 1044 5810 ordinatum
1073 5769 1139 5812 ac
1165 5755 1513 5815 destinatum.
1565 5755 1637 5812 At.
1664 5756 1744 5814 de
1764 5754 1870 5814 boc
1895 5754 2007 5812 dis-

2036 4503 2084 4563 Ι)

2114 1878 2385 1935 apeXerat,
2443 1869 2622 1921 minus
2667 1867 2860 1922 idonee
2909 1881 2958 1920 et
2989 1879 3236 1921 accurate
3281 1878 3388 1921 tum
3436 1869 3698 1936 temporis

2116 1963 2444 2028 restiondere
2469 1973 2650 2030 posset
2670 2003 2684 2024 ,
2710 1964 3000 2016 ~ecundam
3033 1961 3167 2016 hanc
3196 1959 3344 2015 aﬂ‘er'
3382 2002 3391 2013 .
3423 1961 3574 2023 Quod
3595 1977 3656 2013 ea
3679 2007 3694 2028 ,

2115 2056 2286 2122 inquit
2312 2096 2327 2118 ,
2359 2071 2472 2119 quia
2498 2069 2529 2106 a
2559 2054 2778 2122 pueritia
2807 2066 2982 2108 nostra
3013 2056 3143 2107 inter
3168 2055 3368 2106 eosdem
3395 2053 3693 2119 constituti,

2113 2156 2262 2214 atque
2311 2147 2541 2215 ipsorum
2582 2148 2778 2201 incitati
2805 2147 3122 2216 quotidianis
3164 2145 3602 2197 adhortationibus
3649 2154 3699 2198 et

2115 2241 2380 2309 exentplis,
2408 2240 2487 2292 vel
2514 2255 2665 2308 agere
2693 2239 3014 2301 lentarimus,
3046 2237 3121 2291 vel
3147 2237 3445 2299 didicimus,
3473 2237 3549 2290 vel
3587 2236 3700 2290 visu

2113 2332 2462 2403 percepimus,
2494 2331 2700 2385 minime
2717 2335 2833 2400 jam
2865 2348 3133 2400 possumus
3161 2332 3230 2382 ad
3267 2332 3521 2400 integrum
3570 2332 3701 2384 reti-

2116 2439 2258 2489 nere,
2303 2433 2374 2477 tot
2421 2439 2677 2477 annorum
2709 2421 3010 2486 curriculis,
3049 2421 3111 2475 ab
3140 2438 3317 2477 eorum
3354 2423 3608 2475 consortio
3649 2433 3700 2476 et

2115 2517 2397 2570 imitatione
2429 2515 2826 2568 conversationis
2857 2513 3114 2568 abstracti.
3148 2513 3254 2568 Nec
3295 2515 3470 2567 minus
3511 2522 3699 2582 aperte

2114 2607 2439 2662 Collationis
2462 2606 2761 2662 undecimae
2785 2621 2903 2672 cap.
2930 2608 2982 2668 1,
3012 2605 3098 2659 ubi
3124 2607 3201 2660 sic
3229 2605 3511 2659 exorditur
3534 2603 3700 2658 :Cum

2113 2700 2166 2754 in
2207 2698 2431 2753 ctenobio
2461 2697 2631 2768 Syriae
2659 2697 3021 2764 consistentes,
3067 2708 3178 2763 post
3207 2698 3374 2762 prima
3405 2696 3525 2765 ﬁdei
3548 2697 3704 2748 rudi-'

2113 2804 2302 2857 menta,
2327 2790 2716 2844 succedentibus
2731 2790 3060 2859 aliquatenus
3078 2790 3424 2850 incrementis.
3453 2792 3698 2862 majorem

2114 2884 2446 2954 perfectionis
2477 2882 2770 2936 desiderare
2801 2882 3018 2950 gratiam
3043 2881 3400 2947 caepissemns;
3421 2881 3698 2935 statuimus

2114 2977 2384 3040 confestim
2430 2971 2719 3044 Egyptum
2777 2985 2985 3040 petere,
3039 2989 3098 3026 ac
3151 2975 3492 3027 remotissima
3547 2973 3699 3027 etiam

2122 3063 2410 3120 Thebaidos
2438 3083 2604 3120 eremo
2637 3074 2922 3130 penetrata,
2950 3075 3240 3116 sanctorum
3269 3065 3540 3130 plurimos,
3569 3080 3697 3132 quo-

2116 3172 2233 3210 rum
2277 3155 2496 3224 gloriam
2541 3154 2680 3221 fama
2718 3169 2807 3220 per
2850 3153 3092 3206 universa
3135 3151 3450 3217 diffuderat.
3503 3155 3548 3206 si
3598 3171 3700 3208 non

2117 3247 2399 3302 wntttlandi
2419 3247 2610 3308 studio,
2643 3245 2954 3314 agnoscendi
2977 3246 3153 3299 saltem
3175 3247 3408 3299 invise-re.
3435 3244 3607 3317 Igitur
3627 3249 3700 3300 ad

2118 3342 2364 3411 oppidum
2393 3337 2616 3409 {Egypti
2635 3385 2648 3404 ,
2684 3341 2766 3391 cui
2796 3337 3095 3391 Tltennesus
3125 3353 3306 3392 nomen
3349 3348 3454 3401 est,
3495 3355 3699 3392 emensa

2117 3434 2441 3503 navigatione
2467 3431 2809 3500 pervenimus.
2846 3430 2971 3482 Ilico
3018 3431 3109 3486 ibi.
3147 3429 3349 3483 Rursus
3391 3428 3586 3484 Collat.
3631 3429 3697 3487 17

2117 3522 2270 3594 (Cap.
2301 3523 2337 3576 2
2366 3531 2413 3575 et
2462 3523 2566 3593 sq.)
2594 3538 2690 3592 per
2718 3522 2882 3575 tnnlta
2914 3524 3090 3591 capita
3129 3522 3427 3575 luculenter
3463 3522 3701 3577 oatendit

2122 3631 2282 3686 quam
2313 3616 2513 3670 iuerint
2539 3615 2753 3668 solliciti
2786 3613 3090 3669 Germanus
3117 3625 3171 3666 ct
3195 3614 3484 3668 Cassianos
3513 3614 3579 3668 de
3605 3629 3697 3670 re-

2117 3709 2234 3764 ditu
2278 3711 2344 3764 ad
2389 3725 2543 3764 suum
2571 3709 2918 3772 coenobium,
2945 3717 3000 3763 et
3039 3723 3196 3778 quam
3227 3707 3512 3777 diligenter
3559 3707 3699 3763 hanc

2118 3803 2227 3857 illis
2256 3818 2438 3857 curam
2471 3803 2737 3857 exemerit
2787 3801 2957 3854 abbas
2995 3799 3218 3867 Joseph.
3262 3801 3425 3854 Addit
3472 3800 3698 3870 proinde

2115 3895 2404 3949 Cassianus
2434 3910 2558 3964 cap.
2608 3894 2670 3950 ’51
2716 3895 2960 3963 ejusdem
2991 3893 3310 3948 Collationis
3342 3893 3455 3946 lucc
3481 3892 3640 3946 verba
3681 3909 3694 3947 :

2114 3987 2254 4041 Licet
2299 4005 2482 4058 parum
2527 3988 2766 4059 deinceps
2795 4002 3016 4041 essemus
3057 3985 3121 4038 de
3155 4001 3331 4039 nostra
3360 3986 3698 4056 promissione

2114 4082 2323 4135 solliciti
2343 4098 2358 4143 ;
2383 4092 2549 4134 tamen
2570 4080 2770 4146 expleto
2794 4090 2987 4146 septem
3009 4092 3261 4130 annorum
3279 4093 3515 4140 numero,
3541 4092 3699 4145 spon-

2113 4173 2309 4226 sionem
2369 4180 2592 4224 noslram
2650 4178 2914 4241 gratanter
2954 4167 3295 4239 implevimus.
3349 4165 3698 4221 Excurrentes

2113 4279 2337 4333 namque
2365 4265 2432 4318 ad
2454 4264 2737 4316 coenobium
2767 4272 3021 4320 nostrum,
3054 4263 3145 4314 illo
3205 4276 3284 4312 1m
3320 4273 3570 4329 tempore.
3593 4275 3696 4330 quo

2113 4356 2177 4409 de
2198 4356 2525 4421 impetrando
2553 4356 2619 4407 ad
2647 4369 2867 4406 arentum
2895 4355 3058 4405 reditu
3093 4353 3337 4419 fiduciam
3360 4352 3656 4422 gerebamus
3676 4397 3692 4420 ,

2112 4459 2245 4514 etc.,
2271 4450 2541 4520 pristinam
2563 4448 3024 4517 redintegratimus
3046 4445 3366 4512 citaritutem,
3389 4445 3698 4510 tandemque

2109 4546 2180 4599 ad
2208 4546 2417 4612 plenum
2449 4545 2632 4597 aculeo
2663 4553 2851 4595 nostrtc
2872 4541 3163 4609 sponsionis
3192 4541 3386 4602 evulso,
3415 4538 3537 4600 ipsis
3560 4552 3693 4598 quo-

2111 4653 2208 4707 que
2231 4652 2347 4689 cum
2391 4637 2583 4705 gaudio
2617 4635 3035 4704 prosequentibus
3057 4675 3071 4697 ,
3102 4633 3168 4686 ad
3204 4631 3362 4700 chth
3385 4645 3457 4682 cce
3500 4638 3694 4682 secreta

2109 4726 2406 4783 solitudinis
2421 4725 2776 4779 remeavimus.
2805 4725 2880 4778 Ex
2903 4726 3100 4794 quibus
3121 4724 3372 4778 omnibus
3394 4721 3696 4776 clarissime

2112 4828 2262 4890 patet
2310 4817 2573 4873 Jo~..nnem
2621 4813 2972 4886 Cassianum,
3011 4831 3132 4870 eum
3178 4828 3317 4883 pene
3345 4828 3480 4882 pttcr
3509 4819 3650 4864 esset
3678 4854 3692 4877 ,

2111 4909 2271 4966 [idem
2323 4909 2683 4965 Chrtstianatn
2728 4919 2782 4963 et
2825 4910 3159 4964 monastit-en
3205 4910 3345 4959 inter
3399 4904 3694 4960 monachos

2110 5018 2237 5059 esse
2265 5003 2629 5072 complexum,
2673 5011 2728 5057 et
2767 5004 3076 5056 monasticae
3118 4999 3441 5053 obedientia:
3483 4997 3692 5066 legibus

2109 5096 2388 5151 astrictum
2411 5095 2568 5164 (Vide
2586 5099 2892 5153 notationem
2914 5097 2982 5151 ad
2996 5113 3041 5149 c.
3060 5095 3084 5147 1
3117 5093 3306 5149 Collat.
3325 5092 3347 5146 1
3364 5099 3382 5148 l
3401 5099 3440 5159 ),
3458 5092 3614 5159 idque
3641 5094 3690 5144 itt

2109 5191 2362 5248 emnobio
2384 5191 2576 5263 Syriae,
2603 5195 2744 5262 quod
2772 5192 2902 5247 alibi
2926 5192 3234 5260 expressius
3266 5203 3416 5243 vocat
3452 5185 3694 5239 Bethlee-

2110 5286 2352 5340 miticum
2378 5327 2392 5349 ,
2429 5285 2480 5338 id
2533 5287 2788 5355 temporis
2827 5283 3239 5338 celeberrimum
3285 5300 3296 5335 :
3338 5281 3491 5348 cujus
3529 5284 3691 5332 etiam

2110 5380 2248 5435 alias
2300 5382 2502 5448 Stepius
2548 5379 2790 5433 meminit
2831 5377 2969 5450 (Lib.
3001 5391 3058 5431 tu
3093 5375 3227 5432 Inst.
3281 5392 3398 5446 cap.
3437 5373 3504 5440 4,
3539 5373 3575 5429 ι.
3608 5387 3688 5440 tv,

2109 5490 2225 5544 cap.
2259 5472 2373 5543 Si),
2423 5489 2522 5526 nec
2551 5489 2653 5526 non
2689 5486 2798 5525 sua)
2830 5470 3243 5525 PCltltttli-rlttittis
3268 5512 3282 5536 ,
3316 5468 3690 5535 professionis,

2109 5576 2166 5624 et
2195 5564 2553 5620 institutionis
2587 5563 2900 5617 ntona~ticae
2941 5562 3138 5616 ibidem
3173 5573 3457 5630 Susceptat.
3501 5560 3553 5613 ltt
3589 5574 3696 5626 quo

2112 5659 2331 5730 quidem
2359 5657 2607 5712 cwttobio
2647 5666 2932 5710 arcttorem
2959 5654 3241 5723 quattidatn
3270 5654 3455 5705 iniisse
3482 5651 3700 5704 videtur

2113 5751 2409 5811 amicitiam
2441 5763 2494 5807 et
2521 5749 2836 5806 societatem
2861 5765 2982 5804 cutn
3006 5749 3279 5816 Germano
3303 5743 3543 5814 ejusdem
3574 5756 3699 5812 pro-
