4026 6212
254 218 323 274 55
1417 220 1788 279 PREFATIO
1826 220 2081 277 ALARDI
2118 220 2373 278 GAZEI.
3444 229 3515 286 3‘

252 340 506 396 fessionis
542 347 597 396 et
620 337 851 396 ccenobii
877 336 1164 404 monacho,
1198 336 1324 393 licet
1358 338 1587 393 fortasse
1621 339 1833 393 seniore
1862 342 1910 399 Α
1937 342 2097 396 etiam
2124 342 2361 398 eremin
2388 340 2676 398 Cassianus
2706 342 2846 411 apud
2876 343 3165 414 plerosque
3189 343 3507 404 obtinuerit,

251 449 316 487 ac
347 434 710 503 provectinte.
736 432 806 485 Ex
836 445 943 502 quo
966 432 1094 484 illud
1127 441 1477 486 consecutum
1514 445 1618 496 est,
1648 440 1708 486 ul.
1744 433 1827 486 vix

251 524 482 579 biennio
503 526 696 579 ibldt'lll
723 536 962 594 peracto,
986 528 1102 579 sive
1126 525 1344 595 iitajorts
1368 526 1713 595 perfectionis
1738 525 1831 580 de-

252 619 482 685 siderio,
517 618 631 671 sive
664 621 767 670 alta
792 633 980 689 quaws
1002 634 1073 672 ex
1103 635 1265 675 causa
1288 659 1303 682 ,
1334 629 1390 673 ut
1569 629 1749 687 patres
1778 626 1834 673 et

252 710 629 775 anaclioretas,
676 718 786 762 tuin
818 707 1124 782 Egyptios,
1159 721 1270 763 tum
1321 712 1487 775 alios,
1520 709 1574 764 iti
1605 711 1832 764 remotis

251 813 312 859 et
332 804 528 859 abditis
550 804 684 858 locis
714 807 989 875 πέρηθε,
1021 814 1077 860 et
1101 805 1404 860 sanctitatis
1427 809 1563 859 lania
1589 804 1832 859 celebres

249 897 568 962 inviserint,
600 900 821 951 obtenta
852 911 1125 952 seniorum
1169 899 1385 951 licentia
1407 940 1422 964 ,
1454 898 1522 950 de
1566 907 1833 950 monaste-

254 992 342 1046 rio
369 992 569 1060 egressi
600 995 761 1045 ambo
792 991 1003 1060 longam
1043 1000 1099 1044 et
1126 990 1494 1059 perdtllicilein
1529 987 1834 1057 peregtina-

259 1085 461 1140 tionem
511 1086 672 1139 Slilllli
704 1084 954 1147 inierint.
987 1093 1045 1137 et
1076 1083 1361 1152 plerasque
1408 1080 1648 1153 Egypti,
1699 1080 1832 1151 Scy-

256 1175 405 1241 ιιιίαξ,
428 1176 669 1246 alioque
703 1176 1024 1230 solitudines
1044 1178 1402 1246 peragraritit,
1423 1187 1476 1229 et
1505 1189 1627 1228 cum
1649 1172 1834 1227 multis

250 1285 320 1324 ac
356 1270 721 1324 saitctinribus
764 1271 1008 1339 pattibus
1048 1272 1237 1324 habito
1273 1270 1526 1323 familiari
1563 1266 1839 1335 colloquio

252 1373 312 1417 et
356 1377 646 1432 congreSsit
694 1363 760 1416 de
788 1365 951 1416 rebus
978 1364 1202 1427 divinis,
1238 1378 1301 1417 ac
1339 1361 1675 1416 salutaribus
1698 1373 1835 1428 price

248 1466 445 1510 serttiti
470 1456 535 1509 ad
567 1456 689 1509 vita:
721 1467 1037 1510 monasticae
1059 1455 1448 1525 petfectionem
1477 1450 1841 1521 spectantibus

249 1563 448 1618 magna
482 1550 643 1602 animi
671 1551 1033 1618 propettsiotte
1071 1565 1133 1601 ac
1154 1548 1453 1601 devotione
1488 1546 1835 1600 contulerint.

252 1642 412 1698 Unde
437 1653 491 1696 et
522 1644 795 1697 scribendi
825 1643 1157 1695 Collatimtes
1188 1639 1408 1694 Patrum
1441 1638 1539 1707 ipsi
1583 1638 1838 1692 Czts.~iatio

1940 433 2137 489 Verum
2169 450 2273 503 qua
2308 435 2514 490 ratione
2545 436 2766 506 (dixerit
2797 436 3042 508 aliquid,
3067 453 3241 507 quave
3271 445 3514 494 Occasio-

1942 541 2009 579 iie
2038 525 2330 579 Cassianus
2359 542 2482 581 eum
2512 542 2610 582 suo
2631 527 2898 584 Germano
2933 547 2997 585 ex
3030 540 3138 584 tam
3168 532 3330 602 longa
3360 547 3513 600 pere-

1934 620 2238 686 grinatione
2268 621 2319 674 iii
2338 620 2564 676 Joannis
2592 620 2963 694 Cliry-ostomi
2995 624 3240 684 notitiam
3268 639 3333 678 ac
3358 623 3512 678 latiti-

1936 710 2225 768 liaritatem
2254 713 2503 773 devenit.
2528 724 2583 767 et
2610 714 2750 769 inter
2765 714 2881 784 ejus
2904 714 3197 786 discipulos
3225 725 3508 784 cooptatos

1934 806 2052 858 est?
2085 805 2195 859 Etsi
2228 803 2360 859 nihil
2393 804 2481 859 hic
2508 805 2643 860 certi
2683 816 3016 873 compertum
3049 807 3296 872 habeant,
3329 807 3510 862 credi-

1936 895 2108 950 derim
2143 908 2321 951 tamen
2359 897 2410 952 id
2436 897 2643 953 dntibus
2671 913 2735 953 ex
2762 900 2963 961 causis,
2991 898 3074 952 vel
3106 898 3359 954 utralibet
3388 899 3510 953 illa-

1937 1004 2058 1043 rum
2090 989 2377 1058 accidisse,
2410 991 2499 1046 vel
2527 989 2668 1060 quod
2692 992 2759 1045 de
2799 1006 2987 1044 eorum
3018 993 3303 1047 sanctitate
3328 1007 3390 1046 ac
3418 1007 3508 1048 re-

1938 1083 2153 1154 ligionis
2180 1084 2394 1140 fervore
2416 1086 2621 1140 certior
2650 1084 2825 1140 factus
2855 1082 3274 1155 Chrysostomns
3292 1087 3508 1141 eosdem

1938 1176 2004 1229 ad
2035 1191 2097 1230 se
2116 1177 2380 1243 evocarit,
2412 1185 2471 1231 ut
2496 1193 2685 1233 eorum
2712 1178 2984 1245 doctrina,
3005 1180 3257 1245 consilio,
3277 1189 3328 1234 et
3350 1195 3513 1247 onera

1942 1268 2239 1321 monachos
2270 1269 2530 1338 quosdam
2561 1270 2918 1342 Origenistas,
2948 1272 3039 1342 qui
3072 1275 3154 1327 liis
3186 1273 3517 1341 temporibus

1944 1359 1999 1414 in
2053 1360 2272 1414 Oriente
2308 1362 2487 1416 varias
2538 1362 2718 1418 turbas
2767 1365 3081 1419 excitabant
3112 1363 3352 1436 (Baron.
3383 1382 3517 1420 anno

1943 1449 2096 1521 405),
2126 1453 2191 1505 ad
2223 1451 2497 1507 saniorem
2532 1464 2764 1509 mentem
2803 1463 3086 1510 revocaret
3117 1471 3131 1510 :
3165 1457 3311 1522 quod
3348 1458 3519 1511 niaxi-

1944 1556 2029 1597 nte
2079 1543 2130 1595 in
2172 1542 2308 1596 votis
2362 1543 2639 1599 habebat:
2669 1561 2790 1600 cum
2834 1562 2865 1601 e
2917 1548 3134 1601 diverso
3182 1545 3519 1616 Theophilus

1940 1631 2343 1689 Alexandrinus
2380 1635 2565 1690 durius
2604 1652 2725 1692 cum
2754 1639 2833 1693 eis
2872 1639 3138 1705 agendum
3174 1640 3517 1698 decerneret.

253 1736 605 1805 posunuduin
668 1750 784 1787 orta
837 1732 1059 1787 occasio
1125 1734 1282 1787 simul
1335 1741 1387 1785 et
1435 1742 1835 1800 argumentum.
1867 1740 1917 1801 Β
1944 1724 2095 1782 Unde
2127 1729 2433 1783 simultates
2471 1741 2524 1784 et
2565 1744 2756 1800 magna
2790 1732 3009 1786 dissidia
3040 1733 3181 1787 inter
3208 1732 3306 1787 lios
3337 1743 3517 1801 patres

249 1828 399 1883 Nihil
431 1826 578 1881 enim
606 1826 750 1879 aliud
773 1823 1131 1881 Collationum
1164 1823 1429 1878 Vocabula
1450 1866 1465 1890 ,
1497 1839 1655 1894 quam
1685 1823 1841 1877 lami-

251 1925 415 1976 liares
464 1932 783 1986 Congressus
821 1932 1211 1987 sermonesque
1255 1932 1375 1971 cum
1424 1916 1542 1969 illis
1602 1914 1842 1986 patribus

254 2015 474 2069 habitos
495 2054 510 2077 ,
543 2013 914 2079 saltitat-esque
947 2010 1313 2064 institutiones
1341 2010 1595 2080 privatim
1642 2012 1710 2066 ab
1738 2012 1842 2065 illis

251 2115 510 2173 acceptas
553 2103 727 2155 voluit
774 2102 1021 2170 intelligi.
1055 2102 1115 2154 Et
1160 2100 1272 2153 haec
1296 2103 1511 2169 quidem
1546 2116 1614 2155 ex
1658 2100 1843 2155 multis

250 2198 625 2253 Coltationuin
670 2195 805 2246 locis
851 2206 997 2246 certa
1053 2203 1108 2247 et
1172 2193 1469 2245 indubitata
1519 2194 1838 2251 redduntur.

250 2292 393 2348 Nam
422 2287 742 2345 Collatinitis
776 2285 959 2352 prima:
989 2299 1039 2338 c.
1082 2284 1105 2337 1
1153 2283 1221 2338 de
1242 2288 1345 2344 ltac
1370 2288 1841 2358 peregrinatione,

252 2396 313 2440 et
370 2381 623 2443 Germani
673 2380 817 2438 ltilllS
865 2378 1138 2437 individua
1173 2385 1433 2437 societate
1481 2384 1551 2436 ita
1595 2383 1784 2437 scribit
1827 2400 1841 2437 :

256 2476 397 2537 Cum
434 2482 486 2533 in
523 2494 690 2533 eremo
733 2476 936 2547 Scythi,
965 2475 1197 2529 abbatem
1224 2473 1427 2543 Mosen,
1467 2486 1598 2542 etc.,
1637 2474 1846 2528 institu-

256 2578 399 2629 tione
422 2575 532 2640 ejus
566 2572 778 2642 fundari
816 2572 1027 2642 cupiens
1046 2571 1351 2638 expetissem
1391 2585 1494 2623 una
1521 2584 1639 2621 cum
1668 2576 1847 2622 sancto

256 2669 446 2723 abbate
483 2664 768 2727 Germano,
798 2680 911 2717 cum
939 2679 1042 2733 quo
1074 2664 1221 2729 mihi,
1259 2663 1322 2715 ob
1353 2663 1465 2734 ipso
1498 2662 1757 2732 tyrociuio
1784 2676 1846 2714 ac

256 2760 572 2816 rudimentis
608 2759 805 2811 militia:
840 2754 1089 2821 spiritalis
1119 2756 1193 2808 ita
1233 2756 1558 2807 individuum
1612 2754 1848 2820 deinceps

258 2852 653 2909 contubernium
682 2864 786 2902 tum
813 2851 865 2902 in
890 2849 1147 2911 ctenobio,
1178 2864 1331 2917 quam
1360 2850 1413 2900 in
1440 2864 1610 2901 eremo
1633 2847 1769 2915 fuit,
1797 2854 1852 2899 ut

254 2947 438 3001 cuncti
464 2947 530 2996 ad
557 2945 950 3014 signiﬁcandam
978 2939 1306 3006 sodalitatis,
1327 2956 1388 2992 ac
1418 2940 1665 3010 propositi
1690 2938 1853 2992 nostri

252 3037 591 3107 parilitatem
649 3036 1043 3103 ptonttntiorent
1098 3048 1254 3085 unam
1302 3042 1521 3084 mentem
1547 3043 1698 3098 atque
1736 3029 1855 3083 ani-

1943 1828 2269 1882 exarserttnt
2309 1837 2320 1872 :
2363 1823 2444 1875 vel
2491 1823 2699 1891 potius,
2737 1825 2878 1893 quod
2920 1825 3083 1881 iidem
3127 1825 3430 1882 Germanus
3466 1838 3521 1883 et

1942 1911 2252 1981 Cassianus,
2282 1928 2403 1968 cum
2434 1914 2621 1970 eadem
2657 1926 2977 1983 tempestate
3006 1918 3057 1970 in
3104 1918 3362 1993 Egypto,
3397 1935 3523 1976 nec-

1944 2021 2049 2060 non
2092 2006 2396 2069 Palwstiiia.
2445 2007 2570 2064 dote
2616 2011 3003 2066 monachorum
3058 2013 3345 2081 factiones,
3396 2023 3520 2083 puta

1944 2100 2623 2172 Alllili‘O-pllllltlrpililal‘mll
2678 2112 2735 2157 et
2790 2104 3259 2172 Origetiistarutii,
3321 2107 3521 2162 mutuis

1947 2197 2089 2252 οιιίιε
2111 2210 2161 2252 et
2185 2198 2631 2253 altercationibus
2653 2196 3025 2262 decertarent,
3063 2214 3129 2252 ne
3147 2198 3283 2252 forte
3305 2199 3357 2252 iit
3383 2199 3523 2254 lianc

1945 2290 2029 2344 vt-l
2074 2290 2217 2343 illam
2266 2301 2472 2358 partem
2512 2290 2871 2356 declinantes,
2914 2291 2965 2345 iri
3010 2306 3254 2345 errorem
3286 2291 3523 2347 abduce-

1946 2394 2130 2438 rentur
2157 2403 2168 2436 :
2201 2394 2258 2439 et
2284 2384 2738 2451 quemadmodum
2766 2384 3055 2453 AtIOSloillS
3073 2387 3148 2442 ait
3168 2385 3315 2457 (Gal.
3346 2389 3430 2456 ti),
3459 2403 3526 2444 tie

1950 2476 2002 2532 iii
2031 2492 2224 2531 vanum
2253 2490 2556 2538 currerent,
2591 2486 2683 2532 aut
2708 2479 3096 2544 cucurrissent,
3149 2494 3260 2533 sua:
3309 2478 3432 2534 lidei
3473 2490 3527 2536 et

1950 2569 2107 2623 saluti
2160 2570 2506 2625 consulentes
2549 2571 2615 2624 ad
2678 2570 2734 2624 Β.
2789 2570 3241 2641 Clirysostoniutn
3300 2574 3527 2639 patriar-

1956 2661 2134 2725 cliam,
2161 2669 2219 2714 ut
2266 2662 2593 2732 pratcipnuin
2642 2662 2931 2717 Orientalis
2962 2663 3218 2718 Ecclesiae
3244 2665 3524 2720 doctorem

1953 2764 2006 2807 et
2037 2752 2274 2808 veritatis
2299 2758 2715 2823 antesignanum
2744 2754 3106 2825 confugerint,
3141 2772 3169 2809 a
3195 2771 3302 2825 quo
3340 2756 3527 2809 liuiiia-

1954 2845 2095 2899 niter
2132 2847 2341 2915 excepti
2399 2857 2455 2902 et
2505 2849 2555 2901 iii
2602 2848 2863 2902 catholica
2911 2849 3149 2902 doctrina
3198 2848 3528 2914 conlltiitati,

1954 2938 2212 3005 deinceps
2239 2939 2289 2992 in
2332 2940 2451 3005 ejus
2479 2940 2767 3009 obsequio,
2799 2950 2852 2994 et
2900 2941 3185 3009 disciplina
3214 2958 3529 3009 persevcra-

1956 3030 2084 3085 rint.
2114 3030 2181 3086 Ut
2220 3045 2278 3086 se
2302 3046 2390 3086 res
2417 3031 2643 3095 habeat,
2671 3047 2818 3088 certe
2848 3032 3172 3089 Cassianum
3206 3036 3267 3090 Ι).
3300 3037 3531 3109 Chryso-

253 3147 409 3183 mam
442 3126 637 3179 duobus
682 3130 841 3181 inesse
868 3125 1203 3199 corporibus,
1236 3127 1529 3195 pariterque
1570 3122 1632 3176 ab
1671 3124 1853 3175 eodem
1877 3127 1923 3189 ο
1956 3123 2118 3177 smmi
2173 3123 2496 3192 discipulum
2540 3126 2816 3181 exstitisse
2854 3142 2960 3181 non
3006 3128 3166 3182 modo
3202 3128 3531 3186 Tritliemius

252 3222 454 3274 abbate
484 3220 627 3291 (st-ilic
652 3230 707 3274 et
750 3220 952 3290 Moyse)
989 3218 1352 3284 (adiﬁcationis
1393 3230 1681 3269 sermonem
1719 3214 1851 3283 fusis

256 3318 334 3370 ια.
356 3331 519 3385 rymis
542 3315 872 3381 ambirenius,
900 3326 1006 3367 etc.
1042 3311 1245 3365 Rursus
1290 3309 1606 3363 Collatiotiis
1626 3307 1852 3363 decima:

258 3424 439 3463 sexta:
461 3422 582 3475 Cap.
614 3405 663 3470 1,
688 3403 1057 3475 percunctanti
1077 3404 1258 3457 abbati
1291 3401 1487 3471 Josepli
1512 3418 1637 3455 nunt
1661 3404 1854 3456 fratres

256 3502 513 3572 germani
562 3506 783 3563 esst-nt,
843 3496 1239 3565 responderunt
1285 3512 1296 3547 :
1346 3493 1469 3548 Non
1500 3496 1736 3558 carnali,
1764 3493 1854 3546 sed

256 3591 498 3661 spiritali
544 3590 869 3659 [rarernitate
910 3604 963 3640 se
990 3604 1095 3642 esse
1120 3590 1415 3649 devinctos,
1461 3595 1506 3638 et
1534 3588 1596 3639 ab
1640 3585 1856 3639 exordio

255 3682 673 3736 renuntiationis
694 3695 801 3734 ante
828 3690 933 3733 tam
954 3682 1006 3731 in
1035 3679 1467 3750 peregrinatione,
1492 3692 1607 3748 qua:
1631 3676 1693 3729 ab
1714 3687 1856 3729 utro-

254 3791 368 3847 que
404 3777 568 3844 [uerat
618 3776 824 3827 obtentu
881 3772 1077 3824 militia:
1115 3771 1368 3839 spiritalis
1413 3782 1657 3839 arrepta,
1700 3782 1857 3837 quant

254 3873 317 3925 in
342 3868 570 3922 ca'nobii
599 3868 777 3921 studio
802 3866 1074 3920 indiuidua
1095 3881 1295 3936 semper
1315 3863 1673 3932 conjunctione
1690 3860 1857 3913 socia-

254 3979 371 4020 tos.
406 3963 733 4017 CollatiOnis
780 3962 1077 4015 undecima:
1106 3976 1227 4030 cap.
1264 3961 1287 4015 1
1325 3967 1547 4013 narrant
1573 3956 1640 4011 de
1672 3970 1860 4011 emno-

254 4059 359 4113 bio
390 4056 567 4129 Syriae
613 4057 734 4124 (illo
766 4055 1020 4110 nimirum
1056 4054 1488 4121 Bethleetnitico)
1527 4054 1579 4106 in
1625 4066 1731 4122 quo
1760 4050 1853 4106 de-

250 4151 497 4220 gebant,
527 4149 821 4219 Aigyptutn
856 4151 1076 4217 petiisse
1099 4186 1115 4211 ,
1160 4161 1223 4201 ac
1254 4146 1671 4200 remotissimam
1719 4143 1861 4197 Tlte-

252 4242 454 4298 baidts
475 4256 719 4296 eretnutn
748 4249 1075 4308 pellelt‘aSse,
1107 4252 1265 4309 atque
1290 4238 1413 4292 inde
1436 4239 1487 4291 in
1512 4235 1859 4291 ulterioribus

252 4333 505 4405 Egypti
565 4332 809 4401 partibus
862 4332 1124 4402 plurimos
1175 4338 1356 4399 patres
1410 4330 1728 4383 convenisse
1770 4334 1862 4379 aut

248 4430 571 4487 salutasse.
603 4427 843 4496 Denique
873 4427 1116 4494 ejusdem
1144 4422 1467 4478 Collatioiiis
1496 4420 1719 4490 (ιιιρίιεῦ
1748 4420 1862 4473 haec

1954 3218 2154 3287 aliique
2178 3226 2449 3273 testantur
2476 3236 2489 3272 ε
2514 3221 2609 3273 sed
2638 3235 2684 3275 et
2712 3220 3009 3276 Cassianus
3037 3223 3266 3293 ip~emet
3303 3227 3530 3294 ingenue

1956 3312 2222 3381 agnoscit,
2244 3326 2308 3367 ac
2341 3314 2663 3378 profitetur;
2697 3314 2864 3369 immo
2899 3316 3158 3384 quidquid
3193 3317 3305 3385 ipse
3348 3316 3533 3376 sciret.

1955 3404 2131 3458 eidem
2164 3402 2463 3459 liberaliter
2496 3415 2777 3474 acceptum
2816 3407 2981 3461 refert
3015 3407 3115 3462 sub
3150 3407 3309 3463 linem
3354 3407 3536 3476 operis

1955 3495 2021 3550 de
2048 3497 2422 3553 hicat-natione
2452 3497 2590 3570 (Lib.
2626 3515 2718 3563 vti,
2751 3515 2800 3553 c.
2841 3498 2956 3569 51),
2990 3500 3077 3555 ubi
3127 3503 3268 3556 inter
3320 3501 3420 3555 alia
3467 3501 3536 3556 de

1955 3588 2340 3658 ChryStistomo
2363 3592 2623 3659 praeclare
2641 3590 2778 3646 dicta
2801 3609 2814 3644 :
2832 3589 2961 3657 Ille,
2983 3592 3173 3659 inquit,
3190 3593 3409 3657 denique
3430 3593 3537 3659 ipse

1956 3681 2095 3732 vobis
2145 3682 2298 3733 etiam
2336 3680 2463 3742 huic,
2494 3696 2611 3744 qua:
2633 3697 2665 3732 a
2695 3696 2771 3732 me
2794 3682 2987 3747 scripta
3014 3689 3157 3741 sunt,
3182 3680 3492 3731 commendet
3522 3694 3536 3729 :

1957 3772 2081 3835 quia
2105 3774 2210 3823 lucc
2235 3787 2352 3840 qua:
2391 3788 2484 3839 ego
2514 3771 2717 3839 scripsi,
2753 3771 2839 3820 ille
2868 3785 2944 3822 me
2975 3770 3175 3833 docuit,
3208 3786 3266 3823 ac
3292 3786 3380 3842 per
3410 3770 3529 3835 hoc,

1960 3879 2061 3917 non
2092 3874 2195 3915 tam
2219 3878 2386 3914 meum
2404 3863 2498 3914 hoc
2525 3878 2683 3932 quain
2706 3861 2848 3916 illius
2880 3878 2987 3917 esse
3010 3863 3207 3919 credite
3225 3880 3245 3919 :
3263 3866 3387 3936 quia
3404 3867 3539 3920 rivus

1959 3974 2022 4012 ea:
2048 3957 2189 4028 fonte
2234 3965 2453 4024 constat,
2484 3966 2533 4010 et
2576 3956 2825 4026 quidquid
2871 3967 3083 4028 putatur
3122 3974 3230 4012 esse
3276 3959 3537 4031 discipuli,

1961 4061 2120 4106 totum
2133 4051 2202 4105 ad
2216 4051 2460 4105 honorem
2481 4050 2665 4121 referri
2683 4052 3183 4123 conrenitmagistri.
3201 4053 3344 4120 Huic,
3362 4067 3411 4108 et
3435 4056 3540 4111 alia

1960 4143 2026 4198 ad
2042 4142 2666 4212 CotistautinopnlitanOs
2699 4157 2887 4212 magna
2906 4158 3027 4198 cum
3058 4142 3537 4211 landeCassianus,

1962 4235 2156 4302 quibus
2204 4249 2519 4288 memoriam
2566 4233 2649 4287 sui
2691 4234 2932 4303 magistri
2976 4235 3353 4305 Clit-ysosmini
3384 4250 3540 4308 grato

1963 4325 2253 4381 admodum
2283 4340 2345 4380 ac
2369 4339 2645 4396 propenso
2673 4326 2857 4381 animo
2885 4339 3203 4397 prosecutus
3232 4340 3338 4385 est.

2035 4420 2143 4475 Sed
2170 4420 2277 4487 jam
2305 4418 2370 4472 ad
2401 4428 2650 4489 quartum
2672 4460 2686 4485 ,
2728 4420 2817 4488 qui
2853 4421 2903 4475 in
2934 4423 3209 4490 praidiCtis
3238 4425 3426 4494 elogiis
3468 4427 3544 4482 ei-

244 4526 341 4580 ad
402 4521 650 4576 abbatem
706 4521 1100 4574 Cttereiimnetn
1156 4518 1457 4573 Germanus
1507 4516 1594 4569 ille
1653 4529 1751 4567 suo
1807 4510 2084 4570 ethein
2137 4511 2454 4578 ascribitur,
2510 4511 2893 4576 honorarium,
2951 4513 3161 4567 titulum
3226 4517 3541 4584 veniamus;

246 4617 526 4675 CassLni
555 4619 768 4669 nomine
795 4630 808 4669 :
842 4613 998 4667 Debet
1025 4614 1123 4667 hoc
1144 4614 1325 4666 saltem
1349 4612 1493 4665 labor
1518 4609 1643 4663 tanti
1670 4608 1862 4661 itineris

248 4710 539 4769 obtinere,
558 4708 692 4776 quod
715 4710 815 4761 liuc
837 4709 901 4759 de
922 4704 1290 4759 Bethlemitici
1310 4703 1521 4757 canobii
1537 4700 1860 4761 rudimentis,

236 4802 627 4863 institutionis
646 4815 823 4855 vestra:
852 4800 1134 4857 desiderio,
1160 4810 1204 4849 et
1227 4797 1483 4867 profectus
1506 4794 1666 4847 nostri
1694 4808 1866 4845 amore

236 4895 693 4971 praperavimus.
715 4893 836 4947 ll.i-c
852 4894 962 4946 ille.
984 4890 1252 4957 Qu-ntttm
1277 4904 1402 4942 iero
1423 4888 1677 4956 temporis
1698 4886 1750 4937 itt
1767 4883 1867 4939 hac

235 5007 387 5049 tam
442 4989 729 5057 longinqua
774 4987 1108 5056 profectiooe
1151 4983 1531 5053 transegerint,
1579 4980 1678 5034 etsi
1710 4988 1861 5033 certo

230 5081 493 5139 άνίίηἰιὶ
519 5096 623 5135 non
649 5079 837 5148 possit,
863 5079 1002 5145 quod
1029 5093 1291 5146 nusquam
1320 5080 1617 5145 reperiatur
1642 5087 1863 5141 expres-

228 5193 425 5239 sum,
476 5182 647 5229 tamen
673 5192 740 5229 ex
768 5190 834 5227 eo
861 5173 998 5241 quod
1026 5172 1327 5227 (inﬂatione
1378 5170 1437 5222 17
1465 5184 1583 5236 Cap.
1617 5169 1711 5222 ult.
1739 5182 1861 5235 [iro-

229 5278 506 5331 ﬁtentur
532 5284 589 5322 se
617 5270 672 5322 in
706 5272 821 5321 st-la
853 5266 1138 5320 Thebaidis
1184 5266 1402 5334 regione
1429 5272 1483 5315 et
1520 5276 1703 5314 eremo
1736 5274 1861 5326 sep-

230 5364 524 5425 tenniom
553 5362 881 5428 expleviSSe.
904 5369 1322 5411 consontaiieittti
1347 5365 1428 5408 est
1457 5370 1561 5406 non
1597 5352 1860 5405 modicum

229 5456 545 5522 .cmporis
574 5454 714 5516 suati
741 5468 812 5503 tm
844 5451 1065 5518 reliqua:
1098 5448 1518 5517 peregrinationi
1563 5446 1725 5498 fuisse
1767 5445 1866 5497 iiii-

225 5561 549 5628 pensuui;
581 5558 635 5598 ut
682 5546 877 5597 niituiti
928 5558 1032 5596 non
1062 5543 1154 5606 sit,
1192 5543 1238 5596 si
1290 5558 1383 5611 pro
1428 5553 1533 5594 tatii
1586 5538 1780 5593 diutini
1817 5545 1870 5591 et

224 5655 338 5702 tut
384 5652 578 5692 annos
604 5636 913 5691 continuata
957 5635 1403 5689 anaclioretai'tim
1442 5646 1497 5687 et
1522 5635 1867 5688 cretiiitarum

220 5731 709 5799 consuetudine,
754 5729 1047 5795 consortio,
1090 5741 1141 5785 et
1202 5730 1601 5785 colialiitationc
1658 5726 1869 5782 titulum

1964 4603 2193 4661 diacotiii
2214 4642 2229 4668 ,
2262 4602 2479 4670 inquam
2498 4641 2512 4665 ,
2540 4602 2655 4657 sive
2680 4601 3015 4657 diaconatus.
3050 4603 3217 4670 Quem
3246 4608 3388 4661 enim
3420 4622 3542 4665 cutii

1965 4714 2059 4754 sua
2111 4708 2271 4768 gente
2318 4695 2568 4766 Scythica
2626 4710 2721 4764 per
2764 4696 3057 4751 salutarem
3106 4706 3160 4752 et
3187 4699 3543 4757 orthodoxam

1967 4790 2266 4844 doctrinam
2298 4791 2415 4857 pius
2444 4787 2530 4841 ille
2562 4797 2710 4852 pater
2740 4788 2794 4841 in
2826 4787 3040 4844 Cliristo
3073 4789 3211 4846 forte
3250 4805 3544 4862 genuerat:

1968 4882 2053 4937 vel
2098 4893 2280 4945 (erle,
2340 4890 2398 4933 ut
2464 4879 2678 4947 sapiens
2726 4880 2987 4951 magister
3026 4883 3077 4937 in
3126 4884 3444 4955 discipulum
3496 4900 3550 4944 et

1971 4977 2229 5031 dot'trinie
2259 4990 2371 5028 διιεῖ·
2394 4973 2668 5028 alumnum
2700 4974 2989 5043 allegerat,
3030 4978 3310 5043 eumdem,
3348 4993 3403 5035 ut
3436 4983 3546 5043 ei-i~

1970 5088 2185 5143 scoptis,
2218 5073 2437 5144 dignum
2469 5074 2569 5128 Iioc
2591 5089 2812 5129 munere
2841 5090 2903 5129 ac
2935 5075 3235 5131 ministerio
3259 5076 3545 5145 judicavit.

1970 5167 2025 5221 Id
2053 5209 2067 5233 ,
2098 5175 2292 5232 praeter
2324 5165 2583 5221 Gennadii
2611 5181 2673 5220 ac
2702 5165 2982 5222 Tritlicmii
3026 5174 3387 5233 assisriiones,
3420 5171 3525 5222 Cas

1973 5263 2156 5314 stantis
2196 5262 2310 5328 ipse
2350 5260 2451 5314 sibi
2498 5259 2924 5325 gratulabundus
2963 5261 3207 5329 agnoscit
3240 5260 3359 5313 loco
3387 5274 3547 5329 supra

1974 5355 2166 5419 citato,
2223 5353 2308 5406 tibi
2358 5368 2417 5406 se
2463 5352 2773 5416 adoptatum
2826 5368 2854 5403 a
2902 5352 3225 5407 beatissima:
3275 5353 3551 5407 meiut-ia:

1970 5445 2178 5501 Joanne
2208 5451 2259 5501 in
2293 5447 2645 5501 tniniSteriutn
2678 5460 2919 5510 Sacrum,
2963 5456 3124 5511 atque
3160 5442 3399 5498 oblatum
3444 5445 3552 5500 Deo

1973 5549 2381 5593 commemorat.
2428 5537 2681 5607 Idemque
2707 5536 2991 5590 confirmat
3019 5534 3340 5590 Theodorus
3370 5536 3552 5591 diaco-

1976 5648 2076 5688 nus
2121 5632 2279 5689 Bom.
2326 5632 2469 5701 apud
2519 5629 2811 5686 Palladium
2843 5628 2893 5682 iii
2922 5626 3160 5701 dialogo.
3190 5626 3385 5697 Quidni
3419 5643 3553 5683 vero

1977 5724 2062 5782 liic
2093 5727 2252 5782 etiam
2277 5723 2475 5791 aliquid
2512 5720 2740 5789 amplius
2768 5728 3142 5786 autuiiienius,
3187 5728 3240 5778 et
3268 5718 3394 5773 dum
3424 5719 3550 5773 Cas~
