4036 6218
501 346 574 408 π
1110 374 1111 377 χ
1344 316 1439 377 an
1475 314 1705 377 OPERA
1740 302 2019 375 JOANNIS
2056 308 2366 375 cassum
2403 301 2942 371 PROLEGOMENA.
3705 324 3776 384 εδ

504 466 715 521 sianum
741 474 774 517 a
794 457 1004 517 Joanne
1029 452 1328 527 patriarcha
1353 451 1766 520 Constantinop.
1798 448 2086 503 diaconum
2116 446 2165 505 A

508 555 810 612 ordinatum
851 550 1127 615 audimus,
1162 564 1266 602 non
1305 545 1462 601 modo
1501 543 1735 599 diaconii
1781 540 1970 597 ordine
2027 553 2089 592 ac

508 663 733 705 munere
779 645 1051 701 initiatum
1073 685 1087 708 ,
1122 640 1216 698 sed
1254 649 1308 696 et
1337 637 1804 692 archidiaconatus
1833 634 2091 704 dignitate

510 752 755 809 auctum,
788 736 1228 805 cumulatumque
1274 728 1610 786 sentiamus?
1659 727 1768 783 Cur
1809 726 1953 781 enim
1984 738 2089 778 non

512 835 673 889 etiam
717 828 1086 886 subdiaconus
1129 822 1197 880 ab
1236 823 1425 878 eodem
1462 821 1733 875 diceretur
1764 818 2041 872 ordinatus
2078 833 2089 867 :

516 925 618 979 nisi
647 931 707 979 ut
733 924 991 978 diaconus
1038 915 1498 979 antonomastice,
1530 908 1581 968 id
1614 919 1725 973 est.
1756 909 2093 964 archidiaco-

515 1030 650 1083 nus,
694 1024 787 1069 seu
819 1012 1023 1081 primus
1076 1009 1215 1063 inter
1263 1005 1519 1061 diaconos
1567 1002 1935 1073 intelligatur?
1982 1000 2095 1056 Non

516 1105 681 1170 enim,
706 1113 764 1159 ut
786 1102 969 1167 hodie,
994 1101 1072 1155 sic
1091 1100 1218 1157 olim
1250 1094 1509 1153 Ecclesiae
1536 1112 1635 1151 usu
1666 1104 1938 1165 receptum
1974 1094 2094 1161 fuit,

517 1206 578 1253 ut
604 1190 966 1251 archidiaconi
1000 1206 1230 1247 munere
1251 1189 1600 1262 fungerentur
1624 1188 1922 1258 presbyteri
1961 1206 1971 1239 :
2003 1186 2099 1242 sed

521 1304 584 1346 ex
619 1298 728 1344 toto
755 1287 1111 1343 diaconorum
1159 1278 1349 1337 ordine
1391 1297 1453 1336 ac
1493 1296 1718 1336 numero
1756 1278 2096 1350 paucissimi,

520 1387 660 1455 iique
708 1381 975 1451 aptissimi
1022 1377 1397 1448 deligebantur
1437 1375 1837 1441 archidiaconi,
1870 1374 1959 1445 qui
1991 1373 2103 1442 epi-

526 1490 712 1546 scopo,
744 1478 858 1530 sive
893 1472 1153 1543 pontifici,
1187 1469 1331 1525 velut
1356 1469 1494 1523 oculi
1526 1468 1705 1538 capiti,
1743 1467 1982 1537 proxime
2012 1465 2102 1519 deo

521 1567 818 1633 servirent,
864 1576 916 1621 et
957 1582 1057 1635 pro
1097 1581 1163 1619 eo
1192 1563 1505 1635 diligentius
1540 1561 1592 1614 in
1627 1561 1786 1613 domo
1819 1559 1911 1612 Dei
1938 1573 2104 1612 excu-

521 1662 747 1727 barent,
776 1667 833 1715 ut
862 1661 914 1713 in
946 1654 1185 1712 Ecclesia
1219 1657 1458 1709 Romana
1488 1651 1871 1708 celeberrimus
1903 1660 2106 1720 martyr

524 1770 589 1811 ac
636 1752 799 1809 levita
848 1746 1199 1815 Laurentius,
1256 1748 1307 1802 in
1340 1744 1624 1802 Valentina
1656 1744 1999 1810 Vincentius,
2052 1749 2106 1796 et

2263 443 2340 497 Ex
2365 442 2470 510 his,
2503 442 2692 511 credo,
2721 442 2876 497 facile
2925 440 3332 511 animadvertis,
3368 440 3559 508 lector,
3611 455 3776 513 quam

2194 534 2369 589 inanis
2399 549 2461 590 ac
2491 534 2661 589 futilis
2690 535 2759 590 sit
2787 534 3146 605 quorumdam
3178 535 3361 604 Opinio
3387 574 3403 600 ,
3439 535 3527 605 qui
3560 535 3774 591 Cassia-

2194 643 2322 682 num
2353 642 2381 682 a
2410 627 2472 681 D.
2498 627 2885 698 Chrysostomo
2906 627 3193 682 diaconum
3219 626 3554 696 ordinatum,
3579 625 3778 682 deinde

2200 726 2325 789 post
2367 718 2574 787 aliquot
2604 733 2779 773 annos
2818 718 3103 788 expulsum
3150 726 3205 773 et
3250 717 3557 787 ablegatum
3607 716 3778 774 fuisse

2196 810 2413 879 scriptis
2441 809 2829 880 prodiderunt,
2879 811 3024 864 nulla
3070 809 3232 880 hujus
3272 810 3597 880 suspicionis
3617 811 3779 866 allata

2198 916 2356 957 causa
2391 902 2474 957 vel
2518 902 2783 972 probabili
2815 911 3151 973 argumento,
3182 904 3480 971 prasertim
3510 918 3633 958 cum
3661 905 3782 958 nul-

2199 993 2281 1050 lus
2311 1003 2552 1049 veterum
2581 995 2907 1064 scriptorum
2954 996 3092 1051 hanc
3123 1002 3307 1051 notam
3338 996 3602 1050 Cassiano
3626 997 3780 1051 inus-

2201 1088 2335 1144 sisse
2366 1088 2591 1159 legatur.
2617 1090 2839 1155 Dicant,
2872 1090 3134 1159 obsecro,
3171 1090 3387 1160 quando
3417 1092 3557 1146 hunc
3578 1093 3646 1147 ab
3668 1093 3783 1161 ipso

2202 1184 2396 1255 expelli
2425 1185 2743 1254 contigerit,
2794 1187 2883 1255 qui
2930 1186 3091 1240 etiam
3134 1193 3256 1255 post
3295 1186 3412 1254 ejus
3452 1186 3697 1242 exsilium
3730 1184 3783 1241 in

2203 1275 2321 1346 ejus
2353 1276 2611 1347 obsequio
2642 1291 3019 1345 perseverasse
3058 1279 3427 1347 cognoscitur,
3482 1288 3535 1334 et
3577 1294 3675 1348 pro
3720 1295 3787 1335 eo

2206 1369 2478 1440 legatione
2527 1370 2744 1424 functus
2792 1370 2858 1423 ad
2906 1371 3274 1425 innocentium
3322 1371 3669 1440 pontificem?
3697 1372 3787 1443 qui

2205 1460 2323 1530 ejus
2355 1460 2596 1516 defuncti
2642 1462 2954 1516 memoriam
2982 1462 3142 1517 tantis
3168 1462 3417 1516 laudibus
3441 1469 3495 1515 et
3525 1464 3789 1518 encomiis

2207 1553 2436 1607 extulit?
2472 1555 2563 1624 qui
2610 1554 2771 1609 etiam
2806 1555 2983 1609 multis
3014 1562 3136 1625 post
3178 1555 3296 1625 ejus
3342 1555 3553 1610 obitum
3600 1558 3783 1625 annis,

2210 1655 2315 1700 tam
2346 1650 2666 1716 przeclarum
2697 1648 2867 1704 edidit
2892 1665 3003 1704 suae
3032 1665 3159 1720 erga
3198 1650 3446 1704 eumdem
3476 1654 3792 1721 propensio-

2212 1738 2295 1791 nis
2322 1746 2376 1793 et
2406 1739 2770 1794 observantiae
2800 1742 3163 1797 testiinonium
3186 1785 3201 1810 ,
3250 1752 3306 1797 ut
3350 1745 3552 1798 nullam
3580 1748 3789 1814 penitus

526 1846 827 1903 recentiore
855 1842 1146 1910 memoria,
1175 1842 1226 1895 in
1260 1839 1636 1909 Ultrajectensi
1662 1836 1983 1891 Aldcbertus
2005 1876 2019 1901 ,
2055 1834 2108 1888 in
2139 1822 2187 1891 Β
2215 1828 2293 1883 vel
2340 1830 2713 1884 tenuissimam
2763 1831 3048 1900 reliquerit
3095 1833 3322 1903 alicujus
3353 1835 3643 1891 simultatis
3671 1850 3793 1891 sus-

525 1936 643 1993 aliis
690 1935 785 1991 alii
827 1934 1020 1990 fecisse
1056 1932 1306 2002 leguntur
1341 1947 1353 1983 :
1386 1928 1475 1999 qui
1519 1929 1562 1983 si
1599 1927 1665 1982 ad
1697 1926 1988 1982 sacerdotii
2018 1925 2112 1979 ho-

529 2040 717 2085 norem
760 2027 990 2097 promoti
1036 2025 1296 2093 fuissent,
1343 2021 1558 2077 diaconi
1612 2029 1704 2075 aut
1748 2016 2115 2074 archidiaconi

527 2135 651 2178 esse
691 2128 781 2175 aut
810 2117 913 2177 dici
942 2114 1251 2173 desilssent.
1287 2112 1458 2185 Hujus
1487 2121 1637 2168 certe
1669 2111 1978 2181 dignitatis,
2012 2110 2115 2164 sci-

531 2212 661 2274 licet
684 2214 1182 2281 archidiaconatus,
1214 2212 1596 2285 praerogativa,
1632 2207 1841 2265 cmteris
1871 2207 1997 2261 item
2021 2205 2117 2260 do-

534 2308 677 2364 tibus
697 2350 711 2375 ,
754 2323 817 2363 ac
843 2306 1135 2362 virttitibus
1166 2303 1339 2359 eidem
1371 2300 1784 2365 accedentibus,
1817 2297 1868 2352 id
1900 2295 2115 2352 demum

532 2410 857 2457 consecutus
908 2397 1123 2453 videtur
1171 2393 1496 2461 Cassianus,
1544 2401 1601 2448 ut
1643 2393 1783 2447 inter
1835 2391 2116 2461 primarius

533 2494 794 2549 Ecclesiae
841 2489 1254 2558 Constantinop.
1289 2486 1520 2543 clericos
1551 2484 1881 2555 deligeretur
1912 2483 1979 2538 ad
2007 2482 2117 2538 ob-

532 2584 767 2642 eundam
818 2596 916 2654 pro
971 2580 1362 2653 Chrysostomo
1415 2579 1760 2648 legationem.
1809 2575 1972 2646 Cujus
2040 2572 2119 2631 rei

535 2678 686 2732 testis
714 2675 954 2745 locuples
1002 2673 1142 2728 idem
1191 2671 1284 2727 ille
1331 2668 1651 2726 Theodorus
1690 2667 1939 2736 antiquus
1986 2664 2118 2720 scri-

536 2774 681 2838 ptor,
722 2766 813 2836 qui
861 2766 1004 2821 inter
1042 2766 1176 2819 alias
1218 2758 1514 2833 legationes
1544 2776 1640 2831 pro
1669 2759 1859 2816 eodem
1886 2754 2120 2829 Chryso-

536 2868 715 2915 stomo
763 2860 815 2913 in
865 2856 1110 2912 exsilium
1152 2865 1273 2910 acto
1321 2854 1389 2909 ab
1422 2850 1663 2911 Ecclesia
1707 2849 2115 2921 Constantinop.

536 2950 605 3005 ad
637 2951 1006 3005 innocentium
1039 2944 1344 3019 pontificem
1373 2945 1533 3013 Rom.
1566 2944 1787 3012 missas,
1822 2942 1959 2997 hanc
1988 2940 2120 2996 Ger-

538 3043 683 3097 mani
739 3041 1076 3112 presbyteri,
1136 3049 1189 3095 et
1239 3037 1482 3093 Cassiani
1530 3037 1744 3092 diaconi
1794 3035 2117 3107 legationem

540 3143 735 3204 quarto
765 3133 885 3189 loco
909 3133 1243 3201 describens,
1278 3133 1348 3186 ita
1374 3131 1582 3186 orditur
1614 3150 1626 3185 :
1658 3128 1786 3183 Post
1818 3126 2118 3182 Palladium

2218 1923 2507 1993 pieionem.
2562 1923 2762 1979 Verum
2811 1925 2969 1993 hujus
3013 1928 3213 1981 erroris
3264 1930 3605 1984 occasionem
3661 1931 3795 1985 scite

2220 2016 2530 2071 observavit
2556 2017 2704 2071 card.
2738 2018 3003 2073 Baronius
3029 2035 3091 2074 ex
3115 2036 3180 2076 eo
3205 2035 3471 2089 manasse,
3504 2023 3642 2092 quod
3670 2038 3792 2079 cum

2220 2121 2317 2175 pro
2358 2108 2567 2165 Joanne
2606 2110 2995 2183 Chrysostomo
3034 2110 3319 2168 Cassianus
3360 2128 3483 2168 cum
3509 2115 3628 2170 aliis
3655 2116 3797 2185 ejus-

2220 2199 2340 2255 dem
2372 2200 2632 2258 Ecclesizo
2664 2204 2878 2259 clericis
2909 2204 3075 2261 fuisse
3122 2208 3458 2276 reperiretur
3503 2210 3759 2278 expulsus
3780 2249 3796 2275 ,

2220 2290 2470 2347 eumdem
2506 2309 2535 2348 a
2562 2293 2769 2350 Joanne
2802 2296 2916 2365 ipso
2948 2297 3229 2365 expulsum
3264 2313 3359 2367 per
3390 2299 3675 2369 incuriam,
3709 2312 3799 2355 aut

2221 2376 2559 2441 Oscitantiam
2594 2387 2960 2444 existimarint
2988 2405 3003 2444 :
3035 2405 3155 2445 cum
3178 2405 3283 2445 non
3313 2390 3381 2445 ab
3406 2392 3544 2462 ipso,
3574 2392 3670 2449 sed
3704 2409 3800 2462 pro

2220 2470 2368 2549 ipso,
2398 2488 2453 2535 et
2475 2480 2595 2550 ejus
2617 2495 2776 2536 causa
2811 2490 2939 2537 tunc
2964 2483 3256 2554 contigerit
3282 2498 3402 2539 cum
3447 2486 3569 2539 aliis
3615 2497 3800 2541 estor-

2221 2588 2335 2629 rem
2360 2573 2495 2629 fieri.
2530 2574 2729 2632 Verum
2761 2576 2830 2631 ad
2866 2577 2971 2632 alia
3009 2578 3435 2647 progrediamur.
3482 2578 3803 2634 Perfunctus

2222 2678 2285 2722 ea
2315 2666 2584 2737 legatione
2609 2669 2903 2725 Cassianus
2931 2671 3061 2739 quid
3087 2671 3344 2742 deinceps
3369 2673 3571 2742 egerit,
3609 2686 3718 2742 quo
3744 2684 3804 2727 so

2223 2760 2443 2839 verterit
2479 2769 2631 2816 tanto
2660 2770 2885 2832 parente
2928 2773 2981 2818 et
3018 2772 3244 2832 patrono
3286 2780 3386 2820 suo
3416 2762 3804 2836 Chrysostomo

2223 2853 2566 2923 postmodum
2595 2854 2814 2910 orbatus
2832 2893 2845 2917 .
2880 2855 3144 2911 Batonius
3171 2858 3353 2925 paucis
3387 2858 3559 2912 verbis
3581 2858 3651 2910 ita
3675 2872 3805 2925 per-

2223 2947 2438 3002 strinxit
2470 2966 2482 3001 :
2516 2947 2646 3003 Post
2676 2950 2804 3015 lucc,
2837 2947 3116 3004 Cassianus
3144 2952 3406 3021 profectus
3435 2953 3490 3005 in
3512 2950 3804 3022 zEgyptum

2222 3040 2292 3093 ibi
2320 3044 2655 3097 monasticam
2684 3047 2835 3097 vitam
2860 3043 3091 3099 excolere
3116 3048 3281 3116 coepit,
3306 3045 3525 3115 indeque
3547 3044 3806 3099 scribendi

2226 3129 2536 3188 Collationes
2565 3133 2785 3187 Patrum
2830 3136 3002 3189 hausit
3041 3148 3411 3207 argumentum.
3462 3136 3643 3189 Exstat
3696 3136 3804 3191 Isi-

542 3225 830 3282 Germanus
855 3226 1137 3297 presbyter,
1172 3224 1545 3292 Cassianusque
1581 3220 1857 3286 diaconus,
1888 3222 1983 3275 uiri
2010 3239 2120 3274 nta-
2144 3210 2191 3279 C
2225 3224 2339 3277 dori
2367 3223 2650 3280 Pelusiolw
2679 3225 2748 3278 ad
2778 3227 3078 3284 Cassianum
3101 3228 3346 3295 epistola,
3382 3243 3499 3281 cum
3528 3244 3808 3300 aggressus

540 3335 655 3392 gnte
682 3319 970 3392 religionis,
1009 3320 1208 3373 litteras
1231 3362 1243 3385 ,
1282 3317 1344 3368 ab
1373 3315 1509 3369 onmi
1529 3316 1661 3368 clero
1684 3310 1902 3367 Joannis
1930 3316 2120 3368 attule-

540 3419 684 3479 runt,
715 3411 1027 3465 continentes
1057 3406 1341 3462 Ecclesium
1368 3406 1533 3477 ipsam
1566 3404 1889 3476 tyrannidem
1920 3420 2125 3475 perpes-

541 3518 653 3560 sam
675 3507 861 3576 fuisse,
888 3505 1128 3575 episwpo
1154 3516 1243 3573 per
1264 3502 1367 3555 vim
1396 3500 1617 3553 militum
1646 3503 1805 3571 ejecto
1824 3543 1838 3565 ,
1880 3509 1927 3554 et
1958 3503 2011 3552 in
2037 3515 2125 3553 ea:-

542 3600 718 3657 silium
764 3600 954 3669 misso,
1001 3606 1108 3654 etc.
1159 3595 1264 3652 Sed
1316 3605 1371 3650 et
1422 3594 1561 3649 idem
1614 3590 1957 3649 innocentius
1988 3608 2125 3662 papa

544 3693 785 3764 ejusdem
861 3690 1125 3748 Ecclesiae
1190 3685 1801 3757 ConSIantinopolitanze
1858 3685 2004 3740 clero
2062 3700 2124 3740 ac

548 3786 748 3857 populo
778 3784 1112 3851 rescribens,
1161 3782 1231 3837 ita
1259 3796 1484 3838 exorsus
1514 3788 1598 3835 est
1625 3798 1637 3832 :
1674 3777 1758 3832 Ea:
1784 3779 1969 3833 litteris
2005 3780 2126 3833 cha-

542 3881 712 3935 ritatis
740 3887 946 3944 vestrm,
990 3895 1117 3946 quas
1162 3893 1252 3946 per
1297 3876 1609 3931 Germanum
1655 3877 2030 3949 presbyterum,
2079 3887 2126 3931 et

545 3970 851 4027 Cassianum
879 3971 1094 4023 misistis
1115 4009 1129 4032 ,
1172 3979 1276 4023 etc.
1315 3970 1389 4024 De
1416 3969 1515 4024 hac
1543 3986 1707 4039 porro
1736 3969 2005 4038 legatione
2024 4009 2040 4038 ,
2071 3978 2126 4025 et

546 4065 842 4134 legatorum
868 4062 1042 4117 altero
1070 4060 1329 4115 Cassiano
1373 4060 1601 4116 diacono
1632 4071 1937 4131 nuncupato
1962 4078 2125 4132 agens

546 4154 809 4211 Barouius
838 4169 852 4207 :
890 4151 980 4207 Est
1008 4152 1233 4215 mentio,
1269 4152 1437 4222 inquit
1472 4150 1608 4222 (Ubi
1655 4152 1879 4224 supra),
1913 4155 1973 4207 de
2004 4154 2127 4210 Cas-

546 4249 692 4302 siano
712 4248 765 4300 in
797 4246 983 4299 litteris
1014 4242 1309 4297 Innocentii
1336 4259 1483 4314 papa:
1523 4242 1593 4297 ad
1636 4244 1848 4299 clericos
1874 4243 2126 4301 Constan-

547 4339 913 4410 tinopolitano:
936 4351 953 4391 ε
974 4353 1119 4406 quem
1136 4335 1339 4404 quidem
1366 4334 1667 4390 Cassianum
1690 4337 1837 4391 illum
1863 4351 2124 4409 putamus,

549 4435 698 4504 cujus
738 4438 853 4485 sunt
892 4428 1206 4484 Collationes
1258 4429 1489 4487 Patrum.
1551 4429 1686 4485 Nam
1733 4442 1781 4487 et
1828 4432 2125 4489 Gennadius

549 4527 684 4580 hunc
724 4525 956 4580 eumdem
985 4541 1015 4578 a
1043 4524 1246 4579 Joanne
1272 4523 1632 4595 Cltrysostomo
1681 4526 1952 4581 diaconum
1985 4529 2127 4581 ordi-

548 4628 727 4672 natum
753 4616 909 4670 tradit
943 4632 963 4671 :
989 4618 1118 4670 adeo
1148 4627 1201 4671 ut
1231 4618 1316 4686 qui
1344 4626 1569 4673 astruere
1594 4618 1710 4674 velit
1745 4620 1877 4673 hunc
1920 4622 2124 4673 Cassia-
2150 4592 2204 4653 Ῑ)

547 4728 670 4765 num
699 4712 955 4765 diversum
1000 4728 1137 4775 esse,
1166 4712 1295 4765 duos
1333 4729 1528 4766 necesse
1554 4711 1769 4778 habeat,
1816 4723 1868 4765 ut
1912 4713 2122 4781 a/ﬁrtnet

546 4802 769 4859 Joannis
822 4801 1203 4874 Cltrysostomi,
1256 4805 1479 4874 ejusdem
1538 4804 1755 4857 nominis
1806 4814 1851 4857 et
1900 4804 2124 4857 inunctis

549 4897 709 4967 fuisse
748 4895 1059 4967 discipulos,
1101 4897 1303 4948 nomine
1332 4894 1633 4957 Cassianos,
1679 4894 1981 4965 eosdemque
2012 4896 2124 4948 diu-

548 5002 722 5043 conos.
755 4988 880 5044 Haac
909 4986 1203 5053 Baronius,
1235 5002 1396 5039 unum
1416 5026 1428 5048 ,
1461 4994 1513 5039 et
1539 4983 1784 5038 eumdem
1810 4985 2123 5040 Cassianum

546 5095 647 5152 pro
674 5079 1064 5152 Chrysostomo
1093 5078 1325 5147 legatum
1350 5083 1403 5129 et
1431 5076 1752 5130 Collatorem
1780 5090 1900 5132 esse
1927 5078 2123 5130 confir-

547 5187 722 5229 mans.
769 5172 973 5239 Quibus
1020 5168 1195 5233 addo,
1245 5166 1356 5235 pari
1391 5174 1734 5236 argumento,
1779 5183 1886 5222 non
1920 5176 2125 5224 tantum

547 5265 683 5320 duos
708 5263 1016 5329 Cassianos,
1052 5260 1147 5315 sed
1178 5267 1233 5315 et
1261 5259 1395 5314 duos
1426 5260 1606 5315 itidem
1639 5260 1934 5317 Germanos
1967 5276 2124 5330 pres-

545 5358 771 5432 byteros
799 5357 1043 5427 ejusdem
1085 5353 1457 5425 Chrysostomi
1505 5353 1797 5424 discipulos
1836 5362 1891 5409 et
1929 5363 2127 5408 comta-

546 5466 711 5517 neos;
761 5451 998 5522 alioquin
1044 5446 1252 5504 admitti
1297 5457 1584 5517 oportere,
1616 5448 1846 5503 alterum
1874 5445 2125 5504 videlicet

544 5543 784 5600 Cassiani
814 5545 961 5599 illius
986 5558 1083 5613 pro
1112 5542 1496 5613 Chrysostomo
1525 5541 1715 5609 legati,
1747 5541 1975 5596 alterum
1998 5558 2127 5597 vero

544 5635 716 5690 nostri
732 5632 1021 5691 Collatoris
1045 5635 1098 5690 in
1124 5635 1212 5689 illa
1236 5634 1671 5705 peregrinatione
1704 5642 1757 5689 et
1790 5633 2126 5705 professione

546 5727 848 5783 monastiea
879 5729 1085 5785 socium
1129 5736 1185 5783 et
1223 5729 1516 5800 collegam;
1545 5728 1687 5801 quod
1710 5728 1853 5784 nulla
1883 5738 2125 5784 veterum

542 5816 867 5882 auctoritate
901 5829 992 5883 aut
1029 5820 1290 5880 memoria
1322 5822 1648 5895 suttragante
1687 5823 1805 5896 quis
1852 5820 2129 5882 admittatt

2224 3325 2353 3371 esset
2393 3317 2550 3371 vitam
2596 3321 2933 3374 monasticam
2963 3322 3228 3392 proﬁteri,
3268 3337 3371 3390 qua
3398 3322 3594 3374 suntin
3624 3322 3809 3392 primis

2224 3409 2321 3463 sibi
2350 3412 2682 3466 coercendam
2703 3430 2811 3468 esse
2835 3412 3071 3486 linguam
3098 3414 3389 3470 admonuit.
3423 3414 3498 3469 lla
3540 3414 3811 3469 Baronius

2227 3514 2292 3556 eo
2319 3505 2586 3559 sermonis
2614 3506 2758 3574 stylo
2793 3520 2923 3561 usus
2944 3546 2958 3572 ,
2992 3508 3143 3576 quasi
3173 3506 3411 3561 indicare
3433 3506 3558 3562 velit
3590 3504 3811 3561 Cassia-

2226 3608 2352 3648 num
2403 3602 2513 3649 tum
2553 3598 2769 3652 demum
2796 3608 2920 3667 post
2947 3600 3269 3670 legationem
3300 3616 3396 3671 pro
3418 3600 3810 3671 Chrysostomo

2225 3685 2427 3742 obitam
2475 3690 2778 3758 profectum
2809 3692 2862 3747 in
2891 3691 3216 3765 IEgyptum,
3252 3694 3412 3748 vitam
3452 3694 3804 3749 monasticam

2228 3780 2481 3837 excolere
2521 3798 2583 3838 ac
2632 3785 2873 3853 profiteri
2915 3789 3168 3858 coepisse.
3217 3788 3347 3854 Quae
3377 3788 3674 3851 sententia,
3722 3786 3811 3842 vel

2228 3877 2468 3945 opinatio
2497 3877 2568 3931 ita
2610 3882 2836 3948 praecise
2876 3890 3130 3949 accepta,
3163 3887 3218 3935 et
3261 3881 3410 3946 nullo
3437 3881 3544 3935 alio
3586 3889 3808 3934 auctore

2228 3969 2386 4038 nixa,
2429 3986 2549 4025 cum
2577 3973 2757 4027 verbis
2786 3972 2952 4041 ipsius
2977 3971 3223 4027 Cassiani
3261 3982 3405 4026 stare
3443 3971 3653 4041 nequit,
3685 3970 3808 4041 qui—

2228 4061 2329 4116 bus
2378 4062 2551 4131 ipsum
2594 4076 2700 4115 non
2741 4062 2901 4115 modo
2940 4070 3067 4117 ante
3115 4062 3475 4131 legationem,
3521 4074 3710 4116 verum
3755 4067 3809 4115 et

2228 4154 2396 4208 multo
2427 4160 2551 4207 ante
2576 4166 2787 4207 omnem
2812 4151 3184 4223 Chrysostomi
3208 4155 3451 4210 notitiam
3478 4162 3534 4210 et
3575 4168 3809 4209 consue-

2230 4249 2467 4302 tudinem
2488 4286 2505 4313 ,
2544 4245 2706 4300 immo
2736 4246 2803 4299 ab
2835 4246 2964 4314 ipsis
3011 4247 3249 4315 pueritiae
3296 4250 3615 4305 rudimentis
3641 4250 3807 4303 vitam

2231 4341 2579 4397 monasticam
2611 4339 2943 4406 excoluisse,
2985 4355 3212 4409 eamque
3260 4350 3369 4394 tum
3418 4341 3471 4395 in
3521 4342 3806 4405 coenobio,

2230 4443 2339 4489 tum
2374 4432 2426 4485 in
2473 4445 2657 4486 eremo
2688 4430 2859 4499 palam
2892 4430 3192 4498 professum
3238 4446 3359 4486 esse
3387 4437 3639 4500 superius
3685 4432 3809 4487 luce

2229 4523 2520 4579 meridiana
2551 4521 2748 4575 clarius
2779 4521 3127 4577 ostendimus.
3164 4520 3361 4575 Verum
3413 4521 3529 4574 fieri
3585 4528 3804 4589 potest,

2229 4625 2281 4670 et
2315 4614 2555 4685 proclive
2584 4612 2871 4666 admodum
2904 4622 2988 4668 est
3023 4612 3275 4681 credere,
3310 4612 3626 4667 Cassianum
3646 4612 3807 4668 abso-

2229 4709 2341 4762 luto
2367 4707 2653 4777 legationis
2679 4704 2858 4760 ofﬁcio
2896 4713 2951 4762 et
2980 4706 3041 4761 Β.
3065 4703 3480 4778 Chrysostomo,
3510 4716 3571 4763 ut
3605 4707 3805 4763 dictum

2228 4806 2346 4869 est,
2379 4798 2538 4868 paulo
2565 4805 2686 4868 post
2722 4798 3009 4869 defuncto,
3048 4814 3281 4857 mmrore
3312 4801 3510 4865 animi,
3539 4811 3593 4856 et
3622 4814 3804 4854 rerum

2230 4893 2585 4949 humanarum
2616 4894 2777 4950 taedio
2807 4894 3097 4963 affectum;
3146 4904 3200 4951 et
3244 4896 3484 4965 pristinae
3512 4901 3807 4948 consuetu«

2229 4984 2371 5040 dinis
2419 4995 2472 5040 et
2518 4987 2774 5041 consortii
2816 4986 2917 5044 SS.
2959 4988 3173 5045 Patrum
3217 4987 3272 5041 in
3316 4987 3435 5057 ejus
3486 4985 3806 5057 praecordiis

2228 5078 2587 5132 reviviscente
2614 5080 2874 5135 memoria
2905 5096 2968 5137 ac
2997 5079 3269 5136 desiderio
3300 5078 3656 5147 stimulatum,
3684 5093 3807 5133 rur-

2228 5182 2320 5223 sus
2341 5168 2632 5241 Egyptum
2658 5179 2713 5225 et
2736 5170 3074 5227 Palaestinam
3097 5169 3398 5238 repetiisse,
3424 5178 3584 5239 atque
3604 5170 3804 5225 ibidem

2230 5262 2368 5316 inter
2411 5263 2702 5317 monachos
2754 5264 2924 5319 vitam
2975 5260 3325 5316 monasticam
3379 5264 3716 5329 excoluisse,
3750 5270 3807 5315 et

2229 5355 2529 5411 doctrinam
2574 5355 2791 5411 ineunte
2840 5362 2998 5408 attate
3052 5362 3360 5422 perceptam
3410 5353 3571 5409 altius
3624 5353 3807 5407 animo

2232 5448 2507 5503 imbibisse
2531 5489 2545 5513 ,
2575 5463 2637 5502 ac
2663 5447 2935 5501 memoriae
2957 5446 3398 5513 commendasse,
3431 5462 3588 5517 quam
3616 5454 3805 5516 postea

2230 5542 2528 5598 litterarum
2586 5539 2949 5595 monumentis
3001 5539 3355 5609 consignavit.
3413 5541 3530 5607 Quo
3590 5538 3806 5608 quidem

2232 5645 2508 5705 spectasse
2548 5632 2848 5691 credendus
2875 5641 2959 5688 est
2982 5633 3244 5690 Baronius
3276 5653 3288 5687 :
3319 5634 3410 5705 qui
3442 5644 3621 5691 tamen
3661 5630 3803 5689 haud

2232 5729 2390 5785 facile
2424 5727 2670 5784 excusari
2700 5733 2909 5795 potest,
2942 5726 3081 5797 quod
3126 5727 3180 5783 id
3222 5728 3295 5783 ita
3329 5727 3660 5799 expresserit
3683 5767 3699 5794 ,
3750 5731 3807 5780 ut

2236 5830 2345 5880 tum
2378 5822 2607 5893 primum
2640 5816 2869 5887 coepisse
2895 5818 3197 5890 significare
3226 5819 3493 5881 videatur.
3526 5818 3680 5889 Quod
3711 5832 3803 5877 au-
