4026 6212
208 296 209 299 η
222 252 292 323 B7

1389 236 1757 314 ΡῘΏΕῩΔΤΙΟ
1792 244 2055 311 ALARDl
2088 238 2345 313 GAZEI.

222 384 331 437 tem
348 375 421 434 ad
444 373 597 434 illam
624 372 814 433 attinet
837 371 1027 432 lsidorl
1056 370 1343 431 Pelusiotae
1362 372 1673 445 epistolam,
1695 382 1799 444 qua
1823 371 1877 437 Α
1902 374 2161 445 pagandae
2182 418 2197 445 ,
2230 382 2285 433 et
2317 373 2511 433 salutis
2554 375 2857 435 animarum
2887 356 3278 451 procuranda,
3310 378 3490 439 studio

224 471 544 531 Cassianum
572 471 640 529 de
668 468 927 527 frenanda
955 468 1153 543 linguae
1179 468 1401 527 licentia
1442 470 1587 526 serio
1613 468 1804 525 admo-

223 566 378 634 nuit,
429 580 551 622 eam
595 563 809 636 quidem
859 561 927 619 ad
975 561 1293 620 Cassianum
1330 566 1575 620 nostrum
1616 576 1805 620 mona-

226 660 392 717 chum
421 659 671 731 scriptam
701 672 823 714 esse
853 669 975 714 cum
994 656 1228 713 Baronio
1252 657 1425 713 sentio
1458 670 1472 710 :
1502 656 1804 727 praesertim

222 768 344 809 cum
398 760 603 809 constet
645 749 911 807 Cassiano
940 758 1273 808 cetetaneum
1296 796 1311 821 ,
1343 759 1398 807 et
1424 748 1664 820 ejusdem
1691 763 1804 806 ma-

176 826 182 835 ’
220 843 369 915 gistri
396 843 771 915 Cbrysostomi
795 839 1119 915 discipulum
1142 840 1312 899 fuisse
1332 843 1482 899 illum
1501 841 1799 899 lsldorum:

222 953 327 994 non
354 947 534 995 tamen
562 950 629 994 eo
658 946 905 1010 tempore
930 945 986 995 et
1019 946 1180 996 astate
1200 978 1217 1007 ,
1242 953 1347 1010 qua
1370 938 1485 995 vult
1510 937 1801 1005 Barunius;

221 1043 275 1088 at
319 1034 485 1089 multo
527 1039 685 1103 ante,
738 1046 862 1089 cum
902 1030 1315 1104 adhucjuvenls
1339 1032 1396 1088 in
1426 1030 1674 1089 etenobio
1712 1030 1803 1087 illo

220 1123 623 1182 Bethleemitico
653 1132 861 1197 ageret.
915 1123 1086 1181 Nimis
1115 1124 1259 1182 enim
1289 1122 1606 1180 indecorum
1638 1130 1694 1180 et
1722 1122 1804 1179 ln-

219 1234 513 1292 congruum
551 1218 742 1278 fuisset
778 1220 1095 1278 Cassianum
1120 1220 1232 1292 jam
1263 1229 1421 1276 astate
1450 1226 1799 1290 provectum,

217 1322 270 1371 et
315 1324 426 1370 tam
478 1314 690 1384 oflicio,
731 1315 873 1387 quod
923 1313 1024 1371 sub
1070 1314 1462 1387 Chrysostomo
1512 1320 1802 1384 gesserat,

217 1422 376 1477 quam
405 1405 542 1463 adeo
571 1406 868 1463 honoriﬁca
895 1407 1163 1480 legatione
1200 1407 1268 1463 ad
1316 1420 1589 1462 summum
1629 1406 1807 1475 ponti-

216 1498 369 1555 licem
400 1501 601 1572 habita,
630 1499 837 1557 clarum
871 1508 926 1557 et
954 1499 1242 1568 illustrem,
1272 1500 1437 1555 immo
1458 1506 1515 1556 et
1543 1498 1804 1569 religione

217 1592 590 1662 conspicuum,
619 1592 845 1661 silentii,
867 1601 924 1650 et
953 1592 1269 1649 coercendae
1292 1591 1507 1663 linguae,
1537 1593 1605 1647 ad
1634 1590 1805 1646 instar

216 1701 506 1757 puerorum
531 1728 548 1754 ,
601 1686 905 1742 admoueri.
949 1685 1105 1754 Quod
1135 1700 1200 1743 ex
1226 1684 1342 1757 ipso
1371 1685 1529 1742 etiam
1557 1684 1801 1756 epistolae

1906 462 2283 525 vehementius
2304 468 2689 540 inardesceret,
2707 472 3013 543 multosque
3028 470 3310 544 utriusque
3326 486 3488 529 sexus

1903 557 2240 617 Christianos
2283 562 2350 618 iis
2388 562 2445 618 in
2491 562 2623 619 locis
2651 563 2715 619 ad
2750 565 3087 636 Evangelicae
3137 566 3485 637 perfectionis

1904 654 2153 711 semitam
2186 655 2537 713 insistendum
2575 665 2685 711 tum
2714 659 2910 727 verbo,
2946 668 3058 714 tum
3106 660 3360 729 exemplo
3388 658 3483 714 ad<

1905 747 2156 805 duxisset
2186 767 2202 806 :
2242 751 2380 820 apud
2411 747 2701 806 Massiliam
2732 751 2838 807 duo
2867 752 3213 821 monasteria,
3246 757 3482 807 virorum

1904 858 2095 913 unum,
2130 843 2360 900 alterum
2389 845 2676 901 mulierum
2708 840 3007 903 condidisse
3026 890 3043 914 ,
3072 847 3250 918 ibique
3277 847 3483 918 regula-

1902 934 1981 994 ris
2008 951 2072 994 ac
2102 940 2415 995 monasticae
2455 938 2758 1009 disciplina:
2814 939 3146 996 stabiliendae
3168 985 3181 1010 ,
3214 948 3267 997 et
3293 940 3360 996 ad
3388 950 3484 1012 po-

1905 1028 2526 1088 sterostransmittendas
2560 1026 2844 1102 praeclara,
2868 1039 2923 1089 et
2947 1032 3119 1089 solida
3146 1034 3341 1103 iecisse
3369 1035 3487 1090 fun-

1906 1121 2156 1180 damento
2178 1168 2194 1196 ,
2227 1122 2389 1179 iidem
2417 1122 2494 1180 illi
2525 1134 2779 1181 auctores
2825 1135 2968 1183 sunt.
3002 1122 3156 1182 Unde
3193 1136 3247 1182 et
3289 1142 3482 1185 nomen

1906 1214 2118 1271 abbatis
2170 1228 2234 1272 ae
2280 1216 2673 1275 coenobiarcbae
2712 1219 2969 1290 deinceps
3012 1218 3089 1274 illi
3119 1219 3311 1274 merito
3348 1220 3484 1276 indi«

1908 1312 2027 1362 tum
2058 1308 2223 1365 fuerit
2272 1310 2425 1365 :nisi
2468 1312 2588 1382 quis
2634 1313 2702 1368 ad
2748 1312 2983 1383 priscum
3030 1329 3238 1369 morem
3287 1313 3487 1372 referre

1910 1397 2086 1467 malit,
2118 1414 2226 1471 quo
2250 1400 2397 1456 soliti
2423 1402 2760 1461 anachoretae
2784 1404 3049 1471 seniores,
3078 1415 3169 1460 aut
3190 1405 3487 1462 sanctiores

1908 1501 2039 1546 voce
2062 1487 2201 1560 Syra
2232 1490 2404 1561 abba,
2436 1493 2523 1550 vel
2543 1487 2730 1550 Latina
2761 1506 2937 1570 patres
2967 1496 3271 1566 promiscue
3300 1496 3486 1567 appcl«

1906 1583 2005 1639 lari
2037 1586 2351 1655 :quomodo
2373 1595 2428 1642 et
2447 1585 2743 1644 Cassianus
2772 1605 2925 1646 suum
2958 1588 3285 1647 Germanum
3326 1590 3489 1647 abba-

1906 1680 2015 1732 tem
2047 1678 2247 1747 passim
2286 1681 2549 1736 nominat.
2582 1680 2767 1751 Neque
2791 1697 2918 1738 vero
2941 1683 3375 1754 praetereundum
3404 1683 3489 1741 his

216 1756 473 1834 contextu
515 1777 697 1850 quivis
745 1778 906 1837 facile
944 1756 1545 1850 judicabiIICzeterum
1587 1793 1693 1851 qua
1732 1793 1798 1835 ex
1830 1756 1880 1819 Β
1905 1770 2067 1828 aftine
2096 1782 2151 1829 et
2188 1770 2557 1843 coniunctum,
2587 1791 2690 1832 nec
2718 1777 2897 1833 minus
2928 1777 3279 1833 honorarium
3310 1777 3490 1832 damni

218 1888 365 1928 causa
422 1871 507 1929 vel
550 1872 838 1930 occasione
867 1871 1155 1929 Cassianus
1183 1888 1250 1932 ex
1288 1868 1527 1946 Egypto
1566 1873 1651 1929 vel
1698 1869 1801 1931 Pa-

218 1964 419 2022 laestina
451 1965 667 2021 tandem
700 1961 754 2019 in
786 1963 991 2021 Gallias
1022 1966 1401 2035 transmearit,
1430 1972 1485 2021 et
1506 1963 1798 2023 Massiliam

216 2057 402 2113 GallEae
454 2055 828 2113 Narbonensis
891 2057 1080 2114 nobile
1133 2058 1436 2129 emporium
1490 2058 1799 2132 appulerit,

216 2150 312 2205 etsi
340 2166 370 2205 a
399 2149 619 2206 nemine
649 2149 918 2220 proditum
945 2150 1110 2207 sciam
1136 2190 1155 2219 ,
1181 2150 1372 2222 Opinor
1400 2158 1579 2208 tamen
1600 2149 1655 2208 id
1686 2152 1803 2224 ejus

219 2240 477 2312 temporis
524 2240 855 2311 calamitati,
914 2248 969 2298 et
1021 2238 1403 2298 haereticorum
1472 2241 1803 2315 improbitati

219 2334 618 2391 ascribcndum.
663 2333 820 2391 Anno
870 2332 1139 2409 siquidem
1185 2332 1579 2392 incarnationis
1623 2335 1807 2393 Domi-

222 2431 348 2485 nica:
366 2428 475 2486 H6
498 2430 723 2502 contigit
746 2430 1136 2485 monasterium
1155 2426 1284 2486 illud
1307 2424 1802 2499 Bethleemiticum,

221 2519 267 2575 in
308 2536 421 2591 quo
470 2518 762 2577 Cassianus
806 2521 1161 2577 monasticam
1195 2521 1352 2577 vitam
1386 2520 1663 2593 professus
1690 2521 1806 2581 fue-

224 2623 318 2679 rat,
352 2629 383 2667 a
412 2611 714 2684 Pelagianis
743 2612 947 2681 invadi,
976 2612 1162 2684 diripi,
1194 2628 1258 2669 ac
1289 2613 1683 2685 propemodum
1711 2615 1805 2671 de—

221 2706 452 2773 Yastat‘i,
480 2706 807 2764 connivente
855 2703 1063 2765 Joanne
1114 2705 1374 2782 episcopo
1413 2708 1805 2780 Hierosolymi-

224 2806 378 2865 lano,
432 2798 487 2854 in
534 2800 751 2866 odium,
783 2809 841 2855 ut
868 2799 1129 2869 creditur,
1164 2799 1230 2857 D.
1272 2802 1586 2876 Hieronymi
1632 2804 1807 2861 adhuc

223 2890 564 2960 superstitis,
597 2899 655 2946 ut
697 2890 865 2948 refert
892 2889 1160 2949 Baronius
1190 2891 1247 2948 in
1277 2892 1473 2949 Annal.
1507 2891 1620 2965 Qua
1654 2894 1723 2951 de
1750 2912 1810 2953 re

226 2990 441 3037 exstant
481 2982 681 3040 litterae
726 2980 1011 3041 lnnocent.
1041 2999 1195 3057 papas
1225 2984 1294 3041 ad
1341 2986 1588 3043 eumdem
1622 2986 1811 3044 Hiero—

1904 1864 2258 1935 vocabulum,
2287 1863 2429 1938 quod
2476 1867 2718 1939 epistolae
2746 1867 2986 1925 Castoris
3030 1868 3250 1940 praefert
3296 1870 3490 1926 inscri-

1905 1960 2015 2031 ptio
2044 1975 2059 2017 :
2093 1959 2174 2016 Ad
2210 1978 2423 2018 nonut)!
2459 1958 2760 2019 Cassianum
2803 1962 3036 2019 abbatem
3082 1962 3483 2022 Massiliensem.

1905 2050 2060 2111 lianc
2088 2055 2231 2112 enim
2284 2071 2471 2112 vocem
2522 2054 2625 2113 etsi
2672 2055 2851 2114 minus
2907 2058 3186 2127 Latinam,
3236 2068 3412 2115 tamen
3457 2074 3488 2115 a

1905 2146 2089 2204 multis
2118 2148 2335 2206 saeculis
2366 2149 2419 2206 in
2448 2146 2692 2206 Ecclesia
2727 2150 2999 2221 usitatam,
3032 2148 3383 2224 eamdemque
3412 2155 3491 2209 vi-

1904 2237 1981 2297 ris
2010 2236 2351 2310 clarissimis,
2382 2257 2447 2299 ac
2473 2242 2702 2299 subinde
2720 2245 2885 2300 etiam
2915 2247 3140 2311 sanctis,
3173 2246 3334 2303 tribui
3362 2247 3465 2303 soli

1906 2339 2045 2395 tam,
2100 2344 2297 2403 praeter
2346 2331 2504 2391 istius
2550 2335 2795 2407 epistolae
2846 2337 3244 2397 testimonium;
3297 2348 3492 2410 praeter

1907 2423 2316 2493 antiquissimas
2358 2424 2543 2482 itidem
2590 2426 2847 2485 Ecclesia:
2874 2424 3147 2498 Litanias,
3177 2445 3295 2501 qua:
3340 2446 3489 2486 sum-

1907 2530 2054 2572 mum
2109 2518 2417 2589 pontificem
2478 2518 2723 2576 damnum
2770 2520 3132 2593 apostolicum
3188 2522 3490 2594 appellant,

1862 2620 1865 2623 λ
1908 2608 2073 2664 multa
2116 2619 2410 2681 suppetunt
2456 2610 2561 2667 alia
2609 2623 2851 2670 veterum
2898 2613 3122 2671 Patrum
3159 2615 3488 2671 testimonia.

3396 216 3507 320 Au-

1909 2699 2150 2757 Prituum
2179 2701 2371 2759 Evodii
2399 2704 2637 2775 episcopi
2666 2706 2947 2763 Uzalensis
2978 2708 3031 2762 in
3061 2707 3215 2764 libris
3244 2707 3312 2765 de
3334 2707 3491 2763 tnira-
3556 2754 3571 2759 ,

1908 2795 2046 2852 eulis
2079 2792 2135 2851 S.
2165 2796 2429 2868 Stephani
2459 2799 2599 2869 apud
2631 2800 2695 2855 D.
2730 2803 3126 2873 Augustinum,
3156 2801 3245 2858 ubi
3273 2799 3331 2859 S.
3364 2798 3490 2857 Pro-

1910 2893 2261 2961 tomartyrem
2305 2892 2504 2962 saepius
2549 2892 2793 2951 domuum
2846 2891 3181 2967 Stephanum
3236 2904 3395 2952 vocat
3443 2904 3497 2953 et

1911 2981 2157 3036 damnum
2198 2996 2375 3038 meum
2401 2982 2755 3052 Uzalensem,
2793 2986 3103 3057 primarium
3133 2989 3249 3062 ejus
3280 2988 3383 3045 loci
3413 2989 3495 3044 vi-

222 3090 467 3149 nymum.
501 3072 732 3146 Quarum
780 3078 1068 3134 occasione
1100 3077 1375 3134 turbarum
1402 3094 1662 3151 perquam
1692 3096 1812 3137 ere.
1837 3134 1884 3159 Α
1911 3088 2034 3129 rum
2065 3073 2396 3144 intelligens.
2428 3072 2673 3131 Alterum
2709 3078 2768 3131 D.
2816 3074 3088 3137 Benedicti
3137 3098 3187 3137 c.
3227 3081 3296 3139 63
3321 3084 3496 3159 Regu-

223 3134 389 3222 diliile
418 3134 627 3225 vidgtur
661 3166 983 3227 Cassianum
1025 3186 1092 3225 ex
1142 3172 1302 3243 longa
1349 3134 1806 3244 illapleregriiiav-
1836 3134 1884 3199 C
1914 3163 2013 3234 lae,
2046 3164 2135 3221 ubi
2180 3134 2272 3221 dev
2294 3167 2503 3224 abbatis
2543 3166 2906 3240 appellatione
2940 3134 3255 3231 litanstatuii
3269 3134 3296 3231 -ε
3321 3134 3497 3234 λῖὶὲδ

224 3258 369 3314 tione
405 3276 683 3318 reversum
703 3307 716 3330 ,
770 3276 892 3317 cum
926 3261 1036 3317 illic
1065 3271 1180 3318 tuto
1208 3279 1270 3320 ac
1300 3263 1481 3337 quiete
1511 3266 1808 3321 consistere

224 3368 328 3406 non
356 3352 567 3421 liceret,
600 3351 908 3409 Gallicanas
931 3364 1115 3425 partes
1136 3354 1453 3426 appetiisse,
1480 3370 1543 3433 ac
1565 3356 1803 3424 demum,

225 3442 333 3501 Deo
354 3445 703 3517 disponente,
732 3446 873 3517 apud
899 3442 1190 3503 Massiliam
1215 3449 1431 3518 pietatis
1447 3464 1509 3503 ac
1534 3449 1810 3520 religionis

226 3537 408 3594 sedem
447 3548 511 3595 ac
561 3538 897 3597 domicilium
939 3540 1192 3614 elegisse.
1255 3542 1432 3613 Atque
1480 3538 1602 3597 hinc
1649 3542 1810 3597 obor-

228 3638 326 3686 tam
355 3632 607 3705 snspicor
632 3633 988 3704 quorumdam
1017 3634 1351 3707 opinionem,
1375 3636 1467 3707 qui
1494 3633 1809 3691 Cassianum

226 3726 289 3780 ab
312 3727 803 3800 llierosolymitana
825 3727 1062 3785 Ecclesia
1095 3728 1162 3784 ab
1192 3726 1464 3785 haereticis
1491 3729 1723 3801 ejectum
1756 3731 1810 3785 in

225 3815 519 3876 Massiliam
553 3822 837 3877 transiisse
880 3823 1243 3891 scripserunt.
1270 3824 1423 3889 Quod
1475 3825 1621 3879 enim
1671 3823 1811 3893 apud

224 3907 516 3967 Massiliam
540 3912 828 3981 resederit,
864 3913 1045 3985 ibique
1068 3914 1238 3970 multo
1263 3914 1516 3985 deinceps
1544 3922 1809 3984 tempore,

225 4011 275 4058 et
303 4004 370 4058 ad
407 4003 569 4060 finem
613 4003 737 4059 vita:
780 4005 1087 4060 demoratus
1113 4006 1274 4061 fuerit
1295 4047 1310 4073 ,
1342 4021 1449 4061 non
1480 4006 1639 4061 modo
1669 4005 1814 4061 Gen—

226 4097 365 4153 nadii
420 4114 483 4153 ac
519 4097 807 4155 Trithemii
847 4099 1038 4172 elogiis
1102 4100 1387 4157 manifeste
1434 4102 1745 4157 declaratur
1794 4119 1808 4156 :

225 4189 317 4244 sed
344 4200 399 4247 et
430 4189 603 4262 ipsius
628 4188 901 4261 Cassiani,
948 4207 1047 4248 nec
1091 4209 1201 4248 nou
1235 4193 1294 4248 ι).
1327 4193 1584 4265 Prosperi
1619 4194 1810 4251 testifi-

227 4283 441 4340 catione
486 4291 640 4340 certo
686 4286 887 4339 certius
926 4282 1338 4356 comprobatur.
1371 4285 1505 4342 Nam
1552 4288 1666 4357 ipse
1696 4287 1814 4358 qui-

227 4374 346 4432 dem
379 4386 493 4432 tum
526 4379 578 4432 in
619 4378 1056 4449 praefationibus,
1094 4390 1204 4435 tum
1235 4381 1356 4437 aliis
1405 4382 1459 4436 in
1505 4382 1639 4437 locis
1668 4382 1811 4439 haud

227 4472 460 4530 obscure
488 4473 693 4530 indicat
713 4490 771 4530 se
795 4474 906 4545 jam
940 4476 993 4530 in
1038 4475 1279 4531 occiduis
1322 4476 1616 4532 Galliarum
1645 4476 1821 4547 parti-

230 4562 351 4635 bus,
384 4576 440 4620 et
461 4566 753 4623 Gallicanis
783 4567 1079 4636 provinciis
1106 4576 1353 4638 agentem
1380 4577 1482 4624 tam
1511 4567 1813 4624 institutio-

232 4673 351 4723 nes,
374 4676 531 4729 quam
552 4660 885 4717 Collationes
905 4660 1121 4733 scriptis
1142 4662 1451 4731 mandasse,
1470 4678 1673 4733 easque
1696 4663 1816 4732 plu-

230 4751 383 4808 ribus
414 4754 675 4827 episcopis
713 4755 1009 4813 Gallicanis
1048 4756 1154 4811 sibi
1181 4757 1324 4813 notis
1361 4772 1426 4811 ac
1471 4757 1820 4814 familiaribus

226 4845 531 4903 dedicasse.
562 4847 792 4919 Prosper
833 4861 968 4904 vero
1010 4848 1189 4919 ipsum
1233 4848 1484 4906 Massiliae
1525 4850 1820 4920 insignem,

224 4950 277 4995 et
304 4939 598 4999 facundum
630 4944 955 5014 scriptorem
981 4941 1223 4999 habitum
1264 4942 1431 5001 fuisse
1461 4952 1713 5002 teStatur.

296 5033 477 5102 Quem
522 5051 647 5093 cum
677 5035 806 5091 alibi
851 5034 1057 5094 indicet
1085 5037 1436 5094 sacerdotalis
1469 5036 1638 5095 fuisse
1666 5037 1818 5095 ordi-

226 5123 344 5191 nis,
391 5126 524 5182 dum
552 5124 943 5183 Collationibus
971 5126 1343 5187 describendis
1371 5144 1593 5200 operam
1622 5129 1776 5187 daret
1796 5170 1813 5199 ,

227 5229 659 5274 consentaneum
702 5226 786 5274 est
810 5219 922 5289 jam
964 5228 1123 5277 antea
1181 5218 1397 5291 pietatis
1443 5236 1508 5278 ac
1557 5222 1819 5279 doctrinas

228 5309 452 5375 intuitu,
475 5309 762 5367 sacerdotii
784 5310 995 5377 ordine,
1023 5308 1476 5383 quemadmodum
1510 5312 1820 5370 Gennadius

226 5412 281 5458 et
304 5401 646 5458 Tritltemius
689 5400 871 5457 itidem
904 5403 1223 5474 prodidere,
1252 5404 1371 5460 sive
1400 5421 1431 5461 a
1458 5402 1780 5462 Massiliensi
1801 5447 1818 5473 ,

226 5494 337 5551 sive
377 5496 453 5551 ab
486 5494 665 5566 aliquo
689 5494 797 5550 alio
827 5492 1119 5553 Galliarum
1162 5498 1417 5569 episcOpo
1445 5497 1614 5555 fuisse
1640 5498 1822 5557 initia-

1912 3256 2068 3333 (quia
2105 3261 2236 3315 vices
2276 3259 2468 3317 Christi
2519 3275 2669 3336 agere
2720 3263 2976 3339 creditur)
3018 3284 3227 3325 nonus
3259 3278 3306 3324 et
3334 3288 3497 3328 ABBAS

1909 3367 2149 3423 vocetur,
2189 3374 2291 3413 non
2331 3374 2427 3413 sua
2475 3361 2856 3432 assumptione,
2886 3359 2977 3416 sed
3002 3358 3197 3420 honore
3241 3372 3287 3419 et
3326 3381 3502 3421 amore

1911 3446 2124 3504 Christi.
2172 3446 2415 3506 Tertium
2472 3452 2718 3525 Gregorii
2768 3450 3134 3524 Turonensis,
3182 3459 3272 3527 qui
3320 3458 3415 3513 lib.
3467 3476 3499 3514 ι

1912 3556 2034 3612 cap.
2068 3542 2165 3597 ult.
2194 3542 2261 3598 de
2292 3544 2350 3601 S.
2385 3543 2616 3601 Martino
2644 3546 2867 3617 loquens
2901 3565 2915 3603 :
2951 3548 3183 3603 Domnus
3214 3546 3499 3618 Martinus,

1913 3632 2107 3705 inquit.
2140 3636 2403 3705 Quartum
2454 3638 2687 3710 denique
2736 3637 2981 3711 Gregorii
3014 3642 3225 3711 Magni,
3270 3645 3358 3712 qui
3406 3644 3502 3697 ali-

1914 3728 2127 3797 quoties
2160 3729 2210 3781 iu
2243 3731 2358 3784 suis
2385 3731 2631 3797 epistolis
2665 3730 2959 3785 honoratos
3010 3731 3152 3784 viros
3176 3772 3191 3796 ,
3235 3740 3290 3785 et
3340 3731 3501 3787 femi-

1916 3834 2044 3886 nas,
2077 3819 2328 3885 domuos,
2361 3829 2417 3875 ct
2460 3823 2658 3873 donnus
2687 3828 2858 3872 vocat.
2898 3818 3044 3875 Unde
3072 3832 3296 3892 apparet
3320 3834 3503 3882 vetere

1917 3928 2016 3966 usu
2048 3911 2304 3983 loquendi
2353 3927 2540 3967 vocem
2593 3910 2878 3967 Dominum
2919 3914 3078 3971 tribui
3124 3916 3339 3974 solitam
3388 3917 3502 3978 Deo

1917 4012 2146 4073 tantum,
2181 4013 2238 4059 ut
2270 4005 2538 4076 propriam
2566 4024 2578 4060 :
2611 4006 2857 4061 damnum
2884 4022 3047 4075 vero,
3076 4020 3133 4063 ut
3158 4026 3499 4069 communem

1914 4097 2139 4163 sanctis,
2175 4097 2257 4153 vel
2290 4096 2607 4154 clarissimis
2638 4098 2789 4163 viris,
2824 4117 2931 4157 non
2960 4100 3236 4174 episc0pis
3270 4114 3500 4173 tantum,

1915 4190 2010 4244 sed
2060 4188 2181 4244 aliis
2221 4189 2492 4245 inferioris
2537 4192 2781 4247 ordinis:
2813 4194 3094 4265 speciatim
3127 4205 3304 4252 tamen
3336 4197 3503 4254 abba-

1916 4282 2076 4338 tibus.
2116 4281 2192 4339 lta
2233 4284 2379 4339 enim
2431 4283 2753 4341 Christianas
2783 4288 3062 4343 modestiae
3083 4305 3145 4344 ac
3170 4289 3504 4360 simplicitati

1916 4392 2214 4448 congruere
2248 4376 2361 4447 jam
2404 4378 2533 4433 olim
2564 4378 2738 4433 visum
2782 4390 2896 4445 est,
2947 4391 3002 4436 ut
3046 4382 3115 4436 ob
3148 4384 3506 4443 reverentiam

1919 4472 2112 4527 divinae
2164 4472 2500 4541 majestatis,
2551 4489 2672 4527 cum
2721 4471 2788 4525 de
2836 4470 2947 4528 Deo
2991 4475 3190 4543 passim
3243 4475 3501 4531 dicatur:

1920 4563 2050 4619 Hac
2082 4564 2206 4619 dicit
2236 4563 2491 4618 Dominus
2512 4605 2525 4631 ,
2562 4574 2615 4619 et
2646 4564 2840 4619 similia
2870 4582 2883 4619 :
2918 4564 3090 4620 solum
3116 4566 3282 4621 Deum
3322 4566 3507 4623 Domi-

1922 4673 2093 4723 num;
2132 4656 2382 4713 homines
2431 4672 2560 4712 vero
2605 4654 2897 4714 honoratos
2949 4656 3202 4716 libentius
3247 4663 3499 4731 damnas,

1921 4765 2055 4808 voce
2079 4750 2356 4807 deminuta
2381 4751 2633 4823 (domnus
2654 4751 2797 4805 enim
2825 4767 2942 4821 pro,
2966 4752 3225 4823 dominus,
3256 4770 3351 4826 per
3378 4772 3509 4830 syn-

1924 4861 2113 4918 copem
2158 4845 2435 4917 dicitur),
2489 4861 2648 4916 quam
2699 4844 2935 4900 dominos
2984 4857 3236 4905 vocarent
3288 4869 3301 4903 :
3349 4859 3510 4921 prout

1926 4948 2153 4997 testatur
2173 4937 2473 4997 versiculus
2500 4937 2591 4994 ille
2610 4937 2905 5008 majoribus
2928 4940 3127 4998 nostris
3148 4943 3460 5001 notissimus
3490 4960 3507 5001 :

2018 5083 2293 5135 t‘mlestem
2316 5080 2596 5145 Dominum,
2620 5083 2877 5135 mortalem
2898 5084 3048 5139 dicito
3063 5086 3305 5140 Domuum
3332 5100 3347 5140 :

1925 5212 2182 5285 Superest
2220 5222 2525 5284 postremus
2574 5213 2876 5270 sanctitatis
2926 5215 3148 5285 titulus,
3194 5232 3303 5290 quo
3340 5215 3502 5271 etiam

1927 5315 2111 5361 noster
2139 5303 2425 5361 Cassianus
2472 5319 2581 5360 non
2609 5306 2798 5372 unius,
2850 5306 2945 5361 sed
2988 5308 3279 5361 multorum
3319 5306 3508 5377 elogiis

1926 5407 2239 5455 exornatur.
2272 5397 2403 5453 Nam
2429 5408 2485 5452 et
2513 5399 2705 5454 Petrus
2729 5399 3007 5470 Equilinus
3038 5412 3163 5451 ettm
3190 5396 3241 5452 in
3265 5398 3512 5469 catalogo

1926 5500 2241 5548 sanctorum
2285 5490 2602 5546 nominatim
2633 5502 2916 5555 recenset,
2947 5498 2999 5543 et
3024 5499 3266 5543 sanctum
3298 5490 3512 5544 Cassia-

228 5598 377 5656 tum,
430 5598 493 5645 et
544 5598 943 5647 consecratum.
986 5589 1141 5649 Unde
1186 5600 1241 5649 et
1288 5591 1537 5649 Gelasius
1582 5591 1825 5663 pontifex
1927 5600 2056 5641 num
2088 5584 2461 5656 ρτεεδῖῑθΐιιω
2492 5593 2548 5638 ει
2582 5581 2950 5639 confessorem
2980 5578 3248 5651 indigna"
3300 5578 3487 5635 Gem”

234 5679 559 5739 Cassianum
590 5681 967 5757 presbyterum
1007 5684 1301 5742 Galliarum
1348 5695 1643 5753 nuncupat.
1692 5682 1823 5741 lude

238 5784 367 5831 vero
406 5788 543 5831 cum
576 5773 787 5846 majore
815 5775 871 5833 in
895 5775 1011 5835 dies
1040 5777 1255 5848 pietatis
1287 5791 1349 5835 ac
1393 5778 1672 5850 religionis
1700 5792 1818 5849 pro-

1926 5677 2048 5734 dius
2074 5676 2320 5733 eumdem
2347 5675 2649 5733 sanctitatis
2688 5674 2845 5730 titulo
2873 5682 3032 5729 ornat
3075 5672 3128 5729 in
3176 5673 3258 5725 his
3284 5670 3464 5727 verbis
3498 5690 3512 5726 .

1928 5773 2036 5832 Sed
2064 5782 2111 5828 ct
2142 5772 2203 5827 S.
2247 5769 2484 5828 Cassiani
2509 5768 2763 5835 opuscula
2798 5769 3039 5840 quam
3075 5768 3183 5827 ιαιο
3215 5772 3359 5817 tensa
3407 5779 3511 5821 τεν.

3529 5076 3576 5155 ἕξ
