4036 6218
518 234 622 293 3⁸
1401 234 1496 291 ΑΙ)
1532 234 1761 291 OPEBA
1797 232 2076 290 JOANNIS
2112 231 2421 292 CASSIANI
2454 231 2986 292 PBOLEGOMENA.
3742 248 3815 307 ω

550 365 721 419 mone,
751 348 895 405 idem
921 348 1209 408 Eucherius
1229 362 1450 426 augusto
1478 354 1617 409 uerbi
1644 356 1902 409 resofttens
1928 356 2130 411 tramite
2158 362 2205 421 Α
2230 363 2704 412 commendaturos
2737 355 2935 420 fuisse;
2981 354 3086 412 nisi
3110 368 3202 411 eas
3250 354 3533 423 expunctis
3556 395 3573 422 ,
3625 356 3817 419 saltem

554 443 607 497 iri
636 458 797 497 unum
820 444 984 515 coegit
1008 444 1265 501 volumen.
1296 445 1622 502 Trithemins
1646 450 1807 503 etiam
1836 448 1977 519 apud
2002 447 2135 504 Mas-

552 534 728 589 siliam
756 534 1213 594 defunctumnon
1235 539 1352 594 sine
1377 538 1633 608 opinione
1661 539 1964 597 sanctitatis
1991 540 2137 596 affir-

552 636 685 682 mat.
716 627 852 695 Quid
882 644 1009 684 vero
1038 630 1327 703 Dionysius
1356 630 1631 687 Bichelius
1651 630 2037 689 Cartliusianus
2066 634 2135 689 de

549 715 809 772 Cassiano
835 718 1057 790 ejusque
1101 724 1389 778 sanctitate
1426 724 1687 793 senserit,
1720 724 1772 778 in
1802 724 2134 795 praefationi-

554 806 654 862 bus
695 822 808 862 suae
855 810 1200 879 paraphrasis
1250 814 1427 881 palam
1481 815 1751 883 ostendit,
1805 816 1934 871 dum
1984 816 2133 871 illum

551 898 780 954 subinde
811 900 1198 966 venerabilem,
1234 902 1677 973 devotissimum,
1709 916 1762 961 et
1788 915 1988 962 aeterna
2021 921 2136 962 me-

552 990 722 1045 moria
753 990 969 1061 dignum
1015 991 1231 1048 Patrem
1270 1011 1284 1048 :
1313 995 1545 1051 subinde
1585 997 2043 1065 illustrissimum,
2071 1011 2136 1052 ac

554 1085 878 1152 praecipuum
902 1086 1146 1143 omnium
1174 1088 1553 1160 religiosorum
1577 1090 1855 1148 doctorem
1876 1093 2135 1164 appellat?

550 1175 655 1232 Sed
687 1176 811 1244 quid
852 1176 949 1231 illo
994 1177 1239 1235 Castoris
1270 1183 1528 1251 Aptensis
1577 1183 1816 1254 episcopi
1845 1185 1957 1257 (qui
1999 1185 2138 1241 scri-

548 1265 842 1322 bendarum
868 1268 1273 1325 institutionum
1302 1271 1562 1329 Cassiano
1581 1288 1769 1331 auct0r
1786 1274 1929 1347 fuit),
1960 1277 2135 1348 elogio

545 1358 882 1428 splendidius
927 1373 980 1417 et
1025 1363 1325 1433 illustrius,
1359 1367 1487 1422 dum
1515 1366 1831 1425 Cassianum
1859 1370 2132 1439 domuum,

542 1455 833 1508 sanctitatis
870 1456 1086 1520 speciali
1113 1460 1281 1530 gloria
1327 1461 1645 1527 decoratum,
1673 1472 1822 1534 atque
1851 1480 1941 1533 per
1965 1464 2137 1519 omnia

546 1548 930 1601 memorandum
953 1551 1183 1605 salutat?
1203 1552 1335 1619 Quis
1359 1554 1522 1623 igitur
1551 1564 1628 1608 ιοι
1660 1564 1877 1625 tamque
1917 1558 2138 1624 praecla-

545 1638 622 1693 ris
651 1638 879 1694 testibus
911 1640 1071 1695 lidetn
1098 1641 1362 1713 derogare
1392 1645 1620 1710 audeat,
1648 1655 1741 1699 aut
1767 1645 1908 1700 hunc
1936 1647 2135 1701 sancti-

548 1731 673 1784 tatis
718 1730 929 1786 titulum
970 1731 1231 1788 Cassiano
1275 1743 1463 1789 nostro
1510 1736 1825 1791 attributum
1868 1736 2129 1805 invideat,

546 1830 639 1875 aut
664 1823 1000 1879 sub~anuet?
1028 1825 1190 1880 Miror
1220 1841 1351 1880 sane
1388 1826 1486 1882 Do.
1516 1826 1844 1898 Cuychium,
1884 1827 2014 1883 dum
2045 1829 2129 1884 lit-

548 1924 719 1968 teram
756 1915 817 1970 D.
853 1926 1049 1985 puncto
1084 1917 1390 1987 suhjnncto,
1437 1917 1633 1975 Joanni
1678 1920 1955 1983 Cassiano,
1984 1923 2131 1975 velut

550 2004 792 2076 honoris,
826 2017 919 2063 aut
944 2012 1291 2076 praenominis
1315 2022 1494 2066 notam
1528 2014 1581 2066 in
1604 2014 1750 2067 omni
1784 2014 2131 2081 inscriptione

548 2102 900 2171 pmmiserit,
939 2099 1127 2157 Divum
1166 2119 1253 2166 ne,
1287 2120 1354 2159 an
1396 2103 1681 2173 Domuum,
1709 2116 1804 2160 aut
1853 2104 2131 2160 Dominum

547 2194 853 2264 significare
876 2195 1069 2262 vellet,
1112 2198 1335 2254 minime
1366 2199 1723 2267 expressisse,
1757 2198 1858 2254 nisi
1888 2200 2009 2269 quia
2037 2201 2131 2254 tri-

549 2297 661 2343 tum
701 2297 756 2345 et
798 2290 1018 2360 vulgare
1064 2306 1187 2346 esse
1233 2303 1442 2357 nosset,
1493 2290 1678 2345 Diuum
1721 2307 1785 2347 ea
1837 2301 1959 2346 nota
1993 2294 2130 2347 inter

545 2380 884 2437 Christianos
919 2383 1218 2453 scriptores
1262 2385 1466 2454 absque
1504 2384 1849 2455 ambiguitate
1892 2385 2125 2457 signari:

546 2491 705 2545 quam
731 2486 932 2545 tanien,
959 2478 1103 2545 quod
1124 2478 1173 2532 in
1205 2478 2002 2548 vetustioribusexemplaribus
2024 2495 2129 2535 non

548 2569 878 2637 repererim.
942 2571 1194 2626 omittere
1239 2573 1405 2625 satius
1445 2570 1606 2637 duxi,
1655 2572 1802 2626 nulla
1855 2572 2128 2639 Auctoris,

544 2671 637 2716 aut
662 2662 901 2731 cujusvis
928 2662 1303 2734 derogatione.
1328 2663 1509 2734 Neque
1536 2678 1666 2719 vero
1690 2665 1804 2720 haec
1827 2679 1891 2719 eo
1912 2664 2092 2720 scribo
2110 2703 2127 2731 ,

544 2754 696 2823 quasi
744 2765 986 2809 nostrutn
1017 2756 1337 2811 Cassianum
1370 2757 1423 2809 in
1468 2755 1712 2811 divorum
1763 2770 1825 2811 ac
1851 2755 2129 2812 beatorum

543 2844 727 2900 album
762 2847 995 2909 referre,
1029 2857 1120 2901 aut
1149 2846 1218 2902 de
1258 2847 1375 2918 ejus
1403 2848 1687 2902 sanctitate
1718 2856 1866 2903 certo
1896 2862 2133 2917 pronun-

546 2939 679 2991 tiare
724 2937 949 2993 audeam
984 2954 999 2993 :
1033 2938 1126 2994 sed
1174 2938 1299 3008 quid
1349 2939 1451 2993 viri
1508 2955 1722 3009 graves,
1772 2947 1829 2995 et
1873 2938 2013 2996 docti
2063 2939 2131 2995 de

542 3028 734 3083 eodem
765 3030 1068 3094 senserint,
1116 3032 1168 3085 in
1191 3028 1430 3085 medium
1456 3028 1673 3099 aﬂ’erre,
1704 3044 1767 3085 ac
1796 3031 1981 3086 lecturi
2007 3046 2131 3102 pro-

2237 448 2521 518 praacipuis
2549 448 2827 503 erroribus
2870 458 3183 519 repurgatas
3223 463 3287 503 ac
3310 447 3557 504 detersas
3601 448 3818 508 habuis-

2232 548 2371 596 sent.
2406 542 2473 597 Et
2502 542 2704 612 primus
2733 540 2949 612 quidem
2978 541 3218 595 omnium
3244 540 3294 595 id
3320 541 3640 609 praestitisse
3668 542 3815 597 vide-

2233 644 2321 690 tur
2346 634 2405 692 S.
2434 634 2733 690 Eucherius
2763 634 3139 705 Lugdunensis
3163 641 3293 687 tunc
3320 632 3578 688 Ecclesia:
3601 633 3817 706 presby-

2234 738 2337 791 ter,
2367 728 2494 784 dum
2508 726 2749 782 Cassiani
2776 742 2941 797 opera
2966 726 3351 795 compendiose
3375 726 3671 797 colligens,
3700 743 3817 797 quae

2232 820 2384 875 utilia
2409 820 2757 885 viderentur,
2802 822 2853 874 in
2887 819 3173 885 Epitonten
3207 818 3412 888 redegit
3438 858 3456 884 ,
3488 828 3546 871 ut
3575 831 3818 886 superius

2232 926 2297 967 ex
2321 912 2603 968 Gennadio
2628 924 2710 967 est
2739 923 3079 967 annotatum.
3108 912 3260 980 Quod
3292 920 3473 967 autem
3506 911 3598 965 ille
3628 914 3678 964 in
3697 912 3821 968 Gal-

2234 1002 2343 1065 liis,
2374 1003 2607 1073 idipsutn
2641 1003 2830 1058 Victor
2878 1004 2930 1058 iti
2962 1003 3141 1058 Africa
3187 1003 3415 1057 adorsus
3452 1010 3571 1069 est,
3604 1001 3817 1058 Carisiu-

2234 1094 2368 1149 doro
2395 1096 2467 1149 ita
2494 1104 2733 1150 testante
2767 1113 2779 1148 :
2806 1093 3047 1149 Cassiani
3075 1095 3211 1148 dicta
3248 1092 3426 1148 Victor
3449 1091 3820 1165 Martyritanus

2234 1188 2504 1255 episcopus
2548 1187 2696 1258 Afer,
2740 1188 2810 1240 ita
2837 1185 3061 1240 Domino
3077 1187 3295 1260 juvante
3325 1187 3591 1257 purgavit;
3637 1197 3685 1240 et
3711 1204 3822 1257 qua:

2238 1280 2405 1333 minus
2432 1290 2597 1345 erant,
2620 1279 2861 1346 addidit;
2889 1289 2944 1333 ut
2971 1280 3022 1334 ei
3038 1272 3216 1332 rerum
3247 1280 3465 1331 istarum
3503 1277 3679 1348 palma
3722 1296 3824 1333 ute-

2236 1372 2338 1425 rita
2378 1374 2677 1439 conferatur
2700 1387 2717 1423 :
2743 1388 2891 1442 quem
2926 1372 3062 1425 inter
3103 1371 3234 1425 alios
3266 1371 3330 1424 de
3373 1373 3562 1439 Africa?
3592 1371 3823 1442 partibus

2236 1462 2382 1517 nobis
2416 1465 2523 1516 cito
2577 1463 2831 1517 credimus
2860 1479 2969 1517 esse
3005 1462 3353 1535 dirigendum.
3391 1464 3514 1517 Ha-c
3540 1462 3824 1519 Cassiodo-

2239 1568 2355 1609 rus.
2393 1554 2470 1609 Ac
2498 1554 2761 1610 Batonius
2792 1563 2981 1610 censet
3011 1555 3184 1625 ipsum
3227 1570 3324 1622 spe
3367 1555 3685 1609 frustratum
3717 1571 3822 1611 non

2238 1650 2510 1713 accepisse
2540 1646 2683 1716 quod
2706 1661 2773 1701 ex
2801 1647 2977 1701 AfriCa
2995 1647 3344 1713 exspectabat
3377 1664 3389 1698 :
3419 1646 3683 1712 siquidem
3710 1646 3823 1702 Ado

2164 1735 2211 1795 B
2242 1737 2563 1792 Viennensis
2587 1741 2871 1805 episcopus
2918 1740 2987 1794 ab
3018 1742 3135 1808 ipso
3179 1737 3504 1794 Cassiodoro
3557 1738 3609 1793 id
3644 1741 3822 1808 operis

2232 1829 2563 1885 elaboratum
2593 1828 2866 1892 affirmat,
2897 1829 3023 1883 dum
3052 1830 3120 1884 de
3149 1828 3406 1885 Cassiano
3448 1831 3675 1900 loquens
3699 1832 3774 1885 ait
3801 1848 3817 1884 :

2232 1918 2450 1975 Errores
2496 1922 2636 1975 illius
2669 1919 3010 1975 Cassiodorus
3045 1922 3402 1976 Raueiiiiatum
3444 1921 3667 1977 Senator
3694 1938 3821 1992 pur-

2231 2028 2356 2084 gare
2384 2013 2554 2067 volens
2579 2030 2676 2067 non
2702 2013 2772 2066 ad
2797 2014 3005 2076 plenum
3033 2014 3173 2066 omni
3218 2029 3281 2068 ea:
3327 2024 3470 2083 parte
3494 2017 3682 2084 potuit.
3715 2012 3819 2068 Po-

2232 2116 2438 2160 stretno
2468 2106 2697 2176 denique
2728 2106 2961 2176 idipsum
3007 2108 3349 2175 aliquatenus
3380 2110 3694 2176 praestitisse
3737 2108 3821 2163 vi-

2231 2197 2396 2253 detur
2420 2200 2705 2269 Dionysius
2720 2197 3112 2253 Carthusianns
3140 2200 3193 2252 in
3216 2215 3309 2253 sua
3336 2197 3669 2268 paraphrasi,
3694 2200 3823 2256 dum

2230 2291 2552 2362 quibusdam
2596 2292 2650 2347 in
2697 2292 2866 2358 locis,
2916 2293 3130 2347 omi~sis
3172 2293 3516 2363 opinionibus
3554 2294 3822 2361 errotieis,

2232 2397 2412 2437 veram
2430 2426 2444 2451 ,
2472 2383 2817 2453 catholicam,
2842 2395 2894 2440 et
2924 2383 3276 2439 orthodoxam
3303 2384 3604 2440 doctrinam
3625 2386 3823 2442 substi-

2239 2475 2339 2529 tuit
2386 2485 2440 2530 et
2480 2475 2807 2547 subrogavit.
2851 2476 3049 2545 Vides,
3084 2478 3271 2544 lector,
3302 2488 3561 2548 quantum
3612 2496 3643 2535 a
3692 2479 3823 2535 viris

2233 2566 2407 2623 doetis
2435 2568 2487 2623 in
2518 2568 2620 2624 hoc
2651 2585 2812 2637 opere
2835 2571 3049 2640 penitus
3071 2572 3450 2641 expurgaudo,
3491 2581 3548 2627 et
3578 2571 3642 2627 ad
3677 2572 3824 2627 utili-

2232 2667 2397 2715 tatem
2434 2661 2720 2730 legentium
2767 2665 2913 2717 omni
2956 2679 3023 2718 ex
3067 2676 3220 2733 parte
3269 2665 3501 2735 aptando
3548 2675 3603 2721 et
3653 2680 3825 2737 espo-

2231 2754 2415 2810 liendo
2446 2755 2603 2811 fuerit
2626 2756 2972 2812 desudatam.

2302 2847 2594 2912 Caeterum,
2628 2864 2696 2903 ne
2728 2849 2844 2904 huic
2868 2865 2990 2919 quae
3026 2847 3286 2907 Cassiano
3332 2851 3556 2922 ejusque
3600 2852 3826 2922 scriptis

2234 2940 2476 2995 nonnihil
2508 2940 2768 3010 derogare
2798 2940 3064 3005 videntur,
3099 2943 3375 2999 rudiornm
3401 2943 3606 2998 animos
3641 2942 3827 2999 oﬂ‘en-

2233 3032 2384 3101 dant,
2412 3044 2466 3087 et
2511 3034 2580 3087 ab
2608 3034 2727 3103 ejus
2750 3033 3024 3089 lectitandi
3067 3043 3120 3088 et
3157 3034 3404 3089 versandi
3449 3035 3626 3090 studio
3665 3050 3828 3092 aver-

544 3139 744 3193 pouere
788 3129 959 3180 visum
1001 3133 1116 3193 est,
1151 3139 1251 3179 suo
1281 3140 1509 3194 quasque
1540 3124 1731 3179 merito
1761 3140 1823 3177 ac
1852 3137 2132 3180 momento
2157 3119 2204 3182 C
2236 3134 2349 3179 tant
2397 3135 2488 3177 aut
2524 3128 2803 3195 segniores
2833 3124 3096 3189 reddant,
3149 3125 3217 3181 de
3264 3125 3347 3180 his
3383 3126 3642 3181 lectorem
3674 3133 3824 3184 serio

541 3217 908 3288 ponderanda.
944 3216 1102 3272 Enim
1133 3231 1262 3271 vero
1282 3257 1298 3279 ,
1329 3216 1475 3288 quod
1503 3216 1793 3270 dolentium
1824 3227 1904 3269 est
1924 3257 1939 3283 ,
1990 3215 2128 3271 hanc

539 3313 840 3367 Saticlitatis
883 3310 1097 3367 laudem
1147 3309 1372 3364 multum
1422 3308 1562 3380 apud
1611 3307 1906 3363 catholicos
1952 3308 2130 3361 immi-

540 3409 687 3472 nuit,
737 3417 792 3462 et
848 3406 1157 3460 oliscuravit
1204 3418 1449 3458 errorum
1494 3401 1881 3470 quorumdam,
1931 3400 2128 3470 quibus

537 3498 826 3552 Cassianus
856 3513 952 3553 seu
979 3512 1142 3559 vere,
1169 3510 1267 3552 seu
1310 3510 1376 3550 ex
1418 3492 1672 3565 opinione
1716 3493 2000 3549 multorum
2036 3506 2126 3546 as-

541 3606 734 3662 persus
766 3593 915 3646 visus
943 3603 1058 3656 est,
1091 3589 1234 3645 haud
1265 3589 1405 3645 levis
1448 3601 1573 3643 nota
1622 3585 1795 3642 eide
1842 3587 2076 3657 irrogata
2109 3604 2121 3638 :

536 3700 857 3757 quamquam
889 3686 1129 3755 profecto
1173 3682 1464 3740 admodum
1504 3680 1729 3738 difficile
1772 3681 1844 3736 sit
1898 3695 1964 3734 ex
2010 3680 2126 3751 ejus

535 3779 753 3849 scriptis
778 3790 931 3836 certo
956 3776 1184 3833 delinire
1210 3792 1335 3832 num
1368 3789 1555 3832 revera
1579 3774 1654 3829 ita
1685 3774 1915 3831 senserit
1938 3773 2049 3844 ipse
2071 3780 2126 3828 et

535 3886 601 3925 ex
631 3886 727 3925 sua
753 3871 1018 3925 sententia
1051 3871 1122 3925 ita
1154 3870 1467 3941 scripserit,
1497 3879 1555 3924 nt
1597 3868 1647 3924 ei
1696 3868 1855 3939 vulgo
1899 3866 2126 3934 imponi-

537 3969 645 4018 tur.
676 3974 743 4012 an
772 3960 1002 4014 aliorum
1024 3962 1311 4027 Opiniones
1333 3961 1612 4015 dumtaxat
1640 3960 1882 4014 retulerit
1900 3999 1913 4020 ,
1938 3959 2123 4012 etsuis

536 4052 754 4120 scriptis
780 4050 1134 4121 expresserit.
1174 4051 1289 4118 Qua
1313 4053 1505 4121 opinor
1534 4050 1883 4117 ambiguitate
1913 4062 2124 4116 permo-

538 4154 625 4200 tus
646 4143 893 4199 Gelasius
920 4141 1163 4213 pontifex
1212 4147 1264 4196 in
1305 4140 1536 4194 concilio
1568 4138 1751 4191 Romae
1790 4137 1970 4191 habito
1993 4136 2121 4191 Cas-

535 4237 672 4293 siani
703 4252 864 4305 opera
919 4234 1061 4289 inter
1112 4230 1420 4303 apocrypha
1469 4231 1768 4289 recensuit,
1804 4227 1898 4284 sed
1930 4243 1989 4281 ea
2023 4242 2121 4295 po-

536 4330 799 4383 tissimuui
833 4327 1069 4392 ratione,
1115 4323 1256 4395 quod
1314 4320 1616 4378 Collatione
1667 4318 1873 4377 decima
1923 4318 2114 4387 tertia,

536 4420 765 4490 aliisque
801 4418 935 4473 locis
963 4418 1031 4473 de
1057 4419 1223 4488 gratia
1253 4415 1349 4470 Dei
1384 4425 1437 4471 et
1480 4414 1652 4469 libero
1692 4412 1923 4469 hominis
1974 4413 2118 4467 arbi-

2232 3217 2555 3269 monendinn
2578 3216 2741 3270 duxi:
2776 3215 3012 3269 Primum
3026 3216 3167 3286 quod
3199 3215 3264 3270 ad
3287 3214 3489 3271 Gelain
3510 3234 3820 3289 censuram,

2228 3323 2321 3362 seu
2343 3311 2615 3363 decretum
2639 3310 2864 3371 attinet,
2891 3308 3044 3379 cujus
3067 3308 3275 3363 initium
3293 3349 3308 3372 ,
3336 3307 3535 3363 Sancta
3564 3308 3821 3379 Romana,

2227 3397 2343 3453 Non
2394 3399 2465 3452 ita
2506 3398 2633 3453 illtid
2674 3398 3080 3468 accipiendum,
3118 3398 3269 3469 quasi
3290 3395 3571 3466 Cassiani,
3603 3410 3657 3455 et
3684 3400 3826 3457 alio-

2229 3507 2346 3546 rum
2376 3490 2751 3558 omniutn,qui
2786 3491 2855 3545 ibi
2904 3492 3274 3557 nominantur,
3314 3490 3535 3560 scripta,
3578 3490 3714 3553 sive,
3761 3500 3827 3551 ut

2229 3596 2417 3649 vocat,
2452 3585 2708 3654 opuscula
2741 3584 2953 3654 penitus
2990 3584 3296 3649 damnarit,
3342 3592 3434 3639 aut
3462 3584 3682 3641 omnino
3713 3585 3824 3656 legi

2229 3675 2467 3733 vetuerit
2510 3674 2783 3748 pontifex;
2827 3675 2923 3730 sed
2951 3676 3091 3751 quod
3123 3677 3255 3731 nolit
3282 3690 3344 3732 ea
3391 3677 3604 3748 publice
3632 3678 3733 3747 legi
3762 3679 3824 3736 in

2229 3769 2493 3837 Ecclesia,
2522 3778 2579 3824 et
2615 3768 2933 3824 canonicam
2962 3768 3166 3825 habere
3194 3771 3570 3827 auctoritatem
3589 3815 3602 3841 ,
3634 3771 3704 3826 ob
3730 3786 3825 3827 er-

2225 3878 2380 3918 rores
2410 3862 2667 3934 quosdam
2700 3862 3000 3927 admixtos,
3033 3861 3117 3917 vel
3160 3873 3410 3918 auctores
3439 3879 3625 3919 eorum
3674 3880 3822 3920 non-

2226 3955 2356 4011 nihil
2401 3968 2703 4025 suspectos.
2736 3954 2888 4022 Quod
2925 3964 3036 4009 tum
3068 3971 3129 4010 ex
3163 3971 3297 4010 voce
3326 3955 3644 4033 ἀπόκρυφον.
3693 3973 3822 4025 quae

2227 4064 2331 4100 non
2355 4048 2499 4101 aliud
2524 4064 2683 4117 quani
2710 4049 3005 4115 occultum,
3046 4050 3404 4117 reconditum,
3432 4061 3524 4104 aut
3542 4060 3823 4107 secretum

2223 4136 2349 4204 quid
2378 4136 2642 4204 significat
2664 4178 2679 4200 ,
2707 4139 3050 4194 manifestum
3082 4150 3202 4195 est:
3238 4149 3348 4195 tum
3392 4156 3460 4196 ex
3489 4142 3681 4197 eodem
3712 4144 3820 4198 de-

2222 4236 2372 4283 creto
2416 4228 2821 4299 comprobatur,
2871 4232 2923 4284 in
2963 4246 3071 4297 quo
3120 4241 3227 4285 tres
3271 4234 3534 4288 librorum
3578 4236 3819 4303 classes,

2222 4335 2317 4376 seu
2348 4320 2568 4375 ordines
2600 4320 2887 4376 manifeste
2918 4321 3201 4391 distinguit
3235 4324 3494 4392 pontifex.
3526 4326 3589 4381 Et
3619 4325 3671 4381 in
3703 4329 3823 4397 pri-

2224 4430 2310 4469 nia
2340 4414 2556 4485 quidem
2597 4414 2774 4470 classe
2805 4425 3049 4471 recenset
3082 4415 3249 4470 libros
3298 4420 3589 4475 canonicos
3624 4430 3679 4475 et
3717 4436 3825 4475 au-

538 4515 639 4566 trio
672 4526 819 4567 more
863 4510 1270 4581 Pelagianorum
1299 4509 1511 4563 locutus
1536 4522 1564 4559 a
1596 4505 1867 4576 Prospero
1896 4503 2120 4576 Aquita-
2152 4500 2202 4561 Ι)
2229 4507 2516 4573 thenticos,
2548 4506 2799 4561 videlicet
2838 4522 3005 4561 sacrae
3036 4506 3331 4577 Scriptura:
3361 4519 3414 4561 et
3434 4508 3534 4563 SS.
3561 4509 3780 4564 Patrum
3801 4555 3821 4579 ,

534 4603 677 4671 nico,
704 4603 958 4673 peculiari
976 4600 1504 4673 opusculoadveistis
1524 4614 1647 4654 eum
1674 4596 1818 4653 edito
1839 4596 2120 4653 convicms

536 4704 699 4752 esset.
737 4697 850 4762 Qua
877 4694 1094 4764 quidem
1120 4692 1181 4748 ι).
1231 4691 1479 4763 Prosperi
1509 4690 1876 4746 admonitione
1921 4702 1987 4745 ac
2035 4703 2121 4744 re-

534 4786 893 4858 prehensione
932 4784 1129 4839 factum
1160 4793 1263 4848 est,
1312 4792 1370 4838 ut
1398 4782 1639 4838 Cassiani
1668 4780 1869 4848 scripta
1907 4780 2118 4837 cautius

534 4878 859 4947 legerentur,
894 4878 1104 4932 iminoa
1131 4874 1450 4947 quihusdam
1468 4872 1869 4944 corrigerentur
1897 4889 1912 4927 :
1945 4872 2117 4942 putis-

533 4974 729 5028 siiniim
761 4987 887 5027 vero
913 4970 1246 5025 Coliaiiones
1294 4969 1425 5037 ipsa:
1454 4967 1581 5041 (qua
1610 4967 1678 5022 de
1708 4981 1767 5023 re
1795 4966 1955 5022 etiam
1982 4963 2117 5021 Cas-

534 5068 783 5123 siodorus
808 5080 935 5120 suos
958 5066 1254 5120 monachos
1275 5062 1604 5134 admonuit),
1628 5076 1748 5133 quae
1775 5075 1897 5117 cum
1920 5058 2118 5127 alioqui

534 5163 849 5226 utilissiinai,
870 5175 933 5213 ac
960 5158 1336 5213 saluberrima:
1359 5155 1627 5226 religiosis
1645 5154 1895 5209 omnibus
1922 5154 1973 5206 in
1994 5166 2118 5224 per-

534 5251 781 5309 fectionis
845 5249 1021 5305 stadio
1074 5248 1467 5305 desudantibus
1513 5253 1993 5316 coguoscerentnr,
2049 5257 2118 5298 ne

536 5364 634 5419 pro
680 5348 886 5404 medela
917 5360 1185 5402 venenum
1241 5359 1307 5399 ex
1360 5343 1490 5414 ipsis
1519 5340 1717 5396 hauriri
1744 5341 2114 5409 contingeret;

531 5457 563 5496 a
623 5440 896 5496 nonnullis
941 5436 1239 5495 emendatae
1297 5436 1462 5489 fuisse
1519 5434 1882 5503 reperiuntur.
1934 5430 2118 5500 Neque

534 5533 679 5590 enim
708 5531 965 5589 credibile
987 5540 1068 5587 est
1098 5528 1197 5586 SS.
1231 5528 1418 5583 Patres
1460 5525 1809 5581 Benedictum
1830 5563 1846 5589 ,
1871 5521 2117 5577 Domini-

531 5614 689 5695 cum,
716 5625 1002 5690 Thomam,
1031 5624 1298 5694 aliosque,
1323 5620 1653 5677 Collationes
1696 5616 1938 5673 Cassiani
1970 5626 2120 5673 tanto

534 5718 811 5776 habituros
840 5720 894 5776 in
917 5720 1113 5787 pretio,
1136 5734 1197 5773 ac
1223 5726 1531 5788 tantopere,
1551 5720 1606 5772 et
1635 5716 1837 5785 absque
1868 5715 2120 5783 scrupulo

2225 4615 2360 4669 quos
2389 4599 2628 4655 Ecclesia
2656 4599 2917 4654 catholica
2970 4599 3159 4668 recipit
3190 4608 3243 4654 et
3281 4599 3574 4669 appiobat,
3619 4608 3675 4656 et
3709 4619 3823 4672 pu-

2223 4692 2365 4748 blice
2414 4692 2466 4746 in
2513 4689 2706 4746 officiis
2740 4689 3135 4746 Ecclesiasticis
3183 4701 3429 4762 usurpat.
3477 4691 3534 4747 lu
3574 4694 3822 4752 secunda

2223 4786 2584 4857 apocryphos,
2639 4799 2775 4856 quos
2808 4793 2951 4839 vetat
2976 4784 3194 4856 quidem
3235 4786 3451 4857 publice
3480 4786 3582 4858 legi
3613 4796 3665 4843 et
3688 4803 3824 4856 pro-

2224 4881 2460 4937 nuntiari
2514 4880 2567 4934 in
2618 4878 2856 4936 Ecclesia
2892 4896 2907 4933 :
2937 4880 3188 4950 privatim
3243 4890 3458 4945 tamen,
3510 4895 3604 4935 seu
3656 4888 3823 4935 extra

2227 4974 2518 5028 Ecclesiam
2568 4972 2671 5041 legi
2722 4972 3030 5027 nullatenus
3085 4971 3338 5026 inhibet:
3381 4973 3436 5028 in
3475 4988 3583 5042 quo
3622 4972 3823 5028 ordine

2220 5081 2340 5120 cum
2362 5064 2485 5118 aliis
2520 5063 2704 5119 multis
2732 5063 3080 5119 nominantur
3103 5060 3346 5117 Cassiani
3369 5062 3649 5134 opuscula.
3679 5062 3821 5119 Ter-

2220 5157 2295 5211 tio
2322 5155 2542 5209 demum
2588 5154 2710 5209 loco
2736 5154 2923 5209 statuit
2946 5153 3114 5208 libros
3146 5154 3526 5209 haereticorum
3557 5164 3612 5209 et
3638 5154 3821 5208 schis-

2223 5246 2542 5302 maticoruui
2593 5245 2805 5316 penitus
2835 5244 2904 5299 ab
2946 5242 3187 5300 Ecclesia
3219 5245 3503 5302 damnatos
3546 5252 3602 5302 et
3651 5260 3822 5316 repu-

2221 5339 2417 5395 diatos.
2444 5339 2575 5405 Quis
2604 5353 2734 5395 vero
2762 5336 3064 5393 catholicus
3094 5347 3338 5394 veterum
3385 5339 3599 5394 illorum
3625 5347 3821 5393 auclo-

2222 5450 2369 5500 rum,
2422 5432 2717 5488 Clementis
2746 5430 3135 5497 Aleitandrini,
3160 5430 3514 5495 Tertulliani,
3549 5428 3819 5498 Arnobii,

2220 5526 2517 5594 Lactantii,
2544 5522 2838 5591 Victorini,
2866 5522 3207 5595 aliorumque
3223 5524 3423 5590 scripta
3448 5522 3589 5594 quod
3611 5521 3823 5580 eodeni

2221 5619 2442 5675 decreto
2495 5620 2547 5674 in
2575 5631 2801 5672 numero
2851 5616 3283 5688 apocryphortnn
3332 5613 3673 5680 referantur,
3725 5614 3820 5672 vel

2224 5714 2403 5784 legere
2457 5710 2752 5776 dubitavit,
2801 5711 2881 5767 vel
2917 5709 3142 5779 legenda
3185 5712 3468 5764 dissuasit?
3500 5707 3824 5769 Prtesertiui
