4026 6212
225 252 281 310 41

1356 246 1722 309 ΡΒΑΞΡΑΤΙΟ
1761 249 2016 309 ALARDI
2053 249 2305 314 GAZEI.

3399 270 3472 327 ﬂ

224 389 330 430 cum
360 372 492 442 quid
522 372 589 428 ab
628 373 706 429 eis
737 380 972 427 erratum
1000 370 1102 440 sit,
1133 388 1195 427 ac
1225 373 1446 443 proinde
1475 374 1781 441 vitandum,
1811 374 1865 432 Α
1892 375 2162 430 cumulate
2207 384 2491 432 tractatum
2522 378 2578 433 in
2625 394 2719 435 sua
2750 380 3097 450 prmfatione,
3146 399 3302 454 quam
3350 388 3477 445 huic

221 468 315 538 jam
346 482 378 521 a
422 467 601 522 multis
642 466 851 522 saeculis
881 464 1086 536 liquido
1114 478 1449 536 compertum
1471 509 1485 534 ,
1534 467 1786 537 explora-

221 573 436 633 tumque
483 561 777 617 ha'beatur?
809 563 915 636 Aut
943 577 1044 631 qua
1082 562 1293 617 ratione
1335 562 1657 617 sanctissimi
1684 561 1789 618 viri

220 654 317 709 DD.
368 653 707 721 Benedictus,
763 650 1139 717 Cassiodorus,
1170 653 1495 721 Dominicus,
1523 653 1783 720 Thomas,

219 747 515 817 Dionysius,
567 746 834 816 lgnatins,
876 756 1038 815 atque
1069 745 1189 811 alii,
1238 746 1551 801 Cassianum
1601 756 1654 800 et
1680 746 1786 816 ipsi

217 847 352 893 tanto
381 839 563 893 studio
602 839 834 908 amplexi
864 853 926 893 ac
953 838 1198 893 venerati
1226 846 1383 905 sunt,
1436 849 1491 893 et
1521 839 1641 893 aliis
1667 854 1783 893 am-

216 932 585 1001 plectendum,
651 932 1003 999 volvendum,
1073 931 1421 987 lectitandum
1501 942 1610 985 tum
1688 945 1784 985 suo

216 1027 456 1094 exemplo
474 1069 488 1093 ,
523 1034 633 1080 tum
660 1025 905 1094 scriptis,
929 1033 985 1079 et
1010 1024 1192 1079 multis
1220 1024 1482 1079 encomiis
1511 1038 1786 1079 commen-

214 1119 395 1171 darunt
416 1161 429 1182 ,
462 1118 506 1171 si
536 1134 643 1171 non
682 1117 1059 1181 utilissimum,
1093 1117 1258 1170 immo
1290 1115 1615 1185 praecipuum
1657 1114 1782 1169 vitae

212 1212 511 1267 monasticae
565 1212 879 1280 speculum,
937 1222 992 1264 et
1048 1209 1231 1279 paucis
1279 1209 1511 1277 demptis
1580 1210 1779 1277 nzevis,

210 1322 392 1375 corpus
420 1307 744 1376 caateroquin
769 1304 1208 1376 pulcherrimum,
1254 1311 1309 1358 et
1331 1303 1506 1358 modis
1531 1301 1784 1355 omnibus

209 1400 624 1455 commendabile
659 1398 1028 1468 judicassent?
1058 1398 1258 1452 Verum
1284 1412 1349 1449 ex
1381 1396 1610 1449 adverso
1637 1404 1785 1447 stan-

210 1504 297 1548 tem
351 1493 486 1547 mihi
538 1492 726 1547 videre
776 1492 963 1546 videor
997 1506 1176 1545 acrem
1208 1488 1610 1551 adversarium,
1646 1488 1783 1542 Pro-

206 1600 407 1654 sperum
433 1586 585 1639 illum
614 1585 979 1654 Rhegieusem
1008 1584 1321 1650 episcopum
1341 1621 1354 1645 ,
1386 1580 1478 1649 qui
1522 1579 1778 1647 peculiari

206 1676 336 1742 libro,
368 1688 431 1730 ut
470 1676 674 1730 dictum
706 1685 821 1740 est,
870 1674 1131 1728 adversus
1175 1672 1498 1727 Collatorem
1527 1672 1672 1727 edito
1721 1673 1775 1727 in

1891 468 2307 539 subjungemus,
2340 472 2499 526 latius
2528 474 2801 542 explicare
2830 491 3291 547 supervacaneum
3321 493 3471 551 puto.

1890 558 2001 614 Huc
2037 561 2271 627 accedit,
2323 574 2464 632 quod
2496 574 2548 618 et
2576 566 2689 636 ipse
2719 566 2781 621 D.
2814 567 3045 640 Prosper
3074 570 3318 626 Cassiani
3372 575 3477 631 im-

1888 664 2152 723 pugnator
2173 670 2278 709 non
2298 657 2472 712 solum
2497 658 2617 727 ejus
2646 658 2938 716 honorifice
2966 665 3210 719 meminit
3228 665 3279 718 in
3305 663 3476 723 Chro-

1888 746 2010 801 nico
2042 771 2048 777 -
2084 748 2179 803 sed
2210 758 2265 803 et
2298 750 2350 804 in
2384 751 2648 820 opusculo
2673 753 2845 821 ipsum
2868 755 3216 826 redarguens,
3249 758 3477 813 catholi-

1887 853 2007 893 cum
2061 840 2414 897 nihilominus
2452 842 2733 899 doctorem
2788 850 3061 914 agnoscit,
3118 850 3201 903 his
3257 850 3471 905 scilicet

1888 932 2071 987 verbis
2108 933 2177 989 de
2206 936 2465 991 Cassiano
2498 948 2555 992 et
2575 939 2694 993 aliis
2720 940 2776 995 S.
2804 942 3088 1010 Augustini
3117 945 3477 1013 reprehenso-

1886 1024 2032 1079 ribus
2061 1041 2265 1096 agens:
2302 1028 2532 1093 Quorum
2562 1041 2728 1085 tamen
2755 1032 2877 1084 dum
2924 1032 3099 1085 adhuc
3135 1051 3235 1087 non
3281 1047 3396 1089 sunt
3444 1054 3478 1092 α

1885 1120 2114 1185 fraterna
2152 1123 2391 1177 societate
2418 1123 2591 1190 divisi,
2626 1125 2791 1196 magis
2821 1134 2892 1178 est
2941 1126 3206 1179 toleranda
3234 1129 3445 1187 intentio

1885 1228 2037 1281 quam
2070 1215 2386 1283 desperanda
2412 1218 2673 1283 correctio,
2708 1220 2868 1299 dopec
2896 1217 3156 1272 Dominus
3178 1237 3269 1288 per
3299 1221 3482 1277 Eccte.

1886 1303 1978 1356 sia:
2001 1306 2259 1375 principes
2291 1319 2336 1359 et
2362 1306 2613 1377 legitimos
2638 1311 2959 1378 iudiciorum
2985 1329 3194 1365 suorum
3217 1315 3480 1371 ministros

1886 1394 2016 1459 haec,
2043 1412 2156 1464 qua:
2178 1413 2267 1464 per
2292 1415 2577 1466 paucorum
2604 1403 2919 1467 superbiam,
2946 1410 2991 1454 et
3023 1404 3363 1471 quorumdam
3386 1406 3480 1458 int-

1884 1490 2119 1558 peritiam
2143 1491 2347 1545 tnrbata
2370 1502 2511 1558 sunt,
2548 1505 2836 1565 componat.
2867 1496 2992 1551 Haec
3022 1496 3259 1566 Prosper
3279 1500 3330 1552 in
3359 1501 3477 1567 ejus

1882 1582 2060 1648 operis
2103 1582 2315 1652 epilogo
2357 1600 2371 1635 :
2422 1585 2617 1653 quibus
2662 1586 2916 1655 intelligis
2967 1586 3284 1642 Cassianum
3332 1591 3476 1647 inter

1880 1674 2182 1728 catholicos
2222 1674 2565 1743 professores
2594 1686 3026 1732 annumeratum.
3072 1680 3139 1732 At
3162 1680 3333 1733 multo
3356 1694 3476 1735 cer-

204 1770 509 1827 Cassianunt
561 1770 872 1843 (suppresso
904 1780 1081 1823 tamen
1127 1767 1241 1837 ejus
1297 1765 1536 1835 nomine)
1576 1767 1773 1837 stylum
1806 1758 1854 1819 B
1882 1767 1984 1821 tius
2003 1779 2378 1837 argumentum
2402 1784 2470 1823 ex
2496 1784 2562 1824 eo
2584 1771 2719 1824 sumi
2752 1770 2990 1837 videtur,
3018 1772 3162 1840 quod
3184 1771 3475 1828 Cassianus

206 1867 442 1931 strinxit,
478 1874 533 1918 et
561 1864 919 1919 Collationem
951 1862 1068 1929 ejus
1101 1862 1309 1915 tertiam
1340 1858 1605 1913 decimam
1654 1874 1778 1928 gra-

206 1962 315 2015 viter
340 1957 712 2029 impugnavit.
737 1956 871 2024 Quid
904 1956 989 2010 hic
1017 1956 1214 2017 dicam,
1240 1954 1412 2007 amice
1444 1953 1646 2007 lector?
1668 1956 1771 2018 An.

204 2065 303 2105 cum
330 2049 624 2107 Gennadio
654 2045 975 2102 Massiliensi
995 2087 1008 2109 ,
1040 2054 1097 2099 ut
1136 2043 1452 2099 Cassianum
1482 2058 1733 2099 excusem
1756 2086 1771 2112 ,

201 2144 633 2212 D.Prosperum,
665 2140 838 2194 virum
884 2138 1032 2194 omni
1075 2138 1397 2205 exceptione
1436 2137 1772 2205 superiorem

200 2248 243 2288 et
259 2235 703 2304 probatissimum
733 2232 993 2287 Ecclesia:
1022 2232 1299 2284 doctorem
1348 2243 1644 2294 arcessam,
1684 2239 1777 2284 aut

196 2329 465 2397 suggillem
492 2329 514 2380 ?
541 2326 702 2381 absit.
745 2325 949 2377 Amicus
979 2333 1111 2376 certe
1139 2321 1456 2386 Cassianus;
1487 2323 1575 2375 sed
1612 2322 1775 2393 magis

197 2421 344 2473 amica
369 2421 580 2473 veritas.
610 2418 926 2472 Cassianum
953 2415 1007 2469 in
1036 2415 1136 2469 hoc
1178 2429 1285 2469 non
1313 2413 1503 2469 leviter
1529 2427 1772 2481 errasse,

194 2513 461 2581 multaque
475 2510 901 2579 reprehensione
924 2507 1145 2577 dignum
1164 2506 1437 2562 exstitisse
1452 2520 1610 2561 nemo
1628 2520 1773 2560 sanae

196 2610 380 2663 mentis
432 2606 743 2677 negaverit,
790 2604 933 2672 quod
977 2605 1117 2658 inter
1160 2602 1270 2656 alia
1319 2601 1771 2656 anachoretarum

193 2702 321 2757 dicta
365 2702 728 2757 Collationetn
771 2700 915 2754 illam
959 2698 1168 2752 abbatis
1197 2695 1604 2759 Cltreretnonis,
1653 2712 1772 2765 qua:

194 2803 292 2848 tota
322 2793 879 2864 Pelagianidogmatis
901 2792 1127 2861 fuligine
1158 2805 1408 2858 reSpersa
1427 2800 1540 2855 est,
1570 2789 1772 2843 descri-

193 2885 415 2942 bendam
436 2884 755 2955 susceperit,
773 2898 1000 2952 eamque
1017 2884 1068 2937 in
1094 2883 1365 2952 publicum
1382 2880 1455 2934 ita
1482 2880 1769 2949 evulgarit,

192 2987 245 3032 ut
265 2990 319 3033 et
347 2981 468 3049 ipse
500 2979 713 3048 Pelagio
740 2978 989 3040 studere,
1019 2986 1073 3030 et
1106 2976 1165 3029 D.
1191 2975 1492 3044 Augustino
1515 2974 1772 3041 refragari

189 3072 464 3125 videretur
493 3086 507 3122 :
541 3084 606 3123 eo
634 3070 928 3138 praesertim
957 3077 1223 3136 tempore,
1255 3082 1361 3135 quo
1393 3064 1632 3135 ejusdem
1663 3065 1772 3119 Au-

1880 1870 2003 1929 post
2028 1859 2356 1916 Collationes
2378 1877 2407 1916 a
2436 1876 2494 1916 se
2515 1863 2836 1932 descriptas,
2869 1864 3096 1929 monitu,
3133 1872 3187 1919 et
3218 1865 3473 1919 adhorta-

1880 1956 2024 2009 tione
2052 1955 2252 2009 Leonis
2274 1954 2534 2011 Romanre
2564 1956 2825 2010 Ecclesiae
2848 1957 3216 2034 archidiaconi
3236 2000 3249 2022 ,
3282 1966 3475 2027 postea

1878 2048 2150 2117 pontificis
2179 2051 2407 2113 summi,
2458 2048 2718 2102 adversus
2745 2048 3053 2103 Nestorium
3078 2090 3091 2112 ,
3118 2050 3378 2105 disertum
3406 2067 3471 2107 ac

1877 2143 2163 2210 perutilem
2189 2143 2258 2197 de
2284 2143 2660 2197 Incarnatione
2691 2142 2906 2195 Domini
2948 2142 3116 2197 edidit
3141 2156 3472 2199 commenta-

1878 2234 2036 2302 rium,
2057 2235 2358 2303 eodcntque
2378 2235 2649 2288 volumine
2670 2233 2949 2303 Pelagium
2973 2234 3118 2287 velut
3136 2233 3471 2289 Nestorianaa

1878 2327 2103 2382 hazresis
2133 2336 2411 2397 parentem
2444 2326 2796 2382 vehementer
2826 2327 3135 2396 exagitavit.
3179 2326 3315 2380 Nam
3348 2325 3473 2382 (Σοὶ-

1875 2419 2139 2474 lationum
2176 2420 2345 2475 libros
2372 2419 2672 2474 absolvisse
2710 2434 2771 2474 se
2793 2461 2807 2484 ,
2840 2429 3127 2489 antequam
3157 2419 3242 2473 his
3282 2420 3350 2474 de
3388 2420 3472 2474 ln-

1876 2516 2189 2569 carnatione
2210 2514 2510 2570 scribendis
2536 2514 2689 2569 libris
2711 2529 2929 2568 manum
2960 2513 3293 2578 admoveret,
3330 2512 3472 2578 ipse-

1874 2608 2057 2674 metin
2087 2608 2404 2677 praefatione
2434 2617 2684 2672 testatur,
2707 2606 2833 2661 dum
2858 2605 2937 2659 sic
2960 2605 3278 2659 exorditur:
3311 2605 3471 2657 Also-

1877 2701 1998 2752 ltttis
2049 2701 2245 2754 dudum
2292 2700 2641 2756 Collationum
2711 2697 3026 2767 spiritalium
3079 2696 3304 2763 libellis,
3358 2706 3470 2751 etc.

1874 2789 2127 2859 Idemque
2164 2789 2429 2845 Gennadii
2466 2774 3083 2859 elogio-comprobatur,
3136 2788 3223 2841 ubi
3258 2787 3374 2841 haec
3403 2787 3472 2843 de

1874 2881 2135 2937 Cassiano
2166 2902 2178 2935 :
2210 2884 2290 2936 Ad
2316 2894 2600 2937 extremum
2628 2893 2837 2952 rogatus
2867 2900 2898 2935 a
2924 2883 3097 2936 Leone
3127 2882 3263 2935 urbis
3290 2882 3474 2936 Roma:

1873 2975 2254 3041 archidiacono,
2290 2984 2467 3043 postea
2495 2978 2755 3048 episCOpo,
2785 2977 2989 3044 scripsit
3015 2977 3256 3029 adversus
3280 2975 3473 3029 Nemo-

1874 3067 2009 3119 rium
2053 3068 2116 3119 de
2158 3065 2525 3120 Incarnatione
2551 3066 2765 3121 Domini
2809 3066 2968 3119 libros
2994 3075 3206 3134 septem,
3236 3075 3284 3120 et
3308 3067 3359 3119 in
3388 3066 3472 3121 Itis

189 3163 382 3230 gustini
412 3164 612 3232 scripta
634 3136 717 3217 vde
741 3162 913 3232 gratia
970 3160 1063 3214 Dei
1121 3167 1175 3214 et
1216 3158 1389 3213 libero
1420 3157 1654 3212 hominis
1685 3172 1771 3211 ar-
1796 3136 1842 3197 (ἶ
1874 3159 2130 3212 scribendi
2153 3160 2292 3227 apud
2316 3158 2628 3228 Massiliam,
2663 3170 2711 3213 et
2732 3160 2932 3212 vivendi
2958 3160 3113 3227 ﬁnem
3134 3159 3274 3229 fecit,
3300 3158 3473 3212 ΤΙιεο-

188 3256 342 3311 bitrio
370 3257 637 3313 adversus
678 3256 998 3325 Pelagianos
1019 3253 1158 3309 edita
1189 3269 1218 3306 a
1260 3252 1578 3322 quihusdam
1609 3252 1773 3307 Galli-

191 3352 328 3405 canis
384 3351 767 3422 presbyteris,
825 3350 914 3419 qui
962 3365 1021 3403 se
1075 3347 1369 3403 catholicos
1420 3346 1770 3402 nihilominus

186 3446 581 3511 profitebantur
605 3447 768 3518 (inter
794 3459 929 3515 quos
962 3452 1014 3498 et
1044 3426 1333 3497 Cassianus
1377 3442 1772 3496 annumeraba-

190 3539 310 3606 tur),
340 3539 656 3593 inconsulto
684 3553 749 3593 ac
789 3546 992 3591 temere
1022 3536 1449 3604 traducerentur,
1483 3537 1611 3591 etin
1643 3550 1774 3590 con-

186 3633 508 3687 troversiam
531 3639 938 3686 revocarentur.
969 3628 1083 3697 Qua
1109 3637 1425 3698 tempestate
1470 3628 1601 3681 nihil
1626 3628 1772 3681 vide-

184 3720 330 3778 batur
352 3722 783 3791 incommodius,
802 3731 892 3776 aut
914 3721 1273 3790 importunius
1294 3721 1433 3774 illius
1453 3718 1773 3773 Collationis

178 3816 397 3885 scripto,
434 3817 585 3888 quod
618 3817 719 3870 sub
750 3816 927 3885 specie
951 3814 1125 3868 mellis
1146 3828 1418 3868 venenum
1440 3812 1770 3881 propinaret,

183 3916 283 3960 tum
315 3910 385 3962 ad
419 3909 669 3963 auctoris
700 3907 995 3973 infamiam,
1026 3915 1136 3961 tum
1179 3906 1243 3960 ad
1286 3906 1347 3958 D.
1383 3904 1661 3974 Augustini
1692 3904 1772 3957 itt-

174 3997 399 4068 juriatn,
436 4013 554 4057 tum
586 4001 821 4069 denique
863 3999 929 4053 ad
959 4000 1253 4052 animarum
1301 3997 1590 4051 discritnen
1617 4009 1775 4064 posse

175 4090 409 4159 obtrudi,
442 4104 502 4148 ut
532 4093 639 4146 hoc
665 4091 751 4145 vel
781 4092 900 4145 solo
926 4091 1140 4145 nomine
1167 4090 1457 4144 Cassianus
1480 4096 1588 4142 tam
1616 4087 1774 4142 Gela-

171 4182 230 4234 sii
261 4200 583 4251 censuram,
616 4199 774 4254 quam
804 4184 1051 4254 Prosperi
1084 4182 1582 4253 reprehensionem,
1602 4179 1774 4233 anim-

173 4275 672 4347 adversionemqne
702 4278 897 4332 merito
942 4276 1252 4331 incurrerit.
1306 4274 1420 4327 Non
1472 4272 1615 4327 enim
1648 4286 1770 4325 cum

168 4368 257 4421 illo
305 4371 516 4425 abbate
572 4369 948 4431 Chaeremone,
976 4384 1136 4437 quem
1166 4366 1220 4420 in
1254 4366 1345 4422 illa
1377 4364 1680 4418 Collatione
1705 4362 1773 4416 de

168 4464 333 4525 gratia
372 4464 476 4517 Dei
527 4472 582 4517 et
632 4460 806 4516 libero
846 4460 1066 4515 arbitrio
1096 4459 1448 4511 disserentem
1479 4453 1772 4509 introducit

162 4555 490 4622 Cassianus,
518 4557 621 4611 sibi
649 4567 921 4611 certamen
959 4551 1253 4607 ineundum
1280 4550 1485 4619 putavit
1504 4548 1768 4616 Prosper;

164 4644 299 4697 Cum
326 4649 444 4713 ille,
481 4650 659 4718 inquit
682 4690 696 4713 ,
726 4648 852 4701 tales
879 4648 1144 4716 Opiniones
1172 4660 1292 4698 suas
1315 4654 1402 4696 aut
1432 4642 1664 4712 negando
1690 4657 1771 4693 re-

160 4741 394 4806 futaret,
436 4748 537 4791 aut
567 4740 860 4810 corrigendo
892 4738 1107 4790 dilueret
1146 4752 1162 4787 :
1200 4735 1293 4791 sed
1336 4750 1457 4787 cum
1502 4733 1618 4802 ipso
1644 4731 1772 4785 Cas-

160 4832 332 4895 siano,
363 4832 466 4901 qui
502 4832 664 4886 talem
719 4831 1027 4885 doctrinam
1065 4828 1137 4881 ita
1188 4826 1496 4896 evulgarat,
1548 4834 1607 4879 ut
1650 4838 1768 4877 eam

157 4927 509 4995 approbasse
536 4940 601 4980 ac
630 4926 932 4994 suscepisse
962 4921 1184 4975 omnino
1214 4920 1542 4975 crederetur.

229 5020 439 5073 Verum
477 5035 594 5073 non
636 5018 709 5072 ita
738 5032 926 5072 revera
960 5014 1197 5071 sensisse
1226 5012 1565 5079 Cassianum,
1597 5025 1774 5081 neque

156 5131 214 5169 ex
246 5134 345 5171 sua
379 5114 676 5172 sententia
729 5114 800 5166 ita
853 5112 1168 5178 scripsisse,
1226 5107 1322 5162 sed
1362 5109 1582 5160 aliorum
1630 5106 1770 5160 dicta

156 5211 447 5263 dumtaxat
500 5206 783 5271 retulisse,
815 5203 1057 5272 pluribus
1099 5201 1447 5271 argumentis,
1496 5199 1641 5252 nullo
1685 5211 1774 5250 sa-

156 5300 320 5356 nioris
346 5300 668 5357 sententia:
693 5296 1022 5365 pra-judicio,
1053 5294 1270 5363 probari
1304 5300 1503 5361 potest.
1530 5290 1770 5344 Primum

158 5395 291 5459 quod
311 5396 436 5463 ipse
474 5392 743 5462 pluribus
775 5389 827 5441 in
858 5390 1006 5451 locis,
1038 5387 1335 5455 prtesertim
1366 5398 1582 5439 suarum
1614 5383 1769 5437 Insti-

159 5490 456 5553 tutionum,
506 5484 610 5539 ubi
659 5482 725 5537 de
764 5480 950 5551 gratia:
994 5480 1085 5535 Dei
1139 5480 1480 5543 necessitate,
1513 5483 1567 5530 et
1616 5475 1771 5530 liberi

153 5580 361 5634 arbitrii
394 5576 794 5635 imbecillitate
824 5573 1055 5637 disserit,
1090 5572 1158 5625 ita
1196 5572 1280 5641 pie
1311 5580 1365 5625 et
1403 5567 1665 5625 catholice
1693 5568 1773 5624 lo—

150 5674 355 5744 quitur,
408 5685 477 5729 ut
513 5687 591 5729 se
632 5670 696 5724 ab
730 5684 914 5725 errore
960 5668 1153 5737 Pelagii
1185 5665 1570 5721 alienissimum
1604 5662 1772 5716 fuisse

1798 4518 1852 4578 D

154 5768 314 5835 plane
341 5770 716 5825 demonstret
743 5780 756 5816 :
785 5761 925 5832 quod
949 5770 1321 5829 argumentum
1343 5773 1374 5812 a
1403 5757 1503 5813 Do.
1532 5753 1773 5826 Cuychio
1830 5838 1831 5841 η

636 5858 907 5917 Partitis.
944 5855 1177 5917 XLIX.

1876 3252 2023 3307 dosio
2067 3262 2115 3308 et
2155 3253 2520 3308 Valentiniano
2564 3255 2921 3327 regnantibus.
2957 3254 3088 3319 Quis
3116 3270 3246 3309 vero
3284 3252 3473 3307 credat

1876 3346 2111 3401 Leonem
2154 3346 2327 3411 illum,
2362 3348 2762 3403 sanctissimum
2797 3362 2860 3401 ac
2887 3345 3343 3414 sapientissimum
3388 3344 3471 3397 vi-

1878 3454 2021 3504 rum,
2054 3438 2105 3491 in
2139 3439 2271 3492 illud
2300 3454 2434 3508 opus
2466 3454 2571 3494 non
2604 3440 2766 3493 alium
2800 3454 2961 3508 quam
2984 3437 3303 3493 Cassianum
3327 3434 3470 3489 deli-

1875 3547 2002 3599 gere
2030 3532 2291 3622 vpluisse,
2322 3531 2425 3585 nisi
2452 3547 2572 3585 eum
2601 3539 2807 3595 nosset,
2858 3538 2949 3583 aut
2995 3530 3303 3583 certissime
3349 3542 3471 3581 cre-

1876 3624 2029 3679 deret
2066 3619 2175 3692 per
2220 3625 2400 3677 omnia
2452 3623 2843 3687 orthodoxum,
2905 3631 2959 3674 et
2999 3622 3066 3673 de
3122 3620 3284 3673 rebus
3339 3619 3470 3672 fidei

1876 3714 2479 3788 optimqsentientem,
2521 3722 2681 3781 atque
2710 3714 2848 3765 adeo
2877 3708 3199 3777 Peliagianis
3244 3707 3471 3778 perinde

1878 3821 1941 3861 ac
1992 3803 2331 3859 Nestorianis
2383 3802 2620 3856 maxime
2667 3798 2975 3854 infensum?
3003 3798 3154 3865 Quod
3200 3808 3254 3854 et
3290 3799 3474 3867 reipsa

1878 3897 2130 3966 probavit
2161 3895 2484 3959 Cassianus,
2539 3892 2663 3947 dum
2713 3892 2766 3947 id
2813 3892 3055 3946 muneris
3110 3891 3470 3947 libentissime

1878 3990 2149 4059 suscepit,
2176 3986 2431 4055 omnique
2466 3986 2646 4041 studio
2673 3987 2727 4040 in
2754 3985 2805 4039 id
2835 3984 3014 4054 operis
3042 3984 3318 4052 incubuit,
3360 4000 3470 4054 quo

1877 4098 1936 4137 se
1961 4082 2289 4137 acerrimum
2316 4088 2427 4133 tum
2456 4078 2751 4147 Pelagiani,
2779 4086 2891 4130 tum
2922 4075 3224 4130 Nestoriani
3246 4075 3470 4145 dogma-

1876 4175 1945 4230 tis
1985 4174 2218 4237 hostem,
2247 4182 2302 4226 et
2326 4171 2608 4226 catholicae
2635 4168 2884 4224 veritatis
2912 4176 3194 4221 strenuum
3234 4176 3471 4221 asserto-

1876 4280 1992 4319 rem
2022 4262 2267 4319 exhibuit
2302 4278 2316 4313 :
2347 4276 2409 4315 ac
2439 4258 2667 4329 proinde
2706 4259 2750 4311 si
2801 4257 2929 4325 quid
2955 4255 3223 4325 prioribus
3251 4255 3470 4336 scriptis

1876 4374 1973 4428 per
2003 4354 2420 4427 imprudentiam
2450 4352 2759 4407 humanitus
2788 4351 3042 4419 peccarit,
3078 4352 3235 4419 digna
3272 4363 3469 4404 emen-

1877 4450 2094 4504 datione
2131 4448 2316 4503 sanior
2339 4454 2395 4501 et
2419 4446 2623 4500 cautior
2657 4442 2902 4506 effectus,
2927 4442 3213 4497 salubriter
3254 4442 3470 4495 abster-

1877 4546 1965 4599 sit.
1997 4542 2153 4611 Quod
2178 4552 2237 4596 ut
2264 4541 2467 4596 certius
2512 4539 2607 4595 tibi
2638 4544 2880 4603 constet,
2934 4536 3059 4591 audi
3108 4536 3282 4603 ipsum
3324 4534 3467 4606 (Lib.

1880 4631 1944 4690 de
1984 4634 2199 4689 Incarn.
2249 4650 2365 4703 cap.
2418 4632 2498 4701 4),
2546 4631 2590 4684 si
2638 4629 2835 4698 placet,
2865 4627 2933 4681 de
2978 4628 3208 4697 Leporio
3232 4628 3469 4698 quodam

1878 4728 2193 4798 presbytero
2226 4726 2367 4780 inter
2421 4724 2738 4793 Pelagianos
2795 4720 3185 4788 fatnosissimo,
3245 4722 3468 4775 tandem

1879 4824 1992 4878 suis
2032 4822 2252 4876 monitis
2278 4820 2344 4875 ad
2383 4818 2651 4873 saniorem
2681 4826 2916 4870 mentem
2953 4823 3008 4868 et
3040 4815 3195 4869 tidem
3241 4814 3469 4869 catholi-

1879 4930 1995 4971 cam
2018 4924 2299 4981 revocato,
2333 4912 2403 4966 ita
2434 4909 2784 4975 scribentem,
2814 4908 3143 4977 stttl‘ragante
3172 4894 3376 4973 itidem,
3400 4920 3467 4960 ac

1881 5006 2247 5063 testimonium
2298 5003 2399 5072 ipsi
2443 5002 2761 5072 perhibente
2808 4999 3086 5055 Gennadio
3120 5018 3134 5054 :
3166 4998 3417 5069 Leporius
3445 5040 3464 5067 ,

1877 5100 2081 5170 inquit,
2134 5108 2252 5150 tunc
2280 5093 2583 5159 monachus,
2615 5094 2767 5147 modo
2799 5093 3077 5164 presbyter,
3105 5093 3193 5167 qui
3215 5109 3279 5145 ea:
3309 5090 3469 5143 Pela-

1876 5194 1947 5265 gii
1974 5190 2308 5259 institutione,
2344 5189 2419 5241 vel
2460 5187 2629 5256 potius
2664 5186 2910 5256 pravitate
2959 5183 3266 5237 descendens
3317 5182 3459 5249 apud

1877 5285 2077 5341 Gallias
2121 5291 2342 5337 assertor
2375 5282 2633 5351 praedicta:
2677 5280 2950 5343 haereseos,
2992 5285 3080 5328 aut
3109 5278 3240 5326 inter
3271 5273 3466 5342 primos

1875 5390 1964 5434 aut
1994 5380 2125 5432 inter
2156 5377 2405 5431 maximos
2430 5378 2527 5445 fuit
2556 5392 2585 5425 a
2613 5373 2756 5426 nobis
2778 5371 3087 5431 admonitus,
3112 5383 3144 5417 a
3172 5364 3279 5418 Deo
3299 5382 3467 5419 emen-

1875 5472 2032 5531 datus
2060 5472 2135 5524 ita
2158 5470 2291 5523 male
2315 5477 2612 5537 conceptam
2643 5465 3024 5534 persuasionem
3052 5458 3321 5528 magniﬁce
3343 5474 3467 5512 con-

1876 5566 2153 5630 denmavit,
2190 5575 2245 5617 ut
2284 5580 2385 5615 non
2430 5563 2597 5614 minus
2630 5573 2756 5626 pene
2784 5552 3095 5607 admiranda
3124 5554 3190 5605 sit
3218 5552 3465 5604 correctio

1873 5659 2044 5724 illius,
2065 5673 2216 5727 quam
2242 5655 2407 5707 illazsa
2437 5651 2717 5704 multorum
2766 5646 2893 5715 ﬁdes
2924 5661 2940 5697 :
2967 5645 3085 5710 quia
3109 5644 3331 5715 primum
3351 5653 3423 5692 est
3446 5684 3463 5706 ,

1879 5762 2104 5805 errorem
2135 5747 2336 5817 penitus
2362 5760 2463 5795 non
2498 5742 2797 5792 incurrere:
2830 5735 3131 5805 secundum,
3160 5736 3281 5789 bene
3308 5748 3464 5796 repu-

2882 5833 2923 5888 2
