4026 6212
476 361 545 423 ts
1308 357 1397 413 ao
1434 354 1662 413 ornas
1701 347 1974 407 JOANNIS
2008 330 2319 403 CASSIANI
2362 338 2885 401 PROLEGOMENA.
3672 302 3745 386 tl

473 477 635 531 diare.
662 473 787 531 Haec
830 482 884 529 et
931 471 1032 528 alia
1058 470 1125 526 de
1150 469 1506 525 conversione
1536 463 1750 537 Leporii
1781 460 2049 531 Pelagiani
2080 466 2133 526 Α
2225 456 2289 510 4ο
2321 456 2519 511 Verum
2552 455 2684 511 illud
2708 452 2981 525 praecipue
3002 447 3271 519 spectavi,
3305 452 3359 502 et
3387 444 3493 501 hoc
3523 441 3742 515 potissi—

473 585 504 623 a
524 576 590 623 'se
616 574 899 637 procurata
924 563 1235 619 Cassianus.
1262 561 1467 616 Rursus
1491 558 1594 611 alio
1642 556 1777 611 libro
1805 553 1945 624 (Lib.
1977 568 2051 606 vn

471 656 535 717 de
556 661 767 717 Incarn.
796 676 845 716 c.
868 660 964 729 ‘21)
993 657 1297 713 Nestorium
1328 662 1383 708 ut
1409 651 1613 720 Pelagii
1655 649 1895 704 sobolem
1927 661 2051 701 exa—

471 747 644 823 gitans
678 773 690 807 :
728 753 865 818 Quia
891 752 1072 819 spinae,
1122 748 1317 815 inquit,
1368 762 1427 799 ac
1470 742 1645 797 tribuli
1695 757 1755 795 ea;
1794 737 2050 793 radicibus

469 852 785 918 emergentes
804 844 1048 915 qualitate
1076 842 1157 895 sui
1182 840 1389 909 stirpem
1417 840 1569 892 suam'
1591 834 1835 905 produnt,
1890 848 1953 885 ea:
1993 847 2051 884 eo

468 938 579 1007 ipso
602 939 739 1009 quod
766 940 909 1002 sunt,
939 934 1168 987 indicant
1188 932 1327 986 unde
1349 938 1659 993 nascantur;
1688 929 1759 980 ita
1787 934 1834 979 ct
1871 933 1925 979 tu
1951 920 2054 977 Pe-

470 1032 691 1102 lagiana:
724 1022 972 1084 haereseos
1016 1028 1226 1099 spinosa
1268 1023 1497 1091 soboles,
1547 1021 1685 1075 idem
1726 1019 1951 1074 ostendis
1996 1020 2053 1071 in

466 1124 708 1195 germine,
742 1122 879 1193 quod
912 1132 1055 1188 pater
1087 1128 1204 1172 tuus
1238 1117 1478 1169 habuisse
1523 1112 1746 1166 traditur
1774 1111 1827 1163 in
1856 1110 2047 1163 radice.

466 1194 715 1287 Leporius
764 1212 1039 1280 enimille,
1070 1223 1175 1266 etc.
1206 1204 1332 1264 lltec
1368 1217 1424 1263 et
1450 1207 1553 1262 alia
1586 1206 1639 1259 in
1677 1194 1950 1273 Pelagium
1997 1210 2052 1257 et

466 1309 666 1379 Pelagii
697 1309 863 1363 fetum
890 1302 1539 1363 NestoriunPCassianus‘,
1565 1298 1758 1367 quibus
1797 1310 1947 1349 suam
1997 1294 2048 1347 in

464 1400 569 1454 ﬁde
613 1399 881 1454 catholica
927 1396 1174 1453 stabilem
1226 1410 1289 1450 ac
1334 1394 1600 1448 sinceram
1642 1388 1805 1444 animi
1835 1395 2051 1443 senten-

463 1491 593 1545 tiam
605 1490 816 1545 abunde
839 1498 1089 1543 testatam
1112 1486 1350 1556 reliquit,
1377 1498 1551 1553 seque
1572 1481 1786 1535 demum
1812 1478 1879 1533 ab
1902 1475 2050 1532 omni

464 1582 664 1637 erroris
682 1581 992 1649 suspicione
1026 1579 1293 1648 purgavit.
1317 1578 1389 1630 At
1415 1574 1483 1629 de
1515 1574 1597 1626 his
1628 1572 1908 1626 hactenus.

533 1673 651 1727 Jam
690 1686 819 1726 vero
848 1671 974 1740 quid
1008 1671 1061 1723 in
1092 1671 1193 1722 hac
1243 1676 1525 1739 postrema
1554 1663 1794 1717 editione
1838 1658 2049 1713 allaho-

466 1777 647 1821 ratum
673 1773 763 1818 aut
791 1773 1037 1818 curatum
1067 1761 1250 1825 fuerit,
1277 1775 1306 1813 a
1338 1774 1425 1813 me
1456 1756 1665 1827 reposci
1688 1753 1845 1808 video
1871 1770 1884 1804 :
1908 1750 2051 1822 quod

2153 566 2299 607 mum
2328 552 2546 606 nomine
2572 548 2835 604 Cassiano
2863 560 2951 601 me
2999 540 3178 599 addixi
3203 583 3218 607 ,
3247 550 3304 596 ut
3342 539 3399 595 in
3429 537 3654 610 gratiam
3686 546 3741 595 et

2153 643 2469 713 obsequium
2501 641 2935 697 commilitonum
2991 643 3046 692 et
3088 634 3421 691 confratrum
3454 648 3696 689 meorum
3725 674 3741 699 ,

2153 735 2399 803 Ordinis,
2434 737 2680 805 inquam,
2712 730 3049 788 Benedictini
3072 728 3467 785 cmnobitarum
3499 724 3517 796 (
3543 727 3632 781 cui
3656 742 3744 781 me

2154 828 2296 884 Deus
2352 843 2446 883 sua
2492 828 2664 898 gratia
2713 825 3032 895 inscriptum
3072 820 3292 892 voluit)
3330 820 3623 891 pleraSque
3679 810 3745 874 ac

2152 920 2448 991 praecipuas
2503 920 2853 975 difficultates
2905 915 3125 987 Regulae
3183 910 3519 971 sanctissimi
3567 911 3759 966 Patris‘

2153 1014 2325 1067 nostri
2360 1012 2636 1067 Benedicti
2662 1053 2676 1077 ,
2710 1018 2969 1081 quantum
2999 1010 3052 1064 in
3072 1022 3160 1063 me
3182 1016 3343 1073 esset,
3370 1005 3744 1076 Deojuvante,

2153 1113 2314 1173 prout
2344 1118 2401 1158 se
2431 1103 2581 1159 dedit
2605 1103 2817 1158 occasio
2838 1143 2854 1170 ,
2887 1118 2952 1158 ex
2982 1100 3241 1156 Cassiano
3285 1098 3641 1169 explicarem,
3690 1090 3749 1151 et

2152 1195 2458 1265 complures
2488 1195 2607 1265 ejus
2654 1196 2803 1250 locos
2851 1193 2919 1249 ad
2948 1191 3192 1248 Cassiani
3223 1192 3455 1261 scripta,
3482 1190 3631 1247 velut
3675 1188 3746 1244 ad

2152 1297 2501 1358 prototypum
2548 1303 2703 1342 suum
2760 1285 3019 1342 referrem
3073 1288 3136 1341 ac
3190 1286 3523 1339 revocarem.
3580 1279 3743 1337 Unde

2152 1378 2355 1449 liquido
2408 1388 2632 1448 apparet
2672 1372 2867 1448 quant'a
2918 1393 3077 1441 cura,
3126 1391 3285 1447 quam
3326 1375 3415 1445 pia
3462 1384 3517 1431 et
3557 1373 3755 1429 solerti

2154 1469 2497 1525 aemulatione
2551 1470 2923 1525 sanctissimus
2966 1469 3130 1524 Pater
3165 1467 3489 1523 Benedictus
3533 1466 3747 1521 veteres

2155 1562 2448 1616 monachos
2478 1562 2679 1616 imitari
2708 1562 3008 1631 studuerit,
3034 1570 3087 1615 et
3117 1574 3307 1615 eorum
3344 1558 3585 1628 vestigiis
3614 1558 3748 1613 insi“-

2152 1661 2295 1708 stere
2315 1670 2328 1718 ;
2355 1668 2561 1723 suoque
2580 1653 2831 1722 exemplo
2859 1660 2912 1707 et
2937 1652 3277 1706 institutione
3292 1662 3420 1707 suos
3437 1649 3757 1706 caan'obitas‘

2154 1746 2219 1802 ad
2250 1762 2436 1803 eorum
2470 1747 2825 1803 imitationem
2859 1748 3175 1818 provocare.

466 1858 567 1911 etsi
588 1856 780 1911 lectori
808 1856 989 1925 potius
1020 1852 1395 1924 judicandum,
1428 1864 1589 1921 quam
1633 1864 1662 1902 a
1694 1862 1780 1902 me
1807 1859 2049 1901 comme-
2081 1870 2129 1930 Β
2228 1840 2289 1895 5°
2308 1839 2390 1894 Ad
2413 1840 2527 1895 haec
2552 1839 2848 1894 sententias
2867 1839 3191 1894 illustriores
3213 1836 3455 1930 Cassiani
3481 1835 3747 1930 similibus

465 1949 783 2005 morandum
837 1948 1011 2013 foret,
1066 1948 1252 2016 paucis
1299 1956 1509 2008 tamen,
1554 1951 1614 1997 ut
1659 1941 1819 1997 ﬁdem
1876 1953 2053 1996 meam

465 2040 688 2097 liberem
708 2086 720 2110 ,
752 2049 808 2097 et
836 2041 1147 2097 verecunde
1195 2040 1476 2095 indicabo.

536 2132 783 2187 Primum
842 2133 1059 2202 quidem
1106 2133 1173 2188 de
1218 2141 1368 2189 textu
1421 2130 1672 2187 Auctoris
1716 2128 2059 2201 repurgando

467 2232 555 2279 aut
596 2222 943 2279 reformando
973 2238 1080 2277 non
1111 2238 1441 2292 magnopere
1469 2221 1830 2277 laborandum
1871 2218 2058 2274 existi-

466 2317 645 2384 mavi,
701 2332 825 2371 cum
867 2316 1002 2371 satis
1045 2316 1390 2371 emendatum
1439 2327 1493 2371 et
1546 2314 1885 2369 enucleatum
1935 2327 2057 2366 eum

466 2408 623 2463 nobis
650 2409 979 2477 reliquerint
1006 2408 1279 2478 Cuychius
1309 2419 1362 2464 et
1382 2406 1669 2463 Ciaconius
1688 2450 1700 2473 ,
1727 2406 1831 2462 viri
1863 2406 2060 2460 doctis-

467 2501 588 2556 simi
617 2509 671 2557 et
698 2501 1122 2557 accuratissimi;
1156 2502 1247 2571 qui
1288 2501 1389 2554 hac
1421 2501 1477 2554 in
1509 2516 1568 2554 re
1614 2508 1893 2553 strenuam
1930 2512 2061 2566 ope-

467 2608 584 2648 ram
617 2604 900 2647 navarunt.
931 2590 1147 2647 Contuli
1179 2601 1363 2646 tamen
1393 2606 1518 2645 cum
1561 2591 1768 2661 aliquot
1791 2588 2061 2657 exempla-

467 2687 617 2743 ribus
640 2696 752 2740 tum
784 2687 1033 2756 excusis,
1076 2695 1187 2740 tum
1235 2701 1411 2751 mss.~,
1455 2694 1510 2740 et
1537 2683 1766 2739 subinde
1814 2680 2059 2752 quatdam

468 2779 586 2833 loca
617 2778 815 2833 abillis
848 2779 1213 2847 praetermissa
1235 2819 1249 2842 ,
1296 2787 1391 2831 aut
1441 2776 1618 2831 minus
1652 2788 1885 2844 expensa
1937 2786 2060 2827 cor-

469 2870 624 2935 rexi,
656 2879 749 2924 aut
778 2870 1022 2933 excussi,
1074 2879 1129 2923 et
1156 2868 1397 2922 adhibita
1453 2868 1613 2922 etiam
1659 2863 1901 2934 Dionysii
1929 2863 2062 2918 Car-

470 2962 710 3016 thusiani
777 2962 1097 3031 paraphrasi
1162 2962 1336 3015 lucem
1391 2959 1605 3023 ascivi;
1664 2971 1822 3027 quem
1883 2966 2061 3009 tamen

470 3055 880 3125 paraphrastem
915 3055 1093 3123 (salva
1123 3054 1260 3107 tanti
1282 3053 1387 3106 viri
1410 3050 1770 3120 auctoritate)
1799 3063 2065 3104 nonnum-

472 3159 632 3214 quam
690 3144 757 3199 ab
814 3147 1051 3201 auctoris
1109 3154 1291 3198 mente
1341 3158 1403 3197 ac
1454 3144 1722 3198 sententia
1782 3141 2066 3195 aberrasse

473 3237 759 3292 submonui
785 3278 798 3302 ,
842 3236 1063 3291 lectoris
1088 3236 1303 3290 interim
1330 3235 1537 3304 judicio
1561 3233 1951 3287 arbitrandum.

542 3328 605 3383 2°
650 3330 1047 3384 Annotationes
1106 3327 1222 3383 fere
1261 3336 1550 3397 perpetuas
1607 3324 1815 3395 adjeci,
1869 3318 2067 3393 quibus

475 3436 581 3475 non
627 3423 803 3476 solum
851 3436 1016 3476 voces
1069 3431 1123 3476 et
1166 3420 1434 3475 dictiones
1481 3417 1746 3489 quasdam
1806 3416 2020 3472 Grzncas
2051 3458 2066 3481 ,

475 3517 732 3572 barbaras
761 3526 853 3571 aut
880 3516 1057 3571 minus
1100 3517 1347 3586 vulgatas
1392 3514 1693 3581 elucidavi;
1739 3511 1834 3567 sed
1867 3521 1920 3566 et
1947 3525 2072 3565 sen-

476 3610 675 3663 tentias
703 3623 946 3679 quasque
970 3609 1353 3674 obscuriores;
1387 3608 1698 3676 complures
1728 3605 1912 3661 itidem
1932 3620 2073 3674 qum-

477 3701 682 3756 stiones
729 3701 1056 3771 theologicas
1087 3701 1153 3756 ad
1187 3703 1545 3756 monasticum
1595 3700 1895 3754 institutum
1952 3713 2073 3768 spe-

481 3796 711 3864 ctantes,
739 3812 937 3867 easque
967 3797 1249 3868 perutiles,
1282 3812 1350 3853 ex
1376 3796 1665 3853 occasione
1704 3802 2069 3857 occurrentes,

480 3898 678 3957 quanta
721 3893 867 3956 potui
925 3889 1184 3943 facilitate
1227 3900 1284 3945 et
1328 3890 1715 3960 perspicuitate
1764 3901 1863 3957 pro
1910 3894 2073 3954 captu

482 3981 757 4049 juniorum
786 3980 1095 4033 examinavi
1124 4000 1136 4032 :
1172 3981 1313 4034 unde
1343 3983 1495 4035 multi
1537 3981 1643 4035 loci
1663 3991 1979 4033 communes
2006 3976 2074 4031 de

481 4072 645 4127 rebus
686 4072 999 4125 monasticis
1025 4072 1078 4124 in
1106 4086 1238 4125 usus
1288 4071 1627 4138 quOtidianos
1672 4083 1736 4122 ac
1781 4067 2075 4121 familiares

481 4164 725 4234 depromi
779 4171 1002 4233 queant.
1053 4162 1295 4230 lngenue
1353 4161 1563 4214 interim
1622 4158 1797 4214 fateor
1846 4158 2077 4213 subinde

484 4256 724 4327 adiutum
751 4271 836 4310 me
858 4254 1223 4310 notationibus
1246 4261 1357 4306 tum
1384 4252 1607 4323 Cuychii
1627 4294 1640 4318 ,
1675 4261 1784 4306 tum
1810 4249 2072 4315 Ciaconii,

483 4348 617 4419 quas
661 4349 888 4418 proinde
913 4356 968 4403 et
997 4348 1162 4415 meis,
1197 4346 1413 4417 publico
1440 4348 1585 4401 bono
1639 4347 1962 4411 consulens,
2001 4345 2075 4399 ita

483 4440 775 4496 interserui
800 4482 815 4509 ,
850 4451 909 4495 ut
938 4451 1117 4497 tamen
1160 4454 1285 4494 suas
1334 4442 1527 4512 cuique
1582 4440 1789 4493 auctori
1824 4448 2076 4506 acceptas

483 4530 767 4598 referrem,
801 4533 936 4588 nihil
966 4533 1203 4587 alienum
1235 4531 1367 4586 mihi
1393 4531 1700 4587 vindicans.
1743 4529 1926 4600 Neque
1947 4544 2076 4584 vero

2161 1933 2450 1989 sententiis
2480 1942 2533 1986 et
2561 1931 2753 2001 elogiis
2783 1931 2883 1987 SS.
2917 1932 3134 1985 Patrum
3161 1928 3375 1995 Basilii,
3408 1926 3743 1996 Hieronymi,

2165 2023 2485 2093 Augustini,
2530 2021 2816 2091 Gregorii,
2844 2022 3177 2091 aliorumque
3218 2019 3419 2090 passim
3452 2017 3743 2083 illustravi,

2162 2126 2217 2172 et
2234 2116 2509 2181 roboravi,
2534 2123 2589 2170 et
2609 2129 2675 2170 ex
2689 2116 2797 2169 illis
2819 2115 3106 2170 nonnullas
3121 2111 3434 2169 selectiores
3452 2120 3507 2165 et
3529 2109 3742 2177 breves,

2162 2209 2309 2263 velut
2338 2208 2578 2263 stellulas
2609 2207 3010 2279 Splendidiores
3032 2249 3047 2273 ,
3078 2208 3132 2261 in
3160 2218 3327 2260 unum
3371 2201 3624 2258 collectas
3646 2244 3660 2267 ,
3694 2210 3765 2255 et'

2164 2302 2354 2357 ordine
2382 2302 2621 2373 digestas
2648 2302 2715 2358 ad
2759 2303 2962 2359 calcem
3014 2302 3193 2373 operis
3238 2298 3492 2370 seposui,
3562 2311 3669 2368 quo
3696 2306 3753 2352 et

2163 2395 2371 2451 facilius
2393 2397 2670 2452 memoria:
2693 2396 3015 2453 mandentur
3031 2402 3063 2451 a‘
3078 2393 3405 2466 junioribus,
3426 2402 3480 2449 et
3505 2390 3753 2447 tenacius

2165 2487 2479 2557 infigantur.

2236 2580 2299 2637 6°
2328 2582 2409 2636 Ad
2433 2591 2761 2651 extremum,
2794 2597 2861 2637 ne
2883 2581 3295 2652 quidlectorem
3318 2578 3372 2634 in
3394 2577 3552 2649 hujus
3574 2574 3759 2646 operis’

2165 2674 2398 2732 decursu
2428 2676 2724 2743 remorari,
2783 2675 2870 2731 vel
2918 2674 3223 2744 oﬂ'endere,
3271 2675 3359 2729 vel
3385 2672 3571 2744 quovis
3596 2666 3759 2725 modo

2166 2770 2221 2824 in
2262 2766 2503 2825 errorem
2533 2769 2789 2825 inducere
2827 2779 3051 2841 posset,
3085 2779 3285 2840 prmter
3328 2778 3544 2826 nostras
3585 2780 3758 2822 anno-

2166 2863 2437 2926 taliones,
2492 2863 2654 2916 etiam
2698 2862 2835 2917 alias
2880 2862 3345 2929 observationes,
3378 2866 3435 2919 et
3480 2862 3761 2919 censorias

2168 2962 2326 3010 notas
2350 2964 2460 3010 tum
2491 2951 2751 3027 Cuychii,
2776 2964 2890 3011 tum
2919 2954 3159 3012 Ciaconii
3187 2954 3582 3026 adjungéndas,
3613 2962 3666 3010 et
3687 2946 3769 3008 ad’

2169 3047 2372 3101 calcem
2403 3046 2590 3101 itidem
2621 3061 2725 3102 suo
2763 3048 2955 3103 ordine
2984 3047 3329 3103 collocandas
3356 3047 3482 3102 duxi
3516 3067 3527 3100 :
3561 3046 3761 3119 quibus

2170 3143 2432 3198 antidotis
2461 3144 2701 3199 munitus
2728 3144 2959 3214 quilibet
2983 3143 3295 3199 Cassianum
3332 3143 3590 3212 deinceps
3620 3134 3744 3197 inof

2090 3262 2136 3325 ο
2171 3232 2323 3325 fenso
2352 3234 2491 3303 pede
2521 3245 2839 3304 percurrat,
2873 3234 3119 3305 nihilque
3149 3234 3290 3304 quod
3320 3233 3385 3288 ad
3427 3235 3609 3303 operis
3637 3236 3766 3302 per-

2172 3323 2463 3380 fectionem
2493 3369 2506 3393 ,
2551 3326 2639 3381 vel
2691 3327 2855 3380 animi
2908 3327 2992 3381 sui
3046 3327 3387 3382 securitatem
3442 3324 3767 3394 pertineat,

2173 3417 2405 3486 amplius
2443 3417 2735 3473 desideret.
2778 3418 2923 3484 Quas
2953 3419 3175 3489 quidem
3206 3417 3613 3473 observationes
3639 3415 3737 3471 dili
3764 3451 3773 3457 -

2172 3519 2361 3579 genter
2391 3509 2456 3564 iis
2498 3510 2870 3582 praelegendas
2902 3512 3104 3567 suadeo
3144 3520 3199 3566 et
3241 3526 3437 3567 moneo
3463 3553 3479 3577 ,
3524 3510 3615 3580 qui
3653 3521 3768 3565 non

2174 3616 2348 3671 usque
2375 3602 2513 3657 adeo
2542 3604 2593 3658 in
2624 3603 2709 3657 his
2754 3605 2987 3671 versati,
3037 3603 3204 3659 libros
3255 3604 3559 3674 praesertim
3589 3603 3757 3660 Colla-

2174 3699 2418 3765 tionum,
2443 3698 2641 3767 alioqui
2674 3698 3015 3766 utilissimos,
3045 3708 3097 3753 et
3117 3714 3147 3752 a
3169 3699 3266 3755 SS.
3299 3694 3568 3767 Patribus,
3596 3698 3759 3754 Bene-

2177 3790 2357 3858 dicto,
2400 3791 2604 3846 Thema
2637 3790 2932 3861 Aquinate,
2986 3792 3244 3861 aliisque,
3298 3802 3355 3846 ut
3395 3791 3597 3846 dictum
3638 3800 3769 3858 est,

2177 3885 2280 3939 teri
2303 3885 2528 3954 solitos,
2568 3884 2772 3940 utiliter
2814 3901 2878 3939 ac
2899 3884 3190 3940 salubriter
3221 3898 3442 3940 versare
3468 3883 3773 3940 voluerint.

2177 3979 2375 4047 Habes,
2422 3980 2613 4043 lector,
2651 3994 2792 4050 quae,
2828 3979 2938 4034 Deo
2970 3977 3297 4044 auxiliante,
3330 3980 3383 4033 in
3407 3978 3565 4049 hujus
3589 3976 3769 4047 operis

2178 4071 2416 4125 editione
2445 4081 2711 4139 praestare
2748 4069 2930 4125 studui
2961 4088 2973 4123 :
3019 4086 3139 4139 qua:
3187 4072 3406 4141 quantis
3437 4070 3570 4126 mihi
3615 4069 3779 4124 labo.

2178 4162 2326 4215 ribus
2355 4162 2738 4231 constiterint,
2770 4163 2962 4219 melius
2988 4164 3131 4231 ipse,
3166 4178 3254 4219 me
3295 4172 3537 4232 tacente,
3579 4175 3774 4217 cense--

2178 4255 2283 4310 bis.
2309 4256 2415 4312 Sed
2448 4272 2653 4327 magna:
2676 4257 2940 4313 mercedis
2964 4258 3082 4311 loco
3115 4257 3249 4311 mihi
3280 4257 3518 4312 futurum
3573 4253 3772 4311 existi-

2180 4362 2320 4403 mem
2344 4392 2359 4418 ,
2394 4349 2438 4402 si
2471 4349 2573 4404 hoc
2600 4349 2697 4405 Dei
2722 4350 2848 4419 Opt.
2878 4349 3021 4403 Max.
3054 4348 3318 4405 beneficio
3374 4364 3661 4418 assequar,
3708 4348 3783 4406 ut

2179 4439 2380 4510 aliquid
2410 4439 2580 4511 frugis
2603 4483 2619 4508 ,
2651 4452 2705 4497 et
2736 4442 2986 4496 utilitatis
3016 4441 3279 4513 spiritalis
3324 4440 3580 4497 fratribus
3629 4442 3773 4500 meis

2177 4531 2543 4589 Bcnedictime
2571 4534 2784 4589 familia:
2815 4534 3065 4602 alumnis,
3098 4545 3151 4589 et
3174 4535 3433 4595 κοινοϐίοις
3460 4533 3561 4589 hac
3586 4534 3772 4604 opella

482 4624 617 4677 mihi
643 4624 842 4679 excidit
892 4624 1027 4678 illud
1077 4622 1235 4678 Plinii
1268 4621 1529 4695 (Praefat.
1564 4621 1705 4676 Hist.
1742 4620 1907 4690 Nat.)
1937 4660 1952 4687 ,
2007 4619 2074 4674 ad
2103 4640 2157 4700 ι)
2181 4625 2466 4693 conferre,
2497 4634 2553 4681 et
2580 4626 2665 4680 vel
2704 4627 2810 4681 duo
2838 4627 3030 4681 saltem
3064 4627 3269 4681 minuta
3293 4626 3361 4681 de
3394 4626 3615 4694 penuria
3643 4642 3770 4683 mea

484 4714 875 4786 Vespasianum
929 4719 1063 4772 scite
1100 4717 1409 4786 scripturn:
1466 4716 1765 4784 Beuignum
1807 4729 1965 4781 esse,
2019 4723 2076 4769 et

485 4809 700 4879 ingenui
732 4810 945 4878 plenum
972 4810 1194 4880 pudoris
1218 4809 1373 4863 fateri
1391 4823 1486 4878 per
1506 4823 1642 4878 quos
1658 4807 2068 4878 profecerimus.

554 4904 615 4957 5°
667 4902 837 4957 Porro
893 4903 1141 4972 antiquos
1195 4902 1367 4969 ritus,
1426 4911 1481 4955 et
1528 4902 1775 4956 instituta
1827 4911 2071 4957 veterum

480 4995 873 5049 monachorum
901 4996 1095 5059 tumtgin
1120 4993 1326 5049 Officiis
1352 4993 1555 5049 divinis
1583 4996 1922 5068 peragendis,
1956 5008 2066 5050 tum

481 5088 535 5142 in
565 5088 683 5141 aliis
715 5087 1195 5143 exercitationibus
1225 5087 1474 5142 asceticis
1502 5090 1716 5145 curiose
1743 5088 2067 5154 observavi,

480 5188 535 5234 et
563 5182 711 5235 velut
754 5182 808 5234 in
841 5181 1019 5235 tabula
1051 5180 1264 5251 depicta
1301 5182 1487 5237 lectori
1539 5182 1850 5253 diligentius
1903 5181 2071 5253 inspi-

480 5273 669 5327 cienda
691 5283 747 5328 et
766 5275 1180 5345 contemplanda
1207 5276 1460 5345 pr0posui
1495 5293 1506 5328 :
1548 5290 1614 5330 ex
1639 5277 1836 5345 quibus
1858 5276 2065 5340 itidem,

481 5375 749 5435 tamquam
784 5368 918 5423 locis
940 5368 1353 5435 communibus,
1386 5369 1765 5437 antiquitatum
1807 5368 2070 5422 monasti-

479 5472 663 5512 carum
712 5461 988 5517 studiosus
1042 5462 1346 5531 intelligat,
1401 5462 1597 5532 quibus
1645 5462 1961 5515 auctoribus
2013 5471 2070 5518 et

477 5549 923 5608 observatoribus
980 5552 1293 5623 hujusmodi
1346 5552 1482 5607 ritus
1520 5595 1535 5620 ,
1594 5562 1648 5607 et
1705 5553 2067 5609 observantiae

477 5645 796 5701 monasticae
814 5686 830 5714 ,
859 5646 1055 5716 quibus
1094 5661 1287 5718 magna
1322 5660 1446 5715 pars
1476 5644 1738 5717 regularis
1766 5646 2071 5717 disciplina:

476 5736 786 5793 continetur
807 5779 821 5806 ,
864 5739 1019 5807 quasi
1046 5755 1142 5811 per
1180 5753 1378 5799 manus
1406 5738 1623 5801 traditae
1646 5741 1717 5802 ad
1742 5755 1844 5800 nos
1873 5758 2067 5815 perve-

478 5825 685 5884 nerint.
1392 5864 1395 5865 ν

2186 4720 2241 4775 in
2273 4735 2487 4776 sacrum
2505 4720 2697 4776 domus
2724 4720 2819 4775 Dei
2841 4721 3287 4795 gazophylacium
3313 4717 3517 4775 inferre
3557 4728 3771 4777 merear

2186 4814 2205 4885 (
2232 4811 2359 4869 Luc.
2411 4829 2503 4868 xxx
2522 4812 2563 4884 ).

2254 4906 2411 4975 Agite
2452 4904 2643 4975 igitur,
2700 4905 2896 4960 fratres
2922 4907 2977 4960 in
3008 4901 3222 4961 Christo
3268 4902 3776 4976 dilectissimi(vos

2182 4997 2327 5053 enim
2382 5013 2492 5067 prae
2541 4998 2751 5053 caeteris
2805 4998 3112 5068 compello,
3183 4997 3381 5068 quibus
3426 4996 3775 5067 potissimum

2182 5098 2372 5144 noster
2414 5089 2501 5144 hic
2541 5091 2729 5157 labor,
2788 5104 2843 5147 et
2885 5099 3109 5145 conatus
3163 5089 3521 5162 desudavit);
3577 5089 3715 5159 agite
3751 5130 3772 5156 ,

2180 5184 2431 5254 inquam,
2462 5191 2517 5238 et
2545 5182 2858 5240 Cassianum
2912 5183 3079 5240 multo
3110 5183 3295 5238 labore
3340 5183 3494 5238 vobis
3541 5190 3777 5251 appara-

2181 5284 2316 5343 tum,
2350 5276 2516 5329 multa
2561 5276 2727 5331 animi
2754 5276 3044 5331 devotione
3072 5273 3306 5329 dicatum
3350 5290 3413 5329 ac
3436 5274 3775 5330 destinatum

2180 5367 2357 5424 obviis
2388 5368 2529 5423 ulnis
2558 5370 2787 5438 excipite
2807 5408 2822 5435 ,
2867 5377 2921 5423 et
2947 5376 3162 5438 gratum
3204 5366 3507 5437 hospitem;
3537 5370 3776 5436 eumqu‘e

2182 5460 2625 5519 facundissimum
2672 5462 2831 5516 tantis
2876 5461 3066 5532 elogiis
3098 5471 3151 5517 et
3180 5462 3465 5530 praeconiis
3490 5473 3777 5516 commen-

2181 5555 2366 5612 datum
2410 5557 2534 5613 lana
2576 5555 2753 5611 fronte
2796 5566 2850 5611 et
2888 5565 3039 5628 grato
3088 5556 3271 5612 animo
3300 5553 3726 5627 complectimini
3751 5598 3777 5624 ,

2180 5660 2237 5709 et
2264 5652 2408 5725 quod
2447 5669 2480 5709 a
2508 5652 2661 5708 vobis
2702 5651 2763 5706 ι).
2794 5651 3154 5719 Benedictus,
3200 5659 3259 5706 ut
3311 5659 3467 5719 pater
3520 5664 3550 5703 a
3594 5647 3726 5703 filiis
3754 5694 3775 5721 ,

2178 5747 2437 5819 magister
2473 5761 2504 5802 a
2531 5744 2817 5817 discipulis
2846 5745 3091 5816 exposcit
3112 5788 3127 5814 ,
3161 5741 3305 5815 quod
3337 5741 3427 5798 alii
3450 5740 3548 5798 SS.
3574 5740 3789 5799 Patres

2181 5859 2282 5903 suo
2301 5842 2582 5912 exemplo,
2621 5852 2677 5900 et
2702 5841 3044 5913 hortatione,
3090 5849 3147 5899 et
3173 5836 3456 5911 multiplici
3489 5834 3667 5895 fructu
3692 5836 3777 5897 et
