4036 6218
279 416 348 477 ιε
938 414 1349 478 lLLUSTRlUM
1390 402 1699 474 VlRORUM
1741 409 1832 471 DE
1871 398 1919 473 ι.
1962 398 2293 473 εΑεδιΑΝο
2332 412 2772 473 TESTIMONIA.
3493 402 3564 480 lc

283 529 541 587 Cassrani
583 531 811 588 lectione
852 544 1109 605 percepto
1158 534 1488 601 docuerunt,
1542 542 1873 603 suaserunt,
1899 535 1955 596 Α
1979 536 2262 590 sententiae
2286 550 2411 591 vere
2440 534 2752 605 apostolicae
2776 576 2793 601 ,
2825 541 2879 589 et
2915 536 3096 591 aureis
3148 532 3342 591 litteris
3387 536 3565 590 consi-

286 620 441 681 hunc
1983 625 2255 697 gnandze,
2282 628 2447 682 subiit
2476 628 2605 682 mihi
2631 628 2685 682 in
2706 639 2942 683 mentem
2960 626 3055 683 ‘his
3079 628 3330 684 versibus
3358 636 3567 683 extem-

454 714 699 769 Nocturna
718 723 917 768 versate
943 730 1108 780 manu,
1133 725 1328 767 versate
1350 717 1535 768 diurna.
1982 720 2265 789 poraneis,
2320 727 2374 775 et
2424 720 2491 775 ad
2553 730 2765 790 captum
2809 719 3084 790 iuniorum
3142 720 3568 777 accommodatis

1913 792 1925 856 .¹
1985 812 2243 878 alludere,
2262 828 2463 883 eosque
2490 813 2605 868 vice
2630 813 2903 868 coronidis
2926 814 3054 869 huic
3076 815 3376 885 przefationi
3400 816 3569 870 ascri-

1983 902 2137 969 bere,
2168 904 2362 974 quibus
2413 905 2530 975 ipse
2577 920 2661 959 me
2692 898 2921 973 primum
2949 945 2964 973 ,
3009 916 3121 960 tum
3157 916 3382 962 caeteros
3433 922 3567 961 meae

1983 996 2307 1050 conditionis
2332 1007 2616 1053 consortes
2646 998 2941 1055 monachos
2964 1000 3036 1055 ita
3063 1000 3309 1071 alloquor
3340 1011 3393 1058 et
3419 1016 3568 1057 com-

1984 1088 2286 1145 monefacio
2317 1106 2331 1143 :

372 862 523 918 Hunc
539 864 700 920 veluti
734 866 1017 934 speculum
1048 863 1469 928 monachorum,
1502 865 1667 918 immo
1694 865 1881 919 vivam

300 956 606 1010 mona‘stica:
655 958 781 1010 vitae
809 956 1043 1024 efligiem
1088 957 1240 1011 vobis
1289 956 1613 1027 proponite,
1664 957 1731 1012 ab
1780 954 1880 1010 hoc

300 1059 481 1098 verum
508 1055 560 1101 et
589 1046 891 1116 perfectum
917 1049 1238 1102 monachum
1261 1049 1411 1127 vivis
1426 1047 1700 1102 coloribus
1724 1060 1882 1101 accu-

298 1136 563 1192 ratissime
589 1137 871 1208 depictum
890 1180 904 1205 ,
945 1149 999 1194 et
1027 1140 1138 1193 suis
1168 1139 1421 1193 omnibus
1448 1140 1689 1193 numeris
1720 1140 1881 1194 abso-

294 1228 907 1333 lf‘“f“_."°°°9_“°‘f’“ef
938 1232 1006 1285 ab
1030 1231 1133 1286 hoc
1158 1231 1392 1301 denique
1419 1233 1585 1287 mlius
1613 1231 1882 1333 regulatis
2081 1268 2644 1333 Quidfrustramonacbl
2665 1270 2834 1333 pergis
2850 1276 3035 1333 )actare
3060 1268 3333 1333 cucullum?

296 1322 596 1391 disciplinae
653 1325 1047 1379 institutionem
1069 1366 1085 1391 ,
1141 1334 1196 1379 et
1249 1334 1429 1378 Veram
1488 1323 1882 1393 canaequenda:
2173 1330 2281 1380 Non
2299 1332 2450 1379 vestis
2474 1322 2787 1405 monachum?
2816 1322 2980 1405 pi-axis
3004 1340 3055 1403 at
3069 1332 3168 1393 ipsa
3190 1332 3316 1380 facit.

298 1414 649 1483 perfectionis
699 1417 876 1479 viam,
918 1430 983 1470 ac
1030 1417 1299 1471 rationem
1329 1432 1360 1469 a
1387 1415 1489 1471 SS.
1538 1392 1788 1469 Patribus
1833 1422 1884 1469 et

299 1509 492 1575 priscis
537 1509 821 1563 monachis
848 1510 1103 1564 traditam
1122 1551 1135 1573 ,
1165 1519 1490 1575 usurpatam
1528 1518 1581 1563 et
1608 1508 1878 1575 calcatam,

2081 1392 2159 1443 Nil
2185 1406 2362 1442 nomen
2380 1393 2624 1454 monachi,
2645 1394 2713 1441 nil
2731 1392 2863 1443 certa
2887 1392 3315 1452 scientia’morum,

2176 1455 2265 1512 Qui
2294 1453 2575 1502 monachum
2600 1460 2830 1517 deceant,
2858 1457 3018 1517 praxis
3043 1463 3091 1503 at
3116 1458 3215 1517 ipsa
3234 1457 3382 1515 juvat.

2085 1517 2257 1565 Praxis
2273 1517 2423 1565 habet
2447 1517 2689 1574 meritum,
2718 1518 2880 1575 praxis
2904 1518 2995 1566 sibi
3023 1520 3219 1575 praemia
3239 1519 3382 1575 regni

778 1519 821 1563 is
848 1519 1103 1564 traditam
1122 1551 1135 1573 ,
1165 1519 1490 1578 usurpatam
1528 1519 1581 1563 et
1608 1519 1878 1575 calcatam,
2085 1519 2257 1590 Pra‘sis
2273 1519 2423 1590 habet
2447 1519 2689 1590 meritum,
2718 1519 2880 1589 praxis
2892 1519 2995 1590 sibi
3023 1520 3219 1590 praemia
3239 1519 3386 1580 regni

297 1594 609 1668 perdiscite.
654 1601 858 1657 Verum
888 1602 1023 1655 illud
1048 1602 1414 1666 mementote,
1442 1609 1691 1671 quantum
1722 1603 1884 1656 inter-

298 1692 371 1746 sit
396 1692 536 1747 inter
565 1694 806 1747 factores
834 1694 976 1749 legis
996 1735 1010 1749 .
1042 1704 1095 1747 et
1142 1693 1409 1747 auditores
1430 1736 1444 1749 .
1492 1695 1603 1749 sive
1630 1696 1878 1749 lectores.

2174 1578 2395 1628 Vindicat
2428 1579 2629 1639 aeterni;
2657 1580 2820 1639 praxis
2844 1581 2902 1627 ad
2928 1586 3052 1626 astra
3075 1579 3223 1627 vehit.
3308 1578 3324 1580 ἡ

2083 1640 2171 1691 Vis
2195 1652 2358 1688 veram
2379 1641 2597 1687 monachi
2621 1653 2727 1688 cum
2752 1642 2951 1689 nomine
2971 1640 3103 1688 ferre
3128 1640 3399 1691 cucullam?

2175 1700 2270 1749 Fac
2300 1702 2493 1749 dianam
2522 1702 2740 1749 monachi
2762 1704 2957 1749 nomine
2979 1705 3151 1749 tiraxin
3168 1712 3321 1749 ames.

298 1708 371 1746 Stl.
396 1708 536 1747 Inter
565 1708 806 1747 tactores
838 1708 976 1762 tegis
996 1735 1010 1757 ,
1042 1708 1095 1747 et
1142 1708 1409 1747 auditores
1430 1736 1444 1761 ,
1492 1708 1603 1749 srvc
1630 1708 1878 1749 tectores.
2176 1708 2270 1750 Fac
2300 1708 2493 1763 dignam
2522 1708 2740 1772 monachi
2762 1708 2957 1750 nomine
2979 1708 3151 1773 praxin
3168 1712 3321 1750 ames.
3369 1765 3378 1774 ο

303 1781 354 1835 Ν
364 1800 432 1835 οη
461 1785 598 1837 enim
638 1784 902 1837 auditores
934 1785 1058 1853 legis
1104 1786 1227 1854 iusti
1253 1795 1371 1837 sunt
1396 1787 1532 1853 apud
1561 1788 1765 1852 Deum;
1795 1786 1886 1839 sed
2085 1764 2147 1813 Αί
3244 1777 3436 1826 ΡΓ³Χ³¹Ῑ¹

2175 1826 2380 1873 Discere
2406 1827 2446 1873 si
2471 1827 2644 1883 gestis,
2670 1826 2794 1873 hanc
2820 1826 2945 1874 liber
2969 1828 3059 1875 istc
3081 1827 3239 1875 docet.

2090 1887 2277 1948 Ecquid
2303 1888 2430 1935 enim
2453 1895 2676 1935 veterum
2700 1900 2879 1949 mores,
2911 1889 3237 1949 exemplaque
3258 1890 3475 1946 Patrum,

1921 1922 1967 1981 Β
2090 1922 2127 1937 μ
2163 1922 2337 2007 Ὶριιοιιηι
2360 1949 2583 1997 nionacbi
2604 1925 2879 2009 speculum:
2906 1922 3324 2010 certaque‘lnorma
3348 1928 3471 2000 ιυιιεὲ

2094 2010 2241 2073 Disce
2268 2024 2389 2071 ergo
2411 2012 2626 2058 monachi
2648 2024 2755 2071 qua:
2774 2014 2833 2059 sit
2859 2012 3123 2060 certissima
3146 2013 3325 2073 praxis,

307 1876 530 1943 factores
574 1874 698 1944 legis
738 1876 1148 1942 iusti/icabuntur
1191 1876 1379 1944 (Rom.
1412 1878 1504 1945 ιι).
1534 1876 1719 1931 Liceat
1757 1894 1885 1948 ergo

306 1967 490 2023 verbis
528 1968 750 2035 apostoli
786 1968 967 2022 Jacobi
1010 1983 1103 2022 vos
1151 1984 1495 2023 commonete
1534 1989 1545 2022 :
1596 1968 1773 2024 Estote
1813 1974 1891 2040 fa-

301 2068 466 2114 ctores
538 2060 673 2113 verbi
698 2100 712 2124 ,
769 2069 817 2113 et
872 2078 973 2114 non
1028 2062 1287 2116 auditores
1353 2072 1547 2116 tantum
1574 2106 1587 2127 ,
1655 2065 1893 2133 fallentes
2185 2060 2421 2133 Excriﬁito
2447 2060 2687 2127 veterum‘,
2716 2075 2795 2133 qui
2823 2077 3048 2135 prmiorc,
3079 2060 3291 2121 Pairum.

294 2151 676 2220 vosmetipsos:
718 2154 840 2221 quia
880 2153 923 2206 si
965 2155 1076 2223 quis
1116 2155 1318 2207 auditor
1368 2164 1441 2208 est
1484 2155 1652 2220 verbi,
1699 2164 1745 2208 et
1790 2172 1884 2209 non

2097 2136 2160 2184 At
2178 2135 2403 2182 didicisse
2424 2148 2587 2195 parum
2611 2142 2702 2186 est.
2730 2136 2821 2181 nisi
2847 2147 2947 2193 res,
2970 2136 3230 2197 praxisque
3255 2142 3520 2199 sequatur;

2187 2197 2422 2253 Quodque
2446 2198 2583 2253 scias,
2611 2195 2750 2242 factis
2776 2202 2825 2243 te
2850 2196 3077 2243 didicisse
3104 2198 3293 2253 probes.
3589 2202 3606 2220 "

511 2210 521 2220 '
730 2210 741 2221 '
977 2210 989 2223 '
1642 2210 1650 2220 ’
2187 2210 2422 2255 Ulltltltlue
2446 2210 2583 2256 SCl‘dS,
2611 2210 2750 2242 ωοῐιὸ
2776 2210 2825 2243 le
2850 2210 3077 2243 UIlllClSSC
3104 2210 3293 2256 [il‘ODCS.

294 2248 465 2315 factor
483 2285 499 2311 ,
550 2243 632 2297 hic
696 2249 1080 2315 comparabitur
1130 2249 1237 2302 uiro
1297 2250 1641 2304 consideranti
1695 2250 1889 2303 uultum
2096 2259 2367 2327 Scilicetitt
2386 2258 2583 2327 Speculo
2603 2258 2756 2327 quise
2778 2258 3039 2327 spectando
3061 2260 3305 2327 tumescit,

294 2340 576 2395 nativitatis
622 2356 727 2394 suae
768 2342 822 2394 in
872 2343 1075 2407 speculo
1106 2359 1124 2396 .'
1166 2344 1505 2398 consideravit
1555 2345 1688 2398 enim
1727 2362 1802 2411 se,
1845 2353 1895 2398 et

2096 2382 2180 2431 Sic
2205 2394 2386 2441 expers
2409 2394 2631 2441 Operam,
2653 2388 2704 2429 et
2725 2388 2904 2428 sancta:
2921 2381 3188 2439 speculatio
3213 2383 3375 2442 praxis

294 2434 447 2499 abiit,
494 2442 539 2487 et
586 2436 755 2488 statim
798 2435 983 2489 oblitus
1023 2444 1094 2489 est
1137 2437 1305 2506 qualis
1351 2438 1522 2507 fuerit.
1578 2438 1677 2504 Qui
1722 2444 1890 2489 autent
2189 2434 2465 2504 Nil‘praetei'
2482 2434 2701 2491 monachi
2728 2454 2907 2492 nomen
2928 2434 3074 2492 inane
3093 2434 3265 2492 refert.

295 2527 619 2594 perspexerit
667 2528 721 2579 in
771 2527 879 2599 lege
929 2531 1167 2598 perfecta:
1218 2530 1505 2593 libertatis,
1560 2537 1606 2583 et
1656 2544 1885 2599 perman‘

294 2618 427 2671 serit
462 2619 513 2672 in
539 2636 630 2684 ea,
664 2635 765 2672 non
810 2620 1017 2673 auditor
1050 2621 1321 2675 obliuiosus
1365 2624 1567 2692 factus,
1594 2621 1682 2674 sed
1728 2621 1893 2690 factor
2004 2616 2204 2683 Valete,
2234 2616 2427 2672 fratres
2452 2618 2507 2672 in
2536 2616 2750 2673 Christo
2791 2617 3166 2687 dilectissimi,
3199 2630 3252 2676 et
3281 2620 3572 2684 fraternam

298 2711 494 2781 aperis,
542 2711 624 2764 hic
680 2712 855 2766 beatus
904 2714 956 2767 in
1010 2717 1146 2784 facto
1203 2732 1295 2770 suo
1350 2716 1445 2769 erit
1493 2714 1639 2786 (Jac.
1673 2712 1744 2786 ι).
1792 2710 1892 2767 Cui
2002 2708 2356 2765 monitionem
2388 2711 2524 2780 aequi
2566 2712 2802 2781 bonique
2832 2713 3115 2769 consulite.

962 2846 3567 2871 _.______.______________—_______

298 2938 1036 3023 ILLUSTRIUM
1119 2940 1695 3023 VIRORUM
1780 2939 1937 3020 DE
2033 2940 2119 3020 J.
2201 2935 2760 3028 CASSIANO
2836 2942 3570 3036 TESTIMONIA.

416 3216 477 3273 S.
509 3216 728 3291 Prosper
753 3220 1090 3288 Aquitanicus
1120 3219 1172 3271 in
1204 3217 1485 3283 Chronico,
1508 3235 1598 3272 an.
1632 3216 1736 3271 456
1767 3237 1779 3269 :
1917 3218 1961 3282 C
2612 3217 2681 3272 Et
2709 3236 2826 3289 cap.
2862 3219 2929 3276 75
2955 3240 2965 3272 :

382 3308 614 3365 Joannes
658 3311 952 3365 Monachus
981 3320 1342 3380 cognomento
1374 3310 1670 3365 Cassianus
1702 3310 1892 3364 Massi-
2070 3312 2152 3367 Ad
2178 3310 2570 3383 perfeCtionem
2593 3314 3025 3369 conversationis
3046 3315 3142 3385 qui
3163 3315 3574 3381 festinant,sunt

298 3404 390 3459 liae
420 3404 647 3474 insignis
677 3414 731 3459 et
757 3403 1017 3459 facundus
1041 3405 1275 3473 scriptor
1302 3404 1555 3458 habetur.
1996 3405 2261 3461 doctrinae
2318 3416 2628 3462 sanctorum
2676 3406 2892 3462 Patrum
2926 3426 2938 3459 :
2986 3424 3214 3479 quarum
3270 3409 3576 3464 observatio

551 3494 700 3550 Idem
731 3498 784 3550 in
812 3495 1063 3566 opusculo
1091 3506 1269 3550 contra
1300 3497 1655 3553 Collatorem:
1997 3497 2247 3569 perducit
2307 3499 2577 3553 hominem
2645 3498 2709 3552 ad
2758 3499 3134 3555 celsitudinem
3184 3502 3573 3569 perfectionis:

374 3584 548 3644 Unius
591 3589 934 3660 potissimum
979 3589 1347 3645 definitionem
1377 3633 1392 3658 ,
1436 3605 1594 3660 quem
1644 3603 1753 3644 non
1791 3587 1892 3643 du—
2001 3606 2120 3660 quae
2143 3592 2285 3645 enim
2310 3591 2534 3661 pagina,
2569 3598 2659 3644 aut
2701 3592 2820 3659 quis
2857 3605 3039 3645 sermo
3062 3592 3260 3646 divinae
3285 3593 3577 3646 auctorita-

300 3682 457 3738 bium
489 3694 572 3736 est
599 3683 706 3736 illis
737 3682 989 3736 omnibus
1035 3682 1093 3735 in
1138 3693 1447 3737 sanCtarum
1480 3680 1887 3751 Scripturarum
2000 3684 2092 3749 tis,
2121 3684 2328 3739 veteris
2352 3698 2414 3738 ac
2445 3684 2569 3736 novi
2600 3680 2929 3736 Testamenti
2957 3726 2970 3749 ,
3005 3697 3112 3737 non
3145 3692 3232 3737 est
3271 3682 3577 3738 rectissima

300 3772 491 3830 studio
512 3784 799 3843 przestare,
830 3772 1148 3828 referemus.
1999 3791 2188 3831 norma
2217 3776 2341 3830 vitae
2371 3773 2661 3828 humanae?
2708 3782 2798 3825 aut
2822 3773 2940 3840 quis
2968 3772 3107 3826 liber
3136 3784 3447 3827 sanctorum
3476 3788 3573 3829 ca-

791 3863 860 3917 Et
884 3866 1065 3936 paucis
1084 3864 1365 3938 interjectis
1390 3881 1408 3919 :
1998 3866 2325 3922 tholicorum
2353 3864 2571 3918 Patrum
2600 3862 2704 3917 hoc
2733 3878 2840 3917 non
2863 3873 3106 3928 resonat,
3152 3874 3212 3920 ut
3235 3877 3384 3920 recto
3409 3880 3575 3924 cursu

378 3958 545 4030 Igitur
589 3960 643 4013 in
686 3960 854 4024 libro,
888 3958 1039 4028 cujus
1069 3960 1393 4029 praenotatio
1422 3967 1541 4013 est:
1594 3955 1669 4013 De
1709 3964 1891 4027 prote-
1998 3958 2384 4029 perveniamus
2423 3956 2489 4011 ad
2534 3956 2844 4011 Creatorem
2889 3959 3177 4012 nostrum?
3223 3974 3325 4014 nec
3370 3975 3477 4014 non
3519 3967 3577 4015 et

297 4051 489 4107 ctione
514 4051 633 4119 Dei,
666 4051 751 4105 vir
774 4048 989 4120 Quidam
1022 4050 1374 4106 sacerdotalis
1403 4050 1630 4117 ordinis,
1663 4050 1752 4120 qui
1778 4049 1891 4104 dis-
1996 4047 2323 4104 Collationes
2367 4048 2608 4114 Patrum,
2659 4055 2711 4102 et
2739 4046 2982 4101 instituta
3012 4058 3065 4102 et
3095 4049 3215 4104 vitae
3243 4049 3487 4119 illorum,
3521 4059 3577 4105 et

298 4143 533 4215 putandi
580 4159 681 4197 usu
725 4144 870 4199 inter
910 4158 1002 4200 eos
1028 4186 1044 4211 ,
1086 4144 1407 4215 quibuscum
1456 4145 1605 4216 egit,
1648 4143 1883 4213 excellit,
1996 4142 2385 4212 Regulasaucti
2408 4140 2581 4196 Patris
2601 4141 3115 4209 nostriBasiliiquid
3136 4143 3278 4197 aliud
3305 4152 3447 4207 sunt,
3472 4142 3578 4196 nisi

300 4234 558 4290 abbatem
581 4233 871 4305 quemdam
895 4235 1192 4292 introducit
1227 4236 1297 4293 de
1324 4237 1495 4308 gratia
1523 4245 1578 4292 et
1604 4236 1775 4292 libero
1803 4251 1887 4290 ar-
1997 4232 2139 4287 bene
2156 4234 2473 4299 viventium,
2498 4242 2553 4289 et
2579 4232 2948 4289 obedientium
2973 4234 3359 4289 monachorum
3390 4250 3577 4290 exem-

297 4325 472 4382 bitrio
494 4326 877 4381 disserentem.
1930 4355 1937 4363 -
1998 4325 2085 4394 pla
2110 4335 2164 4380 et
2194 4326 2548 4407 instrumenta
2576 4326 2873 4381 virtutum?

383 4417 564 4474 Castor
594 4421 862 4491 episcopus
891 4422 932 4477 Α
975 4423 1131 4477 tensis
1170 4425 1224 4477 in
1254 4423 1469 4495 epistola
1494 4423 1721 4478 liminari
1747 4422 1816 4474 ad
1913 4418 1919 4429 ³
2125 4414 2423 4472 Gennadius
2455 4419 2716 4489 presbyter
2748 4418 3088 4474 Massiliensis
3109 4421 3164 4474 in
3194 4418 3442 4491 Catalogo

931 4441 1233 4549 gassianum
1256 4510 1274 4547 :
2463 4488 2756 4543 Illustrium
2784 4488 3021 4543 Virorum
3046 4500 3071 4526 ει
3098 4505 3113 4544 :

973 4496 1233 4548 assianum
1256 4488 1293 4547 ε’
2463 4488 2756 4543 Illustrium
2784 4488 3021 4543 Virorum
3046 4500 3071 4526 ει
3098 4505 3113 4544 :

380 4584 585 4641 Damno
614 4587 921 4642 sanctitatis
957 4587 1179 4659 speciali
1214 4587 1380 4659 gloria
1409 4580 1684 4653 decorata,
1727 4596 1891 4656 atque
1918 4610 1971 4670 Β
2070 4582 2360 4668 Cassianus
2384 4624 2398 4648 ,
2455 4583 2673 4637 natione
2736 4581 2934 4653 Scytha
2957 4626 2971 4649 ,
3029 4579 3495 4653 Constantinopoli
3546 4597 3579 4637 a

303 4692 410 4748 per
440 4680 611 4761 omnia
641 4681 996 4737 memorando
1034 4701 1047 4735 :
1080 4682 1174 4737 sed
1212 4689 1267 4736 et
1310 4682 1656 4737 scientiarum
1692 4682 1889 4735 decore
1996 4676 2200 4733 Joanne
2250 4676 2440 4747 Magno
2496 4676 2749 4746 episcopo
2792 4674 3051 4728 diaconus
3100 4674 3402 4742 ordinatus,
3435 4674 3580 4743 apud

297 4768 563 4841 pollenti,
596 4772 743 4826 Patri
773 4775 982 4830 scilicet
1008 4774 1270 4829 Cassiano
1295 4773 1506 4840 Castor,
1539 4783 1646 4829 etc.
1998 4769 2286 4824 Massiliam
2316 4767 2623 4839 presbyter,
2654 4765 2896 4821 condidit
2942 4766 3072 4832 duo,
3106 4766 3156 4821 id
3198 4777 3301 4831 est,
3332 4766 3577 4821 virorum

592 4863 655 4921 S.
687 4863 990 4921 Benedictus
1026 4868 1078 4920 in
1109 4866 1311 4939 Regula
1342 4885 1459 4937 cap.
1492 4866 1561 4922 24
1591 4885 1602 4919 :
1834 4938 1839 4939 γ
1998 4870 2053 4918 et
2084 4861 2367 4917 mulierum
2397 4860 2725 4916 mOuasteria
2750 4902 2765 4923 ,
2791 4875 2911 4929 quae
2952 4876 3123 4930 usque
3152 4859 3312 4916 hodie
3340 4867 3577 4915 exstant.

376 4956 623 5013 Monacbi
655 4959 800 5013 omni
832 4967 1104 5029 tempore,
1134 4938 1246 5015 sive
1271 4960 1496 5029 jejunii,
1533 4960 1646 5015 sive
1676 4938 1889 5029 prandii
2000 4955 2232 5024 Scripsit
2279 4953 2611 5023 experientia
2660 4951 3010 5021 magistrante
3035 4992 3051 5017 ,
3098 4952 3259 5020 plano
3300 4961 3353 5005 et
3382 4951 3579 5005 librato

292 5050 487 5116 fuerit,
517 5065 639 5105 mox
668 5059 729 5105 ut
774 5052 1111 5106 surrexerint
1139 5068 1166 5104 a
1198 5067 1347 5107 caena
1370 5093 1386 5119 ,
1428 5053 1654 5108 sedeant
1699 5065 1893 5108 omnes
2002 5061 2254 5103 sermone
2281 5086 2294 5109 ,
2326 5052 2387 5098 ut
2414 5053 2467 5097 et
2494 5044 2738 5111 apertius
2766 5044 2937 5097 dicam
2965 5083 2980 5109 ,
3025 5058 3185 5099 sensu
3222 5044 3384 5098 verba
3432 5044 3580 5095 inve-

292 5144 351 5199 in
377 5158 546 5198 unum
585 5186 600 5210 ,
642 5153 699 5199 et
743 5144 888 5215 legat
934 5158 1069 5200 unus
1114 5144 1464 5210 Collationes,
1506 5148 1589 5202 vel
1619 5146 1759 5201 vitas
1788 5144 1890 5199 Pa-
2005 5141 2181 5203 niens,
2213 5144 2268 5189 et
2297 5135 2511 5188 actione
2533 5133 2765 5201 linguam
2797 5149 3054 5202 movens,
3084 5151 3172 5190 res
3194 5135 3433 5188 omnium
3465 5147 3581 5185 mo-

294 5248 447 5290 imm
474 5277 489 5301 ,
533 5244 627 5290 aut
681 5247 832 5291 certe
876 5237 1080 5308 aliquid
1128 5238 1271 5308 quod
1315 5230 1544 5291 aediﬁcet
1586 5237 1886 5293 audientes.
2004 5229 2303 5285 nachorum
2332 5223 2653 5296 professioni
2682 5226 3041 5291 necessarias,
3076 5227 3125 5279 id
3154 5237 3255 5291 est,
3289 5226 3359 5279 de
3390 5223 3579 5279 habitu

294 5324 394 5400 (Et
424 5326 563 5396 infra
588 5327 647 5399 :)
703 5327 763 5384 Si
793 5339 973 5384 autem
1000 5328 1195 5399 jejunii
1224 5329 1341 5384 dies
1367 5327 1532 5383 fuerit
1552 5371 1567 5395 ,
1613 5330 1755 5383 dicta
1785 5329 1892 5385 Ve-
2006 5319 2282 5385 monachi,
2311 5318 2380 5374 de
2405 5316 2664 5371 canonico
2698 5316 3001 5369 orationum
3043 5326 3204 5385 atque
3250 5316 3580 5384 psalmorum

293 5433 484 5487 spera,
519 5432 689 5487 parvo
718 5421 1008 5477 intervallo
1036 5422 1162 5477 mox
1193 5420 1455 5477 accedant
1497 5420 1563 5475 ad
1596 5422 1884 5476 lectionem
2004 5413 2190 5481 modo,
2223 5411 2394 5484 quiin
2424 5405 2761 5463 monasteriis
2792 5404 3011 5474 Egypti
3064 5407 3153 5459 die
3197 5415 3466 5474 noctuque
3507 5415 3582 5461 te-

292 5510 681 5581 Collationum,
710 5522 772 5569 ut
800 5514 1056 5579 diximus,
1085 5525 1138 5569 et
1160 5515 1314 5570 lectis
1361 5524 1598 5585 quatuor
1625 5514 1888 5585 autquin-
2008 5516 2186 5574 netur,
2233 5504 2402 5559 libros
2442 5510 2574 5565 tres,
2621 5497 3024 5553 Institutionum
3054 5497 3249 5550 librum
3278 5512 3478 5561 unum,
3515 5497 3583 5551 de

289 5620 402 5676 que
434 5603 582 5661 foliis
602 5648 617 5675 ,
646 5608 735 5662 vel
756 5616 1018 5678 quantum
1052 5610 1181 5663 hora
1213 5608 1505 5679 permittit,
1554 5606 1802 5662 omnibus
1831 5588 1891 5661 in
2008 5600 2236 5668 origine,
2271 5604 2327 5651 et
2355 5593 2628 5664 qualitate,
2658 5605 2721 5644 ac
2744 5587 2997 5643 remediis
3025 5596 3178 5656 octo,
3204 5588 3586 5679 principalium

290 5712 466 5753 unum
488 5701 925 5769 accurrentibus,
951 5716 1048 5771 per
1079 5678 1446 5759 hancimoram
1476 5697 1746 5763 lectionis,
1779 5706 1889 5754 etc.
2008 5692 2267 5748 vitiorum
2298 5688 2465 5742 libros
2497 5692 2619 5740 octo
2647 5700 2662 5749 ;
2703 5680 2944 5751 singulos
2994 5681 3207 5739 scilicet
3250 5681 3318 5738 de
3356 5678 3585 5753 singulis

369 5838 399 5865 ⁸
433 5827 586 5900 fidem
642 5830 807 5885 habet
850 5831 1121 5887 Honorius
1171 5827 1673 5900 Augustodunensis
1710 5845 1721 5879 ε
1775 5826 1882 5900 nisi
2001 5822 2266 5879 lationum
2299 5816 2507 5883 titulos,
2533 5814 2649 5872 sive
2678 5826 2997 5889 argumenta
3023 5820 3252 5882 inferius
3279 5820 3585 5887 interserit.

282 5899 447 5974 quod
475 5915 577 5970 pro
604 5900 811 5971 Scytha
839 5902 1028 5961 Afrum
1062 5896 1289 5968 astruit}
1329 5909 1383 5958 et
1410 5900 1744 5973 singularum
1769 5896 1889 5957 col-

3324 6013 3351 6021 -ο
