4036 6218
444 404 509 460 ι’]
1263 393 1354 451 AD
1397 390 1623 448 OPERA
1657 379 1935 444 JOANNIS
1970 374 2286 436 CASSIANI
2323 366 2847 433 PROLEGOMENA.
3632 362 3706 424 ιε

445 516 588 572 vitiis
634 514 802 569 libros
842 510 1160 582 expediens.
1210 506 1445 577 Digessit
1490 504 1649 558 etiam
1690 499 2022 556 Collationes
2049 490 2104 553 Δ
2127 490 2379 546 monachi
2406 534 2420 557 ,
2456 506 2551 560 per
2579 497 2752 544 cretus
2783 487 2904 541 illos
2933 481 3199 540 distributi
3226 523 3241 548 ,
3294 494 3429 552 quos
3457 496 3527 537 ex
3555 482 3712 538 vocis

447 622 568 663 cum
593 606 842 662 Patribus
864 579 1085 676 Egypti
1108 600 1354 655 habitans
1380 616 1392 649 :
1426 604 1481 650 et
1508 595 1575 648 ad
1604 604 1907 649 extremum
1934 604 2024 643 ro—
2129 592 2336 661 origine
2364 589 2530 659 petita
2558 587 2767 642 ratione
2790 582 3032 640 coenobia
3059 581 3362 637 nominant.
3393 579 3545 633 Alter
3574 593 3713 649 quo-

424 699 602 773 'gatus
624 715 654 754 a
682 700 863 754 Leone
881 671 1287 763 archidiacono,
1319 701 1508 763 postea
1531 691 1680 747 urbis
1699 689 1885 742 Romae
1908 683 2024 753 epi-
2130 698 2234 754 que
2278 682 2416 739 liber
2445 680 2617 736 eidem
2650 678 2942 747 inscriptus
2968 674 3035 729 ab
3065 682 3187 730 octo
3227 672 3334 727 illis
3360 671 3592 742 (vitiosis
3618 685 3716 725 co-

449 762 637 861 scopo,
666 792 883 860 scripsit
920 762 1176 843 adversus
1214 762 1524 841 Nestorium
1556 782 1624 837 de
1655 776 2027 835 lncarnatione
2130 773 2503 845 gitationibus)
2534 772 2751 827 titulum
2779 777 3079 833 mutuatur,
3114 765 3306 837 quibus
3336 764 3536 835 gulam,
3567 762 3717 817 luxux

382 926 389 935 .
452 882 664 937 Domini
692 881 860 935 libros
887 887 1124 947 septem;
1150 883 1204 931 et
1227 876 1280 930 in
1310 875 1394 930 his
1422 871 1697 929 scribendi
1726 868 1869 940 apud
1891 867 2029 921 Mas—
2130 870 2266 925 riam
2321 866 2623 930 avaritiam,
2658 866 2812 927 iram,
2849 859 3144 925 invidiam,
3177 857 3417 913 acediam
3444 901 3457 923 ,
3493 856 3716 909 inanem

449 976 625 1029 siliam
651 1016 667 1041 ,
700 982 754 1027 et
776 971 986 1027 vivendi
1020 971 1182 1025 finem
1210 969 1380 1035 fecit,
1416 967 1724 1023 Theodosio
1749 971 1804 1018 et
1834 961 2029 1016 Valen-
2132 961 2383 1032 gloriam,
2417 967 2579 1027 atque
2604 954 2909 1025 superbiam
2942 951 3214 1015 attribuit;
3246 948 3531 1003 utilissima
3560 960 3719 1009 vero,

453 1066 660 1122 tiniano
690 1063 1057 1135 regnantibus.
2134 1051 2180 1105 si
2206 1065 2327 1120 quae
2356 1047 2487 1113 alia,
2530 1046 2651 1135 haee
2694 1047 2760 1100 iis
2789 1054 2914 1099 sunt
2956 1041 3301 1113 pronuntiata
3327 1081 3339 1104 ,
3385 1039 3474 1108 qui
3502 1036 3723 1107 religio-

1011 1155 1076 1210 S.
1120 1153 1427 1226 Fulgentius
1452 1169 1472 1207 :
2134 1156 2251 1197 sam
2276 1141 2414 1195 inire
2440 1140 2609 1194 vitam
2633 1123 2876 1207 cupiunt.
2915 1136 2983 1190 Et
3011 1150 3142 1189 vero
3174 1141 3316 1188 tanta
3348 1131 3414 1186 iis
3439 1131 3521 1184 vis
3550 1131 3720 1197 inest,

525 1249 585 1305 S.
614 1246 931 1316 Fulgentius
957 1219 1261 1315 Ruspensis
1290 1246 1600 1314 episcopus,
1634 1251 1693 1296 ut
1720 1239 1910 1297 scribit
1939 1251 2033 1290 au-
2136 1247 2201 1287 ac
2231 1231 2382 1300 quasi
2410 1229 2685 1294 divinitas,
2720 1235 2779 1282 ut
2802 1236 2861 1282 et
2889 1225 2942 1281 in
2974 1226 3117 1280 hunc
3145 1237 3313 1293 usque
3337 1221 3505 1287 diem,
3537 1219 3581 1274 si
3602 1219 3727 1289 quis

455 1348 573 1396 ctor
593 1337 1261 1407 vitae.ejus,JEgyptiorum
1285 1336 1672 1391 monachorum
1701 1335 1840 1387 vitas
1863 1330 2036 1385 admi-

458 1431 654 1487 rabiles
701 1431 888 1500 legens
920 1430 1324 1484 lustitutionum
1366 1428 1526 1485 simul
1574 1436 1736 1497 atque
1778 1425 2039 1480 Collatio-

459 1542 587 1581 num
628 1527 861 1596 spiritali
901 1527 1256 1582 meditatione
1314 1540 1647 1590 succensus,
1713 1530 2039 1576 memoratas

458 1628 630 1673 terras
677 1619 893 1688 navigio
938 1629 1126 1689 petere
1173 1620 1380 1685 statuit,
1433 1618 1641 1672 duabus
1683 1614 1934 1669 videlicet
1972 1625 2041 1665 ex

459 1710 663 1777 causis,
694 1720 752 1767 ut
783 1711 868 1766 vel
897 1711 970 1767 ibi
1001 1711 1248 1780 deposito
1278 1710 1497 1765 nomine
1538 1708 1779 1773 abbatis,
1810 1705 1909 1759 sub
1936 1703 2044 1758 Re—

461 1803 585 1873 gula
615 1804 818 1857 viveret
841 1804 894 1857 in
925 1804 1257 1868 humilitate;
1286 1801 1370 1857 vel
1390 1798 1738 1856 districtioris
1759 1795 2040 1852 abstinen-

468 1896 558 1949 tiae
582 1895 787 1965 legibus
812 1895 1155 1951 subderetur.

520 2005 861 2063 Cassiodorus
886 2008 953 2061 ad
983 2024 1101 2062 suos
1130 2006 1409 2061 monachos
1442 2004 1756 2059 Vivariensis
1782 1999 1991 2055 coenobii

682 2078 774 2131 lib.
806 2080 867 2131 de
883 2078 1211 2133 Institutione
1240 2079 1399 2132 divin.
1432 2078 1551 2131 lect.
1585 2093 1699 2146 cap.
1730 2074 1833 2127 29:

534 2166 853 2251 Cassianum
904 2169 1308 2239 presbyterum,
1341 2168 1431 2237 qui
1475 2167 1691 2234 scripsit
1733 2163 1799 2218 de
1826 2160 2049 2217 Institu-

466 2262 613 2316 tione
636 2261 883 2316 fidelium
916 2261 1331 2325 monachorum,
1359 2258 1549 2314 sedulo
1573 2256 1767 2327 legite,
1796 2254 2053 2323 frequen-

465 2363 547 2409 ter
577 2353 797 2411 audite;
848 2352 942 2420 qui
990 2351 1133 2407 inter
1180 2352 1295 2421 ipsa
1348 2351 1519 2404 sancti
1569 2346 1837 2417 propositi
1877 2344 2049 2409 initia,

466 2460 590 2505 octo
614 2447 936 2520 principalia
962 2445 1092 2499 vitia
1121 2445 1253 2499 dicit
1273 2459 1397 2499 esse
1425 2444 1700 2513 fugienda.
1732 2442 1833 2496 Hic
1860 2442 2053 2495 noxios

467 2551 647 2599 motus
692 2541 997 2593 animorum
1038 2539 1111 2591 ita
1160 2546 1533 2606 competenter
1566 2536 1848 2599 insinuat,
1879 2544 1937 2587 ut
1959 2548 2053 2586 ex-

468 2647 654 2689 cessus
701 2646 827 2686 suos
870 2630 1143 2685 hominem
1190 2631 1337 2699 prius
1380 2629 1564 2683 videre
1592 2627 1771 2695 faciat,
1804 2635 1857 2680 et
1886 2624 2056 2678 vitare

468 2724 794 2794 compellat,
844 2738 978 2792 quos
1018 2734 1176 2777 antea
1220 2720 1534 2776 confusione
1571 2719 1812 2789 caliginis
1843 2717 2059 2787 ignora-

469 2817 596 2872 bat:
626 2816 718 2886 qui
746 2826 924 2869 tnmen
949 2815 1017 2869 de
1041 2815 1212 2869 libero
1241 2813 1465 2868 arbitrio
1496 2829 1525 2865 a
1554 2812 1613 2865 Β,
1640 2810 1910 2878 Prospero
1935 2808 2057 2876 jure

469 2908 713 2975 culpatus
742 2915 843 2961 est.
886 2904 1039 2961 Unde
1070 2919 1350 2959 monemus
1379 2912 1437 2958 ut
1466 2906 1520 2957 in
1548 2901 1707 2957 rebus
1735 2900 1935 2955 talibus
1962 2913 2060 2954 ex-

473 2998 753 3056 cedentem
783 2999 883 3053 sub
908 2998 1117 3053 cautela
1144 2999 1322 3068 legere
1342 2997 1603 3052 debeatis.

706 3090 855 3145 Idem
884 3092 937 3143 in
965 3092 1279 3163 expositione
1310 3091 1496 3161 psalmi
1527 3088 1712 3143 LXIX
1744 3099 1769 3126 ⁸
1795 3106 1811 3144 :

545 3182 696 3236 Hunc
731 3183 908 3237 locum
959 3183 1371 3237 facundissimus
1417 3182 1707 3235 Cassianus
1749 3181 1804 3233 in
1848 3180 2060 3234 decima

474 3273 798 3336 Cullatione,
828 3274 1059 3343 plurima
1085 3274 1151 3328 de
1176 3273 1292 3341 ejus
1319 3272 1551 3326 utilitate
1579 3272 1877 3335 disserens,
1908 3279 2060 3323 tanto

472 3368 677 3422 honore
704 3365 1069 3433 concelebrat,
1101 3375 1160 3420 ut
1189 3363 1446 3434 quidquid
1474 3363 1727 3418 monachi
1751 3377 2061 3433 assumpse-

472 3462 609 3529 rint,
658 3462 777 3516 sine
826 3460 985 3530 hujus
1031 3458 1287 3514 versiculi
1336 3460 1473 3512 trina
1514 3457 1803 3512 iteratione
1838 3472 1945 3511 non
1972 3455 2062 3510 in-

475 3553 610 3607 choa
620 3562 759 3608 rent.

682 3644 908 3701 Joannes
938 3644 1199 3701 Climacus
1226 3644 1394 3718 gradu
1422 3643 1456 3697 4
1481 3658 1591 3698 sua:
1620 3642 1828 3699 Scalw:

544 3738 624 3793 Ex
669 3738 977 3794 obedientia
1026 3737 1302 3792 humilitas
1330 3735 1608 3800 nascitur;
1662 3750 1727 3789 ex
1756 3733 2061 3789 humilitate

473 3831 728 3887 discretio
753 3874 768 3897 ,
811 3840 868 3886 ut
914 3846 943 3885 a
991 3846 1185 3903 magno
1222 3845 1437 3900 quoque
1478 3827 1741 3884 Cassiano
1771 3829 1825 3882 in
1853 3843 1918 3882 eo
1942 3842 2062 3884 ser-

475 3939 635 3978 mone
660 3940 817 3992 quem
844 3925 912 3978 de
934 3924 1267 3979 discretione
1288 3924 1629 3994 conscripsit,
1654 3924 2056 3989 venustissime,

477 4026 639 4083 atque
661 4015 923 4068 altissime
955 4014 1283 4083 disputatum
1312 4024 1412 4069 est.

482 4126 771 4198 Gregorius
820 4125 1104 4198 Turonicns
1129 4127 1242 4198 iiii.
1280 4142 1313 4178 x
1345 4126 1547 4198 Htsto_r.
1579 4124 1774 4198 Eranc.
1804 4141 1917 4193 cap.
1949 4124 2019 4178 29
2040 4167 2058 4191 ,

767 4213 921 4269 agens
950 4197 1012 4250 de
1042 4195 1257 4267 Pelagia
1288 4206 1447 4247 matre
1478 4194 1538 4249 S.
1572 4195 1767 4246 Aredii.

548 4290 869 4345 Cmnobium
922 4287 1155 4357 (inquit)
1188 4285 1468 4350 fundavit,
1512 4289 1564 4340 in
1594 4302 1701 4355 quo
1740 4301 1844 4340 non
1900 4283 2060 4340 modo

479 4382 752 4448 Cassiani,
784 4396 966 4435 verum
1013 4380 1175 4433 etiam
1206 4378 1423 4447 Basilii,
1453 4388 1508 4433 et
1542 4379 1869 4448 reliquorum
1895 4378 2063 4433 abba-

479 4483 591 4527 tum
618 4515 632 4539 ,
666 4474 755 4542 qui
790 4471 1223 4526 monasterialem
1266 4470 1430 4524 vitam
1474 4471 1859 4539 instituerunt,
1912 4470 2060 4525 cele-

478 4567 703 4621 brantur
735 4563 988 4633 Regulae;
1036 4564 1187 4618 beata
1215 4562 1440 4619 muliere
1482 4565 1681 4619 victum
1712 4573 1869 4634 atque
1895 4564 2063 4620 vesti-

478 4668 594 4710 tum
629 4655 852 4725 singulis
880 4655 1240 4710 ministrante.

482 4748 705 4804 Photius
723 4748 892 4819 episco
898 4764 993 4816 pus
1011 4746 1398 4817 Constantinop.
1416 4745 1743 4801 Bibliotheca:
1758 4749 1873 4802 cod.
1896 4748 1996 4803 197
2008 4747 2060 4802 1t:

557 4840 803 4898 Cassiani
829 4840 1079 4895 monachi
1109 4828 1329 4909 Regulae
1352 4840 1737 4895 monachorum
1765 4840 1980 4912 {Egypti
2012 4853 2059 4909 c;
2094 4866 2097 4867 ν

478 4936 557 4990 De
599 4941 723 4989 octo
754 4933 961 4987 vitiosis
989 4932 1439 5003 cogitationibus;
1483 4932 1726 4988 Libellus
1755 4934 1912 4989 trium
1940 4935 2065 4991 Col—
2102 4918 2105 4921 λ

476 5029 760 5087 lationum.
793 5026 990 5082 Lectus
1018 5025 1235 5081 libellus
1262 5041 1367 5095 quo
1391 5027 1629 5081 Cassiani
1660 5027 1906 5083 Monachi
1938 5026 2064 5098 (pa-

479 5122 583 5173 tria
607 5116 634 5156 ά
666 5118 919 5189 Romani)
944 5118 1080 5181 libro
1103 5117 1211 5172 duo
1233 5118 1645 5173 continebantur
1670 5134 1889 5174 :eorum
1925 5118 2062 5177 alter

479 5212 691 5267 Castori
736 5210 946 5267 cuidam
980 5211 1236 5281 episcopo
1278 5221 1636 5285 nuncupatur,
1680 5212 1773 5282 qui
1805 5213 1946 5269 hunc
1992 5213 2061 5270 ab

479 5304 577 5359 illo
634 5304 798 5360 scribi
864 5304 1179 5374 postularat.
1245 5303 1698 5379 Formasautem
1739 5320 1801 5358 ac
1849 5307 2062 5376 regulas

480 5400 809 5468 praescribit,
846 5414 913 5455 ex
937 5414 1162 5470 quarum
1193 5400 1507 5468 praescripto
1538 5398 1726 5452 vivunt
1750 5398 1804 5452 in
1827 5398 2060 5470 Egypto

557 5588 582 5614 ι
606 5576 759 5645 Quod
793 5579 1002 5635 scilicet
1028 5578 1241 5649 incipit,
1270 5576 1430 5645 Deus,
1457 5578 1511 5631 in
1546 5577 1860 5650 adjutorium
1896 5594 2067 5634 meum
2092 5568 2123 5642 δ

2094 5706 2095 5709 η
2182 5650 2333 5705 tham
2356 5645 2574 5704 natione
2598 5646 2767 5702 fuisse
2791 5646 2867 5698 ait
2894 5645 3225 5700 Gennadius.

487 5650 690 5702 intende
708 5689 723 5714 ,
755 5658 861 5703 etc.

556 5718 582 5755 ι)
624 5719 701 5771 Ex
731 5720 982 5773 versione
1012 5720 1072 5774 P.
1105 5719 1338 5775 Andrete
1370 5720 1561 5776 Scotti.

556 5797 579 5826 ο
620 5786 709 5841 Sic
754 5787 875 5865 iste_
902 5790 1066 5844 libros
1117 5790 1366 5847 Cassiani
1395 5790 1698 5865 inscripsit,
1752 5808 1886 5865 quos
1924 5793 2068 5865 vidit

489 5858 679 5919 Grece
709 5857 1021 5915 translatos.
1564 5857 1581 5865 ·
1686 5857 1695 5861 -
1770 5857 1784 5865 -
1902 5864 1909 5869 ρ

2139 1323 2530 1379 monachorum
2557 1328 2854 1374 conventus
2883 1318 2982 1373 hac
3008 1333 3075 1372 ex
3103 1316 3294 1377 forma,
3322 1322 3377 1368 et
3408 1311 3557 1366 hisce
3582 1324 3732 1379 pra:-

2139 1416 2476 1487 ceptionibus
2532 1414 2886 1484 gubernetur,
2947 1424 3139 1464 revera
3201 1406 3465 1474 tantisper
3513 1403 3732 1466 ﬂoreat,

2140 1509 2469 1577 ceterisque
2496 1506 2801 1574 praelucens
2848 1502 3105 1556 virtutum
3140 1514 3262 1554 esse
3287 1496 3506 1551 officina
3532 1508 3735 1549 cerna-

2142 1612 2257 1655 tur:
2282 1614 2403 1654 cum
2415 1597 2506 1667 qui
2527 1596 2643 1651 haec
2663 1593 2958 1663 repudiarit
2978 1599 3173 1656 coetus,
3198 1590 3381 1659 parvis
3408 1584 3737 1656 quibusdam

2143 1694 2403 1748 virtutum
2436 1688 2681 1758 reliquiis
2712 1690 3040 1751 instructus,
3074 1682 3242 1738 veluti
3285 1682 3339 1735 in
3368 1678 3619 1734 fluctibus
3646 1678 3739 1746 ja-

2145 1794 2341 1849 ctetur,
2378 1783 2463 1837 vel
2506 1783 2671 1836 etiam
2708 1779 3045 1849 naufragium
3083 1776 3263 1831 faciat.
3306 1774 3486 1840 Quare
3514 1769 3740 1840 expedit

2078 1868 2126 1927 B
2154 1876 2290 1931 nihil
2328 1861 2514 1931 eorum
2536 1916 2550 1939 ,
2590 1888 2711 1942 quae
2740 1872 2815 1927 ibi
2850 1871 3154 1935 traduntur,
3186 1876 3557 1922 contemnere.
3595 1863 3741 1918 Nam

2154 1968 2450 2024 Dominicm
2484 1968 2602 2020 haec
2636 1965 2769 2033 legis
2808 1971 2973 2029 sunt,
3008 1954 3167 2031 atque
3196 1958 3533 2029 Evangelicte
3571 1956 3743 2012 disci-

2152 2060 2314 2129 plina:
2359 2057 2624 2127 expositio
2676 2066 2730 2111 et
2773 2054 3100 2123 explanatio.
3159 2050 3428 2106 Cmterum
3485 2046 3743 2103 sensibus

2154 2157 2271 2225 ipsa
2317 2168 2534 2224 quoque
2580 2149 2723 2220 apud
2756 2163 2880 2204 eum
2924 2144 3217 2215 respondet
3246 2143 3501 2206 elocutio,
3532 2149 3591 2195 ut
3616 2155 3744 2211 quas

2155 2263 2263 2301 non
2314 2246 2753 2314 perspicuitatem
2802 2241 2976 2295 solum
3020 2237 3248 2300 afferat,
3290 2235 3384 2291 sed
3426 2250 3489 2291 ea
3519 2235 3747 2303 insuper

2153 2342 2226 2394 sit
2250 2339 2505 2393 facultate
2536 2335 2784 2406 j’irzcdita,
2815 2343 2871 2388 ut
2895 2332 3053 2387 facile
3108 2345 3170 2385 ac
3203 2330 3322 2383 sine
3350 2328 3463 2382 ulla
3492 2328 3543 2381 vi
3567 2326 3745 2381 homio

2156 2447 2283 2486 num
2311 2430 2506 2484 animis
2532 2428 2892 2498 impritnatur,
2924 2425 3055 2493 quin
3104 2430 3159 2476 et
3196 2420 3414 2476 eosdem
3447 2417 3748 2488 pervadere

2156 2536 2318 2594 atque
2348 2523 2415 2577 ad
2445 2524 2748 2577 institutum
2765 2535 2924 2575 suum
2942 2516 3220 2572 attrahere
3245 2522 3420 2584 queat.
3461 2512 3629 2565 Immo
3659 2526 3750 2566 sa-

2159 2616 2370 2685 pienter
2402 2612 2541 2668 adeo
2567 2621 2692 2667 sunt
2723 2610 2923 2675 omnia,
2949 2615 3003 2663 et
3024 2607 3213 2662 dextre
3258 2612 3556 2674 temperata
3580 2610 3751 2672 atque

2158 2709 2440 2766 efformata
2467 2752 2481 2776 ,
2515 2716 2573 2761 ut
2620 2720 2719 2761 nec
2762 2703 3078 2773 tropologiis
3126 2701 3261 2754 liber
3284 2698 3551 2753 secundus
3580 2696 3751 2751 desti-

2158 2810 2373 2867 tuatur,
2396 2800 2493 2855 sed
2524 2799 2692 2853 multa
2720 2796 3000 2851 contineat
3039 2807 3159 2864 quae
3196 2790 3536 2847 demulceant
3583 2800 3753 2859 atque

2159 2893 2437 2949 alliciant:
2471 2906 2535 2945 ac
2564 2890 2718 2960 plura
2750 2889 2948 2951 etiam,
2983 2901 3101 2955 quae
3133 2899 3257 2938 cum
3285 2890 3486 2937 metum
3530 2895 3592 2935 ac
3632 2888 3752 2936 ter-

2160 3002 2341 3041 rorem
2369 2985 2662 3050 incutiant,
2692 2994 2804 3038 tum
2836 2980 3211 3052 paenitentiam
3236 2975 3608 3033 commovendi
3636 2976 3753 3030 vim

2164 3081 2424 3135 habeant.
2478 3079 2718 3135 Tertium
2755 3077 2843 3131 his
2871 3075 3183 3143 adjunctum
3217 3071 3463 3126 libellum
3500 3069 3750 3139 legimus,

2164 3188 2327 3243 quem
2375 3187 2405 3225 a
2430 3169 2673 3225 Castoris
2701 3169 2940 3237 episcopi
2983 3178 3158 3224 morte
3188 3165 3471 3234 inscripsit
3515 3162 3755 3219 cmnobii

2113 3255 2134 3301 λ
2166 3266 2313 3321 illius
2335 3264 2686 3327 moderatori,
2708 3263 2864 3331 cujus
2882 3262 3116 3317 emnobii
3138 3274 3320 3322 causa,
3337 3268 3391 3312 et
3406 3256 3629 3327 Regula:
3644 3255 3758 3309 illae

2166 3360 2319 3430 prius
2340 3359 2521 3413 missa:
2542 3356 2777 3412 fuerant.
2800 3355 2901 3423 Qui
2922 3356 3139 3425 quidem
3160 3353 3376 3408 libellus
3396 3352 3463 3405 iis
3490 3365 3623 3420 quos
3641 3350 3758 3418 jam

2167 3449 2642 3507 annumeravimus
2663 3448 2922 3503 assimilis
2967 3456 3067 3501 est.
3118 3448 3283 3499 Docet
3310 3445 3453 3499 enim
3479 3440 3754 3511 inprimis

2070 3564 2079 3598 ρ
2165 3545 2297 3616 quid
2326 3543 2585 3600 discretio
2608 3543 2698 3609 sit,
2728 3550 2832 3597 etc.
2875 3540 3010 3595 Vide
3040 3547 3240 3595 caetera
3269 3538 3407 3609 apud
3440 3535 3713 3591 eumdem.

2378 3638 2621 3693 Rabanus
2648 3636 2716 3690 ad
2744 3652 2791 3689 ε.
2818 3634 2885 3689 58
2913 3635 3126 3705 Regula:
3148 3632 3219 3689 D.
3236 3632 3541 3687 Benedicti:

2241 3736 2395 3792 Sicut
2418 3743 2474 3789 et
2494 3731 2785 3788 Cassianus
2807 3729 2881 3783 ait
2907 3727 3320 3784 :Relicientibus
3343 3725 3601 3781 fratribus
3627 3737 3761 3778 san-

2170 3839 2272 3886 ctae
2301 3829 2563 3885 lectiones
2596 3827 2865 3896 legantur,
2896 3830 3003 3877 etc.
3044 3818 3049 3819 7

2172 3945 2513 4000 Burchardus
2543 3943 2811 4013 episcopus
2849 3936 3225 4013 Kormatiensis
3253 3935 3472 4013 lib._vnt
3502 3951 3617 4005 cap.
3660 3931 3754 4000 77,

2507 4006 2821 4067 ex'Concilio
2845 4009 3156 4081 Maguntino
3190 4024 3306 4076 cap.
3339 4006 3374 4062 6
3401 4025 3412 4058 :

2242 4103 2696 4160 Sanctimoniales
2744 4103 2799 4155 in
2851 4102 3182 4156 monasterio
3225 4097 3536 4154 constituta:
3582 4096 3765 4150 omni-

2171 4195 2271 4249 bus
2303 4194 2493 4247 diebus
2524 4192 2589 4245 ad
2622 4189 2917 4260 capitulum
2948 4198 3003 4242 et
3032 4191 3097 4242 ad
3127 4188 3459 4244 Collationes
3508 4187 3755 4254 veniant,

2172 4294 2227 4342 et
2280 4283 2521 4354 regulam
2573 4297 2601 4333 a
2645 4282 2742 4336 SS.
2772 4278 3020 4333 Patribus
3067 4278 3175 4332 illis
3223 4281 3571 4334 constitutam
3625 4278 3763 4331 dili-

2170 4388 2363 4449 genter
2394 4378 2709 4432 observent.

2245 4472 2437 4527 lisdem
2487 4468 2599 4523 fere
2648 4465 2829 4521 verbis
2873 4463 3018 4532 apud
3060 4462 3277 4519 lvonem
3328 4473 3467 4533 part.
3500 4479 3570 4516 vn
3600 4478 3650 4515 c.
3681 4464 3764 4518 95

2169 4566 2451 4639 profertur
2494 4577 2667 4618 canon
2714 4561 2783 4617 59
2823 4558 3035 4613 concilii
3086 4559 3311 4612 secundi
3352 4555 3760 4622 Cabilonensis,

2170 4673 2283 4730 quo
2314 4655 2628 4727 praecipitur
2677 4661 2736 4706 ut
2780 4648 3221 4705 sanctimoniales
3269 4647 3520 4705 omnibus
3563 4644 3767 4701 diebus

2170 4752 2242 4807 ad
2271 4748 2635 4804 Collationem
2664 4746 2904 4800 veniant.
3604 4736 3618 4755 ‘

2274 4842 2466 4898 Petrus
2488 4838 2731 4893 Damiani
2752 4836 3034 4891 cardinaiis
3064 4838 3334 4908 cpisCOpus
3366 4833 3658 4889 Ostiensis:

2249 4936 2443 4991 Petrus
2477 4931 2719 4987 Damiani
2768 4930 2863 4985 lib.
2915 4945 2946 4983 ν
2993 4930 3149 4999 epist.
3202 4929 3285 4994 i9,
3337 4926 3424 4980 ubi
3452 4925 3518 4980 de
3558 4923 3761 4980 vestitu

2180 5025 2576 5084 monachorum
2608 5031 2664 5077 et
2692 5023 3014 5077 clericorum
3041 5022 3149 5089 agit
3176 5036 3189 5072 :
3213 5017 3369 5086 Quod
3400 5019 3445 5072 si
3476 5017 3628 5072 vobis
3658 5015 3764 5069 du-

2178 5121 2327 5175 bium
2351 5116 2584 5181 videtur,
2618 5116 2814 5171 saltem
2841 5122 3147 5170 vestrarum
3180 5112 3412 5179 partium
3443 5107 3762 5166 testimonio

2176 5225 2361 5267 aurem
2378 5208 2814 5264 accommodate:
2838 5207 2998 5276 legite
3018 5204 3350 5260 Collationes
3362 5205 3604 5270 Patrum,
3621 5215 3760 5272 quas

2176 5302 2485 5361 Eucherius
2516 5299 2898 5372 Lugdunensis
2926 5298 3217 5367 episcopus
3252 5298 3476 5353 elimato
3500 5307 3760 5352 sermone

2178 5396 2497 5453 abbreviare
2521 5394 2771 5451 studuit:
2816 5400 2871 5447 et
2913 5389 2961 5444 si
2993 5390 3147 5447 nobis
3176 5390 3401 5446 credere
3430 5404 3539 5445 non
3566 5386 3756 5453 vultis,

2253 5576 2283 5616 τι
2321 5579 2403 5633 An
2428 5579 2552 5648 quia
2574 5577 2712 5648 inter
2741 5574 2962 5648 Latinos
2989 5572 3241 5648 Massilia:
3262 5570 3436 5626 vixit?
3466 5568 3598 5623 Nam
3622 5566 3763 5639 Scy-

2224 5720 2331 5776 r~lta
2381 5719 2619 5777 Scottus.
2645 5717 2760 5787 Ego
2804 5725 2935 5787 puto
2975 5713 3227 5773 mendum
3257 5727 3410 5781 esse,
3438 5710 3526 5767 vel
3554 5710 3625 5767 ab
3650 5710 3761 5772 alio

2109 5860 2133 5872 ιν
2183 5792 2429 5851 additum
2446 5826 2463 5853 ,
2518 5838 2533 5847 κ
