4026 6212
359 221 453 286 to

374 441 521 499 hanc
548 446 801 516 paginam
833 451 1196 509 exaravimus.

939 543 1001 599 S.
1031 544 1336 606 Dominicus
1359 560 1414 605 ιε

444 626 505 683 S.
551 629 881 700 Dominicus,
935 638 1076 693 utin
1125 641 1243 710 ejus
1292 644 1401 699 vita
1442 646 1657 717 legitur,
1704 658 1952 722 satagens

367 721 737 791 perfectorum
768 727 968 785 imitari
999 735 1248 805 vestigia,
1278 746 1331 792 et
1361 738 1427 793 ad
1454 740 1714 797 virtutum
1738 721 1950 815 fastigia

365 816 718 886 contendere,
760 819 958 876 librum
1010 824 1188 896 illum,
1230 830 1320 899 qui
1364 832 1693 891 Collationes
1728 836 1949 894 Patrum

366 906 707 974 inscribitur,
755 913 997 971 studiose
1042 910 1328 988 legendum
1381 926 1636 995 suscepit,
1694 927 1948 999 deditque

366 1016 584 1072 operam
611 1014 672 1060 ut
705 1006 841 1062 lecta
887 1011 1242 1083 intelligentia
1271 1021 1782 1088 comprehenderet,
1814 1023 1945 1081 atie-

290 1075 317 1108 "'
363 1104 452 1149 ctu
476 1099 940 1165 sentiret,'ell'ectu
963 1118 1380 1178 exsequeretur,
1406 1110 1597 1169 didicit
1615 1116 1761 1170 enim
1787 1132 1852 1172 ex
1876 1133 1943 1175 eo

361 1188 655 1257 puritatem
687 1194 891 1261 cordis,
944 1200 1414 1270 contemplationis
1453 1205 1618 1273 viam,
1664 1209 1939 1265 omnium-

362 1293 471 1346 que
493 1280 751 1337 virtutum
783 1285 1195 1353 perfectionem.

366 1367 669 1427 Vincentius
708 1373 1405 1525 Βειιουαῖῗίιεῗχερέεἷὲρέιξ,
1437 1386 1652 1457 Specul.
1678 1390 1938 1448 historici.

429 1531 642 1589 Claruit
669 1550 735 1592 eo
766 1548 1014 1610 tempore
1047 1545 1297 1613 (Honorii
1326 1547 1552 1621 imper.)
1576 1552 1661 1606 vir
1687 1554 1932 1623 illustris,

354 1625 595 1692 prudens
624 1638 679 1682 et
706 1629 994 1701 facundus,
1025 1635 1281 1692 Joannes‘
1303 1639 1561 1709 Eremita.
1604 1646 1697 1713 qui
1726 1656 1780 1701 et
1807 1648 1935 1703 Cas-

355 1716 561 1771 sianus.
612 1718 711 1773 llic
756 1722 928 1778 multa
970 1725 1229 1795 scripsit:
1257 1730 1399 1786 inter
1427 1748 1546 1803 quae
1592 1736 1751 1791 etiam
1795 1740 1932 1795 vitas
1960 1764 2011 1825 Β

354 1807 573 1863 Patrum
602 1812 658 1865 in
686 1812 926 1884 Egypto
971 1828 1298 1888 compertas,
1343 1823 1727 1897 doctrinasque
1755 1839 1809 1885 et
1846 1847 1935 1888 re-

348 1899 507 1967 gulas
535 1900 677 1956 datis
714 1904 781 1958 ad
806 1905 1070 1974 plurimos
1097 1909 1249 1966 libris
1272 1914 1535 1983 exposuit.
1582 1917 1683 1987 (Et
1713 1921 1854 1989 infra
1878 1922 1931 1994 :)

348 1994 514 2049 Certe
543 1995 705 2064 hujus
734 2000 994 2068 opuscula
1042 2004 1266 2060 multam
1296 2007 1706 2066 :edificationem
1752 2016 1931 2069 conti-

354 2094 493 2140 nent
538 2087 860 2156 animarum,
904 2100 958 2146 et
1003 2093 1276 2152 luculento
1324 2114 1578 2156 sermone
1617 2104 1924 2161 nitescunt:

348 2191 455 2232 nec
484 2178 623 2233 inter
664 2181 835 2235 multa
864 2184 1208 2254 antiquorum
1237 2193 1493 2259 opuscula
1530 2195 1825 2266 quidquam
1860 2200 1929 2255 ad

337 2269 661 2337 spirituales
685 2273 987 2343 profectus,
1014 2286 1175 2349 atque
1199 2282 1549 2350 perfectionis
1576 2288 1782 2356 apicem
1807 2299 1925 2345 ten-

342 2362 501 2417 denti
530 2365 715 2420 utilius
754 2368 989 2425 arbitror
1032 2388 1119 2428 me
1160 2374 1375 2445 legisse.
1403 2377 1536 2433 Nam
1568 2390 1622 2435 et
1659 2382 1722 2436 Β.
1767 2384 1929 2441 Pater

343 2465 538 2511 noster
562 2458 899 2528 Dominicus,
927 2473 987 2518 ut
1017 2466 1070 2519 in
1099 2467 1215 2536 eius
1241 2470 1350 2524 vita
1381 2471 1595 2542 legitur,
1626 2474 1822 2531 librum
1861 2479 1928 2532 il-

340 2549 457 2631 lum
490 2551 584 2619 qui
606 2551 943 2611 Collationes
972 2557 1194 2614 Patrum
1221 2562 1560 2631 inscribitur,
1584 2568 1825 2624 studiose
1847 2569 1925 2625 le-

336 2626 497 2711 gens,
529 2658 592 2699 ac
620 2644 908 2715 vigilanter
933 2650 1265 2722 intelligens,
1299 2656 1498 2711 salutis
1523 2657 1576 2712 in
1604 2673 1669 2714 eo
1694 2660 1923 2716 rimatus

339 2738 591 2803 semitas,
626 2754 880 2809 magnum
912 2742 1265 2811 perfectionis
1292 2748 1504 2815 apicem
1540 2753 1919 2820 apprehendit.

338 2828 472 2897 Agit
511 2829 779 2899 siquidem
823 2833 960 2888 liber
1005 2835 1108 2891 iste
1136 2838 1203 2893 de
1246 2840 1429 2894 cordis
1459 2843 1714 2913 puritate,
1746 2845 1814 2900 de
1842 2847 1923 2901 vi-

349 2923 472 2987 tiis,
503 2930 558 2977 et
584 2924 649 2978 de
675 2928 918 2982 omnium
943 2928 1277 2997 perfectione
1304 2935 1566 2989 virtutum
1597 2954 1610 2989 :
1639 2937 1795 3008 cujus
1816 2940 1938 2995 fre-‘

338 3028 526 3083 quens
561 3016 715 3072 lectio
742 3019 945 3077 Christi
986 3022 1311 3093 discipulum
1358 3028 1425 3081 ad
1466 3030 1689 3085 multam
1739 3033 1919 3089 cordis

1094 242 1509 307 ILLUSTRIUM
1546 250 1862 310 VIRORUM
1898 253 1989 313 DE
2024 256 2077 312 J.
2117 256 2451 321 CASSIANO
2488 267 2927 331 TESTIMONIA.

374 355 569 405 saltem
608 350 755 407 illius
794 352 984 411 litteras
1025 360 1252 417 credite.
1306 361 1440 418 Nam
1468 379 1589 433 nos,
1617 381 1687 424 eo
1710 368 1953 443 doctore,
1983 381 2041 442 Α
2063 373 2451 450 Collationum,
2480 392 2534 440 et
2573 384 2698 439 vitae
2724 387 2942 444 Patrum
2974 398 3310 463 sanctorum,

3359 395 3417 453 in
3441 400 3639 459 quibus

2064 413 2451 450 uuu-uuuum,
2480 413 2534 440 cr
2579 413 2698 439 usa:
2725 413 2942 444 rutrum
2974 413 3310 463 sancwrum,
3359 413 3417 453 1n
3441 413 3637 469 quibus

2059 470 2305 527 doctrina
2330 476 2496 531 totius
2522 479 2889 549 perfectionis,
2915 491 2970 539 et
2994 484 3393 557 aediﬁcationis,
3415 506 3480 548 ac
3505 507 3637 551 san-

1990 552 1993 555 ’
2058 562 2327 621 ctimonia:
2353 568 2681 627 continetur.
2762 626 2776 645 ,

2421 701 2485 754 Β.
2519 703 2799 776 Dionysius
2830 707 3201 768 Carthusianus
3222 731 3241 768 :

2126 789 2263 857 Quid
2295 791 2362 849 de
2412 793 2627 851 Joanne
2657 799 2914 855 Cassiano
2944 804 3167 874 ejusque
3196 808 3412 877 scriptis
3449 823 3635 865 sense-

2053 882 2123 936 rit
2159 882 2449 955 Dionysius
2496 887 2917 960 Carthusianus,
2967 894 3021 948 in
3068 899 3474 965 praefationibus
3521 919 3633 960 suae

2050 978 2397 1048 paraphrasis
2444 982 2578 1037 satis
2623 984 2886 1039 ostendit.
2930 986 3061 1041 Nam
3102 987 3159 1042 in
3197 992 3369 1059 prima
3415 994 3630 1064 quidem

2048 1070 2194 1125 inter
2237 1074 2598 1139 venerabiles,
2655 1091 2717 1131 ac
2759 1078 3146 1136 devoxissimos
3190 1083 3379 1140 Patres
3430 1097 3631 1144 aeterna

2048 1164 2312 1219 memoria
2345 1166 2558 1236 dignos,
2591 1166 2854 1225 Joannem
2882 1171 3202 1229 Cassianum
3244 1184 3300 1231 et
3327 1176 3628 1237 Climacum

2045 1266 2387 1313 annumerat.
2421 1258 2478 1312 In
2505 1262 2744 1317 secunda
2775 1261 3171 1321 Collationibus
3202 1267 3447 1337 praeﬁxa,
3481 1287 3630 1328 eum-

2045 1350 2168 1405 dem
2200 1352 2626 1409 illustrissimum
2654 1356 2871 1413 Patrem
2920 1360 3188 1415 nominat.
3224 1361 3281 1415 In
3316 1364 3475 1418 tertia
3507 1364 3629 1421 Col-

2043 1440 2232 1497 lationi
2276 1444 2577 1500 undecimae
2620 1450 2924 1517 praemissa,
2976 1466 3101 1505 cum
3147 1453 3266 1507 aliis
3304 1454 3629 1513 Doctoribus

1992 1559 1997 1565 -
2043 1533 2449 1599 ecclesiasticis,
2479 1552 2710 1608 quorum
2755 1541 2959 1609 scripta
2991 1544 3307 1599 obscuriora
3347 1556 3403 1601 et
3429 1547 3626 1602 difﬁci-

2040 1625 2177 1679 liora
2207 1628 2496 1683 conferens
2522 1646 2535 1683 :
2563 1648 2583 1680 ‹
2616 1630 2763 1685 lnter
2792 1631 3194 1701 hujuscemodi,
3219 1636 3425 1706 inquit,
3450 1639 3620 1694 libros

2041 1727 2365 1788 reputantur
2400 1736 2464 1776 ac
2493 1722 2736 1777 eminent
2756 1724 3030 1779 volumina
3060 1726 3409 1783 illustrissimi
3435 1729 3622 1797 Patris

2040 1811 2412 1880 prazcipuique
2453 1813 2705 1869 Doctoris
2733 1816 2974 1870 omnium
3010 1817 3389 1887 religiosorum
3414 1862 3428 1887 ,
3456 1820 3619 1877 Joan-

2037 1905 2122 1958 nis
2150 1904 2413 1959 Cassiani.
2447 1924 2464 1956 ι

2032 1994 2265 2051 Joannes
2295 1995 2604 2053 Trithemias
2640 2000 2695 2053 in
2716 2000 2967 2070 Catalago
2994 2000 3290 2057 Illusm'um
3329 2004 3617 2060 Virorum:

2102 2087 2341 2143 Joannes
2371 2090 2686 2157 Cassianus,
2714 2094 2936 2148 natione
2956 2095 3179 2163 Scytha,
3209 2097 3353 2151 beati
3386 2097 3617 2153 Joannis

2033 2178 2408 2249 Cbrysostomi
2438 2182 3024 2253 Constantinopolitani
3065 2187 3306 2256 episcopi
3344 2190 3614 2257 quondam

2031 2273 2244 2327 auditor
2268 2283 2433 2345 atque
2464 2275 2782 2345 discipulus,
2829 2286 2884 2332 et
2913 2277 2981 2330 ab
3012 2293 3076 2333 eo
3104 2278 3367 2333 diaconus
3396 2282 3615 2336 ordina-

2032 2375 2138 2429 tus,
2180 2376 2301 2435 post
2341 2367 2547 2437 aliquot
2580 2383 2752 2423 annos
2796 2369 2864 2424 ab
2907 2369 3124 2437 eodem,
3171 2371 3359 2425 nescio
3390 2381 3614 2441 propter

2011 2474 2188 2533 'quam
2218 2473 2440 2514 causam
2483 2462 2757 2530 expulsus,
2805 2462 2947 2531 apud
2987 2462 3282 2517 Massiliam
3323 2466 3612 2535 presbyter

2028 2561 2399 2619 consecratus,
2428 2553 2535 2609 duo
2573 2556 2929 2623 monasteria,
2976 2557 3237 2625 virorum,
3271 2560 3501 2623 scilicet,
3548 2575 3611 2615 ac

2027 2644 2312 2701 mulierum
2352 2647 2636 2703 condidit:
2669 2648 2721 2702 in
2751 2650 2943 2719 quibus
2988 2652 3252 2720 regularis
3296 2652 3607 2722 disciplina:

2026 2735 2210 2791 fervor
2254 2752 2485 2808 magnus
2518 2741 2764 2809 pluribus
2808 2743 2965 2796 annis
3008 2744 3326 2812 permansit.
3376 2745 3609 2815 Scripsit

2025 2830 2363 2898 experientia
2387 2833 2643 2901 magistra
2660 2834 2815 2902 plura
2843 2836 3126 2904 opuscula,
3150 2837 3204 2892 in
3226 2839 3421 2908 quibus
3442 2840 3606 2894 etiam

2025 2920 2166 2988 apud
2213 2920 2570 2990 interpretem
2621 2924 2827 2995 eloquii
2874 2936 3133 2983 venustas
3170 2929 3605 2998 conSpicitur;e

2025 3028 2251 3083 quorum
2280 3031 2506 3069 numero
2539 3016 2793 3072 feruntur
2818 3038 2832 3074 :

342 3108 637 3175 puritatem
680 3121 733 3166 et
774 3113 842 3167 ad
881 3117 1363 3185 contemplationis
1408 3135 1612 3189 arcem,
1654 3134 1709 3178 et
1756 3126 1919 3181 totius
1945 3138 1991 3202 α
2095 3106 2171 3202 De
2203 3107 2583 3202 ίηίξθίτηθιίθηθ
2612 3109 2828 3165 Domini
2858 3109 3121 3166 adversus
3146 3112 3457 3168 Νθδίθηυῐη
3492 3114 3602 3170 hae'

341 3201 646 3268 spiritualis
664 3205 961 3276 disciplina:
984 3210 1394 3281 perfectionem,
1408 3216 1576 3284 gratia
1590 3217 1912 3290 opitulante,

333 3297 609 3362 provexit.

788 3392 849 3448 S.
894 3393 1114 3451 Thomas
1152 3399 1377 3469 Aquinas
1401 3414 1463 3459 σε

410 3481 509 3536 Est
539 3482 640 3539 hoc
668 3501 882 3557 quoque
912 3490 967 3544 in
999 3500 1187 3547 sancto
1216 3495 1337 3549 viro
1367 3498 1741 3567 memorabile,
1770 3499 1913 3568 quod

330 3590 461 3629 cum
485 3576 533 3629 ei
556 3587 700 3633 esset
724 3580 1013 3651 integrum,
1045 3584 1276 3641 libenter
1298 3590 1486 3645 solitus
1512 3591 1678 3648 fuerit
1706 3594 1912 3664 aliquid

328 3666 390 3723 in
425 3667 645 3723 Patrum
680 3671 1073 3730 Collationibus
1094 3679 1362 3747 lectitare,
1388 3698 1455 3738 ne
1477 3700 1542 3739 ex
1575 3702 1754 3741 rerum
1784 3689 1910 3743 sub-

332 3757 515 3812 tilium
572 3763 942 3829 speculatione
996 3767 1219 3825 affectus
1281 3772 1397 3841 ejus
1437 3790 1544 3828 non
1590 3777 1722 3830 nihil
1762 3787 1911 3847 tepe-

329 3857 532 3915 sceret,
580 3865 872 3925 possetque
910 3873 969 3912 se
1006 3875 1195 3916 rursus
1229 3861 1440 3917 facilius
1475 3866 1542 3919 ad
1572 3866 1751 3920 divina
1781 3882 1911 3922 con-

331 3941 641 4008 templanda
689 3946 948 4016 colligere
988 3962 1040 4004 et
1081 3954 1308 4022 erigere.
1344 3954 1411 4009 Et
1450 3955 1504 4009 in
1544 3956 1648 4011 hoc
1689 3957 1908 4026 quidem

326 4031 390 4085 S.
426 4033 771 4093 Dominicum
802 4050 1036 4097 sectatus
1081 4055 1186 4113 est,
1231 4062 1392 4116 quem
1436 4048 1489 4103 in
1522 4049 1638 4119 ejus
1681 4050 1803 4105 libri
1831 4053 1908 4107 le-

326 4125 514 4180 c1ione
560 4139 776 4183 constat
822 4147 1147 4205 magnopere
1187 4138 1350 4194 fuisse
1396 4139 1719 4198 delectatum
1750 4153 1804 4199 et
1838 4147 1907 4200 ad

327 4231 583 4285 magnam
627 4220 753 4275 vitae
795 4224 1180 4292 perfectionem
1241 4231 1517 4288 incitatum
1566 4245 1725 4304 atque
1781 4252 1906 4306 pro-

328 4316 559 4362 motum.

406 4421 575 4505 Quam
617 4427 830 4505 libenter
868 4449 935 4505 ac
980 4438 1263 4505 frequenter
1304 4439 1439 4493 idem
1481 4441 1541 4496 S.
1585 4441 1811 4500 Thomas
1849 4448 1903 4501 in

324 4510 427 4547 sua
469 4495 1025 4578 Summa_Theologica
1063 4495 1366 4562 Cassianum
1405 4495 1541 4576 citet,
1573 4521 1618 4566 et
1647 4495 1904 4572 41:25in
1926 4518 1979 4578 D

327 4577 631 4656 argumenta
660 4570 948 4655 depromat,
980 4580 1056 4630 vel
1085 4594 1208 4656 suas
1233 4570 1587 4656 conclusiones
1615 4570 1899 4656 conﬁrmet,

330 4635 517 4721 videbit
556 4635 734 4721 lector,
786 4645 831 4697 si
868 4635 1138 4721 placuerit,
1186 4650 1239 4702 in
1278 4654 1400 4706 meis
1440 4635 1811 4721 natationibus,
1847 4635 1901 4713 ai

330 4704 521 4785 quibus
557 4710 599 4761 si
630 4704 733 4766 non
776 4704 968 4784 omnia,
1010 4704 1143 4772 certe
1184 4704 1428 4792 pleraque
1456 4726 1567 4778 loca
1604 4704 1902 4783 notata,re-

330 4785 513 4827 omet.

368 4790 513 4829 met.

476 4792 513 4829 ι.

319 4792 560 4925 ςῗέιῒῃεε
592 4852 1041 4925 a_Tu_rrecremata
1072 4862 1357 4917 cardinalis
1388 4872 1539 4919 tract.
1575 4866 1675 4922 107
1716 4870 1769 4923 in
1794 4871 1898 4925 Re-

396 4920 672 5045 gulanZQD.
705 4923 990 4997 Benedicti,
1028 4938 1253 4985 tractans
1292 4936 1441 4989 verba
1469 4920 1625 5007 supra
1646 4920 1902 4997 citata—ea:

399 5004 518 5045 can.
640 5011 651 5044 :

399 5004 518 5060 cap.
545 5004 614 5045 42
640 5011 651 5044 :

400 5079 549 5144 Hoc,
599 5084 809 5157 inquit,
856 5101 1005 5148 recte
1052 5105 1106 5149 et
1155 5098 1502 5156 sanctissime
1547 5104 1898 5160 constitutum

320 5178 433 5236 est,
465 5176 589 5242 quia
618 5178 697 5232 sic
717 5194 785 5235 ex
811 5181 1044 5241 lectione
1067 5186 1159 5241 illa
1183 5190 1433 5245 monachi
1458 5195 1737 5249 materiam
1761 5196 1896 5251 azdi-

320 5263 600 5323 ﬁcationis
647 5280 701 5326 et
750 5274 1054 5335 devotionis
1091 5279 1309 5338 haurire
1354 5296 1596 5353 possunt,
1638 5289 1780 5345 unde
1828 5290 1897 5346 ad

318 5362 800 5432 contemplationis
849 5370 1214 5441 altitudinem,
1266 5376 1467 5431 silentii
1505 5386 1749 5449 tempore
1805 5397 1899 5436 va-

316 5446 475 5505 leant
501 5458 812 5523 promoveri
842 5480 853 5513 :
888 5471 941 5517 et
967 5464 1033 5517 ad
1064 5465 1179 5522 haec
1228 5480 1374 5525 recte
1409 5469 1570 5525 electi
1615 5446 1743 5530 sunt
1775 5475 1896 5531 libri

398 5592 600 5672 ξᾼῃυά
629 5596 901 5672 SuriumB
930 5604 1162 5672 Augusti.

396 5660 784 5759 b.1dem'.lt‘abet
934 5660 1180 5733 Anionin.
1218 5679 1519 5759 archiepisc.
1566 5681 1896 5745 Florentinus

317 5744 464 5807 part.
492 5752 526 5793 ιι
552 5737 691 5795 Ilist.
723 5742 800 5796 tit.
832 5742 916 5799 10.

2022 3200 2254 3255 reticum
2282 3201 2379 3257 lib.
2412 3212 2643 3271 septem,
2683 3218 2818 3273 quos
2859 3204 3078 3273 scripsit
3107 3215 3329 3275 rogatus
3361 3221 3388 3259 a
3419 3206 3601 3263 Leone

2018 3292 2427 3361 archidiacono,
2458 3304 2647 3365 postea
2679 3296 2938 3351 Romana:
2972 3296 3123 3351 urbis
3151 3299 3430 3368 episcopo.

2090 3384 2169 3438 De
2188 3384 2452 3440 institutis
2478 3388 2893 3454 monachorum,
2928 3388 3052 3443 libri
3081 3399 3340 3458 quatuor.

2088 3475 2165 3530 De
2186 3485 2312 3531 octo
2343 3478 2665 3547 capitalibus
2695 3480 2859 3545 vitiis,
2894 3480 3020 3534 libri
3060 3489 3204 3535 octo.

2087 3570 2421 3626 Collationes
2452 3572 2553 3628 SS.
2579 3573 2796 3628 Patrum
2837 3574 3028 3643 viginti
3062 3584 3314 3644 quatuor.

2084 3662 2142 3716 in
2177 3662 2258 3718 his
2296 3662 2685 3718 Collationibus
2716 3664 2818 3720 SS.
2852 3664 3093 3731 Patrum,
3130 3669 3278 3721 utilis
3323 3676 3378 3719 et
3407 3681 3593 3723 neces-

2015 3753 2155 3806 saria
2206 3756 2593 3809 monachorum
2636 3756 2905 3809 institutio
2954 3764 3079 3819 est;
3115 3758 3210 3809 sed
3250 3756 3373 3824 quia
3405 3771 3501 3825 per
3529 3760 3592 3813 Β.

2015 3845 2345 3913 Prosperum
2393 3846 2461 3898 de
2504 3845 2719 3899 arbitrii
2764 3845 3041 3913 libertate,
3093 3845 3144 3899 in
3194 3848 3361 3901 certis
3407 3863 3593 3917 repre-

2015 3937 2289 4002 henditur,
2342 3937 2596 4006 0pnscula
2625 3937 2741 4007 ejus
2774 3938 2913 3992 inter
2941 3939 3253 4010 apocrypha
3300 3958 3591 4000 numeran-

2013 4038 2118 4084 tur.
2167 4030 2393 4083 Moritur
2441 4030 2655 4085 tandem
2687 4039 2813 4100 post
2858 4032 3149 4087 multorum
3188 4034 3485 4091 editionem
3525 4039 3589 4094 li-

2010 4123 2233 4183 brorum
2273 4122 2412 4189 apud
2465 4123 2783 4185 Massiliam,
2817 4138 2925 4178 non
2956 4124 3075 4178 sine
3100 4125 3357 4196 opinione
3387 4132 3589 4184 sancti-

2012 4216 2159 4281 tatis,
2188 4213 2491 4270 Theodosio
2521 4226 2574 4271 et
2604 4215 2980 4271 Valentiniano
3034 4219 3412 4288 regnantibus,
3441 4235 3587 4277 anno

2011 4309 2226 4363 Domini
2251 4308 2373 4364 455.

2010 4421 2199 4476 Petrus
2219 4423 2486 4494 episcopus
2511 4422 2805 4492 Equilinus,
2831 4423 2984 4494 vulgo
3005 4425 3069 4477 de
3098 4425 3369 4479 Natalibus
3390 4427 3580 4493 dictus,

2218 4494 2272 4546 in
2295 4493 2540 4565 Catalogo
2566 4498 2878 4549 Sanctorum
2906 4493 2998 4549 tib.
3016 4510 3088 4549 vn
3118 4512 3236 4567 cap.
3259 4496 3327 4551 59
3358 4514 3371 4549 :

2080 4605 2136 4661 S.
2168 4604 2460 4661 Cassianus
2490 4608 2794 4678 presbyter,
2827 4608 2893 4663 de
2919 4624 3026 4678 quo
3053 4608 3221 4665 frater
3260 4610 3582 4669 Vincentius

2009 4707 2064 4753 et
2100 4697 2439 4767 Gennadius,
2472 4700 2667 4756 claruit
2703 4711 2945 4772 tempore
2991 4704 3216 4759 Honorii
3245 4705 3465 4776 Imper.,
3500 4706 3582 4763 vir

2008 4789 2231 4846 illustris
2268 4801 2321 4847 et
2368 4782 2649 4864 facundus,
2691 4795 2797 4850 alio
2846 4800 3067 4852 nomine
3108 4797 3286 4853 dictus
3315 4800 3577 4855 Eremita.

2007 4883 2108 4953 Qui
2132 4885 2198 4940 de
2228 4884 2510 4941 Ecclesiad
2546 4886 2958 4960 Constantinop.
2992 4906 3088 4961 per
3140 4892 3428 4948 haereticos
3467 4893 3581 4962 eje-

2008 4986 2128 5031 cmS
2181 4978 2234 5032 in
2274 4979 2507 5033 Massilia
2551 4981 2738 5036 Galliae
2782 4985 3064 5055 presbyter
3110 4986 3426 5053 ordinatus,
3474 4985 3581 5041 duo

2006 5067 2250 5123 condidit
2276 5072 2626 5138 monasteria,
2665 5074 2901 5131 virorum
2934 5086 2988 5132 et
3024 5078 3334 5147 mulierum,
3369 5088 3476 5132 etc.

2007 5201 2299 5259 Cardinalis
2338 5206 2438 5274 pia:
2478 5210 2737 5263 memoria:
2782 5210 3120 5267 Bellarminus
3164 5212 3294 5266 libro
3336 5213 3400 5263 de
3436 5211 3579 5266 Scri~

2460 5279 2687 5348 ptoribus
2717 5280 3086 5338 Ecclesiasticis
3101 5299 3121 5336 .'

2070 5387 2310 5445 Joannes
2347 5390 2655 5459 Cassianus,
2688 5395 2747 5450 S.
2779 5396 3003 5452 Joannis
3039 5393 3409 5463 Cbrysostomi
3448 5397 3575 5455 olim

2002 5480 2280 5551 diaconus,
2317 5495 2372 5541 et
2400 5499 2583 5555 postea
2610 5488 2675 5542 ad
2708 5489 2911 5544 Gallias
2956 5488 3224 5543 accedens
3270 5488 3450 5557 ibique
3488 5507 3573 5549 εθ-

2078 5622 2269 5695 ῗᾼρτιιᾴ
2299 5621 2517 5677 Surium
2539 5626 2594 5678 in
2623 5625 2724 5677 vita
2746 5628 2857 5695 ejus
2882 5626 2912 5678 7
2937 5625 3135 5680 Martii.

2073 5686 2100 5726 ἀ
2112 5686 2358 5775 'R'aphad.
2367 5763 2396 5775 η
2411 5686 2784 5748 νοιαιενναηυί
2823 5696 2972 5752 habet
3024 5697 3569 5775 (ilierosolymitana)

2002 5760 2306 5829 Ant/tropol.
2341 5762 2427 5817 lib.
2460 5780 2568 5821 λιν.
