4026 6212
422 304 489 369 υ
922 306 930 314 ’
1248 289 1337 349 ΔΙ)
1375 281 1602 346 OPEBA
1648 270 1929 335 JOANNIS
1967 261 2282 329 CASBIANI
2316 252 2855 323 PROLEGONENA.‘

426 425 555 482 dem
598 420 767 489 figens
818 412 961 484 apud
1012 404 1309 464 Massiliam

428 514 649 583 scripsit
676 509 845 563 latino
873 504 1130 558 idiomate
1155 517 1168 550 :

500 570 578 662 De
619 604 803 658 habitu
858 594 1267 655 monachorum,
1311 593 1367 642 et
1399 585 1471 639 de
1508 576 1770 637 canonico
1808 570 2008 629 oratio-

430 716 561 759 num
592 708 648 754 et
676 696 1008 767 psalmorum
1040 684 1220 763 modo,
1253 680 1354 735 lib.
1389 678 1477 753 lll.

501 792 926 859 Institutionum,
956 784 1000 841 Ι.

500 888 580 943 De
623 883 833 953 origine
881 854 934 936 et
974 871 1214 931 remedio
1262 880 1385 927 octo
1431 858 1813 935 principalium
1850 851 2009 909 vitio-

430 998 573 1051 rum,
594 977 729 1033 Vlll.

500 1072 824 1130 Collationes
853 1066 1093 1127 Patrum,
1126 1058 1320 1115 XXIV.

503 1168 583 1221 De
613 1161 987 1220 lncarnatione
1018 1150 1333 1215 Verbi,Vll.

499 1260 569 1315 Et
592 1260 694 1312 hoc
726 1268 893 1324 opere
922 1234 1139 1319 expleto
1162 1246 1226 1303 ad
1250 1242 1561 1314 petitionem
1587 1235 1803 1298 Leonis,
1826 1239 2011 1303 postea

431 1353 624 1419 summi
652 1343 1151 1422 pontiﬁcis,_ﬁnem
1180 1336 1391 1393 vivendi
1422 1334 1563 1398 fecit,
1597 1327 1904 1393 Theodosio
1926 1326 2013 1397 ju-

426 1446 581 1503 niore
609 1418 670 1500 et
690 1419 1071 1497 Valentiniano
1105 1431 1478 1504 regnantibus,
1511 1434 1572 1481 ut
1609 1430 1837 1495 testatur
1868 1418 2013 1479 Gen-

430 1541 625 1599 nadius
664 1538 717 1591 in
749 1536 891 1591 libro
922 1533 988 1588 de
1015 1531 1159 1588 Viris
1186 1524 1516 1587 lllustribus.
1554 1519 1679 1574 Haec
1702 1515 1886 1571 omnia
1912 1528 2010 1567 ex-

426 1641 597 1699 stant,
631 1638 685 1685 et
707 1628 911 1681 utiliter
932 1623 1035 1693 legi
1059 1628 1305 1693 possunt,
1329 1624 1555 1685 excepta
1578 1610 1883 1671 Collatione
1908 1617 2012 1660 terd

430 1729 505 1784 tia
532 1724 742 1781 decima
762 1763 777 1786 ,
809 1728 862 1775 et
892 1718 1075 1788 paucis
1100 1716 1242 1781 aliis,
1265 1726 1385 1781 quae
1416 1711 1469 1765 in
1503 1706 1744 1763 editione
1769 1703 2012 1757 Romana

426 1827 614 1877 notata
645 1823 787 1870 sunt.

434 1912 662 1966 Joannes
689 1906 1051 1969 Maldonatus,
1087 1901 1210 2024 Sic.
1238 1898 1367 1953 Iesu
1400 1894 1691 1967 theologus,
1734 1890 1787 1944 in
1823 1905 1868 1942 c.
1890 1902 2013 1941 xxw

1177 1987 1285 2024 ηεαδ
1312 1985 1330 2022 :

1177 1987 1285 2024 uca:
1312 1985 1330 2022 ἔ

504 2074 627 2130 Fuit
679 2071 971 2128 Cassianus
1011 2072 1201 2122 auctor
1242 2060 1542 2118 catholicus
1583 2067 1636 2113 et
1668 2058 1841 2110 bonus
1877 2071 1888 2104 :
1920 2050 2015 2106 sed

432 2167 643 2224 nullum
673 2176 782 2219 tam
816 2161 1100 2234 pulchrum
1126 2168 1209 2214 est
1230 2170 1448 2226 corpus,
1477 2162 1535 2206 ut
1557 2165 1714 2207 naevo
1742 2154 1943 2201 careat.

432 2259 788 2329 Hieronymus
820 2254 1025 2329 Plutus,
1055 2251 1304 2329 ejusdem
1325 2248 1447 2329 Sec.
1482 2244 1512 2297 J
1522 2262 1608 2299 esu
1640 2241 1924 2329 theologus,
1956 2237 2018 2291 de

682 2329 829 2383 Bono
855 2313 1029 2381 Status
1057 2313 1305 2392 Religiosi
1332 2322 1421 2372 lib.
1444 2333 1484 2371 ll
1516 2332 1634 2387 cap.
1664 2313 1763 2366 25':

500 2424 739 2479 Joannes
770 2420 1083 2482 Cassianus,
1116 2430 1313 2485 genere
1337 2411 1557 2481 Scytha,
1589 2408 1732 2477 stylo
1762 2421 1882 2460 cum
1910 2404 2019 2474 pri-

432 2517 538 2573 mis
560 2516 809 2577 Latinus,
834 2514 922 2579 qui
953 2510 1100 2580 prius
1125 2505 1498 2577 Chrysostomi
1530 2500 1846 2569 discipulus,
1881 2498 2019 2549 Illas-

434 2609 567 2665 silite
612 2604 811 2661 deinde
861 2601 1251 2667 monasterium
1292 2596 1598 2656 aediﬁcavit,
1630 2596 1681 2645 in
1716 2606 1822 2661 quo
1868 2589 2020 2642 insti-

436 2699 640 2755 tuendo
678 2713 743 2752 ac
772 2696 1007 2765 regendo
1052 2708 1157 2747 non
1189 2699 1271 2745 est
1298 2687 1650 2744 dubitandum
1678 2686 1805 2753 quin
1838 2681 2017 2749 reipsa

435 2791 722 2861 explicarit
770 2801 1118 2858 quaecumque
1141 2800 1207 2840 ex
1239 2782 1337 2839 SS.
1389 2782 1604 2835 Patrum
1635 2788 1928 2845 congressu
1958 2787 2021 2827 ac

438 2898 691 2940 sermone
723 2880 939 2951 scriptis
977 2877 1345 2941 mandaverat,
1373 2888 1493 2945 quae
1537 2869 1739 2938 scripta
1767 2874 2019 2937 quantam

439 2975 831 3047 perfectionem
857 2973 1302 3040 compleCtantur,
1327 2977 1513 3022 notum
1542 2974 1624 3019 est
1645 2961 1915 3017 omnibus.

441 3069 695 3126 Antonius
730 3068 1064 3133 Passerinus,
1096 3066 1326 3135 ejusdem
1357 3064 1479 3118 Soc.
1506 3060 1631 3114 Jesu
1658 3058 1943 3126 theologus,
1966 3055 2019 3108 in

994 3139 1261 3207 Apparatu
1284 3151 1430 3189 sacro
1454 3150 1472 3187 :

512 3232 749 3286 Joannes
790 3229 1085 3283 Cassianus
1116 3226 1351 3280 Eremita
1396 3222 1614 3295 scripsit
1652 3221 1720 3275 de
1758 3217 2025 3273 lnstitutis

443 3322 889 3379 Renuntiantium
921 3320 1086 3373 libros
1121 3316 1425 3380 duodecim,
1456 3324 1512 3370 et
1536 3314 1896 3370 Collationum
1925 3309 2021 3365 SS.

442 3420 668 3474 Patrum
695 3415 862 3469 libros
892 3413 1085 3483 viginti
1116 3420 1345 3481 quatuor
1374 3428 1385 3461 :
1418 3410 1579 3478 idque
1602 3408 1783 3475 lingua
1810 3404 2021 3468 Latina,

446 3510 707 3583 quidquid
734 3524 889 3564 secus
918 3506 1083 3576 aliqui
1108 3504 1495 3567 existimarint,
1531 3503 1646 3556 sive
1674 3498 2025 3563 Trithemius,

443 3604 567 3660 sive
612 3602 902 3672 Dionysius
936 3597 1349 3653 Cartliusianus.
1383 3596 1504 3665 ipse
1548 3594 1693 3648 enim
1740 3592 2029 3647 Cassianus

445 3697 587 3752 libro
632 3696 1035 3750 lnstitutionum
1065 3706 1282 3747 suarum
1319 3692 1493 3760 primo
1521 3702 1640 3757 cap.
1687 3688 1741 3748 5.
1773 3696 1829 3740 et
1868 3685 1963 3739 lib.
1996 3700 2028 3737 v

446 3804 567 3859 cap.
614 3789 700 3856 16,
748 3799 802 3843 et
832 3788 1025 3842 Collat.
1057 3788 1129 3841 25
1171 3799 1291 3855 cap.
1324 3784 1379 3851 8,
1422 3792 1475 3838 et
1517 3782 1836 3852 plerumque
1877 3777 2025 3844 alibi,

447 3896 571 3936 cum
611 3881 686 3933 ait
724 3890 970 3935 secutum
1011 3892 1070 3934 se
1112 3878 1283 3933 fuisse
1325 3874 1749 3931 emendatiorem
1799 3870 2029 3927 transla-

448 3971 653 4028 tionem
696 3970 1014 4034 Bibliorum,
1053 3970 1303 4038 intelligit
1336 3968 1617 4036 Vulgatam
1649 3975 1888 4020 nostram
1928 3963 2031 4018 La-

449 4069 643 4125 tinam.

525 4161 610 4216 Ne
651 4160 772 4229 quid
801 4159 891 4213 tibi
931 4154 1337 4229 derantiquitate
1365 4150 1680 4229 subtractum
1714 4145 2029 4229 expostules,

453 4235 634 4297 lector,
663 4215 724 4285 en
767 4231 857 4283 tibi
891 4215 1371 4297 redtlimus'irersus
1401 4220 1650 4297 quosdam
1688 4215 1797 4288 ejus
1832 4215 2028 4282 saeculi,

453 4290 659 4358 auctore
707 4312 878 4354 tamen
908 4301 1122 4359 incerto,
1168 4296 1221 4349 in
1268 4301 1459 4345 vetusto
1508 4290 1680 4342 codice
1716 4298 1835 4341 ante
1881 4303 2033 4355 para-

1359 397 1643 470 presbyter
1696 386 1997 447 ordinatus,
2022 382 2077 455 ᾼ
2175 377 2254 433 En
2285 373 2382 433 tibi
2407 370 2661 445 quaesitos
2680 366 2792 437 jam
2826 359 3050 435 dudum,
3082 356 3211 429 Dive
3234 362 3281 417 β,
3313 348 3556 429 libellus,

2112 473 2348 542 Implens
2373 464 2721 538 promissum,
2748 456 2938 529 collegi
2973 466 3166 523 corpus
3197 450 3250 521 in
3280 460 3469 524 unum.

2112 528 2285 620 Unius
2306 528 2400 615 ore
2428 557 2548 621 viri,
2578 567 2716 625 quos
2739 528 2973 620 Spiritus
3004 542 3239 619 inclytus
3269 528 3456 591 auctbr

2115 655 2317 723 Obtulit
2346 650 2622 725 Ecclesiae,
2646 644 2773 713 divo
2798 654 2893 709 pro
2918 649 3161 698 munere,
3192 629 3375 718 matri,

2111 750 2247 820 Quae
2274 747 2394 804 sine
2424 744 2528 798 line
2546 740 2658 795 suis
2689 744 2894 793 aeterno
2921 726 3181 802 prospicit
3207 714 3370 785 usu;

2113 815 2361 911 Denique
2389 839 2473 897 bis
2510 847 2671 901 senos
2701 824 2956 900 praesenti
2984 833 3213 893 corpore
3246 815 3419 895 libros

2114 935 2388 1006 Aspicias,
2419 943 2624 1000 quaeso,
2667 923 2910 994 sequitur
2936 930 3097 986 quam
3124 923 3397 980 congruus
3427 904 3584 981 ordo.

2116 1002 2331 1091 Primus
2357 1025 2519 1081 habet
2540 1018 2819 1081 monachis
2847 1011 3061 1085 habitus
3091 1007 3212 1078 quis
3239 1002 3435 1059 debeat
3465 1012 3604 1091 esse.

2116 1121 2342 1191 Regula,
2374 1112 2747 1188 psallendique
2773 1105 2965 1169 modus
2988 1102 3145 1157 datur
3174 1095 3300 1153 inde
3330 1089 3583 1169 secundo.

2119 1214 2334 1281 Tertius
2356 1187 2458 1265 hoc
2486 1207 2685 1263 iterum
2713 1196 2970 1258 describit
3000 1192 3215 1265 plenius
3246 1187 3446 1256 ipsum,

2119 1307 2481 1371 lnformatque
2507 1311 2674 1354 novos
2702 1310 2798 1366 per
2825 1290 3035 1362 singula
3066 1292 3293 1358 quartus
3318 1281 3585 1335 alumnos.

2104 1400 2256 1461 ,Octo
2284 1393 2499 1465 quidem
2523 1388 2740 1458 reliqui,
2767 1398 2902 1456 quos
2929 1379 3110 1437 cernis
3140 1374 3320 1429 adhuc
3347 1379 3635 1439 superesse
3655 1403 3669 1428 ,

2119 1491 2181 1545 In
2210 1504 2267 1543 se
2298 1484 2627 1543 concludunt
2655 1489 2936 1539 numerum
2966 1469 3193 1526 totidem
3224 1466 3499 1519 vitiorum.

2121 1580 2579 1648 Persequiturque
2605 1586 2757 1631 suum
2783 1565 3004 1639 proprio
3031 1568 3369 1629 syntagmate
3396 1560 3697 1610 monstrum

2120 1674 2503 1744 Unusquisque
2532 1670 2690 1737 liber,
2720 1665 2854 1721 dans
2883 1659 3013 1733 quid
3044 1660 3135 1726 sit,
3175 1656 3330 1711 cuive
3370 1648 3694 1707 cavendum.

2044 1766 2093 1835 B
2122 1770 2231 1825 Hos
2253 1767 2446 1821 collata
2472 1765 2688 1819 Patrum
2714 1757 2918 1815 celebri
2946 1765 3202 1810 sermone
3228 1748 3490 1819 priorum,

2124 1865 2181 1919 In
2221 1860 2420 1930 duplici
2451 1858 2623 1913 forma
2652 1854 2976 1909 comitantur
3007 1848 3089 1902 bis
3110 1843 3377 1900 duodena.

2124 1926 2324 2012 Horum
2361 1952 2611 2023 quodque
2637 1948 2733 2002 tibi
2764 1942 3212 2016 quid'bonestum
3241 1932 3507 1998 conferat,
3540 1926 3690 1985 audi.

2121 2049 2336 2103 Primus
2361 2046 2504 2099 enim
2529 2042 2741 2110 Moyses
2772 2038 2828 2092 in
2854 2034 3044 2107 primis
3070 2030 3211 2086 scire
3237 2026 3446 2083 duobus

2123 2142 2248 2205 Dat,
2276 2152 2394 2207 qua:
2424 2132 2713 2190 destinatio
2745 2130 2965 2193 debeat,
2987 2133 3081 2179 aut
3103 2122 3223 2176 fore
3246 2116 3390 2171 ﬁnis.

2122 2234 2472 2299 Discreteque
2492 2228 2647 2298 jubet
2677 2239 2840 2294 super
2867 2221 3047 2277 omnia
3076 2217 3260 2271 vivere
3276 2210 3492 2266 fratres.

2123 2296 2401 2382 Pafnutius
2421 2296 2746 2374 monachum
2762 2316 2922 2368 docet
2945 2309 3068 2366 inde
3089 2306 3393 2373 relinquere
3410 2296 3693 2355 mundum.

2120 2418 2377 2487 Corporis
2403 2413 2692 2475 illecebrae,
2723 2406 2944 2463 Daniele
2970 2404 3201 2458 docente
3235 2396 3450 2452 resiste.

2124 2513 2385 2581 Serapion
2412 2510 2605 2564 iterum
2638 2512 2787 2559 notat
2812 2509 2934 2557 octo
2958 2499 3075 2553 lues
3091 2496 3364 2550 vitiorum.

2123 2580 2446 2661 Sanctorum
2476 2600 2715 2669 loquitur
2750 2595 2817 2649 de
2851 2599 3026 2646 morte
3056 2586 3375 2642 Theodorus
3400 2580 3592 2635 abbas.

2123 2698 2371 2769 Carpitur
2403 2693 2725 2764 improbitas
2746 2688 2981 2747 Satanae,
3006 2696 3139 2750 vaga
3172 2689 3431 2746 mensque
3469 2673 3697 2738 Sereno,

2126 2793 2193 2847 Et
2220 2792 2288 2845 de
2319 2788 2595 2859 spiritibus
2626 2780 2914 2837 traduntur
2942 2775 3111 2830 multa
3144 2769 3401 2825 sinistris.

2126 2884 2384 2938 Hortatur
2411 2880 2605 2931 fratres
2646 2874 2795 2929 Isaac
2826 2866 3056 2923 Collatio
3080 2864 3207 2919 bina

2125 2973 2398 3030 Orandum
2432 2983 2569 3040 pure
2596 2981 2719 3021 cum
2747 2960 2924 3017 cordis
2955 2956 3321 3023 simplicitate.

2125 3068 2265 3135 Quid
2294 3066 2364 3120 sit
2397 3063 2716 3133 perfectum,
2756 3056 2883 3126 quid
2910 3061 3141 3116 castum,
3172 3047 3371 3118 quidve
3395 3041 3590 3115 parari,

2050 3147 2096 3210 ε
2128 3158 2453 3225 Servarique
2485 3154 2598 3208 Deo
2617 3151 2795 3204 valeat
2822 3146 3065 3209 custode,
3095 3143 3352 3196 docemur

2127 3249 2352 3308 Collatis
2383 3248 2542 3302 trinis
2563 3242 2911 3313 praeceptoris
2930 3233 3301 3295 Cberemonis.

2128 3346 2199 3399 At
2222 3341 2414 3395 summi
2443 3337 2558 3393 veri
2589 3335 2770 3390 divina
2801 3331 3132 3401 cognitione,

2128 3438 2316 3505 Deque
2343 3429 2759 3487 charismatibus
2785 3425 2998 3483 confert
3026 3422 3123 3476 tibi
3147 3418 3405 3475 Nesteros
3437 3412 3624 3471 abbas.

2132 3530 2311 3583 Dictat
2349 3524 2601 3579 amicitiae
2626 3519 2825 3589 Joseph
2855 3515 3165 3571 firmissima
3187 3513 3347 3582 jura:

2130 3623 2439 3678 Monstrans
2470 3628 2731 3688 praeterea
2757 3627 2877 3683 quae
2896 3608 3150 3665 diifmitio
3180 3618 3328 3661 vera.

2131 3715 2230 3772 Ast
2281 3728 2478 3784 genera
2535 3711 2661 3764 hinc
2712 3703 3058 3777 Pyamontria
3108 3696 3456 3770 prosequitur
3503 3706 3701 3748 mona-

3354 3787 3633 3860 [chorum.

2131 3904 2269 3962 Vitae
2289 3899 2589 3958 communis
2618 3897 2687 3952 de
2717 3894 2842 3957 line,
2870 3891 2957 3947 vel
2980 3884 3329 3943 anachoresis

2133 3996 2472 4065 Colloquitnr
2503 3990 2735 4046 salubris
2763 3984 2995 4041 Collatio
3023 3980 3190 4036 multa
3212 3974 3458 4032 Joannis.

2132 4086 2367 4141 Crimina
2393 4082 2661 4153 purgandi
2690 4079 2878 4135 condis
2909 4085 3199 4147 praecepta,
3230 4066 3496 4141 Pyuuphi.

2133 4180 2331 4234 Vivere
2360 4178 2549 4248 majori
2577 4174 2734 4230 venia
2762 4166 3251 4243 quinquagesimali

2135 4272 2402 4340 Tempore
2430 4269 2681 4325 concedit
2708 4267 2958 4321 Theonas
2984 4279 2997 4316 :
3023 4258 3251 4316 absolvit
3278 4264 3337 4313 et
3363 4253 3493 4309 illud
3517 4270 3530 4305 :

400 4446 401 4449 η
454 4376 686 4449 pln'asim
716 4364 1315 4449 DionysiiCarthusri‘aui
1337 4378 1567 4444 excusas,
1594 4360 1775 4429 quibus
1806 4374 2031 4412 summa-

455 4430 535 4497 i‘ia
562 4430 883 4513 singulorum
909 4440 1157 4493 librorum
1190 4434 1427 4491 Cassiani
1456 4440 1757 4503 argumenta
1785 4430 2032 4499 perstrin-

456 4525 665 4585 quntur.

390 4604 437 4675 Lg?
581 4606 716 4717 gnos
733 4604 875 4677 .Opus
888 4604 981 4654 hoc
1002 4602 1153 4653 libros
1172 4606 1340 4652 teneat
1360 4608 1658 4661 cognoscere
1675 4596 1718 4646 si
1746 4597 1837 4653 vis,

390 4678 443 4713 με
626 4668 781 4717 tuuid
803 4669 1012 4717 uuisoue
1033 4672 1170 4715 tenet
1198 4677 1209 4713 :
1231 4663 1529 4717 subscriptus
1544 4658 1749 4717 perlege
1768 4666 1837 4706 vel

409 4682 443 4713 ια
581 4658 644 4719 Et
661 4658 1012 4732 quid'quisque
1033 4672 1170 4715 tenet
1198 4677 1209 4713 :
1231 4658 1529 4723 subscriptus
1544 4658 1749 4722 perlege
1768 4666 1954 4706 versus.

2136 4366 2411 4420 Accedant
2439 4363 2592 4417 nobis
2623 4375 2788 4431 quare
2819 4358 3191 4428 phantasmata
3222 4349 3418 4406 noctis.

2136 4462 2205 4517 Et
2232 4475 2328 4515 cur
2359 4471 2503 4526 saepe
2537 4456 2734 4508 malum
2761 4452 2905 4522 quod
2949 4449 3221 4512 nolumus,
3262 4446 3365 4499 hoc
3398 4452 3706 4513 operemur.

2055 4534 2109 4594 Ῑ)
2134 4550 2476 4609 Concludunt
2504 4562 2691 4601 omnes
2719 4546 2995 4600 seniorum
3023 4540 3338 4596 traditiones

2127 4645 2423 4702 Sermones
2456 4639 2708 4706 Abrahae,
2736 4638 2803 4691 de
2834 4634 3009 4691 carnis
3036 4634 3153 4704 lege
3182 4626 3483 4686 domandae.

372 4809 448 4843 ξ’·νῧ

374 4845 439 4905 J‘
471 4838 1823 4928 “‘Divuuimore‘juriscoss.vgcatlmperatorcm
1842 4844 2039 4928 nempe
2145 4824 2393 4928 Conjigio
2422 4840 2487 4881 ex
2522 4820 2841 4928 quibu‘sﬁgu
2873 4821 3081 4879 indiciis
3113 4819 3258 4876 illius
3288 4812 3485 4872 veteris
3517 4818 3572 4868 et
3599 4809 3710 4880 pri.

1175 4926 1185 4928 -
1353 4918 1483 4928 _-__,.
1521 4917 1565 4928 ,Α
1597 4909 1628 4928 ι-
1677 4920 1790 4928 ..η-
1823 4919 1849 4928 Α
1898 4915 1948 4928 ι..
1995 4910 2011 4928 ο
2059 4908 2069 4920 ι
2145 4912 2298 4928 mann
2341 4898 2518 4928 ζιῖηηῖα
2545 4911 2610 4928 on

464 4893 1260 4983 Μιιῖιὲίίῖῆζέεἰίῖιιῖἐῖἑὲἐιῑε
1286 4910 1487 4967 dicavit
1514 4893 1569 4963 ἐι
1596 4908 1793 4962 librum
1819 4893 2069 4959 obt’uiit.‘
2145 4912 2247 4952 mae
2267 4893 2522 4953 editionis
2544 4911 2633 4949 an.
2673 4893 2809 4949 “97

366 4774 448 4879 Ps

360 4858 373 4873 1
