4036 6218
248 292 330 355 ,α
658 334 674 352 ,
1190 296 1274 354 ne
1311 290 1797 353 cmuomonuu
1836 292 2215 353 lNSTl’l‘UTlS
2252 297 2341 355 pr
2357 297 2644 365 (EFA‘I'IO.
2760 372 2772 377 ε
3270 297 3293 336 ί
3468 310 3549 374 ss

2356 422 3539 453 *Ἥ

549 515 1207 625 ΕΡΙδΤοιΑίξ
1279 515 1366 599 s.
1442 511 2044 628 .CASTORIS
2094 515 2649 613 APTENSIS
2718 521 3260 611 EPISCOPI

1863 724 1941 768 AD

1069 881 1733 999 DOMNUM
1858 879 2741 993 CASSIANUM

1491 1102 1791 1163 ΑΒΒΑΤΕΜ
1825 1103 2309 1157 MASSILIENSEM.

3270 1231 3325 1238 ο.-

328 1372 532 1447 ,Ποπιηο
552 1377 847 1451 sanctitatis
877 1375 1096 1451 speciali
1125 1377 1293 1453 gloria
1322 1378 1587 1445 decorata,
1618 1387 1769 1448 atque
1810 1396 1901 1449 per
1924 1382 2099 1439 omnia
2129 1378 2511 1445 memorando:
2534 1380 2630 1447 sed
2662 1388 2709 1435 et
2734 1380 3068 1439 scientiarum
3091 1379 3275 1437 decore
3316 1380 3559 1452 pollenti,

254 1465 412 1547 rPatri
438 1470 638 1525 scilicet
665 1468 947 1536 Cassiano,
978 1468 1161 1524 Castor
1189 1472 1245 1523 in
1273 1472 1468 1525 mundo
1501 1471 1789 1541 degentium
1816 1473 2107 1543 peripsema
2130 1473 2177 1542 (l
2196 1471 2322 1537 Cor.
2351 1473 2604 1545 1v)”un
2645 1489 2916 1543 possumus
2945 1474 3204 1528 servitutis
3233 1473 3559 1533 humillima.

332 1561 754 1628 Rationabiliter,
801 1559 988 1629 Pater,
1019 1561 1467 1616 irrationabilibus
1490 1570 1543 1627 et
1574 1561 1860 1633 elinguibus
1898 1562 2172 1633 padagogi
2210 1562 2440 1631 fomenta
2473 1562 2776 1625 subveniunt
2800 1579 2820 1617 .'
2845 1564 2971 1634 quia
3000 1564 3095 1616 etsi
3127 1580 3231 1619 non
3258 1580 3405 1633 aqua
3448 1581 3565 1620 om-

250 1655 407 1731 nibus
432 1654 742 1721 moderatio,
773 1668 1028 1726 oppressa
1057 1653 1373 1725 humanitate
1412 1655 1575 1725 vigere
1602 1654 2039 1725 deprehenditur:
2072 1663 2232 1708 restat
2263 1665 2431 1710 tamen
2463 1665 2518 1709 ut
2550 1657 2629 1711 his
2654 1656 2835 1727 quibus
2886 1656 3097 1709 subacta
3125 1659 3390 1729 probatur,
3422 1661 3564 1713 subi-

250 1760 352 1833 gat
380 1748 805 1815 emolumentum.
840 1746 965 1802 Non
989 1748 1124 1803 enim
1151 1747 1320 1801 omnia
1346 1762 1617 1817 possumus
1650 1762 1824 1801 omnes
1852 1764 1873 1814 ;
1909 1747 2033 1817 quia
2061 1764 2164 1802 non
2190 1749 2418 1802 omnium
2446 1765 2595 1815 nosse
2619 1757 2840 1806 certare.
2872 1748 3059 1804 Merito
3107 1752 3243 1809 enim
3290 1752 3373 1809 sui
3413 1753 3561 1823 quis-

256 1831 429 1915 quam
449 1843 717 1909 iacturam
740 1842 975 1908 incurrit,
1006 1842 1105 1912 qui,
1126 1857 1186 1894 ea
1229 1856 1344 1912 qua:
1363 1843 1570 1911 potiora
1618 1856 1803 1911 capere
1848 1840 2031 1894 didicit
2086 1843 2244 1905 bona,
2277 1843 2537 1911 surripere
2566 1845 2779 1899 minime
2827 1846 3039 1916 ambigit
3080 1845 3284 1917 [Forte
3307 1846 3562 1921 satagit].

256 1936 488 2023 piutina
510 1951 727 2007 namque
748 1944 870 1989 sunt
892 1934 1257 1990 exercitatione
1283 1935 1591 2005 premendi,
1623 1935 1885 2009 variisque
1925 1932 2166 2005 aperibus
2198 1932 2407 2022 alendi,
2425 1936 2607 2004 quibus
2646 1936 2873 1991 aliorum
2933 1938 3173 1993 discretio
3217 1938 3553 2010 subrogatur.

254 2028 475 2091 Etenim
514 2028 789 2098 aliquoties
807 2037 1153 2100 praesumptor
1180 2044 1278 2085 sua
1304 2029 1594 2089 temeritate
1629 2027 1938 2093 succumbit,
1972 2027 2115 2092 dum,
2151 2030 2448 2083 necessariis
2472 2029 2649 2083 usibus
2679 2038 2825 2099 apta,
2861 2048 2959 2085 sua
2986 2033 3274 2103 incongrua
3299 2034 3564 2089 industria

254 2121 473 2175 incertis
489 2118 931 2175 moderationibus
945 2120 1265 2193 dispertitur.
1289 2118 1343 2174 Ν
1348 2120 1456 2174 obis
1470 2137 1590 2174 vero
1607 2122 1787 2174 idiotis
1811 2119 1967 2189 facile
1984 2137 2080 2191 per
2093 2121 2345 2174 incuriam
2357 2121 2531 2190 inepta
2543 2123 2846 2193 persuaderi
2860 2134 3089 2194 possunt.
3112 2127 3185 2179 Te
3208 2143 3349 2198 ergo,
3364 2127 3569 2182 charis-

248 2218 580 2291 sirnePater,
593 2235 695 2289 qua
703 2234 975 2287 possumus
987 2218 1240 2273 charitate
1263 2219 1745 2290 prtevenimus,quo
1773 2219 1861 2287 pia
1880 2234 1943 2271 ac
1963 2219 2271 2274 inexhausta
2292 2218 2645 2284 exuberantia,
2662 2220 2795 2274 nihil
2825 2236 3060 2291 promere
3077 2224 3391 2291 sapientibus
3418 2223 3564 2279 nobis

252 2316 554 2381 subvenias,
588 2321 637 2368 et
670 2314 857 2385 quibus
878 2313 1180 2384 prwemines
1204 2313 1488 2379 exercitiis,
1512 2312 1607 2383 sub
1636 2312 1823 2378 quibus
1869 2313 2184 2382 praepollens
2214 2328 2354 2366 mens
2384 2320 2434 2366 et
2462 2313 2691 2367 membra
2718 2324 3008 2379 creverunt,
3037 2330 3130 2369 nos
3156 2314 3458 2386 neophytos,
3509 2326 3563 2373 et
3650 2332 3655 2339 '

252 2412 539 2469 mundialis
566 2427 769 2482 pompa:
795 2410 1218 2466 accurationibus
1238 2410 1437 2464 illectos
1465 2409 1693 2465 excitare
1715 2424 1819 2463 non
1850 2408 2086 2477 di/feras.
2142 2408 2211 2463 Te
2240 2408 2451 2477 quidem
2476 2411 2802 2480 potissimum
2834 2407 3183 2464 Orientalium
3213 2410 3562 2466 coenobiorum

252 2505 495 2567 doctrina
517 2513 788 2576 expertum
811 2514 1066 2569 tenemus,
1098 2503 1423 2573 maximeque
1453 2502 1853 2575 Egyptiorum,
1886 2512 1933 2557 et
1963 2503 2105 2573 apud
2133 2501 2449 2558 Thebaidem
2484 2503 2823 2575 fundatorum
2855 2518 2873 2556 :
2900 2502 3187 2573 praesertim
3231 2518 3346 2556 cum
3374 2511 3421 2557 et
3451 2504 3566 2558 loca

254 2597 539 2667 Dominica
559 2598 824 2652 nativitale
840 2597 1068 2670 insignia
1093 2605 1190 2650 tua
1212 2597 1318 2661 sint
1346 2596 1613 2649 illustrata
1642 2596 1936 2664 prwsentia.
1966 2594 2229 2661 Quocirca
2258 2614 2374 2652 cum
2391 2598 2463 2652 sis
2483 2598 2714 2657 omnium
2739 2596 3030 2651 studiorum
3056 2595 3439 2663 Catholicorum
3485 2597 3569 2652 di-

248 2692 471 2763 sciplina
503 2693 769 2760 refertus,
801 2698 850 2745 te
880 2705 1082 2760 quoque
1106 2689 1343 2743 convenit
1369 2705 1461 2742 nos
1490 2688 1721 2743 scientia:
1752 2689 1950 2759 inapes,
1984 2707 2087 2744 non
2113 2691 2398 2759 praeterire.
2436 2689 2711 2747 Poscintus
2750 2706 2972 2760 namque
3004 2700 3141 2743 tuum
3182 2692 3566 2759 paternitatem,

249 2798 310 2858 stt
337 2787 1080 2852 institutamonasteriorum,
1100 2800 1215 2856 qua
1244 2801 1337 2856 per
1366 2783 1661 2855 Egyptum
1690 2791 1737 2836 et
1760 2782 2107 2839 Palastinam
2138 2786 2344 2854 ﬂorere,
2371 2801 2432 2838 ac
2467 2785 2669 2843 institui
2723 2785 2915 2853 vidisti,
2954 2794 3002 2838 et
3030 2786 3281 2839 servanda
3322 2786 3567 2853 sanatisti,

258 2890 303 2939 et
322 2883 475 2938 sicuti
498 2881 576 2935 ibi
594 2898 628 2934 a
648 2878 899 2934 Patribus
922 2879 1119 2933 tradita
1135 2885 1279 2944 sunt,
1301 2878 1525 2947 simmici
1548 2892 1780 2931 sermone
1810 2879 1863 2930 in
1894 2887 2072 2932 nostra
2098 2877 2217 2930 rudi
2241 2879 2552 2933 monasterio
2579 2878 2825 2932 adhibere
2852 2878 3185 2948 complanata
3206 2894 3305 2931 non
3337 2878 3557 2944 abnuas,

263 2984 309 3037 et
334 2975 667 3045 eloquiarum
692 2980 906 3027 tuorum
926 2968 1184 3038 melliﬂua
1202 2970 1459 3033 suavitate
1482 2969 1817 3024 exuberantia
1844 2969 1997 3022 verba
2016 2967 2334 3034 diﬂ'undens,
2366 2979 2545 3029 nostra
2560 2969 2658 3027 diu
2681 2971 2881 3025 arentia
2906 2971 3064 3024 corda
3088 2972 3258 3041 rigare
3284 2986 3386 3023 non
3416 2970 3567 3037 diffe-

263 3083 351 3122 ras
381 3083 401 3121 :
426 3084 486 3123 ex
507 3082 616 3137 quo
644 3064 845 3139 objecta
870 3062 1145 3117 sterilitate
1166 3062 1344 3133 fruges
1374 3062 1601 3133 justitite
1625 3062 1826 3129 valeant
1872 3059 2154 3129 pullulare.
2222 3058 2373 3114 Unde
2398 3076 2514 3114 reor
2538 3062 2583 3114 si
2606 3061 2731 3131 quid
2774 3061 3027 3131 proﬁcere
3067 3078 3159 3117 nos
3190 3058 3433 3132 possibile
3455 3065 3568 3133 {ue-

270 3163 336 3215 rit
356 3205 370 3229 ,
400 3171 445 3216 te
473 3176 683 3231 quoque
702 3158 902 3229 potiori
938 3157 1119 3210 merito
1144 3156 1525 3209 munerandum
1550 3172 1569 3209 :
1596 3156 1643 3209 si
1666 3157 1866 3225 paterni
1900 3156 2092 3211 laboris
2130 3153 2421 3208 obedientia
2444 3154 2694 3209 inertium
2722 3164 2915 3212 mentes
2941 3157 3363 3229 qualemcumque
3393 3157 3567 3211 reddi-

267 3257 433 3313 derint
478 3257 713 3312 habilem
730 3256 1045 3311 servitutem.
1098 3252 1251 3319 Vale,
1280 3261 1425 3323 pater
1448 3252 1544 3317 Dei
1572 3269 1856 3320 servorum,
1885 3262 1935 3306 et
1961 3260 2213 3307 memento
2232 3251 2420 3308 nostri.

342 3432 367 3459 ι
403 3421 485 3478 Ex
512 3426 734 3476 vetusto
760 3416 963 3474 Codice
982 3414 1313 3473 Elnonensis
1338 3413 1655 3469 monasterii
1683 3412 1741 3467 S.
1767 3409 2020 3467 Amandi.

267 3577 3557 3626 —_——————————————_—-——'—_’-——'_._—-'_~

1056 3707 1861 3841 JOANNIS
1926 3706 2790 3839 CASSIANI
2906 3616 2915 3619 ῃ

1460 3901 1799 3983 ᾼΒΒΛΤΙΒ
1841 3900 2384 3964 MASSILIENSIS

388 4073 668 4223 DE
754 4060 2253 4223 COENOBIORUM
2350 4061 3450 4214 INSTITUTIS

1396 4304 1713 4387 LIBRI
1786 4300 2429 4385 DUODECIM

1490 4456 2408 4497 ψ’

1691 4584 2172 4707 praefatio,

1490 4771 1579 4823 AD
1610 4767 1943 4822 CASTOREM
1976 4765 2378 4820 PONTIFICEM.

354 5062 577 5121 Veteris
612 5060 962 5116 lnstrumenti
1003 5062 1191 5113 narrat
1235 5050 1467 5109 historia
1525 5044 1869 5118 sapientissi-
1901 5043 2175 5115 Avidum,
2208 5041 2469 5110 quidquid
2509 5044 2692 5099 divina
2752 5044 3017 5115 sapientia
3051 5055 3375 5117 suggerente
3431 5064 3568 5117 prte-

285 5170 430 5212 mnm
463 5156 824 5213 Salomonem
843 5159 966 5220 post
982 5155 1258 5217 acceptam
1279 5144 1538 5200 divinitus
1554 5138 1877 5210 sapientiam
1986 5137 2191 5189 clarum
2218 5134 2271 5188 in
2298 5134 2499 5199 templo
2526 5135 2759 5200 Domini,
2790 5138 2876 5190 vel
2898 5137 2952 5191 in
2990 5138 3163 5191 sacris
3192 5140 3336 5191 vasis
3363 5140 3563 5194 molie-

282 5249 744 5318 prudentiamque
767 5247 990 5299 multam
1020 5241 1202 5306 nimis,
1230 5244 1288 5292 et
1317 5235 1660 5289 latitudinem
1692 5230 1878 5286 cordis
1989 5227 2174 5291 batur,
2222 5224 2528 5278 ministerio
2558 5226 2674 5293 ejus
2706 5242 2771 5279 ac
2802 5228 3158 5297 dispositione
3191 5228 3414 5297 perfecit
3441 5233 3460 5302 (
3498 5231 3561 5287 Ill

284 5316 444 5413 quasi
472 5356 704 5399 arenam
743 5339 910 5394 maris
939 5331 1394 5391 innumerabilem
1428 5329 1537 5399 (lll
1570 5328 1698 5397 Reg.
1730 5340 1782 5379 tv
1812 5324 1834 5394 )
1862 5338 1877 5377 :
1990 5319 2119 5389 Reg.
2146 5334 2220 5371 vn
2246 5319 2284 5387 ).
2317 5316 2374 5373 Si
2406 5330 2536 5386 ergo
2568 5319 2660 5371 ille
2690 5318 2961 5373 universis
2992 5319 3177 5387 regnis
3212 5328 3373 5372 terra:
3401 5322 3551 5377 sub”

290 5438 359 5491 ita
385 5447 444 5492 ut
470 5435 699 5492 Domini
733 5432 1050 5487 testimonio
1076 5430 1257 5485 nullus
1290 5427 1341 5481 ei
1377 5424 1570 5479 similis
1596 5418 1877 5476 retroactis
1992 5416 2130 5468 mior
2164 5413 2519 5483 principatus,
2552 5424 2605 5466 et
2636 5413 2918 5467 lsraelitici
2953 5415 3171 5482 generis
3205 5414 3449 5468 nobilior
3478 5432 3567 5471 es-

289 5529 638 5602 temporibus
665 5524 972 5589 exstitisse,
1022 5535 1198 5591 neque
1227 5502 1347 5587 post
1376 5530 1499 5570 eum
1528 5520 1875 5568 surrecturus
1992 5508 2394 5578 cellentiorque
2432 5504 2758 5577 progenies(
2789 5504 2853 5557 Ill
2880 5505 3011 5576 Reg.
3039 5518 3112 5555 vn
3140 5502 3181 5575 ),
3247 5506 3445 5574 illaque
3494 5525 3549 5562 sa

296 5599 415 5675 esse
464 5620 714 5682 dicatur,
772 5613 907 5669 illud
954 5612 1297 5684 magnificum
1345 5608 1577 5663 Domino
1627 5604 1886 5672 templum
1994 5602 2197 5670 Ρίεηιῖῧ
2228 5601 2485 5653 (Πνίηίῑυδ
2523 5599 2818 5667 inspira”,
2871 5612 2993 5667 (Ιυίι3
3024 5609 3343 5651 ουηείοτωη
3377 5600 3562 5656 Οτίθη·

300 5721 589 5769 exstruere
602 5710 941 5779 cupientem,
970 5706 1281 5774 alienigenae
1312 5702 1457 5770 regis
1479 5698 1602 5768 Tyri
1631 5697 1888 5751 auxilium
1996 5694 2182 5748 taliqu
2207 5701 2263 5747 et
2290 5692 2666 5764 Egyptiorttm
2714 5689 3033 5760 disciplinas
3056 5700 3110 5746 et
3134 5690 3375 5745 instituta
3410 5708 3565 5763 supe~

302 5806 644 5882 poposcisse.
679 5801 787 5874 Qui
840 5802 1007 5857 misso
1045 5799 1115 5855 ad
1144 5814 1201 5855 se
1225 5798 1426 5865 Hyram
1481 5793 1592 5848 tilio
1648 5789 1889 5845 mulieris
1998 5789 2183 5856 rabat,
2214 5801 2552 5867 nequaquam
2599 5786 2857 5861 pauperis
2902 5794 3063 5859 atque
3106 5785 3419 5855 alienigenae
3466 5784 3567 5845 viri
