4026 6212
1671 184 1741 209 σιν

2198 212 2239 227 ..ν

520 276 594 332 55
1827 280 2104 339 JOANNIS
2138 283 2446 341 CASSIANI
2784 305 2791 321 ο
3723 281 3821 339 50

456 382 467 392 ’
523 390 811 447 consilium
842 392 1202 463 dedignatur;
1236 404 1384 450 recte
1427 399 1589 450 etiam
1640 403 1695 449 tu
1726 396 1809 449 bis
1846 396 2095 453 eruditus
2120 400 2169 460 Α
2198 401 2430 471 simplici
2460 415 2711 456 sermone
2762 399 3023 454 fratribus
3068 382 3127 451 in
3178 395 3399 451 novello
3448 397 3817 454 monasterio

525 483 835 553 exemplis,
892 484 1203 541 beatissime
1246 496 1271 523 ι
1331 501 1468 556 papa
1526 488 1742 553 Castor,
1797 503 1982 542 verum
2036 506 2101 545 ac
2206 501 2300 547 tuo
2332 494 2555 563 cupiens
2607 494 2910 562 explanari.
2957 492 3055 547 Cui
3107 490 3182 545 rei
3229 498 3486 559 quantum
3528 506 3614 545 me
3662 492 3816 561 pius

523 577 851 632 rationabile
886 578 994 632 Deo
1024 578 1308 648 templum,
1340 594 1448 633 non
1499 579 1771 648 lapidibus
1800 580 2098 636 insensibi-
2204 586 2367 640 ardor
2396 586 2657 641 desiderii
2690 587 2764 640 tui
2820 594 3071 655 provocat
3099 584 3337 650 obedire,
3369 592 3574 637 tantum
3601 584 3821 663 ωυιιὶτ

524 670 687 735 libus,
718 670 813 725 sed
841 680 1150 725 sanctorum
1201 672 1441 725 virorum
1496 673 1946 743 congregatione,
2000 688 2101 729 nec

524 765 824 834 temporale
875 776 928 819 et
958 766 1331 833 eorruptibile,
1366 765 1462 820 sed
1512 776 1772 821 aeternum
1801 775 1965 836 atque
2015 769 2099 823 in-

522 856 884 926 expugnabile
915 855 1191 911 azdiﬁcare
1236 856 1558 925 disponens,
1610 873 1738 912 vasa
1776 858 1938 912 etiam
1979 873 2101 926 pre-

527 948 815 1002 tiosissima
844 949 1073 1002 Domino
1119 949 1345 1017 cupiens
1404 963 1753 1014 consecrare,
1786 964 1897 1003 non
1928 950 2101 1003 multo

444 1094 449 1097 Α
483 1038 488 1045 ’
524 1040 639 1092 auri
676 1040 914 1106 metallo,
942 1040 1225 1109 argentive
1255 1041 1509 1107 conﬂata,
1537 1057 1656 1111 quae
1698 1052 1821 1111 post
1869 1058 1961 1096 rex
2001 1042 2102 1095 Ba-

524 1134 773 1204 bylonius
803 1144 959 1203 capta
991 1136 1426 1191 concubinarum
1448 1152 1668 1192 suarum
1699 1152 1761 1192 ac
1797 1138 2100 1208 principum

522 1224 743 1292 deputet
772 1226 1036 1294 voluptati
1081 1225 1314 1298 (Daniel.
1342 1228 1419 1296 v),
1450 1228 1545 1283 sed
1577 1228 1859 1284 animabus
1898 1231 2102 1285 sanctis

525 1331 647 1385 quae
687 1318 1033 1383 innocentiae,
1081 1320 1309 1388 justitiaa
1359 1330 1411 1375 et
1464 1322 1732 1375 castitatis
1792 1322 2104 1391 integritate

522 1412 815 1479 fulgentes,
855 1425 1037 1480 regem
1066 1412 1338 1466 Christum
1372 1413 1423 1467 in
1457 1414 1769 1483 semetipsis
1811 1413 2101 1468 circumfe-

524 1512 649 1555 rant
671 1514 1129 1571 commorantem,
1163 1520 1390 1575 egenum
1428 1521 1536 1572 me,
1571 1509 1829 1575 omnique
1856 1522 1922 1561 ΘΧ
1950 1515 2104 1575 parte

525 1598 953 1666 pauperrimum,
988 1599 1053 1652 ad
1080 1601 1517 1655 communionem
1544 1602 1676 1654 tanti
1708 1601 1890 1669 operis
1914 1600 2105 1670 digna-

534 1692 611 1744 ris
634 1690 965 1745 adsciscere.
1007 1689 1034 1727 δ
1064 1691 1119 1744 ln
1160 1694 1441 1760 provincia
1473 1694 1742 1762 siquidem
1774 1701 1865 1747 tua
1905 1708 2093 1748 emno-

2203 680 2375 748 plices
2405 688 2632 733 aestuum
2656 679 2826 733 moles
2850 679 3123 732 volentem
3174 677 3554 745 obtemperare
3599 676 3811 732 deter-

2205 780 2344 825 rent.
2382 769 2618 824 Primum
2649 770 2773 839 quia
2831 784 2927 824 nec
2959 769 3085 823 vitae
3140 783 3275 822 meae
3332 768 3407 821 ita
3447 767 3811 838 aequiparant

2206 862 2420 922 merita,
2454 872 2513 916 ut
2542 861 2809 915 conlidam
2842 876 2929 916 me
2951 875 3038 915 res
3067 868 3176 913 tam
3207 859 3426 925 arduas,
3462 869 3570 912 tam
3596 860 3809 915 obscu-

2204 970 2315 1021 ras,
2342 964 2450 1009 tam
2481 963 2717 1018 sanctas,
2750 953 2910 1023 digne
2939 968 3104 1022 posse
3128 950 3311 1005 animo
3337 966 3400 1005 ac
3431 960 3615 1006 mente
3635 967 3808 1007 com-

2204 1048 2388 1118 plecti.
2448 1048 2703 1103 Secundo
2751 1046 2894 1117 quod
2930 1056 2951 1083 ε
2984 1061 3047 1100 ea
3088 1061 3207 1115 qua:
3254 1062 3283 1097 a
3331 1047 3558 1114 pueritia
3588 1056 3798 1101 nostra

2204 1140 2347 1194 inter
2380 1139 2598 1194 eosdem
2623 1138 2901 1193 constituti
2942 1146 3101 1207 atque
3130 1138 3374 1206 ipsorum
3406 1138 3614 1192 incitati
3640 1154 3805 1207 quo-

2207 1233 2429 1287 tidianis
2459 1231 2936 1286 adhortationibus
2955 1239 3010 1284 et
3046 1230 3309 1299 exemplis
3342 1231 3425 1283 vel
3476 1244 3637 1300 agere
3664 1240 3807 1284 ten-

2207 1326 2462 1393 tavimus,
2492 1325 2577 1379 vel
2601 1324 2909 1389 didicimus,
2935 1324 3021 1377 vel
3044 1326 3161 1377 visu
3177 1323 3541 1393 percepimus,
3565 1324 3805 1379 minime

2202 1419 2311 1487 jam
2344 1432 2633 1486 possumus
2656 1416 2724 1470 ad
2784 1416 3054 1485 integrum
3086 1417 3349 1483 retinere,
3398 1426 3477 1470 tot
3506 1431 3796 1471 annorum

2204 1512 2423 1567 circulis
2448 1512 2515 1566 ab
2548 1526 2735 1566 eorum
2768 1511 3046 1565 consortio
3076 1520 3131 1565 et
3161 1510 3466 1565 imitatione
3489 1525 3802 1567 conversa-

2207 1606 2369 1659 tionis
2411 1604 2703 1669 abstracti;
2732 1603 3037 1673 praesertim
3070 1617 3192 1658 cum
3229 1604 3413 1657 harum
3469 1620 3648 1659 rerum
3691 1620 3801 1658 ra-

2209 1700 2284 1752 tio
2311 1714 2646 1767 nequaquam
2672 1698 2839 1767 possit
2861 1698 3032 1751 otiosa
3051 1698 3405 1752 meditatione
3436 1698 3804 1768 doctrinaque

527 1782 741 1835 biorum
774 1791 1019 1851 experte,
1045 1783 1400 1838 Orientalium
1447 1787 1788 1855 maximeque
1819 1785 2102 1856 Egyptio-
2136 1783 2183 1844 B
2210 1788 2523 1853 verborum,
2558 1788 2639 1841 vel
2671 1788 2831 1853 tradi,
2867 1788 2952 1842 vel
2983 1788 3240 1858 intelligi,
3268 1790 3353 1842 vel
3378 1789 3635 1842 memoria
3657 1806 3803 1843 con-

528 1890 647 1927 rum
686 1875 881 1927 volens
914 1875 1160 1929 instituta
1220 1876 1455 1941 fundari,
1490 1893 1614 1932 cum
1646 1879 1723 1932 sis
1752 1880 1869 1947 ipse
1896 1881 2105 1933 cunctis

529 1968 819 2023 virtutibus
842 1969 1179 2039 scientiaque
1204 1971 1499 2040 perfectus,
1534 1981 1589 2026 et
1616 1974 1883 2029 universis
1906 1973 1980 2026 ita
2020 1988 2107 2029 re-

526 2060 700 2115 fertus
722 2062 925 2117 divitiis
950 2064 1344 2132 spiritualibus,
1371 2074 1427 2119 ut
1446 2065 1838 2134 perfectionem
1861 2082 2104 2135 qumren-

527 2156 671 2209 tibus
700 2156 831 2209 satis
863 2156 1185 2225 abundeque
1235 2173 1339 2211 non
1401 2158 1563 2212 modo
1595 2169 1721 2212 tuus
1765 2174 1966 2225 sermo,
2007 2159 2103 2213 sed

527 2248 689 2300 etiam
719 2248 835 2301 sola
883 2248 995 2301 vita
1027 2250 1260 2303 sufﬁciat
1302 2252 1367 2302 ad
1392 2253 1727 2319 exemplum,
1759 2266 1846 2305 me
1885 2265 2102 2321 quoque

525 2339 795 2409 elinguem
826 2350 882 2393 et
929 2357 1219 2411 pauperem
1271 2358 1526 2397 sermone
1554 2352 1717 2412 atque
1764 2343 2013 2412 scientia,
2048 2354 2107 2398 ut

528 2432 727 2499 aliquid
787 2433 852 2485 ad
911 2435 1316 2501 explementum
1365 2437 1441 2489 tui
1499 2436 1759 2493 desiderii
1805 2439 1872 2493 de
1924 2438 2103 2506 inopia

528 2540 725 2579 sensus
745 2527 849 2581 mei
873 2528 1173 2594 conferam,
1208 2531 1407 2598 poscis,
1437 2532 1797 2601 praacipisque
1830 2542 1890 2586 ut
1942 2532 2102 2585 insti-

526 2626 639 2671 tuta
668 2621 1137 2688 monasteriorum,
1168 2639 1289 2691 qua:
1330 2640 1426 2693 per
1456 2624 1747 2695 Egyptum
1775 2640 1837 2679 ac
1859 2625 2103 2679 Palmsti-

526 2724 649 2761 nam
679 2712 934 2765 custodiri
961 2714 1358 2783 conspeximus,
1389 2720 1459 2769 ita
1510 2724 1565 2769 ut
1607 2717 1679 2771 ibi
1706 2716 1861 2771 nobis
1888 2732 1917 2771 a
1941 2718 2107 2787 patri-

527 2802 629 2855 bus
664 2804 860 2858 tradita
892 2816 1041 2871 sunt,
1075 2808 1322 2875 quamvis
1372 2809 1625 2878 imperito
1654 2810 1893 2879 digeram
1941 2812 2103 2880 stylo,

528 2910 635 2948 non
659 2896 897 2965 leporem
928 2902 1195 2955 sermonis
1224 2902 1523 2971 inquirens,
1560 2904 1743 2976 inquo
1774 2906 1893 2973 ipse
1924 2905 2108 2974 appri-

527 3003 613 3041 me
663 3003 724 3043 es
756 2990 1018 3059 eruditus,
1064 2994 1159 3048 sed
1203 3006 1515 3051 sanctorum
1586 2998 1889 3065 simplicem
1943 2999 2106 3051 vitam

2212 1881 2372 1934 tineri
2413 1898 2423 1932 :
2480 1890 2651 1934 totum
2702 1895 2935 1949 namque
2994 1880 3046 1933 in
3098 1881 3210 1933 sola
3253 1881 3584 1949 experientia
3621 1896 3803 1950 usque

2209 1974 2485 2029 consistit.
2532 1973 2599 2027 Et
2654 1971 3111 2041 quemadmodum
3142 1971 3278 2025 tradi
3312 1972 3415 2025 nisi
3463 1971 3531 2025 ab
3562 1981 3801 2039 experto

2210 2083 2317 2122 non
2344 2076 2571 2135 queunt,
2618 2067 2688 2119 ita
2721 2080 2821 2120 nec
2877 2066 3081 2134 percipi
3126 2066 3344 2135 quidem
3377 2065 3465 2119 vel
3520 2066 3781 2134 intelligi,

2211 2162 2311 2215 nisi
2346 2161 2412 2214 ab
2439 2174 2503 2213 eo
2532 2158 2623 2229 qui
2647 2173 2710 2212 ea
2734 2158 2850 2227 pari
2874 2157 3052 2211 studio
3074 2172 3136 2210 ac
3159 2157 3359 2211 sudore
3375 2157 3798 2227 apprehendere

2209 2254 2589 2317 elaboraverit,
2616 2260 2869 2321 possunt:
2904 2268 3023 2321 qua:
3069 2261 3255 2305 tamen
3287 2251 3330 2304 si
3357 2251 3650 2305 collatione
3675 2252 3792 2321 iugi

2211 2346 2539 2417 spiritalium
2587 2346 2827 2398 virorum
2862 2345 3175 2413 frequenter
3222 2345 3464 2397 discussa
3515 2361 3621 2397 non
3677 2346 3800 2400 fue-

2211 2440 2343 2505 rint,
2377 2449 2430 2491 et
2458 2437 2647 2506 polita,
2676 2437 2784 2490 cito
2815 2452 3034 2490 rursum
3065 2437 3265 2490 mentis
3302 2436 3515 2490 incuria
3547 2436 3799 2491 dilabun-

2209 2540 2314 2584 tur.
2335 2531 2519 2585 Tertio
2547 2530 2669 2597 quia
2698 2528 2930 2597 idipsum
2962 2528 3102 2598 quod
3124 2538 3414 2597 utcumque
3435 2544 3539 2582 non
3563 2545 3660 2598 pro
3680 2546 3801 2585 me-

2212 2626 2320 2679 rito
2346 2625 2449 2689 rei,
2474 2624 2569 2678 sed
2593 2639 2690 2692 pro
2722 2624 3008 2692 praesentis
3038 2623 3303 2691 temporis
3339 2633 3483 2677 statu
3508 2638 3801 2693 possumus

2218 2712 2513 2780 reminisci,
2549 2715 2850 2783 imperitior
2875 2730 3058 2769 sermo
3103 2729 3343 2784 congrue
3393 2730 3497 2768 non
3527 2716 3672 2769 valet
3696 2731 3797 2770 ex-

2212 2812 2431 2880 plicare.
2462 2808 2579 2862 Huc
2602 2808 2834 2873 accedit,
2869 2807 3013 2877 quod
3043 2822 3207 2876 super
3240 2809 3341 2861 hac
3369 2823 3426 2861 re
3445 2808 3548 2861 viri
3595 2817 3649 2860 et
3676 2810 3796 2863 vita

2214 2904 2446 2970 nobiles,
2467 2912 2520 2956 et
2543 2917 2799 2957 sermone
2827 2900 3163 2968 scientiaque
3194 2900 3465 2968 praeclari,
3503 2900 3800 2968 nmltajam

2213 2995 2473 3066 opuscula
2505 2994 2861 3057 desudarunt,
2894 3002 3138 3047 sanctum
3169 2991 3425 3046 Basiliam
3455 3001 3510 3046 et
3535 2994 3803 3063 Hierony-

1608 3133 1865 3188 ALARDI
1902 3127 2135 3186 GAZIEI
2173 3126 2729 3183 COMMENTARIUS.

609 3258 631 3282 υ
659 3247 820 3315 Papa,
853 3263 947 3303 seu
974 3253 1190 3310 πάπποις
1220 3250 1405 3306 Grmce
1457 3267 1524 3306 ex
1577 3252 1844 3317 primitiva
1891 3250 2098 3317 origine
2126 3246 2666 3317 C,edocuitepistola
2693 3245 2969 3317 liminaris
2994 3247 3045 3299 in
3067 3243 3487 3317 vetustocodice
3512 3259 3802 3317 ms.quem

532 3332 633 3370 vox
664 3328 746 3371 est
779 3336 1091 3385 puerorum,
1120 3338 1215 3375 seu
1245 3322 1526 3376 infantium
1558 3322 2003 3383 balbutientium,
2038 3334 2101 3374 ac

528 3404 679 3461 suos
734 3400 910 3456 patres
958 3391 1313 3445 balbutiendo
1358 3393 1802 3461 compellantium
1846 3394 1864 3460 (
1911 3388 2098 3444 Caelius

526 3460 750 3531 Rhedig.
800 3461 887 3513 lib.
916 3477 965 3514 xi
998 3461 1135 3514 Lect.
1169 3464 1331 3532 antiq.
1358 3480 1469 3531 cap.
1492 3460 1609 3527 ⁷21)
1646 3481 1658 3514 :
1694 3464 1816 3514 hinc
1854 3464 2105 3526 παπάζειν

528 3533 666 3603 θριιει
695 3533 982 3585 “omemm
1012 3534 1027 3598 (
1061 3534 1248 3601 Odyss.
1279 3549 1331 3585 Vt
1360 3533 1403 3603 ),
1434 3534 1518 3588 vel
1547 3536 1779 3597 παπίζειν
1824 3533 2100 3601 (Onuphr.

528 3602 591 3653 ile
616 3600 809 3653 Eccles.
836 3619 944 3654 voc.
981 3605 1020 3670 ),
1054 3600 1477 3672 seiipapissare,
1531 3606 1670 3673 apud
1725 3600 1993 3669 Comicos,
2023 3613 2105 3657 est

526 3672 807 3725 infantium
837 3689 1003 3735 more,
1033 3675 1332 3739 blandeque
1362 3672 1908 3744 patrem'compellare
1936 3694 1947 3725 :
1972 3689 2105 3742 quo-

527 3759 645 3816 rum
673 3744 951 3810 exemplo,
984 3753 1038 3799 et
1058 3747 1286 3814 quadam
1317 3745 1620 3801 imitatione
1648 3748 1809 3816 primi
1842 3745 2107 3801 Christia-

530 3814 713 3886 nipro
738 3817 1047 3885 evangelica
1093 3818 1450 3884 simplicitate
1480 3829 1532 3871 et
1582 3814 1847 3873 modestia
1897 3829 2102 3886 patrem

526 3885 878 3958 spiritualem
925 3886 1121 3958 blando
1164 3890 1268 3941 isto
1296 3890 1557 3943 vocabulo
1612 3905 1799 3957 papam
1829 3885 2105 3958 appellare

528 3965 829 4031 coepe-runt.
863 3955 993 4031 Inde
1024 3974 1153 4010 vero
1184 3958 1380 4031 factum
1408 3971 1509 4024 est,
1540 3970 1598 4031 ut
1626 3955 2106 4013 iii—nome'utrans-

528 4024 634 4077 iret
664 4024 957 4096 dignitatis,
987 4037 1150 4094 utque
1192 4030 1292 4081 hoc
1323 4032 1543 4082 nomine
1589 4030 1977 4096 insignirentur
2009 4032 2106 4082 ho-

528 4095 833 4168 noratiores
862 4098 1235 4168 tantummodo
1267 4096 1452 4168 clerici
1481 4100 1498 4168 (
1524 4095 1716 4150 Baron.
1747 4101 1798 4150 in
1852 4100 1981 4168 notis
2035 4102 2103 4151 ad

529 4164 869 4234 Martyrolog.
930 4164 995 4219 '10
1044 4164 1308 4233 Ianuar.)
1344 4209 1357 4229 ,
1409 4164 1498 4219 ut‘
1540 4168 1742 4221 notavit
1810 4167 2105 4221 Wall‘ridus

526 4236 775 4309 Stratius,
813 4235 905 4309 lib.
961 4235 1027 4309 de
1069 4238 1249 4291 Rebus
1283 4238 1594 4292 Ecclesiast.
1648 4254 1768 4309 cap.
1822 4239 1876 4301 7,
1934 4236 2102 4308 Papa,

527 4306 796 4371 inquiens,
813 4307 1085 4375 cujusdam
1105 4311 1422 4376 paternitalis
1436 4325 1615 4362 nomen
1631 4306 1730 4375 est,
1741 4320 1786 4362 et
1805 4306 2104 4363 clericorum

531 4376 767 4443 congruit
797 4377 1066 4444 dignitati.
1101 4378 1293 4434 Postea
1331 4392 1507 4433 tamen
1539 4382 1588 4432 in
1635 4396 1733 4434 usu
1777 4382 2106 4434 ecclesiasti-

531 4460 597 4498 co
646 4447 810 4512 cospit
859 4450 975 4500 haec
1025 4453 1430 4505 nomenclatura
1483 4452 1775 4520 peculiaris
1816 4466 1945 4505 esse
1990 4452 2105 4518 epi-

535 4530 821 4581 sc0pornm
855 4560 869 4583 ,
920 4529 976 4572 ut
1030 4520 1192 4574 iidem
1249 4537 1438 4575 omnes
1470 4562 1484 4585 ,
1536 4532 1594 4575 et
1652 4524 1749 4575 soli
1810 4537 1961 4590 papa:
2025 4523 2105 4575 di-

528 4596 812 4664 cerentur,
835 4599 895 4664 ut
910 4605 979 4664 _e_x
1010 4592 1251 4664 epistolis
1285 4594 1343 4647 D.
1380 4592 1635 4663 Cypriani
1667 4632 1684 4658 ,
1744 4593 2055 4664 Hieronymi
2086 4635 2101 4659 ,

527 4658 838 4737 Augustini,
864 4660 1100 4737 Sidonii,
1122 4658 1569 4737 aliorumqueest
1600 4658 1966 4737 manifestum:
1994 4658 2105 4737 Hoc

527 4730 1191 4802 igitursensuCassianus
1216 4734 1324 4799 hic,
1354 4730 1408 4787 et
1436 4735 1486 4787 in
1512 4734 1681 4787 altera
1711 4735 2103 4802 prmfationead

510 4797 853 4873 -Collationes
881 4801 1129 4867 Patrum,
1174 4797 1317 4858 hunc
1343 4805 1624 4859 Castorem
1664 4797 1854 4873 papam
1901 4821 2104 4860 nuncu-

525 4870 785 4947 pat,_hoc
811 4882 922 4935 est,
959 4886 1202 4947 patrem,
1236 4874 1319 4929 vel
1348 4870 1690 4947 episcopum,
1723 4870 1781 4929 ut
1818 4876 2104 4947 Dionysius

523 4940 777 5013 Cartlius.
804 4940 1072 5009 expos'uit.
1100 4945 1295 4998 Verum
1330 4940 1715 5013 pesterioribus
1740 4940 2104 5001 saaculis'usus

532 5012 1077 5086 Ecclesimgobtinuit,
1113 5025 1169 5068 ut
1201 5031 1395 5069 nomen
1429 5030 1609 5084 papie,
1641 5018 1779 5071 sicut
1808 5028 1861 5071 et
1888 5018 2101 5086 epithe-

529 5094 641 5158 ton,
669 5083 992 5158 Bealissimi,
1017 5086 1116 5158 soli
1141 5086 1381 5142 Romano
1404 5083 1644 5142 Pontilici
1672 5083 1938 5143 tribuatur
1964 5088 2106 5158 (Bel—

526 5153 683 5231 larm.
719 5154 803 5231 lib.
840 5171 873 5208 ιι
904 5157 967 5231 fle
1001 5157 1155 5231 Rom.
1207 5158 1407 5231 Pontif.
1441 5176 1555 5231 cap.
1607 5162 1667 5214 51
1697 5160 1733 5227 ).
1786 5160 1920 5214 Cum
1956 5153 2105 5215 enim

524 5225 766 5299 episcopi
794 5226 1006 5294 quidam
1030 5225 1445 5284 scbismatici‘in
1467 5225 1646 5285 odium
1673 5225 1899 5285 Romani
1932 5233 2107 5299 ponti-

527 5297 640 5371 ticis
665 5311 880 5371 nomen
910 5314 1058 5371 papm
1092 5300 1333 5371 superbe
1381 5302 1482 5354 sibi
1522 5312 1865 5367 arrogarent,
1898 5297 2101 5371 Grego-

525 5366 639 5417 rius
665 5365 752 5419 Vll
790 5384 932 5422 anno
983 5370 1118 5424 1077
1151 5371 1199 5423 ἱιι
1230 5372 1435 5441 synodo
1467 5365 1705 5425 Romana
1745 5365 2107 5436 decrevitfut

529 5451 677 5513 papas
722 5453 928 5513 nomen
964 5441 1015 5513 in
1049 5441 1177 5495 orbe
1204 5441 1511 5495 Christiano
1544 5444 1757 5513 unicum
1792 5453 1964 5513 esset;
2007 5458 2104 5497 nec

528 5504 717 5585 liceret
770 5508 931 5585 alicui
989 5510 1125 5585 hanc
1172 5513 1585 5585 appellationem
1646 5512 1758 5585 sibi
1800 5504 2098 5585 velalteri

528 5577 816 5652 ascribere.
846 5580 957 5646 Qua
999 5581 1065 5636 de
1111 5597 1169 5636 re
1209 5577 1335 5637 vide
1365 5584 1513 5652 plura
1544 5582 1683 5649 apud
1730 5582 2014 5636 Baronium
2045 5594 2100 5638 et

528 5644 681 5722 alios.
712 5649 837 5711 Quis
873 5644 1049 5715 porro
1097 5652 1257 5707 fuerit
1299 5644 1400 5707 iste
1429 5644 1646 5716 Castor,
1694 5662 1749 5706 et
1794 5654 1945 5720 cujus
1994 5654 2097 5709 loci

529 5728 832 5794 episcopus,
866 5735 1002 5794 cum
1022 5723 1310 5777 Cassianus
1338 5740 1443 5777 non
1473 5725 1816 5794 expresserit,
1850 5724 1989 5777 haud
2022 5724 2099 5778 fa-

530 5785 631 5855 cile
656 5796 770 5841 erat
794 5790 1027 5861 assequi,
1049 5801 1105 5861 et
1131 5804 1281 5851 certo
1301 5785 1558 5859 delinire:
1578 5795 1773 5869 Verum
1801 5785 1855 5856 id
1883 5796 2096 5861 tandem

2211 3333 2241 3371 a
2256 3317 2580 3370 monasterio
2600 3317 2915 3381 Elnonensi,
2931 3316 3043 3370 sive
3062 3315 3363 3369 Amandiuo
3389 3316 3803 3372 commodatum

2208 3388 2381 3442 serius
2410 3388 2752 3454 accepimus,
2792 3388 2871 3440 his
2912 3387 3309 3441 lnstitutionum
3342 3386 3492 3439 libris
3543 3389 3803 3455 prmlixa;

2208 3474 2366 3523 quam
2395 3461 2495 3511 etsi
2526 3473 2786 3523 nusquam
2820 3458 2949 3512 alibi
2978 3468 3242 3523 repertam
3271 3502 3284 3523 ,
3318 3457 3608 3526 multisque
3637 3475 3803 3513 tuen-

2207 3530 2290 3583 dis
2320 3544 2381 3581 ac
2414 3530 2589 3582 litoris
2616 3530 2979 3589 obseuratam,
3017 3529 3397 3597 tamen-quoad
3430 3530 3603 3592 licuit,
3636 3530 3704 3582 ab
3732 3532 3805 3584 iis

2208 3610 2581 3669 expurgatam,
2610 3610 2664 3655 et
2693 3614 2804 3654 Sua:
2837 3602 3126 3669 integritati
3150 3602 3473 3660 restitutam.
3503 3600 3625 3652 huic
3646 3603 3803 3665 operi

2209 3671 2659 3740 prmmitteudam,
2694 3682 2746 3723 et
2795 3686 2824 3725 e
2875 3670 3110 3724 tenebris
3151 3670 3441 3725 eruendam
3487 3686 3549 3723 ac
3594 3671 3800 3738 produ-

2208 3742 2434 3796 cendam
2465 3743 2714 3795 duximus
2744 3759 2757 3794 :
2791 3742 2946 3808 cujus
2980 3743 3135 3795 titulo
3164 3742 3249 3796 hic
3289 3744 3479 3794 Castor
3505 3744 3802 3807 θιιὶεεοιιιις

2208 3813 2462 3882 Aptensis
2490 3814 2694 3868 diserte
2741 3816 3081 3879 nominatur,
3115 3829 3142 3863 a
3189 3828 3295 3881 quo
3337 3812 3453 3865 hmc
3482 3814 3702 3879 epistola
3728 3814 3804 3866 ad

2207 3885 2522 3939 Cassianum
2553 3886 2750 3953 scripta
2789 3887 3068 3938 asseritur.
3102 3883 3196 3936 Est
3235 3898 3359 3936 vero
3389 3884 3641 3953 Apte-usis
3680 3886 3804 3950 epi-

2209 3971 2425 4024 SCOplIS,
2454 3957 2505 4009 id
2533 3966 2637 4019 est,
2668 3952 3012 4025 Apte-Julia:
3040 3955 3271 4007 civitatis
3308 3953 3360 4005 in
3387 3952 3557 4025 Gallia
3594 3953 3805 4007 Narbo-

2208 4022 2365 4080 nensi
2397 4025 2563 4094 (Plin.
2599 4027 2687 4078 lib.
2724 4022 2779 4079 in
2814 4024 3013 4078 Histor.
3046 4041 3092 4077 ε.
3117 4025 3195 4093 4),
3221 4039 3359 4076 unus
3387 4040 3415 4076 e
3443 4022 3801 4093 suifragaiieis

2210 4098 2515 4165 Aquensis,
2549 4098 2664 4149 sive
2704 4097 3052 4150 Tanrinensis
3097 4094 3521 4163 archiepiscoiii,
3558 4107 3611 4147 ιιι
3636 4095 3805 4153 refert

2208 4167 2744 4220 Anio-Demochares
2768 4166 2903 4231 (Lib.
2930 4168 2991 4218 de
3010 4166 3205 4234 Sacrif.
3232 4164 3383 4218 Miss.
3408 4182 3455 4217 ε.
3480 4165 3593 4235 50).
3610 4166 3803 4222 Fuisse

2208 4246 2387 4291 autem
2418 4236 2564 4290 hunc
2599 4238 2874 4291 Castorem
2904 4238 3075 4290 virum
3110 4240 3394 4290 sanctitate
3422 4238 3803 4305 conspicuum,

2209 4317 2262 4360 et
2291 4308 2484 4377 insigni
2515 4308 2629 4361 zelo
2661 4309 2875 4376 pietatis
2906 4320 2960 4361 et
3000 4308 3277 4377 religionis
3308 4309 3613 4375 prieditum,
3640 4308 3805 4363 docet

2211 4387 2318 4431 tum
2352 4378 2467 4447 ejus
2508 4380 2736 4445 epistola
2777 4376 3239 4445 memorata,'tum
3271 4378 3385 4432 haec
3412 4376 3656 4433 Cassiani
3684 4380 3803 4434 ele-

2207 4465 2342 4517 gans
2371 4460 2425 4503 et
2453 4450 2723 4503 luculenta
2759 4450 3030 4512 (metatio.

2279 4519 2305 4557 ι)
2350 4520 2626 4573 l’rovincia
2680 4520 2769 4573 illa
2815 4521 3023 4575 scilicet
3073 4520 3334 4590 Aptensi,
3380 4519 3446 4573 de
3490 4534 3593 4587 qua
3634 4535 3803 4587 supra

2212 4589 2564 4645 Cmnobiornm
2581 4602 2806 4661 experte,
2830 4594 2865 4644 i.
2886 4609 2937 4646 e.
2956 4589 3294 4647 Monasteriis
3325 4606 3509 4643 vacua.
3528 4590 3657 4661 Nam
3686 4594 3804 4659 pri-

2212 4678 2356 4715 mum
2387 4660 2697 4716 cmuobiuin
2745 4664 2856 4729 ipse
2885 4665 3075 4717 Castor
3106 4667 3390 4731 episcopus
3431 4660 3685 4714 fundasse
3712 4664 3802 4718 hic

2214 4734 2544 4800 perhibetur.
2566 4733 2716 4787 Unde
2743 4745 2797 4787 et
2826 4736 3094 4788 novellum
3128 4731 3515 4787 monasterium
3540 4731 3682 4796 infra
3710 4752 3804 4800 ap-

2214 4805 2458 4872 pellatur.
2482 4805 2586 4857 1)το
2607 4815 2813 4871 experte
2834 4805 3113 4874 legebatur
3133 4807 3185 4859 in
3205 4805 3528 4873 quibusdam
3552 4820 3613 4856 ex
3634 4815 3802 4870 parte,

2212 4876 2421 4928 duabus
2453 4876 2661 4929 voculis
2689 4886 2739 4929 et
2768 4878 2915 4932 nullo
2938 4893 3118 4931 sensu.

2288 4958 2309 4983 ο
2344 4946 3083 5019 Exhacsenteutia,aliisque
3107 4948 3371 5002 similibus
3396 4949 3448 5000 in
3481 4945 3800 5019 praalatioue

2214 5026 2397 5088 nostra
2439 5017 2503 5068 ad
2538 5018 2793 5071 lectorem
2829 5016 3124 5088 productis,
3153 5020 3435 5087 perspicue
3466 5016 3804 5088 ostendimus

2212 5085 2528 5159 Cassianum
2555 5104 2660 5140 non
2683 5085 2877 5142 deiniin
2908 5093 3139 5159 coepisse
3154 5085 3499 5143 imoiiasticen
3546 5087 3802 5141 excolere

2206 5166 2301 5210 aut
2320 5158 2558 5229 profiteri
2577 5198 2589 5218 ,
2613 5170 2891 5229 postquam
2922 5158 3189 5228 legatione
3213 5176 3305 5227 pro
3326 5161 3535 5215 Joanne
3563 5158 3802 5226 Chryse.

2206 5238 2382 5281 stomo
2402 5226 2499 5282 sibi
2526 5226 2701 5283 delata
2720 5226 3028 5298 perfunctus
3048 5239 3215 5295 esset,
3242 5238 3299 5281 ut
3320 5230 3534 5283 videtur
3562 5229 3803 5283 sensisse

2209 5298 2468 5352 Baronius
2513 5298 2704 5369 (Tomo
2734 5302 2777 5355 ν
2820 5300 3008 5354 Annal.
3042 5302 3189 5352 Anno
3230 5298 3440 5354 Domini
3471 5300 3586 5367 ’40)
3646 5316 3669 5369 εν
3707 5299 3801 5351 sed

2207 5385 2323 5423 eam
2353 5371 2419 5422 ab
2450 5370 2667 5425 ineunte
2697 5382 2854 5426 :etate
2880 5379 2935 5424 et
2972 5372 3202 5439 pueritia
3222 5373 3550 5433 excoluisse,
3574 5380 3629 5423 et
3660 5368 3802 5422 inter

2208 5441 2501 5493 monachos
2528 5444 2837 5506 educatum,
2866 5450 2921 5495 et
2967 5438 3155 5511 primis
3191 5456 3299 5496 tum
3332 5443 3610 5510 religionis
3641 5438 3801 5511 Chrio
3874 5453 3883 5461 '

2207 5512 2417 5578 stianm,
2444 5520 2554 5565 tum
2575 5513 2884 5567 monasticae
2916 5508 3267 5568 institutionis
3291 5508 3611 5567 rudimentis
3642 5508 3800 5564 insti-

2207 5591 2378 5653 tutum
2411 5600 2423 5634 :
2450 5584 2574 5638 inde
2606 5600 2699 5653 per
2730 5582 2948 5653 [Egypti
2977 5585 3292 5638 solitudines
3327 5586 3466 5636 inter
3495 5583 3796 5636 anachore-

2205 5663 2288 5706 tas
2319 5652 2408 5706 diu
2438 5652 2727 5719 versatum,
2752 5652 3013 5710 eteorum
3037 5657 3281 5709 doctrina
3307 5653 3569 5705 imbutum
3601 5653 3790 5717 fuisse,

2204 5739 2363 5805 quam
2422 5736 2607 5794 postea
2657 5725 2879 5796 scriptis
2938 5725 3189 5783 traditam
3260 5723 3560 5796 posteritati
3618 5733 3793 5781 trans-

2204 5804 2369 5861 misnt.
