4026 6212
230 246 303 299 57
1135 246 1219 301 DE
1256 245 1727 302 COENOBIORUM
1768 245 2145 303 lNSTlTUTlS
2184 246 2565 304 PRASFATIO.
3401 254 3468 307 :38

230 373 377 417 mum
404 356 552 423 dico,
588 356 830 429 aliosque
880 356 1195 422 nonnullos,
1227 367 1251 393 ει
1279 373 1508 427 quorum
1562 357 1803 413 anterior
1830 362 1882 424 Α
1907 357 2223 412 humilitatis
2252 360 2547 427 exemplar,
2599 356 2703 412 tuis
2752 358 3001 428 precibus
3055 358 3339 424 animatus,
3384 377 3469 416 se-

231 452 653 509 sciscitantibus
699 450 951 506 fratribus
983 466 1145 519 super
1178 450 1407 505 diversis
1439 450 1694 505 institutis
1715 450 1802 505 vel

230 542 623 615 quaestionibus
654 558 758 598 non
786 542 959 597 solum
991 540 1242 607 facundo,
1267 556 1450 596 verum
1483 543 1643 596 etiam
1669 541 1804 595 divi—

232 650 426 691 narum
459 634 863 703 Scripturarum
916 632 1240 688 testimoniis
1281 622 1502 704 copioso
1552 648 1805 689 sermone

235 726 524 796 respondit
555 743 571 781 :
620 724 648 764 ιι
672 725 825 780 Alius
868 740 1002 780 vero
1030 739 1138 779 non
1170 725 1347 779 solum
1391 740 1489 780 suo
1523 725 1803 780 elucubra-

234 830 319 874 tos
343 818 569 889 ingenio
590 818 757 872 edidit
790 818 975 882 libros,
1008 832 1195 872 verum
1230 818 1391 872 etiam
1420 817 1604 873 Graeca
1628 817 1803 887 lingua

231 912 495 982 digestos,
522 911 577 964 iu
608 909 859 964 Latinum
891 910 1053 964 vertit
1080 910 1358 978 eloquium
1390 926 1403 961 :
1429 916 1551 977 post
1574 923 1805 978 quorum

236 1015 344 1057 tam
373 1002 731 1057 exuberantia
779 1001 1102 1071 eloquentiae
1142 1000 1386 1068 ﬂumina,
1446 1015 1658 1070 possem
1697 1014 1805 1055 non

234 1093 511 1149 immerito
544 1091 980 1162 pmsumptionis
1010 1091 1214 1159 notari,
1246 1091 1291 1144 si
1313 1090 1513 1161 aliquid
1542 1090 1837 1174 stillicidii;

230 1188 393 1255 hujus
423 1186 631 1240 inferre
661 1195 956 1240 tentassem
980 1201 995 1249 ;
1020 1184 1124 1239 nisi
1146 1199 1230 1239 me
1246 1183 1312 1238 ad
1334 1183 1447 1237 haec
1484 1182 1680 1237 fiducia
1702 1192 1808 1237 tuae

230 1281 541 1337 sanctitatis
575 1281 859 1345 animaret,
908 1287 965 1335 et
1011 1278 1257 1348 sponsio,
1288 1278 1431 1348 quod
1456 1278 1544 1333 vel
1591 1276 1689 1330 tibi
1723 1276 1809 1330 ba:

232 1388 389 1442 nugae
410 1371 593 1427 forent
629 1380 864 1441 acceptae
911 1371 1328 1441 qualescumque
1382 1369 1495 1423 sint
1530 1385 1544 1434 ;
1574 1367 1661 1422 vel
1717 1381 1810 1421 eas

229 1465 644 1536 congregationi
675 1465 900 1519 fratrum
932 1466 984 1518 in
1042 1464 1261 1519 novello
1303 1472 1510 1516 tantum
1538 1471 1812 1516 monaste-

232 1565 310 1614 rio
332 1558 792 1614 commorantium
821 1559 1135 1627 deputares.
1180 1555 1282 1622 Qui
1314 1556 1361 1609 si
1403 1555 1531 1625 quid
1569 1570 1600 1609 a
1656 1540 1811 1608 nobis

231 1654 411 1707 minus
440 1652 668 1709 forsitan
698 1663 857 1707 caute
882 1652 1145 1721 prolatum
1168 1648 1414 1713 fuerit,et
1442 1649 1523 1717 pie
1547 1649 1805 1717 relegant,

1904 448 2134 504 cundum
2166 449 2307 502 vires
2355 448 2554 518 ingenii
2586 449 2691 502 mei
2739 464 2871 519 opus
2920 450 3062 519 quod
3114 450 3347 521 injnngis
3378 468 3469 523 ag-

1906 540 2139 611 grediar,
2168 550 2220 595 et
2244 555 2307 596 ea
2336 540 2790 609 quaeomnimodis
2818 543 3015 595 intacta
3040 544 3227 596 relicta
3253 554 3376 597 sunt
3399 545 3468 599 ab

1905 632 2266 688 anterioribus
2290 633 2515 701 nostris,
2548 642 2732 702 utpote
2754 634 2841 703 qui
2872 635 3052 689 audita
3088 636 3267 705 potius
3307 652 3466 706 quam

1905 734 2125 797 experta
2155 726 2470 780 describere
2528 734 2891 788 tentaverunt,
2924 727 3071 781 velut
3116 728 3235 781 rudi
3284 743 3470 783 mona-

1906 819 2070 874 sterio
2097 826 2152 872 et
2177 819 2459 873 veritatem
2488 817 2793 872 sitientibus
2824 817 3102 873 intimabo.
3165 820 3271 875 Nec
3312 822 3471 889 plane

1906 910 2233 964 mirabilium
2265 909 2383 974 Dei,
2410 910 2799 979 signorumque
2846 912 3210 965 narrationem
3243 913 3470 967 studebo

1905 1008 2229 1057 contexere:
2264 1017 2382 1071 qua:
2409 1002 2655 1071 quamvis
2677 1002 2840 1056 multa
2870 1017 2965 1069 per
2988 1002 3229 1057 seniores
3258 1014 3473 1058 nostros

1907 1105 1961 1151 et
1987 1095 2322 1150 incredibilia
2351 1110 2458 1150 non
2486 1095 2657 1149 solum
2687 1094 3041 1160 audierimus,
3074 1110 3259 1149 verum
3308 1097 3471 1151 etiam

1909 1189 2010 1242 sub
2037 1187 2312 1243 obtutibus
2334 1188 2531 1242 nostris
2554 1188 2993 1257 perSpexerimus
3024 1187 3271 1256 impleta:
3295 1198 3475 1243 tamen

1912 1279 1998 1334 his
2024 1280 2273 1335 omnibus
2322 1279 2721 1349 praetermissis,
2769 1294 2889 1348 qua:
2927 1279 3230 1348 legentibus
3287 1288 3478 1346 praeter

1913 1370 2322 1425 admirationem
2376 1371 2514 1424 nihil
2542 1371 2771 1440 amplius
2802 1371 2869 1424 ad
2900 1370 3311 1424 instructionem
3352 1384 3476 1439 per-

1912 1462 2068 1517 fecta:
2090 1462 2213 1515 vita:
2240 1460 2545 1525 conferunt,
2586 1462 2828 1515 instituta
2868 1476 3051 1515 eorum
3086 1461 3475 1527 tantummodo,

1912 1570 1975 1609 ac
2006 1552 2452 1608 monasteriorum
2476 1553 2713 1620 regulas,
2746 1553 3086 1621 maximeque
3102 1553 3476 1620 principalium

1914 1644 2184 1709 vitiorum,
2214 1660 2331 1713 qua:
2372 1653 2493 1698 octo
2520 1644 2587 1697 ab
2634 1644 2712 1697 eis
2741 1643 3121 1712 designantur,
3154 1642 3390 1711 origines
3427 1650 3479 1696 et

230 1756 283 1798 ct
312 1760 436 1799 cum
462 1746 619 1799 venia
648 1744 1049 1813 indulgentiore
1071 1750 1396 1810 sustentent,
1432 1740 1591 1795 fidem
1624 1741 1808 1809 potius
1839 1742 1885 1802 B
1912 1753 2125 1804 causas,
2156 1738 2573 1807 curationesque
2612 1736 2904 1790 secundum
2929 1736 3243 1790 traditiones
3269 1750 3477 1800 eorum,

231 1837 339 1891 mei
370 1837 664 1904 sermonis,
687 1850 846 1905 quam
871 1842 1205 1889 venustatem
1226 1832 1425 1903 eloquii
1448 1833 1804 1900 requirentes.

230 1930 595 2000 Quapropter,
630 1929 947 1985 beatissime
984 1943 1141 1998 papa,
1172 1928 1390 1982 unicum
1444 1926 1724 1996 religionis
1754 1934 1809 1980 et

1916 1842 2178 1902 quantum
2206 1830 2435 1884 Domino
2464 1829 2751 1898 adjuvante
2780 1837 3025 1897 potuero,
3052 1828 3289 1882 ﬁdeliter
3309 1827 3479 1896 expli-

1914 1939 2039 1979 care
2079 1922 2423 1978 contendam.
2480 1922 2821 1991 Propositum
2874 1920 3138 1991 siquidem
3190 1920 3318 1975 mihi
3375 1927 3478 1987 est,

1291 2083 1548 2139 ALARDI
1588 2083 1819 2141 GAZ/El
1853 2082 2413 2142 COMMENTARIUS.

300 2208 328 2235 δ
363 2197 509 2251 Duos
539 2195 871 2249 clarissimos
898 2193 1158 2247 Ecclesiae
1202 2193 1450 2249 doctores
1494 2194 1809 2251 nominatim

226 2270 521 2336 expressit,
555 2267 812 2323 Basilium
842 2274 894 2318 et
923 2264 1327 2332 Hieronymum,
1361 2267 1450 2335 qui
1499 2267 1658 2333 paulo
1688 2276 1812 2323 ante

222 2344 347 2407 ejus
389 2348 601 2393 :etatem
632 2336 932 2391 ﬂoruerunt
961 2352 981 2407 εί
1008 2346 1061 2389 et
1089 2336 1421 2407 illequidem
1466 2336 1517 2389 in
1551 2337 1772 2392 Oriente
1795 2380 1808 2401 ,

224 2405 317 2465 hic
345 2410 398 2462 in
427 2409 743 2472 Occidente,
774 2406 1162 2460 monachorum
1188 2405 1492 2461 institutum
1518 2418 1571 2461 et
1594 2411 1811 2476 scriptis

222 2493 277 2536 et
313 2482 470 2534 t‘actis
512 2479 737 2533 miriﬁce
780 2478 1117 2531 illustrarunt
1153 2490 1208 2531 et
1244 2487 1623 2547 propagarunt.
1666 2479 1810 2545 Quo-

222 2570 367 2615 rum,
401 2552 601 2619 inquit,
629 2549 1120 2619 anteriortsanctus
1146 2548 1395 2603 videlicet
1441 2548 1667 2603 Basilius
1701 2552 1811 2603 Ma-

220 2617 845 2691 gnus,archiepisc0pus
868 2617 1219 2691 C:e_sariensis
1257 2620 1311 2673 in
1341 2619 1676 2691 Cappadocia
1701 2662 1715 2683 ,
1743 2622 1807 2674 D.

224 2689 562 2760 Hieronymo
595 2689 870 2755 anterior,
924 2689 1037 2743 sive
1081 2690 1354 2759 antiquior
1388 2708 1398 2741 :
1444 2690 1543 2744 sub
1572 2690 1811 2746 Valentis

221 2767 374 2818 enim
398 2759 624 2831 imperio
651 2761 855 2824 ﬂoruit,
886 2770 939 2813 et
963 2760 1061 2814 sub
1090 2759 1347 2815 Gratiano
1386 2761 1538 2824 obiit,
1572 2772 1628 2814 ut
1652 2773 1812 2815 testa-

222 2847 313 2889 tor
340 2834 486 2888 idem
511 2834 871 2903 Hieronymus
901 2832 955 2884 in
986 2832 1180 2903 lib._de
1206 2831 1403 2903 script.
1434 2831 1644 2903 Eccles.
1666 2832 1811 2887 luter

221 2908 349 2975 ejus
372 2906 629 2975 prteclara
654 2892 815 2973 opera
841 2909 1053 2975 exstant
1070 2892 1309 2975 Regulae,
1328 2892 1422 2975 seu
1446 2902 1811 2975 Institutiones

222 2971 546 3030 monaSIicre
563 2971 788 3041 duplicis
800 2973 1036 3041 generis;
1053 2987 1173 3025 nam
1192 2973 1310 3026 alia}
1323 2971 1491 3025 fusius
1504 2974 1805 3042 disputata).

220 3052 359 3102 aliae
404 3046 677 3099 breviores
708 3054 761 3098 et
789 3043 1115 3110 compendio
1136 3043 1418 3110 explicatae
1443 3044 1724 3108 dicuntur;
1757 3055 1813 3100 et

220 3120 273 3172 in
310 3119 557 3185 utrisque
586 3117 745 3169 variae
765 3115 1111 3183 quaestiones,
1137 3113 1205 3167 de
1233 3114 1394 3185 rebus
1418 3114 1485 3169 ad
1507 3116 1670 3168 vitam
1695 3132 1811 3169 mo-

218 3190 492 3243 nasticam
549 3196 603 3241 et
665 3186 956 3254 perlectam
1006 3184 1406 3251 pertinentibus
1450 3202 1477 3237 a
1528 3188 1809 3242 monachis

220 3268 629 3328 preponuntur,
646 3257 841 3328 quibus
863 3256 1140 3328 sigillatim
1161 3255 1454 3323 respondet
1474 3256 1533 3313 D.
1558 3257 1805 3311 Basilius.

218 3327 299 3384 Ex
336 3327 607 3398 prioribus
641 3328 745 3381 illis
766 3327 991 3381 collecta
1016 3327 1227 3379 videtur
1257 3328 1453 3395 Regula
1487 3330 1545 3379 υ.
1573 3328 1753 3381 Basilii
1777 3345 1805 3381 a

218 3402 423 3454 Rufino
467 3399 755 3454 Latinitate
784 3399 979 3450 donata
1005 3438 1020 3461 ,
1049 3398 1133 3450 vel
1183 3399 1361 3464 potius
1407 3399 1808 3467 paraphrastice

216 3473 490 3540 exposita,
524 3470 709 3527 multis
733 3468 985 3540 detractis
1010 3476 1065 3521 et
1091 3470 1307 3540 mutatis
1335 3486 1345 3519 :
1374 3484 1491 3537 qua:
1534 3470 1691 3539 vulgo
1722 3474 1804 3523 in-

218 3538 305 3596 ter
339 3553 570 3610 quatuor
601 3541 827 3609 [tegulas
857 3538 956 3610 SS.
997 3539 1211 3592 Patrum
1242 3539 1573 3610 abAEcclesia
1606 3538 1803 3608 appro-

217 3608 379 3666 batas
404 3608 786 3666 circumfertur
814 3626 828 3663 ι
862 3608 1012 3676 cujus
1038 3619 1093 3663 et
1121 3608 1361 3662 meminit
1388 3610 1449 3662 Ι).
1482 3610 1805 3666 Benedictus

216 3693 470 3737 extremo
493 3698 613 3751 cap.
648 3696 758 3735 sua:
788 3678 1001 3747 Regula:
1027 3697 1039 3731 :
1073 3695 1281 3734 necnon
1309 3680 1533 3748 septima
1564 3684 1804 3751 synodus

215 3764 272 3807 et
304 3750 655 3808 Innocentius
684 3754 953 3805 secundus
987 3750 1227 3817 pontifex
1258 3766 1287 3803 a
1334 3750 1605 3805 Gratiano
1631 3755 1802 3807 citati.

214 3825 337 3879 Sub
368 3826 567 3893 Regula
588 3825 716 3878 item
741 3821 920 3876 Basilii
944 3836 1131 3875 omnes
1158 3821 1353 3887 Graeci,
1384 3837 1481 3875 seu
1504 3822 1807 3879 Orientales

216 3896 482 3949 monachi
504 3896 740 3949 militare
758 3894 1027 3945 dicuntur.

288 3966 323 4004 ι’
366 3966 423 4020 S.
473 3967 832 4034 Hieronymus
884 3963 1162 4034 presbyter
1212 3972 1265 4016 et
1313 3962 1569 4017 Ecclesiae
1615 3962 1807 4020 doctor

214 4039 529 4104 praecipuus
574 4033 823 4096 florebat,
854 4040 909 4085 et
932 4033 1194 4087 scribebat
1239 4048 1380 4086 anno
1409 4036 1473 4086 Η»
1512 4034 1806 4089 Theodosii

216 4110 445 4171 impen,
487 4118 543 4161 ut
572 4107 804 4174 ipsemet
833 4113 1056 4157 testatur
1095 4106 1145 4158 in
1181 4104 1316 4158 libro
1356 4105 1451 4158 illo
1494 4106 1561 4160 de
1606 4107 1800 4174 Script.

216 4178 435 4232 Eecles.
465 4187 711 4231 extremo
736 4193 748 4227 :
778 4182 831 4230 et
856 4175 993 4227 obiit
1034 4174 1269 4229 Honorio
1301 4178 1597 4241 imperante
1617 4219 1631 4238 ,
1665 4193 1805 4230 anno

220 4250 389 4302 Dom.
420 4248 524 4302 4'22
569 4248 862 4301 secundum
904 4245 1153 4313 Prosperi
1185 4244 1520 4313 Chronicon,
1572 4248 1655 4302 vel
1699 4249 1806 4302 4ἐο

214 4320 513 4372 secundum
544 4318 1121 4372 Baroniisententiam.
1153 4316 1279 4383 Ejus
1310 4317 1511 4383 scripta
1538 4326 1649 4371 toto
1675 4320 1807 4373 orbe

213 4389 545 4455 clarissima,
583 4390 771 4455 partim
816 4387 1033 4454 proprio
1056 4388 1171 4454 ejus
1202 4387 1441 4455 ingenio,
1473 4397 1530 4441 ut
1562 4390 1647 4441 hic
1676 4388 1806 4442 dici-

215 4471 337 4521 tur,
364 4471 675 4527 exprompta
696 4469 750 4513 et
771 4458 1100 4523 elucubrata,
1122 4460 1314 4524 partim
1343 4474 1373 4510 e
1398 4459 1585 4512 Graeco
1632 4469 1807 4513 trans-

214 4532 368 4591 lata,
412 4531 572 4583 multa
621 4531 901 4583 continent
938 4543 1059 4596 quae
1104 4528 1171 4581 ad
1212 4528 1596 4582 monachorum
1646 4532 1804 4583 insti-

216 4600 494 4653 tutionem
534 4610 779 4668 spectant
814 4616 824 4649 :
859 4614 1085 4668 quorum
1126 4600 1452 4662 elenchum,
1494 4615 1599 4668 quo
1640 4602 1806 4654 Ieeto-

212 4671 304 4793 5Ξρ
357 4670 533 4793 ἰωὰὶο
568 4680 621 4723 et
672 4670 915 4726 facilitati
953 4670 1230 4723 consulam
1256 4709 1270 4732 ,
1313 4669 1543 4723 breviter
1591 4671 1676 4723 hic
1724 4672 1806 4724 in-

253 4755 347 4793 ica
392 4754 446 4793 ο.

210 4742 446 4795 dicabo.

290 4811 365 4864 lu
394 4820 531 4864 temo
560 4812 740 4879 primo.
771 4840 842 4852 —-
865 4808 1107 4879 Epistola
1136 4807 1326 4879 prima,
1350 4810 1415 4862 ad
1435 4810 1801 4875 Heliodorum,

212 4900 327 4950 qua
361 4898 481 4935 eum
512 4886 575 4935 ad
608 4878 1393 4950 solitariam’vitamhortatur.

291 4954 471 5019 Epist.
521 4956 755 5007 secunda
778 4998 791 5017 ,
834 4955 898 5005 ad
930 4949 1311 5017 Nepotianum,
1344 4950 1410 5005 de
1442 4953 1543 5006 vita
1576 4953 1802 5007 clerico-

216 5040 375 5078 rum:
410 5024 497 5078 ubi
526 5026 693 5077 multa
726 5037 883 5078 etiam
925 5024 990 5076 ad
1024 5019 1411 5075 monachormn
1442 5035 1639 5078 statum
1686 5039 1807 5091 per-

216 5096 453 5148 tinentia
484 5095 791 5149 luculenter
820 5095 1058 5163 exponit.

292 5166 467 5233 Epist.
499 5168 653 5218 tertia
675 5206 688 5229 ,
722 5165 810 5219 ubi
853 5167 1146 5221 monachos
1173 5165 1432 5234 quosdam
1476 5165 1676 5220 divitiis
1722 5166 1804 5220 in-

217 5236 438 5289 hiantes
468 5237 801 5304 perstringit.

289 5307 465 5371 Epist.
509 5317 734 5376 quarta,
764 5306 829 5359 ad
872 5307 1149 5363 Rusticum
1201 5307 1559 5370 monachum,
1604 5307 1690 5359 cui
1722 5307 1803 5359 vi-

214 5378 387 5433 vendi
418 5376 646 5432 formam
686 5378 1007 5443 praescribit,
1057 5390 1113 5433 et
1160 5379 1271 5433 veri
1320 5377 1569 5432 monachi
1610 5392 1804 5433 munus

212 5448 498 5504 describit.

292 5520 461 5587 Epist.
498 5520 799 5585 octava,ad
840 5520 1261 5585 Demetriadem,
1300 5521 1365 5575 de
1396 5518 1653 5573 servanda
1696 5519 1804 5574 vir-

212 5590 467 5669 ginitate,
496 5606 620 5660 quae
651 5592 927 5647 monachis
968 5598 1022 5645 et
1053 5592 1373 5647 monialibus
1419 5590 1645 5644 maxime
1676 5606 1802 5647 con-

212 5669 390 5734 gl‘lill.

298 5728 471 5803 Ερὶδι.
500 5734 710 5793 decima
738 5735 917 5803 tertia,
956 5733 1022 5793 ad
1048 5735 1346 5798 Paulinum,
1379 5748 1496 5805 qua:
1524 5733 1592 5789 de
1621 5748 1805 5792 mena,

1914 2198 1997 2252 chi
2022 2197 2356 2251 institutione
2387 2196 2711 2251 inscribitur.

1985 2267 2157 2334 Epist.
2194 2269 2447 2336 vigesima
2477 2268 2734 2332 secunda,
2759 2267 2823 2320 ad
2854 2267 3197 2321 Eustochium
3225 2270 3481 2337 virginem

1914 2348 1969 2391 et
2014 2340 2496 2403 sanctimonialem,
2546 2340 2635 2391 ubi
2678 2339 3062 2392 monachorum
3106 2340 3482 2410 IEgyl‘itinrum

1916 2411 2012 2461 tria
2045 2424 2242 2475 genera
2288 2420 2566 2473 recenset,
2615 2419 2667 2463 et
2695 2425 2881 2464 eorum
2925 2426 3101 2463 mores
3147 2423 3202 2465 et
3242 2412 3482 2467 instituta

1913 2490 2148 2533 enarrat.

1986 2551 2151 2618 Epist.
2185 2551 2435 2617 vigesima
2463 2551 2709 2619 septima,
2741 2551 2807 2604 ad
2839 2552 3079 2605 eamdem
3106 2553 3480 2618 Eustochium,

1912 2621 1998 2673 ubi
2033 2624 2193 2674 vitam
2225 2624 2399 2675 Paulae
2439 2623 2626 2675 matris
2653 2623 2789 2690 ejus,
2821 2624 3102 2675 sanctitate
3133 2634 3184 2676 et
3224 2625 3483 2692 religione

1912 2692 2144 2757 plenam,
2171 2694 2449 2757 describit,
2472 2702 2525 2746 et
2545 2694 2711 2746 multa
2738 2693 2804 2746 de
2826 2693 3145 2747 monialibus
3163 2696 3228 2747 ab
3255 2710 3315 2747 ea
3338 2698 3484 2750 insti-

1914 2765 2042 2813 tutis
2076 2764 2255 2816 tradit.

1989 2835 2157 2900 Epist.
2184 2834 2590 2901 quadragesima
2621 2834 2871 2899 septima,
2912 2834 2999 2886 ubi
3040 2835 3295 2889 nonnulla
3323 2836 3484 2891 etiam

1913 2900 1979 2955 de
2007 2913 2149 2967 voto,
2186 2900 2411 2957 tonsura
2440 2914 2492 2956 et
2523 2904 2767 2956 clausura
2810 2905 3141 2957 monialium.

1990 2972 2118 3025 Vitae
2167 2975 2512 3027 eretnitnrum
2561 2975 2741 3039 Pauli,
2784 2984 2837 3027 et
2875 2975 3179 3039 Hilarionis,
3213 2985 3267 3028 et
3297 2977 3484 3033 Malchi

1912 3044 2159 3097 monachi
2188 3044 2383 3109 captivi
2414 3045 2583 3113 plena:
2636 3053 2762 3098 sunt
2801 3045 3015 3111 optimis
3058 3046 3393 3102 documentis
3432 3058 3485 3104 et

1910 3113 2284 3170 instrumentis
2316 3116 2723 3169 monachorum.

1984 3185 2141 3239 Tomo
2188 3188 2428 3239 secundo.
2459 3217 2528 3227 —-
2560 3187 2716 3241 Liber
2764 3188 2966 3253 primus
3003 3196 3193 3242 contra
3239 3190 3482 3246 Jovinia-

1911 3270 2034 3310 num
2068 3276 2078 3310 :
2110 3257 2197 3313 ubi
2228 3259 2392 3311 multa
2420 3258 2843 3331 defexcellentia
2871 3260 3133 3313 castitatis
3163 3270 3215 3312 et
3262 3264 3484 3331 virgini-

1909 3331 2031 3382 tatis
2060 3344 2171 3396 pra:
2205 3330 2569 3385 matrimonio.

1980 3399 2140 3453 Liber
2153 3399 2420 3452 secundus
2443 3401 2541 3453 sub
2566 3402 2721 3455 finem
2746 3401 3000 3456 nonnulla
3031 3402 3190 3457 habet
3212 3403 3278 3457 de
3307 3404 3484 3459 officio

1912 3470 2181 3537 monachi,
2207 3481 2260 3522 et
2289 3471 2443 3523 laude
2466 3471 2654 3524 eremi.

1986 3539 2142 3593 Tomo
2166 3543 2333 3593 tertio.
2361 3570 2431 3580 —
2457 3542 2623 3607 Epist.
2655 3543 2946 3596 centesima
2977 3545 3152 3609 tertia,
3186 3544 3274 3594 tibi
3312 3543 3485 3598 Pauli-

1912 3627 2036 3664 num
2070 3612 2122 3663 in
2168 3611 2500 3664 dimittendis
2530 3624 2582 3664 et
2626 3612 2988 3666 distrahendis
3034 3628 3132 3680 pro
3161 3612 3373 3665 Christo
3408 3616 3483 3666 fa-

1910 3682 2196 3736 cultatibus
2229 3681 2537 3744 tardiorem,
2579 3690 2633 3734 et
2661 3682 2711 3733 in
2752 3682 2869 3733 dies
2900 3683 3400 3749 procrasxinantem,
3431 3695 3488 3739 nt

1910 3752 1976 3806 ad
2007 3750 2278 3806 Christum
2309 3751 2506 3803 nudum
2540 3751 2713 3803 nudus
2738 3750 2938 3816 evolet,
2971 3750 3323 3803 vehementer
3356 3754 3484 3808 hor-

1912 3830 2073 3876 tatur.

1982 3893 2140 3945 Tomo
2185 3900 2385 3961 quarto.
2414 3919 2484 3931 ——
2514 3890 2769 3946 Videatur
2812 3891 2927 3960 ejus
2974 3894 3391 3946 commentarius
3432 3896 3482 3949 in

1910 3963 2042 4037 illud
2060 3964 2349 4037 Hieremiae
2371 3980 2383 4015 :
2409 3961 2610 4037 Bonum
2636 3973 2706 4017 est
2738 3964 2844 4037 riijo
2871 3979 2981 4037 cum
3013 3964 3281 4037 portaverit
3297 3967 3485 4037 jugnm

1910 4035 1971 4087 ab
2001 4035 2342 4088 adolescentia
2364 4050 2456 4085 sua
2481 4033 2697 4102 (Thren.
2730 4032 2837 4103 nt).
2874 4034 2973 4087 Ubi
3001 4032 3351 4088 conferuntur
3366 4032 3485 4090 cm-

1909 4106 2103 4159 nobita:
2131 4121 2251 4159 cum
2274 4106 2636 4172 anachoretis,
2661 4109 2835 4160 etvita
2859 4105 3272 4173 contemplativa
3295 4109 3483 4162 activa:

1914 4178 2211 4244 praefertur.

1980 4247 2103 4299 Haec
2135 4253 2260 4298 sunt
2299 4247 2563 4316 praecipua
2592 4247 2707 4302 loca
2737 4247 2799 4300 D.
2828 4246 3164 4317 Hieronymi,
3192 4246 3383 4315 quibus
3413 4248 3480 4302 de

1908 4318 2187 4371 monachis
2214 4326 2267 4370 et
2306 4319 2689 4371 monachorum
2735 4318 2987 4371 institutis
3026 4318 3220 4386 agitur,
3270 4319 3319 4369 in
3367 4319 3483 4387 ejus

1909 4389 2163 4455 operibus
2189 4389 2418 4456 propriis
2445 4398 2497 4441 et
2521 4388 2813 4456 germanis.

1984 4457 2035 4509 In
2064 4459 2127 4511 iis
2149 4474 2277 4511 vero
2300 4475 2415 4526 qua":
2436 4474 2465 4512 a
2494 4459 2697 4513 Grzecis
2725 4459 3036 4512 auctoribus
3072 4458 3264 4523 scripta
3291 4459 3480 4513 Latine

1910 4528 2175 4593 reddidit,
2223 4545 2450 4597 quorum
2484 4542 2673 4581 auctor
2722 4531 2882 4582 etiam
2928 4529 3015 4582 hic
3067 4530 3339 4591 meminit,
3376 4545 3485 4584 non

1909 4598 2053 4652 aliud
2108 4601 2317 4665 reperio
2347 4600 2488 4666 quod
2532 4600 2598 4653 ad
2630 4603 2987 4653 monasticum
3030 4600 3331 4653 institutum
3363 4602 3484 4653 atti-

1911 4681 2067 4732 neat,
2116 4672 2215 4722 nisi
2261 4671 2420 4722 vitam
2452 4672 2508 4723 ὃ.
2539 4670 2756 4723 Antonii
2797 4685 2827 4722 a
2867 4670 2923 4725 S.
2957 4669 3250 4723 Athanasio
3297 4670 3484 4725 Graece

1908 4742 2191 4808 scriptam,
2225 4750 2278 4793 et
2308 4756 2376 4794 ex
2416 4742 2629 4794 Baronii
2676 4741 2941 4794 sententia
2968 4739 3197 4808 (Baron.
3237 4750 3359 4793 tom.
3399 4741 3482 4796 Ill.

1911 4813 2009 4865 An.
2038 4814 2160 4867 558.
2186 4822 2232 4864 et
2256 4813 2306 4864 in
2334 4812 2608 4881 Murtyrol.
2638 4813 2698 4864 17
2721 4810 3007 4879 Januarii),
3036 4811 3196 4865 etiam
3226 4827 3253 4862 a
3280 4813 3340 4864 D.
3371 4813 3485 4866 llic-

1827 4873 1884 4931 D
1911 4898 2137 4954 ronymo
2164 4884 2350 4937 Latine
2376 4873 2686 4935 translatam
2714 4900 2726 4935 :
2760 4892 2812 4934 et
2840 4873 3095 4948 Regulam
3124 4882 3178 4935 S.
3215 4882 3484 4935 Pachomii

1910 4953 2142 5021 abbatis,
2174 4970 2329 5021 quam
2357 4954 2478 5006 huic
2507 4958 2682 5021 operi,
2711 4954 2819 5005 Deo
2844 4953 3081 5013 favente,
3106 4954 3453 5021 subjiciemns
3483 4998 3496 5013 ,

1908 5026 2126 5079 scltoliis
2158 5038 2211 5079 et
2238 5028 2377 5077 notis
2406 5025 2725 5077 elucidatam
2755 5042 2766 5076 :
2800 5039 2957 5089 quam
2992 5023 3105 5090 ipse
3134 5025 3195 5076 D.
3227 5024 3485 5093 Hierony-

1911 5111 2029 5147 mus
2067 5112 2097 5148 e
2128 5096 2317 5149 CMBCU
2340 5095 2390 5147 in
2418 5094 2663 5147 Latinum
2696 5109 2999 5147 sermonem
3032 5110 3059 5145 a
3088 5109 3146 5147 se
3167 5110 3485 5147 conversam

1910 5174 2137 5219 testatur
2163 5167 2214 5217 in
2247 5165 2561 5234 prmfatione
2582 5164 2755 5218 eidem
2792 5165 3006 5233 Regulae
3032 5165 3270 5231 praefixa.
3294 5164 3487 5234 Fertur

1908 5236 2123 5305 quidem
2154 5233 2258 5288 sub
2279 5239 2493 5289 nomine
2523 5236 2584 5288 D.
2616 5236 2924 5304 Hieronymi
2956 5235 3155 5301 Regula
3176 5233 3487 5305 monacho-

1909 5322 2024 5360 rum
2055 5325 2066 5358 :
2093 5309 2322 5374 itemque
2352 5309 2452 5359 alia
2486 5308 2686 5374 Regula
2716 5306 3122 5365 monacharnm,
3142 5304 3257 5355 sive
3279 5307 3485 5354 monia-

1913 5379 2062 5431 lium.
2128 5378 2323 5432 Verum
2358 5378 2447 5431 illa
2486 5394 2591 5431 non
2623 5381 2689 5449 ab
2739 5378 2853 5444 ipso
2895 5376 3218 5439 Hieronymo
3262 5386 3485 5449 compti-

1913 5451 2033 5516 sita,
2060 5449 2153 5504 sed
2180 5465 2243 5503 ex
2275 5450 2491 5517 scriptis
2521 5441 3043 5517 ejusdem'excerpta
3080 5453 3134 5493 et
3154 5441 3483 5517 compilata;

1912 5510 2031 5584 quai
2056 5531 2109 5574 et
2152 5537 2179 5570 ει
2225 5510 2448 5573 Martino
2481 5518 2518 5569 V
2550 5510 2739 5587 pontii.
2774 5516 2942 5589 fertur
2983 5511 3270 5589 approbata
3370 5510 3483 5565 haec

1911 5580 2039 5644 vero
2067 5606 2095 5643 a
2139 5580 2571 5659 prinlentiorilms
2596 5605 2624 5640 e
2652 5585 2893 5659 catalogo
2922 5597 3141 5659 operum
3181 5581 3243 5645 D,
3290 5580 3482 5659 Hiero-

1910 5662 2055 5731 nymi
2093 5653 2388 5726 expuneta,
2415 5669 2467 5711 et
2510 5657 2563 5712 iu
2592 5656 2842 5726 angulum
2866 5653 3088 5722 rejecta,
3116 5662 3173 5707 ut
3201 5653 3380 5723 spuria
3428 5660 3483 5711 et

1912 5734 1961 5789 ei
1993 5730 2127 5788 falso
2155 5730 2405 5799 ascripta.
3369 5730 3372 5734 '
