4026 6212
2150 226 2167 235 ⁸
2218 198 2245 202 λ’
2292 208 2375 231 ’,λ-...ι
2414 206 2508 227 ιμ’,

601 291 674 348 59
1292 328 1295 329 ν
1366 320 1369 323 ν
1418 253 1431 335 Ῐ
1918 297 2191 355 JOANNIS

2312 298 2535 356 .SSlANl
2764 294 2771 297 ·
2936 253 2985 319 δέ’
3114 264 3119 269 ’
3797 296 3882 358 co
3928 275 3974 294 '

603 423 712 464 nou
741 405 807 461 dc
828 404 1164 463 mirabilibus
1188 402 1305 474 Dei,
1346 394 1441 463 sed
1491 408 1561 466 dc
1590 413 1929 468 correctione
1958 429 2173 470 morum
2201 418 2253 478 Α
2278 415 2538 484 potuisse,
2563 427 2723 484 quam
2745 412 2836 469 illa
2867 414 2974 470 sint
3003 410 3266 477 Instituta,
3296 411 3348 465 in
3372 413 3565 483 quibus
3592 414 3663 470 ab
3690 424 3875 473 exor-

603 508 916 556 nostrorum
948 506 1003 552 et
1027 500 1495 555 consummatione
1522 501 1649 557 vita:
1681 504 1952 595 perfectae,
1986 519 2181 561 secun-
2280 507 2373 563 dio
2404 506 2800 578 praedicationis
2844 507 3154 578 apostolicae
3189 520 3220 560 a
3248 505 3453 560 sanctis
3493 520 3561 562 ac
3598 508 3875 577 spiritua-

600 592 726 649 dum
753 608 814 647 ea
836 608 957 663 quae
984 609 1015 645 a
1038 592 1347 647 senioribus
1387 595 1593 650 nostris
1618 592 1969 668 accepimus,
2010 613 2179 669 pauca

601 688 889 743 disserere.
915 687 972 743 In
989 701 1055 744 eo
1080 702 1293 756 quoque
1307 690 1593 758 praceptis
1608 692 1713 746 tuis
1730 692 2042 748 satisfacere
2067 702 2182 747 stu-

600 779 759 847 debo,
793 788 852 834 ut
872 780 916 833 si
938 778 1067 849 quid
1088 778 1233 834 forte
1256 794 1366 834 non
1386 782 1682 837 secundum
1701 790 1888 854 typum
1916 785 2182 854 majorum

602 872 987 942 antiquissima
1016 873 1408 927 constitutione
1430 871 1734 945 fundatum,
1787 877 1881 932 sed
1910 892 2011 947 pro
2038 876 2184 932 arbi-

606 962 713 1019 trio
737 963 1160 1032 uniuscujusque
1192 962 1527 1019 instituentis
1554 969 1968 1035 monasterium,
1996 969 2083 1024 vel
2103 968 2186 1023 di-

602 1054 892 1121 minutum,
912 1054 996 1110 vel
1017 1053 1265 1109 additum
1292 1055 1348 1110 in
1362 1055 1480 1111 istis
1511 1057 1827 1129 regionibus
1858 1060 2186 1131 comproba-

602 1166 737 1211 vere
762 1169 779 1218 ;
802 1154 1100 1209 secundum
1125 1168 1242 1208 cam
1266 1168 1425 1223 quam
1457 1154 1691 1209 vidimus
1728 1156 2187 1209 monasteriorum

602 1246 866 1313 regulam,
904 1261 1001 1316 per
1046 1245 1341 1317 Egyptum
1381 1247 1467 1302 vel
1503 1247 1849 1302 Palaestinam
1876 1248 2178 1318 antiquitus

604 1337 976 1405 fundatorum,
1015 1338 1168 1394 ﬁdeli
1188 1354 1468 1407 sermone,
1499 1340 1584 1394 vel
1614 1340 1885 1409 adjiciam,
1919 1340 2009 1395 vel
2046 1340 2189 1394 reci-

603 1431 726 1486 dam
755 1430 776 1503 [
802 1432 884 1486 Al.
904 1430 1278 1503 rescindam}:
1308 1441 1334 1468 ει
1364 1432 1713 1502 Nequaquam
1748 1431 1979 1487 credens
2013 1433 2184 1486 ratio-

611 1523 847 1577 nabilius
895 1525 1204 1593 quippiam,
1264 1524 1351 1579 vel
1396 1524 1691 1594 perfectius
1736 1524 2184 1578 constitutionem

605 1616 874 1672 novellam
920 1617 975 1670 in
1020 1616 1261 1670 occiduis
1307 1616 1603 1671 Galliarum
1658 1617 1895 1685 partibus
1942 1617 2185 1686 reperire

2285 598 2425 653 libus
2448 599 2693 669 patribus
2722 598 2946 655 fundata
2977 598 3306 653 monasteria
3327 596 3395 651 ad
3418 612 3515 654 nos
3542 614 3715 671 usque
3733 617 3878 673 per-

2286 692 2510 748 durant.
2543 691 2693 749 lllam
2722 706 2853 747 sane
2882 690 3310 746 moderationem
3338 691 3601 759 opusculo
3626 692 3753 749 huic
3779 693 3875 748 in-

2288 801 2473 843 serere
2504 799 2847 855 prazsumam,
2880 792 2941 839 ut
2966 797 3031 838 ea
3063 796 3187 851 qua:
3230 782 3535 836 secundum
3576 782 3872 855 Egyptio-
3898 794 3905 855 ς

2288 832 2472 843 νων-ν
2505 832 2847 855 run—mw.
2883 832 2940 839 --
2972 832 3031 838 ν-
3068 832 3184 851 τη-
3233 832 3535 836 ηππκ-
3576 832 3826 855 --υπη

2288 895 2409 934 rum
2465 878 2701 948 regulam
2726 916 2744 945 ,
2793 890 2893 931 seu
2939 888 3039 946 pro
3062 874 3357 944 asperitate
3375 888 3588 940 aerum,
3615 889 3711 931 seu
3755 832 3913 947 proi

2286 969 2608 1026 difﬁcultate
2636 981 2701 1022 ac
2727 966 3043 1022 diversitate
3068 980 3285 1020 morum
3312 964 3671 1036 impossibilia
3696 968 3749 1022 in
3777 969 3873 1024 his

2287 1060 2621 1131 regionibus,
2652 1060 2738 1115 vel
2776 1058 2912 1113 dura
2952 1058 3038 1113 vel
3082 1058 3249 1113 ardua
3291 1046 3741 1129 comprobavero,
3774 1061 3872 1116 in-

2291 1153 2498 1208 stitutis
2544 1151 3030 1216 monasteriorum,
3085 1165 3206 1221 quae
3258 1163 3357 1221 per
3384 1149 3727 1206 Palaestinam
3776 1152 3873 1209 vel

2292 1244 2732 1313 Mesopotamiam
2780 1242 3066 1310 habentur,
3119 1241 3455 1311 aliquatenus
3516 1252 3813 1313 temperem
3849 1262 3869 1298 :

2288 1338 2417 1407 quia
2461 1336 2506 1390 si
2559 1335 2900 1391 rationabilis
2940 1335 3281 1406 possibilium
3323 1349 3575 1391 mensura
3606 1335 3624 1407 (
3656 1336 3872 1411 γνωμιὶ)

2289 1439 2559 1495 servetur,
2590 1428 2778 1483 eadem
2807 1428 3169 1485 observantia:
3198 1426 3463 1499 perfectio
3484 1437 3567 1483 est
3596 1429 3765 1485 etiam
3806 1428 3873 1485 in

2290 1524 2485 1603 impari
2533 1524 2806 1579 facultate.

1662 1761 1919 1816 ALARDI
1959 1759 2196 1816 GAZA‘II
2234 1757 2803 1817 COMMENTARIUS.

678 1882 705 1910 ⁸
738 1874 900 1929 Vetus
930 1874 1091 1931 lectio
1122 1890 1134 1926 :
1166 1871 1508 1943 Nequaquam
1537 1875 1670 1927 enim
1698 1875 1900 1943 credas,
1932 1882 2038 1929 etc.

615 1984 3857 2014 mw

1578 2102 2110 2220 ‘LlBER
2190 2110 2840 2218 PRIMUS.

1125 2366 1350 2423 CAPUT
1392 2367 1676 2424 PRIMUM.

1117 2457 1195 2512 De
1216 2460 1392 2512 habitu
1416 2462 1674 2516 monachi.

682 2558 707 2585 ⁸
738 2550 809 2603 De
839 2548 1099 2604 institutis
1147 2565 1209 2603 ac
1252 2551 1449 2619 regulis
1499 2553 1950 2607 monasteriorum
1994 2552 2193 2607 dicturi

613 2644 758 2699 unde
785 2644 1180 2713 competentius
1198 2690 1211 2713 ,
1258 2645 1491 2700 donante
1520 2646 1653 2714 Deo,
1679 2663 1835 2716 quam
1864 2649 1932 2703 ab
1960 2648 2080 2716 ipso
2104 2648 2196 2702 ha-

613 2738 726 2794 bitu
755 2737 1137 2792 monachorum
1183 2752 1458 2793 sumemus
1496 2738 1810 2793 exordium?
1840 2740 2078 2806 Quorum
2111 2740 2197 2792 in-

613 2833 873 2889 teriorem
902 2831 1105 2886 cultum
1136 2841 1534 2901 consequenter
1562 2840 1686 2886 tunc
1710 2832 2008 2901 poterimus
2037 2845 2200 2900 expo-

2216 2371 2264 2431 B
2292 2381 2443 2429 nere,
2490 2379 2613 2419 cum
2654 2361 2983 2417 exteriorem
3029 2366 3277 2413 ornatum
3308 2357 3409 2413 sub
3457 2356 3739 2427 oculorum
3778 2356 3882 2415 de-

2300 2459 2637 2529 pinxerimus
2661 2454 2963 2509 obtutibus.

2931 2547 3160 2605 CAPUT
3187 2547 3252 2602 Il.

2793 2639 2870 2694 De
2894 2641 3099 2711 cingulo
3130 2638 3397 2694 Monachi.

2378 2737 2559 2807 Itaque
2577 2734 2606 2774 ι’
2637 2732 2958 2790 monachum
2987 2741 3045 2786 ut
3065 2731 3292 2786 militem
3308 2730 3507 2785 Christi
3525 2729 3579 2786 in
3600 2728 3890 2800 procinctu

2310 2844 2523 2897 semper
2537 2827 2661 2883 belli
2685 2826 2939 2896 positum,
2969 2832 2991 2862 ο
3017 2822 3276 2879 accinctis
3301 2822 3493 2879 lumbis
3504 2822 3703 2894 jugiter
3725 2838 3893 2895 oper-

1680 2990 1938 3051 ALARDI
1977 2989 2208 3047 GAZAEI
2248 2984 2814 3046 COMMENTARIUS.

684 3113 713 3141 ι
734 3104 935 3159 ﬂorum
960 3105 1243 3159 occasione
1263 3106 1549 3160 verborum
1572 3104 1875 3160 monendus
1895 3119 1976 3165 es,
2000 3105 2190 3175 lector,

617 3177 797 3248 plures
841 3175 1045 3241 titulos,
1076 3176 1297 3248 vocibus
1338 3177 1551 3241 quidem
1598 3178 1842 3248 diversos
1860 3217 1888 3248 ,_
1911 3175 2003 3248 sed
2033 3192 2197 3248 sensu

619 3245 859 3310 eosdem,
884 3255 974 3299 aut
992 3247 1201 3300 certein
1236 3247 1375 3301 idem
1400 3257 1722 3315 spectantes,
1746 3245 2031 3301 duodecim
2049 3246 2198 3302 hisce

620 3317 771 3374 libris
801 3333 831 3370 a
859 3316 1088 3371 diversis
1119 3318 1431 3371 auctoribus
1459 3318 1675 3371 ascribi.

690 3388 951 3455 Quidam,
1000 3387 1075 3440 De
1121 3386 1375 3441 Institutis
1405 3387 1849 3446 Renuntiantium,
1884 3401 2072 3441 omnes
2116 3389 2199 3442 in-

621 3459 885 3517 scribunt.
918 3457 993 3511 lta
1039 3459 1354 3523 Ciaconius,
1384 3462 1578 3524 credo,
1621 3474 1689 3513 ex
1720 3458 1993 3512 Vaticanis
2019 3473 2201 3513 exem-

623 3528 1096 3600 plaribusﬁ,.Editio
1126 3529 1518 3598 Lugdunensis,
1546 3540 1650 3585 etc.

696 3601 820 3665 Alii,
854 3599 928 3672 De
952 3599 1210 3654 lnstitutis
1232 3600 1603 3655 Caenoln'orum.
1628 3600 1703 3655 Ita
1744 3601 1944 3672 passim,
1967 3600 2030 3653 D.
2060 3600 2204 3672 Tho-

622 3687 742 3726 mas
784 3672 837 3725 in
886 3671 1103 3726 Summa
1145 3686 1241 3726 sua
1269 3672 1630 3741 Theologica,
1659 3671 2013 3735 Basileensis,
2060 3671 2203 3742 Cuy-

631 3743 802 3803 chius,
835 3752 939 3797 etc.

582 3840 585 3841 ν
699 3814 841 3880 Alii,
895 3815 950 3867 in
1002 3815 1183 3882 plures
1233 3815 1416 3869 titulos
1472 3814 1822 3884 particulares
1877 3814 2201 3884 partiuntur,

632 3898 824 3948 nempe
851 3902 861 3935 ε

700 3952 1103 4007 Monasticarum
1130 3953 1513 4009 Institutionum
1537 3956 1623 4007 lib.
1649 3955 1677 4008 1
1696 3956 1752 4009 ν.

663 4021 778 4147 l_De
808 4023 1112 4146 capitalibus
1157 4025 1292 4078 vitiis
1337 4026 1424 4078 lib.
1467 4024 1634 4078 VIII.
1669 4026 2020 4093 Trithemius,
2070 4026 2211 4098 Cuy-

684 4108 807 4146 llllS.
837 4109 867 4146 e
893 4108 942 4147 c.
1070 4120 1071 4123 η

630 4108 807 4147 CIIIUS.
837 4108 942 4147 CIC.
1070 4120 1071 4123 ‘

700 4164 805 4217 Alii
850 4180 917 4217 ex
946 4162 1221 4218 Gennadio
1268 4165 1347 4219 sic
1375 4182 1388 4216 :
1418 4163 1496 4217 De
1536 4163 1710 4218 habitu
1740 4166 2132 4227 monachorum,
2164 4177 2214 4220 et

633 4235 695 4288 de
716 4235 983 4304 _canonico
1029 4234 1317 4304 orationum
1356 4243 1405 4287 et
1454 4236 1763 4304 psalmorum
1800 4238 1949 4291 modo
1975 4238 2063 4291 lib.
2093 4236 2213 4293 IlI.

705 4302 1094 4357 Institutionum
1119 4303 1208 4358 lib.
1236 4302 1284 4359 Ι.

636 4373 1014 4501 “Di/frigin
1054 4384 1102 4431 et
1146 4377 1369 4430 remedio
1413 4388 1525 4431 octo
1570 4378 1934 4451 principalium
1976 4380 2219 4434 uitiorum

660 4464 673 4499 ι
716 4486 729 4497 .
918 4486 931 4499 .

660 4464 729 4499 ID.
768 4464 931 4499 VIII.

701 4515 805 4571 Alii
835 4517 1066 4587 denique
1112 4518 1383 4573 duodecim
1423 4518 1809 4575 Institutionum
1840 4523 1997 4576 libros
2047 4523 2220 4577 nomi-

635 4596 785 4656 nant,
819 4597 979 4657 atque
1029 4591 1132 4643 hoc
1175 4590 1332 4644 titulo
1381 4588 1734 4645 Institutiones
1776 4610 1808 4645 a
1849 4592 2218 4648 Collationibus

638 4658 997 4727 distinguunt.

702 4728 875 4804 b_Etsi
914 4728 1427 4804 omnesCltristiani
1465 4734 1703 4803 generali
1735 4734 1968 4804 quadam
2008 4735 2220 4791 ratione

628 4798 831 4873 Christi
872 4801 1091 4873 milites
1097 4801 1364 4871 dicantur,
1398 4798 1627 4873 quorum
1654 4798 1987 4859 armaturam
2014 4807 2222 4861 descri-

628 4870 710 4923 bit
735 4870 1026 4945 Apostolus
1055 4870 1253 4940 Ephes.
1284 4870 1451 4928 vrbis
1477 4877 1655 4929 verbis
1687 4894 1700 4927 :
1736 4875 1962 4945 Accipite
1991 4888 2222 4932 armatu-

626 4957 739 4993 ram
772 4941 889 5005 Dei,
908 4950 965 4994 ul
987 4945 1193 5010 possitis
1212 4946 1444 4998 resistere
1466 4947 1520 4998 in
1546 4946 1629 4999 die
1653 4948 1812 5011 malo,
1837 4941 1884 5000 et
1913 4950 1966 4999 in
1995 4949 2223 5002 omnibus

629 5012 844 5087 perfecti
882 5022 1016 5087 stare
1043 5029 1073 5087 :_
1108 5023 1236 5087 state
1271 5030 1390 5087 ergo
1430 5018 1673 5071 succincti
1713 5018 1911 5071 lumbos
1951 5029 2140 5073 vestros
2168 5021 2224 5071 in

626 5084 871 5148 veritate,
900 5082 1074 5159 induti
1106 5082 1599 5159 loricam'justitiaz,
1635 5097 1685 5142 et
1730 5090 1944 5143 calceati
1993 5091 2141 5159 pedes
2170 5090 2226 5142 in

629 5154 1064 5221 prwparationem
1096 5153 1369 5226 Evangelii
1406 5161 1545 5227 pacis
1573 5153 1593 5213 ἐ
1619 5160 1675 5213 in
1700 5160 1931 5215 omnibus
1971 5153 2225 5215 sumentes

621 5233 829 5303 scutum
851 5226 992 5294 ﬁdei,
1014 5226 1067 5279 in
1089 5243 1188 5303 quo
1211 5226 1610 5303 possitisomnia
1638 5230 1739 5285 tela
1765 5233 2058 5302 nequissimi
2076 5235 2228 5303 ignea

2302 3107 2419 3168 Dei,
2443 3107 2510 3158 ad
2538 3102 2902 3174 captivandum
2942 3108 3146 3174 omnem
3172 3102 3489 3157 intellectum
3512 3104 3566 3155 in
3594 3103 3899 3174 obsequium

2301 3178 2489 3233 Christi
2526 3175 2602 3246 (11
2634 3173 2814 3246 Cor.x
2836 3174 2875 3246 ),
2901 3173 3044 3243 quod
3069 3174 3337 3246 praecipue
3368 3176 3423 3227 tit
3449 3187 3548 3243 per
3568 3173 3901 3231 obedientiae

2302 3259 2486 3303 votum
2519 3243 2571 3299 et
2600 3243 2937 3300 exercitium.
2984 3246 3157 3310 Quam
3190 3243 3260 3297 ob
3299 3257 3517 3297 causam
3565 3246 3816 3299 monachi
3863 3262 3901 3302 a

2302 3317 2507 3373 Grzccis
2535 3315 2787 3388 Patribus
2810 3313 3004 3388 (Basil.
3037 3316 3101 3369 de
3132 3314 3252 3368 Vita
3279 3312 3425 3368 salit.
3450 3322 3499 3369 et
3516 3315 3663 3388 epist.
3682 3316 3777 3388 65)
3796 3331 3903 3371 vo-

2303 3400 2494 3443 cantur
2512 3389 2758 3449 ἀσκηταί,
2779 3386 2831 3439 id
2861 3396 2963 3455 est,
2995 3387 3221 3455 pugiles,
3250 3399 3347 3441 seu
3376 3386 3764 3441 exercitatores
3789 3406 3801 3440 :
3828 3403 3903 3442 eo

2308 3459 2456 3530 quod
2504 3469 2615 3513 tota
2664 3473 2850 3511 eorum
2905 3457 3220 3513 exercitatio
3270 3465 3324 3530 et
3360 3458 3726 3530 conversatio
3748 3459 3906 3514 velut:

2310 3525 2557 3601 quaedam
2582 3530 2844 3583 virtutum
2867 3531 3117 3601 palaestra
3141 3542 3263 3601 esse
3288 3525 3513 3591 debeat;
3540 3540 3661 3601 cum
3681 3528 3772 3583 alii
3803 3532 3907 3601 ho-

2312 3599 2487 3655 mines
2527 3610 2885 3655 exerceantur
2908 3600 2961 3652 in
2988 3599 3150 3662 bello,
3184 3600 3239 3653 in
3262 3607 3587 3665 mercatura,
3618 3599 3672 3653 in
3710 3600 3906 3654 causis

2312 3672 2641 3738 forensibus,
2673 3680 2778 3725 etc.
2811 3670 2967 3726 Unde
2997 3670 3062 3723 D.
3096 3669 3325 3724 Basilius
3362 3683 3641 3724 sermones
3667 3684 3796 3725 suos
3828 3671 3908 3727 de

2313 3748 2476 3799 rebus
2503 3742 2815 3797 monasticis
2835 3749 2992 3795 vocat
3011 3742 3304 3805 asceticos;
3328 3750 3382 3795 et
3402 3741 3723 3794 monasteria
3752 3741 3905 3811 ipsa,

2314 3814 2573 3870 asceteria
2624 3812 2920 3882 antiquitus
2966 3811 3107 3866 dicta
3164 3818 3544 3882 sunt,utpote
3573 3811 3907 3882 spiritalium

2315 3881 2769 3941 exercitationum
2791 3882 3023 3938 ofﬁcinae
3063 3897 3127 3936 ac
3151 3881 3447 3936 domicilia.
3474 3881 3536 3938 S.
3568 3882 3694 3936 item
3724 3881 3910 3937 Bene-

2236 3926 2282 3991 Ο
2313 3926 2675 4013 didt'ttvsuinitio
2691 3954 2908 4025 Regulae
2939 3953 3260 4008 monachum
3284 3953 3439 4022 quasi
3465 3950 3688 4025 militem
3716 3954 3795 4025 sic
3817 3954 3909 4008 al-

2316 4029 2589 4096 loquitur:
2625 4026 2704 4079 Ad
2733 4023 2800 4089 te,
2842 4025 3041 4094 inquit,
3073 4040 3204 4077 nunc
3230 4039 3371 4096 meus
3418 4039 3583 4096 sermo
3624 4023 3905 4096 dirigitur,

2350 4094 2546 4163 uisquis
2595 4096 2959 4150 abrenuntians
3006 4096 3228 4165 propriis
3257 4094 3629 4160 voluntatibus,
3672 4094 3907 4149 Domino

2349 4170 2522 4223 lhristo
2570 4184 2685 4221 vero
2731 4167 2837 4237 regi
2888 4167 3233 4231 militaturus,
3275 4164 3907 4237 obedientiiefortissima

2317 4249 2470 4310 atque
2490 4239 2739 4310 prazclara
2767 4235 2925 4310 arma
2939 4237 3153 4310 assumis
3169 4246 3262 4310 {et
3284 4249 3407 4305 cap.
3442 4235 3469 4287 1
3500 4235 3629 4290 dicit
3654 4238 3906 4291 ctenobi-

2321 4306 2403 4365 tas
2432 4306 2533 4365 sub
2561 4309 2741 4378 regula
2772 4308 2853 4363 vel
2881 4308 3077 4362 abbate
3116 4306 3367 4361 militare.

2395 4392 2419 4421 ο
2459 4374 2666 4437 Similia
2696 4381 2857 4433 habet
2889 4381 2952 4434 ι).
2979 4377 3206 4432 Basilius
3238 4379 3291 4431 iu
3326 4376 3559 4447 [tegulis
3580 4374 3751 4431 fusius
3777 4375 3907 4431 dis-

2322 4452 2521 4520 putatis
2545 4466 2591 4503 c.
2619 4449 2712 4513 2'2,
2736 4460 2791 4505 et
2817 4450 2872 4503 in
2892 4449 3101 4517 Regula
3114 4449 3407 4520 monach.a
3428 4446 3905 4520 Bullinotrausla-

2322 4515 2377 4596 ta
2395 4536 2517 4593 cap.
2539 4520 2631 4596 12,
2661 4520 2754 4574 ubi
2785 4520 2937 4585 Eliae,
2968 4515 3210 4596 Joannis,
3232 4518 3463 4596 Petri_et
3505 4515 3658 4596 Pauli
3705 4530 3907 4596 exeru-

2322 4595 2411 4663 pla
2431 4587 2685 4647 similiter
2708 4600 2981 4665 recenset,
3011 4601 3067 4665 et
3096 4592 3359 4645 rationem
3391 4587 3527 4641 hanc
3544 4587 3770 4665 insuper
3800 4588 3907 4643 ad-

2322 4662 2423 4729 dit,
2452 4678 2549 4719 cur
2597 4662 2892 4717 monachos
2940 4662 3209 4717 accinctos
3256 4673 3352 4714 seu
3394 4662 3722 4729 praecinctos
3773 4671 3907 4729 esse

2322 4727 2590 4806 oporteat.
2627 4732 2894 4806 Videmus,
2924 4733 3126 4806 inquit,
3153 4749 3186 4785 a
3210 4729 3430 4806 Domino
3458 4727 3668 4806 principi
3693 4727 3815 4791 Job,
3848 4745 3908 4806 se

2324 4799 2379 4862 ut
2400 4806 2701 4879 praecingat.
2738 4803 2963 4879 Perinde
2989 4799 3134 4879 enim
3168 4803 3314 4879 quasi
3361 4799 3461 4879 hoc
3484 4801 3652 4879 animi
3671 4801 3905 4879 strenui,

2325 4890 2371 4933 et
2391 4868 2461 4931 ad
2482 4868 2891 4947 rem'gerendam
2915 4874 3134 4947 expediti
3160 4875 3363 4947 signum
3398 4871 3463 4947 sit
3483 4884 3502 4923 :
3531 4868 3907 4947 Accinge,_ai_t,

2324 4951 2456 5003 sicut
2482 4948 2579 5020 uir,
2595 4939 2793 5020 lumbos
2819 4954 2929 5020 tuos
2952 4939 3099 5020 (Job2
3128 4939 3380 5020 xxxvut).
3398 4939 3540 4996 Sane
3558 4940 3711 4992 etiam
3733 4939 3909 5020 disci-

2326 5021 2461 5090 palis
2482 5017 2693 5071 Domini
2722 5018 3029 5090 familiarem
3071 5015 3232 5090 fuisse
3267 5027 3420 5090 sonte
3439 5027 3587 5064 usum
3611 5025 3678 5090 ero
3710 5024 3768 5090 eo
3822 5015 3913 5062 in-

2330 5078 2599 5159 ielligitur,
2624 5078 2761 5158 quod
2782 5078 3113 5159 interdictum
3134 5086 3260 5159 ipsis
3287 5083 3441 5154 fuerit
3482 5098 3545 5134 ne
3563 5095 3634 5159 res
3659 5078 3912 5133 haberent

2330 5103 2599 5159 teutgttur,
2624 5103 2761 5158 quoa
2782 5103 3113 5142 interdictum
3134 5104 3150 5140 ι
3188 5103 3260 5139 sts
3287 5103 3440 5154 fuerit
3482 5103 3545 5134 ne
3563 5103 3634 5134 ws
3659 5103 3911 5133 nauarent

2327 5161 2382 5213 in
2406 5160 2550 5213 zonis
2575 5161 2705 5214 suis.
2725 5159 2849 5214 Haec
2868 5156 3120 5230 Basilius.
3144 5103 3348 5230 (suibus
3368 5152 3632 5230 exemplis
3655 5160 3913 5230 poterant

2331 5240 2387 5286 et
2416 5232 2521 5285 alia
2565 5233 2687 5300 ejus
2735 5228 2951 5300 generis
2988 5220 3207 5300 adjungi
3239 5241 3270 5280 e
3309 5220 3717 5300 Scripturisrut
3747 5220 3912 5300 Elite,

626 5291 1037 5372 exstinguere,“
1058 5291 1455 5372 galeamsalutis
1468 5302 1728 5366 assumite,
1759 5313 1804 5355 et
1828 5291 2054 5371 cladium
2069 5291 2225 5372 spiri-
2246 5310 2301 5370 1)
2325 5304 2412 5371 qui
2442 5291 2946 5372 prwcinctis'lumbis
2962 5291 3198 5372 currebat
3243 5307 3358 5351 ante
3408 5291 3582 5372 Acltab
3627 5291 3719 5372 (lli
3770 5291 3910 5371 Beg.

630 5376 743 5441 tus,
778 5369 917 5441 quod
953 5380 1027 5423 est
1067 5371 1269 5425 verbum
1302 5372 1417 5424 Dei.
1456 5372 1657 5426 Tamen
1711 5369 1879 5426 multo
1926 5369 2213 5441 specialius

630 5439 871 5511 religiosi
902 5440 1043 5494 hunc
1069 5442 1281 5495 titulum
1314 5451 1606 5511 merentur,
1640 5451 1825 5507 utpote
1854 5439 2027 5496 tribus
2049 5445 2210 5511 votis,

631 5509 777 5581 velut
807 5511 1001 5580 triplici
1031 5522 1390 5577 sacramento,
1436 5512 1564 5566 huic
1594 5509 1823 5577 ’tnilitia:
1865 5514 2095 5581 spiritali
2123 5509 2218 5568 ad?-

632 5576 764 5651 dicti
784 5591 838 5634 et
861 5576 1067 5636 astricti
1098 5582 1286 5651 :cujus
1310 5576 1514 5637 militia:
1539 5597 1711 5651 arma,
1746 5576 2040 5638 secundum
2067 5600 2221 5639 eum-

632 5648 767 5724 de_m_
788 5653 1111 5724 apostolum,
1145 5648 1246 5706 non
1270 5653 1501 5707 carnalia
1526 5663 1669 5719 sunt,
1696 5648 1787 5709 sed
1832 5656 2057 5722 potentia
2086 5656 2218 5724 Deo,

631 5720 703 5794 ad
732 5718 1509 5794 destructionemAmunitionum,
1541 5726 1609 5777 ad
1639 5718 1945 5779 destruenda
1972 5718 2215 5794 consilia,

632 5792 690 5842 et
717 5802 914 5841 onmem
934 5790 1260 5847 altitudinem
1279 5790 1601 5850 extollentem
1619 5813 1675 5852 se
1692 5796 1934 5852 adversus
1959 5790 2222 5865 scientiam

2326 5363 2489 5440 vui);
2540 5374 2755 5437 Elizaai,
2788 5371 2879 5440 qui
2908 5370 3268 5440 Giezipuero
3314 5366 3630 5440 suojdixit:
3678 5363 3915 5431 Accinge

2322 5438 2519 5498 lumbos
2549 5455 2679 5506 tuos,
2702 5451 2749 5494 et
2783 5438 2907 5494 tolle
2935 5438 3176 5492 baculum
3204 5454 3371 5491 meum
3413 5438 3468 5490 in
3510 5450 3663 5506 manu
3694 5441 3785 5506 tua
3804 5474 3839 5506 ,ῃ
3862 5441 3915 5485 et

2318 5514 2567 5588 vade_(lV
2598 5504 2729 5588 Reg.
2756 5511 2874 5581 tv);
2912 5508 3436 5588 angeliRaphaelis,
3465 5507 3559 5588 qui
3604 5504 3793 5558 Tobiae
3819 5504 3915 5588 juj

2326 5578 2826 5655 niori'prasciuctus'
2865 5590 2921 5637 et
2958 5578 3111 5655 quasi
3151 5578 3230 5655 ad
3265 5578 3386 5655 iter
3408 5584 3630 5646 paratus
3665 5578 3916 5655 occurrit

2324 5655 2477 5730 (I‘ob.
2502 5648 2557 5726 ἢ)
2587 5668 2601 5718 ;
2645 5661 2701 5707 et
2730 5652 3031 5730 salvatoris
3056 5650 3237 5730 nostri
3259 5688 3274 5714 ,
3297 5649 3390 5730 qui
3410 5662 3536 5729 cum
3556 5648 3823 5729 apostolis
3850 5648 3913 5701 in

2330 5720 2515 5781 ultima
2535 5720 2688 5780 creua
2713 5726 2880 5793 pedes
2910 5724 3093 5778 lavare
3132 5720 3322 5793 vellet,
3368 5720 3544 5772 tunica
3572 5720 3913 5793 praemissis

2268 5878 2271 5879 ν
2327 5815 2382 5853 se
2401 5798 2585 5864 legitur
2611 5795 2665 5865 (1
2675 5784 2792 5851 oan.
2822 5793 2961 5866 xttt).
2993 5793 3197 5851 Eodem
3220 5784 3387 5862 etiam
3409 5784 3657 5885 spectant
3690 5784 3914 5852 similes
