4026 6212
209 207 274 276 σι
1163 214 1249 269 DE
1289 215 1767 273 C(ENOBIOR-UM

210 321 555 386 tetincedere
581 322 780 398 (Lucae
802 326 926 400 ιιι).
957 329 1071 385 Hoc
1095 333 1237 385 enim
1259 332 1445 386 habitu
1467 334 1626 386 etiam
1655 332 1774 385 ill-os

215 420 524 494 ambulasse,
557 423 653 493 qui
683 424 738 478 in
765 423 940 480 veteri
973 424 1332 481 Testamento
1361 435 1389 466 ι
1427 424 1776 496 professionis

211 511 361 582 huius
383 511 1010 586 fundavereprimordia,
1033 517 1204 572 Etiam
1220 518 1420 573 scilicet
1435 517 1772 583 etElisteum,

212 602 503 662 divinarum
528 605 930 676 Scripturarum
957 611 1278 666 auctoritate
1308 619 1638 666 monstratur
1664 629 1676 665 :
1711 626 1774 665 ac

212 694 454 766 deinceps
505 698 774 768 principes
815 709 1174 772 auctoresque
1232 701 1559 758 Testamenti
1609 703 1771 767 novi,

212 784 464 843 Joannem
501 789 786 857 videlicet,
813 791 1039 848 Petrum
1089 804 1141 849 et
1166 793 1415 863 Paulum,
1445 804 1776 866 creterosque

212 880 437 948 ejusdem
473 882 678 938 ordinis
699 885 844 940 viros
873 885 1050 941 taliter
1073 886 1357 942 incessisse
1379 889 1769 957 cognoscimus.

213 971 434 1038 Quorum
470 976 639 1043 prior,
671 977 761 1046 qui
789 977 840 1031 in
882 977 1052 1032 veteri
1090 977 1438 1034 Testamento
1459 979 1774 1049 virginitatis

210 1065 303 1134 jam
329 1066 492 1121 ﬂores
517 1078 573 1122 et
599 1069 936 1126 castimonia:
970 1073 1423 1143 continentiaeque
1461 1073 1773 1143 praeﬁgura-

212 1155 574 1229 batexempla,
615 1176 739 1216 cum
764 1162 959 1218 fuisset
983 1179 1012 1217 a
1041 1164 1265 1219 Domino
1296 1167 1489 1220 missus
1512 1166 1579 1220 ad
1600 1167 1776 1222 incre-

214 1255 401 1322 pandos
449 1257 670 1310 nuntios
717 1256 971 1314 Ochoziai
1016 1259 1268 1329 sacrilegi
1308 1261 1452 1330 regis
1485 1260 1670 1325 Israel,
1707 1274 1774 1314 eo

211 1347 337 1415 quod
366 1348 684 1418 egritudine
706 1351 1036 1420 praepeditus
1075 1367 1239 1422 super
1263 1361 1406 1406 statu
1445 1352 1636 1406 salutis
1665 1366 1777 1406 suae

213 1438 496 1496 Beelzebub
521 1441 693 1496 Deum
723 1444 964 1500 Accaron
1014 1447 1301 1501 consulere
1338 1446 1682 1510 destinasset,
1724 1454 1780 1501 et

216 1529 398 1584 idcirco
428 1532 505 1586 eis
532 1548 829 1590 occurrens
871 1535 1014 1590 idem
1061 1537 1325 1606 propheta
1358 1537 1679 1592 descensum
1709 1537 1776 1594 de

218 1618 340 1674 lecto
369 1623 483 1691 ejus
512 1624 565 1677 in
588 1640 692 1694 quo
716 1626 1047 1692 conciderat,
1071 1627 1410 1696 denegasset,
1437 1627 1774 1682 decumbenti

220 1714 315 1782 regi
354 1716 597 1784 exposita
628 1717 859 1773 veStitus
906 1719 1164 1788 qualitate
1204 1729 1515 1784 compertus
1555 1729 1635 1774 est
1661 1718 1768 1791 (IV

1245 1857 1501 1913 ALARDI
1540 1855 1776 1914 GAZIEI

231 1968 471 2041 sententiae
522 1969 593 2041 de
632 1969 830 2024 lumbis
860 1971 1203 2039 accingendis
1251 1979 1307 2026 et
1345 1971 1758 2041 prmcingendis,

229 2037 355 2092 Lucae
379 2058 444 2095 xu
470 2059 484 2096 :
520 2039 640 2094 Sint
663 2041 826 2094 lumbi
855 2037 1422 2107 vestri'prtecinctifad
1452 2042 1648 2108 Ephes.
1672 2059 1723 2096 νι
1746 2059 1758 2094 :

231 2108 345 2182 State
365 2113 602 2165 succincti
619 2112 815 2165 lumbos
834 2122 1022 2166 vestros
1042 2115 1094 2166 in
1112 2115 1322 2166 veritate
1345 2130 1362 2177 ;
1388 2124 1436 2167 et
1461 2113 1480 2166 l
1502 2114 1617 2166 Pet.
1640 2128 1760 2182 cap.

227 2194 266 2231 1:
289 2179 488 2250 Propter
519 2183 679 2250 quod,
709 2185 950 2254 succincti
981 2184 1178 2237 .‘nmbos
1213 2185 1394 2237 mentis
1439 2192 1621 2237 vestra:
1649 2179 1764 2254 spe-

226 2262 313 2304 rate
336 2254 380 2306 in
405 2271 530 2316 eam,
554 2269 670 2320 qua:
692 2253 834 2326 vobis
865 2252 1098 2326 offertur,
1124 2257 1362 2326 gratiam.
1393 2255 1560 2308 Porro
1583 2252 1766 2309 accin-

225 2331 334 2383 ctos,
361 2339 450 2377 seu
471 2327 790 2390 pi-tecinctos
816 2324 1016 2380 habere
1044 2324 1275 2389 lumbos,
1298 2325 1589 2380 secundum
1617 2327 1763 2379 litte-

223 2393 365 2446 ralem
393 2411 628 2461 sensum,
680 2395 815 2448 nihil
874 2396 1014 2449 aliud
1074 2409 1155 2451 est
1203 2411 1361 2464 quam
1413 2409 1655 2464 paratum
1707 2408 1763 2452 et

219 2466 502 2532 expeditum
528 2482 672 2529 esse,
717 2479 771 2518 ut
804 2467 1072 2536 colligitur
1111 2483 1175 2522 ex
1216 2467 1323 2520 illis
1377 2469 1557 2522 verbis
1607 2469 1764 2522 Lucas

218 2547 279 2608 xu
304 2553 315 2587 ε
346 2540 496 2590 Amen
523 2539 640 2591 dico
662 2537 823 2608 vobis,
849 2539 982 2605 quod
1015 2540 1291 2608 pra’cinget
1317 2555 1390 2600 se,
1434 2549 1483 2592 et
1512 2541 1764 2592 transiens

215 2607 492 2680 ministrabit
524 2607 651 2680 illis.
683 2607 948 2680 Solebant
988 2610 1132 2662 enim
1173 2607 1477 2663 Orientales
1510 2609 1762 2680 oblongis

211 2677 276 2728 uti
302 2681 552 2742 vestibus,
580 2679 810 2746 ideoijue
836 2679 925 2748 qui
951 2679 1301 2733 ministraturi
1337 2690 1512 2746 erant,
1546 2691 1639 2735 aiit
1663 2677 1765 2735 iier

209 2752 385 2820 acturi,
407 2754 686 2806 collectam
713 2759 918 2803 vestem
941 2751 1155 2820 cingulo
1182 2750 1518 2817 Stringebant
1540 2751 1606 2805 ad
1629 2753 1766 2804 lum-

207 2817 311 2882 bos,
343 2837 408 2877 ne
436 2822 822 2890 impedimento
852 2829 1014 2875 esset.
1035 2817 1114 2874 ’Λι
1137 2822 1198 2873 ι).
1231 2821 1519 2885 Gregorius
1557 2822 1623 2875 ad
1650 2837 1765 2877 mo-

201 2901 281 2961 res
307 2904 554 2958 Spectans
581 2891 882 2960 precinctis
911 2891 1111 2946 lumbis
1135 2891 1435 2945 caStitatetn
1486 2891 1762 2961 designari

197 2958 595 3028 interpretatur;
612 2963 831 3016 Lumbos
859 2963 1017 3026 enim,
1043 2962 1232 3032 inquit,
1253 2958 1633 3034 prtrcingimus,
1651 2980 1767 3017 cum

197 3034 355 3105 (armis
373 3035 652 3105 Luxuriam
670 3050 756 3101 per
781 3034 1146 3086 continentiam
1172 3032 1510 3087 coarctamus.
1539 3032 1762 3105 (Homil.

195 3101 254 3177 l3
278 3106 332 3155 in
367 3102 593 3177 Evang.)
621 3104 914 3174 Utrumque
943 3119 1070 3177 vero
1097 3120 1313 3158 sensum
1343 3101 1608 3177 spectavit
1634 3107 1763 3160 Cas-

192 3173 402 3249 sianus,
446 3173 610 3249 ut'ex
652 3173 1112 3249 consequentibus
1161 3177 1341 3249 magis
1373 3175 1580 3242 patebit
1609 3177 1759 3249 (Cap.

187 3243 278 3318 alt.
311 3247 470 3318 hujus
497 3247 585 3301 lib.
617 3256 663 3299 et
693 3246 787 3318 lib.
816 3243 852 3299 ιι
875 3263 920 3300 c.
954 3245 1038 3318 l).
1061 3243 1398 3318 Docetenim
1430 3243 1664 3302 veterem
1697 3243 1764 3302 il-

185 3312 288 3369 lum
323 3312 532 3372 morem
572 3317 814 3388 gestandi
843 3312 1044 3386 cinguli
1089 3331 1184 3370 seu
1225 3316 1384 3388 baltei
1413 3357 1428 3381 ,
1463 3326 1551 3372 aut
1579 3335 1726 3375 zona:
1749 3317 1792 3385 ,’

181 3389 465 3442 monachis
503 3387 612 3443 illis
646 3389 911 3459 Algyptiis
935 3387 1229 3442 Solemnem
1258 3403 1321 3441 ac
1362 3387 1479 3456 lege
1520 3391 1768 3457 praescri-

177 3465 323 3523 ptum
349 3459 521 3514 fuissc
547 3459 747 3528 duplici
767 3476 830 3512 ex
854 3473 1016 3512 causa
1036 3475 1052 3523 ;
1072 3472 1375 3527 eorumque
1398 3463 1644 3528 exemplo
1662 3477 1766 3515 cae-

175 3530 307 3584 teris
341 3532 624 3584 monachis
659 3529 1040 3583 commendare
1095 3528 1280 3583 studet
1321 3547 1332 3580 :
1364 3544 1560 3598 nempe
1592 3541 1647 3584 ut
1676 3548 1768 3586 ve-

171 3611 262 3652 ros
284 3599 493 3654 Christi
544 3600 744 3655 milites
785 3600 948 3653 armis
1006 3601 1126 3654 istis
1180 3599 1550 3666 Spiritualibus
1601 3617 1765 3670 supra

168 3677 642 3734 commemoratis,
662 3686 723 3725 ac
752 3671 1086 3738 potissimum
1110 3671 1373 3724 caSIitaiis
1401 3670 1630 3739 cingulo,
1651 3672 1765 3725 vel-

165 3749 222 3792 ut
256 3742 447 3798 balteo
495 3741 738 3804 militari,
771 3741 1045 3795 accinctos
1084 3752 1137 3794 et
1179 3743 1469 3795 instructos
1496 3755 1554 3795 se
1581 3751 1766 3796 osten-

164 3807 387 3879 derent,
429 3823 485 3868 et
529 3823 588 3867 ut
631 3812 697 3866 ad
737 3827 897 3866 omne
936 3827 1072 3877 Opus
1121 3813 1421 3880 injunctum
1468 3821 1560 3865 aut
1591 3813 1765 3880 injun-

163 3884 409 3953 gendum
445 3885 617 3953 parati
671 3893 724 3937 et
780 3882 1012 3950 expediti
1043 3898 1257 3950 semper
1296 3888 1496 3937 essent.
1531 3882 1664 3937 llinc
1695 3883 1758 3936 D.

161 3951 414 4009 Basilius
446 3951 599 4009 zona:
655 3969 808 4008 usum
843 3953 1120 4007 monachis
1164 3954 1458 4008 universim
1488 3967 1765 4008 commen-

159 4022 260 4099 dat
291 4025 425 4096 (Ubi
448 4025 756 4099 supra)._D.
783 4023 1140 4099 llieronymus
1166 4022 1627 4099 [nonachisctiam
1660 4025 1767 4099 Ta-

157 4093 549 4166 hennensibus
596 4093 893 4166 balteolutn
927 4095 1136 4166 lingeum
1185 4095 1374 4149 tribuit
1409 4093 1499 4166 (In
1526 4099 1676 4166 prae]:
1708 4097 1764 4150 in

154 4163 435 4233 Regulam
481 4165 543 4223 S.
578 4165 892 4233 Pachomii).
925 4163 1190 4219 Palladius
1219 4180 1381 4219 zonas
1419 4163 1585 4219 vocat
1609 4165 1765 4232 (Pal-

156 4234 274 4290 lad.
306 4239 366 4290 in
417 4237 688 4292 Lausiacis
720 4253 838 4304 cap.
874 4237 950 4306 7),
983 4237 1238 4303 additque
1268 4237 1374 4290 illis
1414 4251 1444 4289 a
1474 4236 1763 4291 Pacliomio

155 4310 553 4382 prescriptum
589 4307 1059 4382 (quodsingulare
1090 4308 1465 4382 et’notatione
1496 4307 1760 4382 dignum),

161 4387 224 4430 ut
259 4380 335 4433 ad
362 4377 572 4432 sacram
594 4377 840 4450 Syrizixim
867 4378 1102 4432 Sabbato
1146 4377 1202 4450 ét
1244 4378 1522 4432 Dominica
1552 4377 1667 4450 die,
1706 4387 1764 4431 ut

164 4452 351 4502 moris
383 4461 520 4513 erat,
553 4447 901 4512 accedentes,
935 4464 1098 4502 zonas
1126 4449 1427 4511 solverent,
1463 4457 1517 4502 et
1565 4447 1762 4513 pellem

161 4519 429 4587 ovillam,
462 4534 562 4573 seu
587 4523 838 4574 melotem
868 4521 1222 4587 deponerent,
1257 4529 1310 4572 et
1353 4533 1475 4572 cum
1507 4519 1621 4572 sola
1671 4535 1764 4572 cu-

163 4590 322 4661 culla
358 4590 676 4644 accederent
709 4590 837 4661 (quo
865 4590 1145 4660 majorem,
1175 4601 1229 4643 ut
1256 4591 1470 4661 opinor,
1503 4604 1565 4643 ac
1596 4604 1762 4656 pecu-

165 4659 378 4713 liarem
403 4659 762 4729 reverentiam
792 4659 1269 4729 honestioremque
1297 4659 1535 4713 habitum
1563 4675 1672 4728 pra:
1704 4675 1764 4714 se

170 4729 442 4796 ferrent).
478 4729 624 4796 Quod
649 4743 698 4784 et
728 4730 1062 4787 Sozomenus
1109 4741 1162 4784 et
1201 4729 1538 4796 Nicepliorus
1569 4730 1766 4783 confir-

172 4810 352 4856 mant.
383 4800 489 4855 Sed
514 4808 569 4854 et
588 4800 648 4854 D.
675 4801 733 4854 P.
765 4801 829 4854 N.
858 4800 1180 4854 Benedictus
1208 4801 1446 4866 priorum
1475 4800 1766 4853 monacho-

175 4885 296 4926 rum
333 4871 582 4942 vestigiis
612 4873 807 4942 ubique
851 4873 1129 4934 insistens,
1174 4869 1310 4923 hanc
1349 4869 1544 4938 cinguli
1582 4885 1769 4925 mona-

179 4942 301 4996 stici
326 4943 788 5011 praescriptionem
813 4943 881 5002 ab
910 4942 1016 4995 illis
1041 4949 1319 5010 acceptam
1365 4942 1503 4994 haud
1548 4951 1772 5009 pra-ter-

185 5012 348 5066 misit.
383 5013 516 5067 Cum
551 5014 695 5068 enim
725 5013 911 5068 statuit
959 5027 1082 5080 cap.
1112 5011 1183 5065 22
1214 5012 1452 5079 Regulae,
1506 5021 1560 5065 ut
1602 5013 1768 5066 vestiti

188 5082 435 5137 dormitmt
465 5081 736 5154 monachi,
752 5093 799 5136 et
826 5084 977 5136 cincti
999 5081 1228 5154 cingulis,
1252 5091 1341 5134 aut
1366 5081 1590 5149 funibus,
1609 5083 1779 5153 idque.

191 5165 247 5224 ea
277 5168 436 5208 causa
466 5170 632 5224 quam
661 5153 841 5207 subdit
871 5171 884 5207 :
911 5164 965 5206 ut
996 5153 1164 5224 parati
1188 5153 1290 5205 sint
1317 5169 1513 5218 semper
1534 5193 1548 5217 ,
1570 5163 1614 5206 et
1637 5159 1774 5222 [acto

90 5282 92 5289 η
151 5273 154 5276 .
193 5223 329 5304 signo
356 5223 542 5304 absque
570 5240 715 5304 rn‘ora
733 5225 1250 5304 surgentesfestinent
1281 5225 1772 5304 amatricem-praeve-

148 5299 160 5361 ξ
195 5295 300 5346 nire
330 5296 393 5348 ad
424 5313 550 5365 opus
580 5295 680 5348 Dei
711 5311 728 5346 :
760 5295 892 5349 satis
922 5295 1120 5351 indicat
1142 5295 1370 5349 interdiu
1399 5303 1452 5348 et
1475 5295 1663 5365 petiori
1689 5310 1772 5347 ra-

157 5405 160 5410 .
194 5365 334 5419 tione
356 5364 560 5421 debere
587 5380 715 5419 esse
745 5367 1070 5421 succinctos.
1104 5367 1254 5420 Unde
1294 5365 1528 5419 Joannes
1578 5364 1773 5418 Diaco-

72 5478 74 5496 ,
141 5429 158 5484 l
191 5450 307 5501 nus,
339 5437 396 5490 in
426 5437 546 5490 Vita
573 5436 637 5490 Β.
668 5435 920 5505 Gregorii
944 5437 1132 5491 scribit
1154 5453 1277 5491 eum
1302 5439 1356 5490 in
1385 5435 1632 5491 exilitate
1655 5435 1771 5491 bal-

141 5541 156 5578 -,
193 5506 298 5576 tei,
327 5522 446 5578 qua:
481 5506 656 5565 unius
703 5506 916 5578 pollicis
961 5523 1280 5578 mensuram,
1321 5523 1427 5563 non
1459 5506 1788 5576 excederet”

127 5551 158 5668 1
189 5551 424 5659 spe’ci'cm
460 5551 733 5660 propositi
752 5578 1162 5668 regularisglim
1193 5577 1306 5668 ξιξ.
1336 5579 1628 5668 Bettedicto
1655 5553 1764 5632 sta:

190 5647 321 5720 tuti,
344 5647 489 5716 cujus
519 5651 640 5718 ipse
670 5647 833 5702 vitam
857 5647 1190 5720 describens,
1212 5649 1500 5720 ,Regulam
1550 5663 1766 5717 quoque

193 5718 526 5788 laudarent,
555 5733 828 5776 servasse.
857 5717 1060 5786 Quibus
1113 5719 1291 5774 verbis
1323 5717 1575 5774 insinuat
1625 5721 1766 5774 sole-

2215 118 2270 128 ν...

1804 214 2182 272 INSTITU'I'IS
2222 217 2423 272 LIBER
2461 217 2502 271 1.
3387 217 3457 274 62

1805 333 1848 394 Α
1879 331 2008 399 Reg.
2035 332 2109 399 ι).
2136 331 2408 386 Reversus
2434 331 2573 384 enim
2600 331 2669 384 ad
2697 345 2756 386 se
2784 331 3040 398 nuntios,
3067 344 3131 384 ac
3161 330 3457 386 referentes

1877 423 1976 479 sibi
2007 425 2285 494 prophetae
2325 423 2667 490 sententiam,
2695 425 3003 480 sciscitatus
3027 432 3110 479 est
3132 422 3288 492 cujus
3313 435 3456 480 esset

1878 516 2065 588 figura:
2092 527 2146 572 et
2170 517 2386 573 habitus
2410 517 2515 584 vir,
2547 517 2635 586 qui
2663 519 2985 575 occurrisset
3024 519 3137 585 eis,
3159 527 3215 574 et
3241 519 3456 576 locutus

1880 609 2072 665 fuisset
2097 610 2475 679 hujuscemodi
2504 611 2669 665 verba
2699 627 2712 662 :
2742 610 2861 676 Vir,
2883 613 3153 683 inquiunt,
3185 613 3380 686 pilosus
3409 623 3457 669 et

1874 717 2007 756 zona
2039 700 2258 769 pellicea
2291 702 2554 756 accinctus
2587 702 2820 768 renibus;
2848 717 2916 758 ex
2961 719 3070 772 quo
3101 705 3284 760 habitu
3326 720 3456 761 con-

1875 795 2053 850 festim
2096 809 2191 851 rex
2233 795 2629 866 contemplatus
2680 795 2954 850 hominem
2979 796 3112 863 Dei,
3155 798 3274 853 ait:
3308 797 3455 852 Elius

1874 887 2138 943 Thesbites
2163 898 2238 944 est
2267 905 2288 943 :
2318 903 2469 945 zonae
2498 889 2751 944 videlicet
2779 888 2982 944 indicio
3001 931 3017 958 ,
3052 898 3110 945 et
3134 891 3262 946 hirti
3287 890 3457 946 incul-

1873 979 2028 1049 tique
2055 979 2305 1050 corporis
2334 978 2518 1048 specie
2539 979 2715 1034 virum
2757 979 2852 1034 Dei
2898 978 3266 1034 indubitanter
3293 995 3457 1050 agno.

1875 1089 2032 1131 scens
2069 1093 2082 1128 :
2113 1089 2180 1130 eo
2207 1075 2353 1142 quod
2399 1074 2541 1130 istud
2588 1074 2639 1128 ei
2668 1075 2810 1129 inter
2848 1081 2932 1129 tot
2959 1073 3238 1128 lsraelitici
3276 1075 3458 1144 populi

1875 1167 2049 1220 millia
2092 1166 2483 1234 commoranti,
2534 1166 2714 1222 cultus
2759 1167 2969 1236 proprii
3010 1166 3166 1221 velut
3191 1166 3458 1236 quoddam

1877 1259 2200 1326 impressum
2233 1258 2472 1327 speciale
2499 1259 2709 1328 signum
2741 1268 3004 1328 perpetuo
3037 1257 3355 1313 cohaereret.
3386 1258 3460 1313 De

1876 1348 2088 1404 Joanne
2108 1363 2342 1418 quoque,
2359 1348 2454 1418 qui
2476 1349 2679 1404 veteris
2708 1350 2941 1420 novique
2966 1349 3296 1405 Testamenti
3315 1349 3461 1404 velut

1875 1441 2094 1510 quidam
2143 1442 2545 1496 sacratissimus
2583 1441 2774 1508 limes,
2820 1440 2940 1496 finis
2978 1440 3297 1512 initiumque
3331 1455 3460 1510 pro-

1877 1533 2064 1598 cessit,
2096 1533 2167 1586 ita
2197 1532 2544 1602 Evangelista
2587 1542 2842 1589 narrante
2868 1531 3092 1605 (Matth.
3125 1532 3225 1603 ιιι)
3259 1545 3460 1602 cogno-

1877 1626 2081 1681 scimus
2122 1644 2133 1677 :
2184 1624 2308 1695 Ipse
2359 1635 2537 1680 autem
2583 1624 2814 1679 Joannes
2853 1624 3069 1678 habebat
3112 1625 3459 1679 vestimentum

1799 1712 1847 1772 B
1874 1719 1936 1774 de
1957 1720 2076 1789 pilis
2102 1719 2444 1784 camelorum,
2477 1728 2524 1772 et
2549 1716 2579 1757 δ
2620 1717 3114 1787 ιοιιαηιίιιειιὶεεαιη
3148 1719 3284 1772 circa
3323 1717 3460 1772 lum-

1812 1854 2372 1912 COMMENTARIUS.

1866 1983 2045 2045 mnem
2078 1969 2443 2045 Benedictinis
2473 1970 2637 2045 fuisse
2667 1985 2819 2045 usum
2858 1972 3053 2039 baltei,
3090 1965 3459 2045 siveﬂcinguli

1866 2039 2048 2110 (quem
2073 2051 2127 2093 ct
2161 2040 2318 2094 hodie
2360 2042 2575 2110 plurimi
2620 2043 2958 2111 antiquarum
2994 2039 3456 2101 traditionumvte-

1865 2125 2031 2165 uaces
2055 2111 2338 2182 retinent),
2357 2122 2410 2165 ct
2432 2127 2496 2164 ex
2517 2113 2684 2179 ipsius
2706 2115 2947 2167 exilitate
2974 2122 3028 2166 et
3049 2129 3320 2181 mensura,
3341 2117 3456 2170 vel-

1869 2191 1927 2234 ut
1958 2189 2107 2234 certo
2155 2183 2355 2235 indicio
2388 2182 2448 2238 S.
2475 2183 2794 2251 Gregorium
2818 2185 2907 2239 diu
2938 2194 3058 2250 post
3081 2185 3310 2248 obitutn,
3333 2201 3457 2241 cum

1867 2251 1982 2325 ejus
2012 2266 2211 2320 corpus
2242 2253 2293 2322 in
2328 2253 2489 2306 alium
2527 2255 2700 2307 locum
2739 2254 3152 2319 transferretur,
3211 2270 3307 2322 pro
3335 2272 3460 2325 pro-

1867 2320 2074 2376 fessore
2100 2338 2197 2376 seu
2223 2320 2491 2395 monacho
2520 2325 2874 2379 institutionis
2907 2325 2969 2377 D.
2998 2320 3274 2379 Benedicti
3306 2320 3457 2395 agni—

1868 2402 1981 2466 tum
2026 2401 2079 2445 et
2125 2401 2402 2466 ostensum
2446 2393 2639 2466 fuisse:
2687 2397 2992 2464 prwsertim,
3020 2393 3459 2466 inquitille,cum

1865 2463 2003 2536 idem
2031 2463 2332 2536 venerabilis
2369 2465 2547 2518 doctor
2577 2463 2856 2536 Gregorius
2902 2469 2983 2520 sui
3010 2463 3311 2522 monasterii
3349 2485 3459 2523 mo-

1867 2535 2060 2606 nachos
2088 2532 2348 2588 Benedicti
2372 2539 2542 2606 utique
2591 2532 2801 2606 [tegulis
2829 2539 3152 2604 mancipatos
3202 2542 3255 2590 in
3287 2539 3458 2594 Saxo-

1867 2605 2295 2730 riiaiiideszirtarit
2332 2605 2511 2678 (Joan.
2545 2605 2700 2662 Diae.
2745 2608 2834 2661 lib.
2860 2625 2932 2674 tv,
2993 2625 3108 2676 cap.
3164 2607 3276 2678 80).
3331 2610 3457 2666 lltcc

1867 2691 1882 2729 ι
1928 2691 1978 2728 e.

1866 2691 1978 2729 me.

1940 2755 1966 2782 κ
2009 2747 2369 2803 Professionis
2397 2749 2606 2803 scilicet
2636 2748 2965 2802 monasticae.
3001 2748 3118 2815 Qua
3151 2750 3364 2806 ratione
3392 2751 3453 2806 D.

1869 2816 2227 2888 HierOnymus
2250 2819 2448 2884 passim
2473 2819 2692 2888 eosdem
2707 2821 2907 2873 veteris
2925 2820 3255 2874 Testamenti
3269 2837 3459 2877 mona-

1869 2889 2005 2964 chos
2034 2887 2209 2964 vocat.
2243 2891 2415 2964 Epist.
2431 2893 2498 2964 4_:
2527 2887 2676 2958 Filii,
2705 2890 2898 2964 inquit,
2922 2892 3306 2964 praphetarum,
3330 2910 3458 2964 quos

1870 2962 2146 3035 monac/tios
2173 2960 2224 3011 in
2249 2962 2400 3035 ueteri
2445 2957 3027 3035 Testamentalegirnus
3070 2962 3158 3035 (l_V
3194 2957 3322 3035 Reg.
3342 2957 3455 3033 'VI),

1870 3029 2196 3102 aatliﬁcabant
2226 3031 2556 3102 sibicasulas
2583 3042 2794 3100 pr0pter
2849 3029 3046 3102 ﬂuenta
3079 3029 3357 3101 'Jortlariis,
3411 3029 3458 3089 et

1872 3102 2032 3174 turbis
2052 3100 2261 3174 urbium
2294 3101 2590 3174 derelictis,
2626 3100 2925 3174 polenta—et
2977 3104 3141 3174 herbis
3172 3105 3457 3174 agrestibus

1868 3171 2271 3246 victitabanEEt
2293 3171 2344 3225 in
2364 3171 2680 3246 epistolaad
2705 3173 3012 3229 Paulinum:
3031 3171 3455 3246 Noster,inquit,

1872 3241 2110 3316 princeps
2135 3243 2304 3316 Elias,
2338 3254 2506 3316 noster
2538 3242 2780 3316 liliaceus,
2817 3246 2981 3298 nostri
3012 3246 3164 3316 duces
3195 3246 3293 3314 ﬁlii
3337 3241 3459 3316 pro?

1871 3311 2158 3381 piratarum.
2189 3314 2334 3368 Idem
2380 3314 2536 3368 docet
2567 3313 2805 3369 Isidorus
2837 3317 2931 3370 lib.
2958 3331 2994 3369 ιι
3025 3315 3092 3369 de
3122 3311 3458 3372 Ecclestf-

1873 3385 1960 3434 lic.
1993 3398 2109 3451 Cap.
2140 3386 2206 3457 15
2231 3429 2244 3451 ,
2275 3383 2364 3437 ubi
2401 3383 2605 3444 Eliam,
2637 3385 2918 3448 Elizzeum,
2952 3388 3195 3457 aliosque
3224 3387 3456 3457 prophe—

1874 3462 1956 3504 tas
1988 3454 2370 3508 monachorum
2395 3457 2670 3524 principes
2700 3458 2956 3525 appellat.
3008 3454 3120 3512 Sed
3165 3454 3456 3512 et‘Cassia-

1872 3539 1974 3596 nus
2005 3524 2148 3596 infra
2169 3526 2381 3596 (Collat.
2414 3529 2501 3590 18,
2535 3543 2646 3596 cup.
2681 3524 2748 3590 6i
2769 3524 2870 3580 alia
2906 3526 3192 3580 locutionis
3224 3527 3455 3582 formula

1870 3592 2003 3665 dicit
2027 3592 2243 3665 eosdem
2269 3593 2461 3648 Patres
2484 3607 2536 3649 et
2567 3592 2862 3664 prophetas
2906 3597 3218 3655 monasucae
3249 3598 3455 3665 profes-

1869 3664 2038 3716 sionis
2066 3664 2439 3732 prmfigurasse
2466 3666 2657 3728 lineas,
2688 3667 2850 3718 ducta
2879 3680 2911 3717 a
2942 3664 3254 3732 pictoribus
3285 3675 3456 3719 meta-

1872 3733 2064 3801 phora,
2089 3735 2180 3801 qui
2210 3737 2443 3787 futuram
2476 3735 2764 3801 imaginem
2793 3735 2970 3786 ductis
3001 3736 3235 3802 primum
3286 3736 3455 3790 linea-

1871 3807 2068 3857 nientis
2096 3804 2446 3874 praeligarare
2476 3819 2538 3856 ac
2565 3805 2848 3871 designare
2903 3804 3098 3869 Solent,
3132 3803 3329 3860 deinde
3356 3821 3448 3860 co-

1869 3874 2014 3928 lores
2042 3886 2096 3928 et
2126 3883 2350 3927 ornatus
2378 3874 2635 3927 inducere
2665 3891 2677 3925 :
2703 3890 2808 3943 quo
2838 3875 3002 3928 modo
3050 3876 3125 3929 illi
3172 3880 3453 3945 prOphetat

1868 3955 1924 3998 et
1954 3946 2294 4000 anachoreta:
2319 3945 2373 3997 in
2420 3945 2780 3998 solitudinibus
2813 3956 3056 4016 errantes,
3103 3960 3322 4016 egentes,
3356 3966 3453 4002 an-

1867 4017 2100 4084 gustiati,
2129 4024 2258 4082 etc.,
2313 4019 2697 4070 monachorum
2728 4028 2782 4071 et
2824 4017 3274 4071 anachoretarum
3324 4019 3451 4075 novi

1867 4087 2201 4141 Testamenti
2233 4087 2393 4140 vitam
2428 4087 2932 4158 professionemque
2959 4088 3349 4143 adutnbrarunt
3397 4101 3452 4146 et

1867 4158 2300 4227 praeﬁgurarunt.

1939 4227 1964 4265 δ
2005 4227 2259 4294 Quamvis
2306 4227 2360 4284 in
2409 4227 2699 4284 Palestina
2747 4229 2920 4284 Judaai
2970 4229 3122 4284 zonis
3167 4238 3450 4286 uterentur

1866 4299 2039 4354 laneis
2065 4299 2280 4370 (Auctor
2310 4315 2451 4371 oper.
2483 4299 2687 4371 imperf.
2717 4300 2772 4352 in
2808 4299 2998 4353 Matth.
3030 4315 3076 4353 ε.
3110 4299 3191 4371 ιιι)
3223 4320 3234 4352 :
3285 4300 3447 4355 Joan-

1865 4386 1962 4425 nes
1993 4369 2170 4423 tamen
2203 4369 2613 4438 zonapellicea,
2669 4370 2773 4424 hoc
2818 4380 2936 4436 est,
2986 4385 3051 4424 ex
3081 4369 3249 4424 crudo
3279 4373 3447 4439 eorio,

1867 4455 1964 4495 seu
1993 4441 2182 4494 villosa
2206 4440 2346 4509 pelle
2371 4441 2444 4493 uti
2467 4441 2674 4504 maluit,
2694 4452 2802 4494 tum
2822 4441 2886 4494 ad
2914 4442 3264 4495 imitationem
3295 4443 3445 4504 Elim,

1867 4523 1980 4565 tum
2038 4511 2105 4564 ad
2163 4512 2407 4580 corporis
2465 4510 2811 4566 afﬂictionem
2891 4519 2946 4565 et
3027 4514 3446 4568 macerationem

1866 4586 2028 4654 etiam
2053 4595 2119 4635 ex
2151 4597 2283 4654 zona
2322 4582 2737 4654 procurandam.
2782 4582 2932 4636 Unde
2970 4582 3042 4654 ι).
3095 4582 3450 4654 Hieronymus

1788 4644 1844 4704 D
1868 4653 1922 4706 in
1947 4654 2107 4721 epist.
2143 4654 2210 4704 ad
2239 4644 2634 4707 Demetriadem
2663 4653 2926 4722 virginem
2966 4653 3108 4705 inter
3137 4653 3272 4708 alias
3295 4644 3448 4710 'lau-

1868 4724 1964 4777 des
1989 4723 2216 4776 senioris
2240 4723 2594 4777 Demetriadis
2623 4723 2741 4777 loca
2770 4731 2958 4776 sancta
2982 4723 3247 4779 visitantis
3281 4743 3292 4776 :
3322 4728 3449 4788 Stu-

1871 4797 2039 4862 pebat,
2079 4792 2273 4862 inquit,
2305 4794 2373 4847 ad
2402 4795 2828 4847 conuersationem
2856 4793 2988 4846 Elia:
3013 4804 3060 4846 et
3101 4791 3321 4849 Joannis
3345 4793 3449 4850 Ba-

1870 4867 2058 4936 ptista’,
2087 4881 2306 4933 quorum
2334 4876 2542 4936 uterque
2558 4881 2688 4917 zona
2711 4864 2929 4935 pellicea
2941 4866 3210 4936 astrinxit,
3235 4883 3293 4918 ac
3313 4884 3448 4922 mor-

1872 4933 2084 5002 tiﬁcavit
2105 4936 2302 4989 lumbos
2324 4953 2462 4989 suos.
2497 4933 2564 4988 Et
2594 4933 2759 5003 super
2805 4934 3114 4989 Matthamm
3145 4936 3212 4991 de
3243 4937 3450 4994 Joanne

1871 5006 2056 5060 itidem
2085 5005 2238 5080 Bapt.
2278 5008 2560 5080 scribens:
2607 5004 2773 5080 Zona,
2815 5007 3012 5080 inquit,
3060 5009 3301 5080 pellicea,
3353 5028 3450 5080 qua

1878 5080 2074 5130 cinctus
2114 5076 2223 5148 fuit
2256 5086 2302 5129 et
2339 5075 2507 5148 Elias,
2541 5076 2970 5148 _mo_rtiﬁcationis
3018 5078 3306 5148 symbolum
3355 5075 3448 5134 est.

1879 5147 1992 5201 Hoc
2019 5146 2265 5214 exemplo
2295 5146 2483 5200 scribit
2534 5145 2591 5201 S.
2625 5145 2940 5218 Fulgentius
2981 5145 3282 5217 Ruspensis
3339 5151 3448 5218 epi-

1876 5233 2072 5285 scopus
2099 5223 2455 5272 consuevisse
2492 5217 2788 5270 monachos
2814 5219 2866 5272 in
2894 5218 3071 5272 Africa
3113 5221 3336 5286 pelliceo
3373 5220 3446 5271 uti

1874 5289 2091 5357 cingulo
2123 5287 2338 5360 (Baron.
2365 5299 2486 5342 tam.
2520 5287 2592 5342 IX
2618 5289 2807 5341 Annal.
2841 5306 2974 5343 anno
2998 5289 3156 5358 938);
3193 5289 3446 5360 idemque

1873 5359 2156 5415 confirmat
2185 5360 2243 5413 Β.
2277 5360 2581 5416 Dorotheus
2615 5361 2946 5415 anachoreta
2993 5361 3044 5411 in
3073 5359 3317 5410 doctrina
3351 5375 3441 5410 sua

1872 5432 2064 5501 prima,
2104 5447 2220 5501 quae
2251 5441 2333 5486 est
2383 5431 2451 5486 de
2473 5431 2909 5501 Renuntiatione,
2938 5428 3027 5481 ubi
3055 5429 3226 5501 de_se
3257 5428 3442 5501 suique

1871 5496 2136 5572 temporis
2183 5501 2459 5556 monachis
2494 5501 2762 5570 loquens:
2794 5499 3088 5572 Habemus,
3141 5496 3334 5565 inquit,
3395 5506 3441 5572 et

1872 5565 2054 5628 zonam
2083 5573 2346 5641 pelliceam
2373 5574 2509 5624 circa
2540 5565 2683 5625 renes
2705 5579 2925 5641 nostros.
2944 5565 3011 5618 ld
3038 5569 3236 5641 signum
3267 5571 3438 5631 est,arl

1876 5661 2001 5716 opus
2020 5640 2250 5716 quodque
2275 5642 2491 5716 accincti
2524 5681 2537 5700 ,
2585 5651 2640 5716 ut
2671 5640 3048 5716 quamprimum
3088 5640 3245 5692 simus
3271 5645 3318 5716 et
3349 5654 3430 5716 pn-

1872 5705 1973 5770 rati
2003 5705 2364 5770 {laboraturus
2387 5713 2522 5764 enim
2536 5715 2648 5780 quis
2673 5705 2836 5779 primo
2854 5710 3156 5778 accingitur,
3183 5717 3229 5761 et
3249 5705 3320 5758 sic
3350 5707 3428 5761 de-
