4026 6212
623 258 692 317 65
1562 270 1571 277 “
1932 259 2208 318 ιοΑΝΝιε

2322 261 2558 319 iSSIANI
2631 283 2633 287 '
3815 263 3897 324 οι

631 380 719 434 bos
744 394 882 434 suos.
913 378 1073 433 Petro
1100 377 1260 433 etiam
1303 377 1359 431 in
1396 375 1696 431 custodiam
1733 373 1972 430 carceris
1999 373 2067 429 ab
2096 374 2204 431 He—
2229 385 2278 446 Α
2315 373 2493 430 Virum
2528 376 2676 434 cuius
2713 382 2786 428 est
2826 389 2956 428 zona
2992 377 3118 440 iniec,
3155 375 3228 429 sic
3274 373 3558 446 alligabunt
3611 375 3790 433 Judci
3831 380 3897 436 in

630 471 764 528 rode
805 469 1046 535 detruso,
1080 477 1136 525 et
1157 468 1222 522 ad
1252 482 1438 524 necem
1481 466 1570 523 die
1595 476 1813 538 postero
1840 465 2205 536 producendo,

629 562 823 631 angelo
854 560 1172 628 assistente,
1207 558 1519 629 praecipitur
1548 577 1560 611 :
1590 558 1916 630 Prtecingcre
1951 567 1998 612 et
2039 557 2210 613 calceo

627 665 676 709 te
697 655 911 727 colligas
941 663 1061 708 tuas
1100 654 1302 725 (Actor.
1335 655 1456 722 xu).
1485 653 1637 720 Quod
1665 662 1725 708 ut
1754 652 1960 708 faceret
2007 666 2212 722 nequa-

628 763 791 815 quam
817 746 1114 802 monuisset
1134 759 1257 800 eum
1289 746 1528 815 Angelus
1557 745 1678 811 Dei,
1705 745 1807 799 nisi
1838 743 2066 798 vidisset
2088 758 2212 798 eum

630 840 701 895 ob
730 840 1084 896 refectionem
1136 848 1414 894 nocturnae
1460 839 1656 908 quietis
1703 839 1976 908 paulisper
2005 837 2214 893 defecta

633 933 874 987 membra
912 931 1072 986 solita
1099 931 1298 1002 cinguli
1327 930 1677 986 obstrictione
1713 931 1953 986 laxasse.
1985 929 2208 984 Paulum

633 1038 844 1092 quoque
871 1023 1252 1079 ascendentem
1297 1021 1731 1094 Hierosolymam
1754 1063 1769 1088 ,
1801 1031 1856 1077 et
1903 1021 2149 1091 protinus
2179 1036 2210 1074 a

632 1117 831 1172 Judaeis
862 1117 916 1171 in
944 1116 1152 1172 vincula
1175 1115 1494 1172 mittendum
1521 1116 1738 1187 Agabus
1767 1116 2030 1186 propheta
2052 1129 2212 1186 repe-

632 1211 780 1266 riens
807 1209 1100 1279 Caesareas,
1153 1210 1366 1266 sublato
1417 1210 1533 1280 ejus
1577 1210 1811 1280 cingulo,
1851 1223 2042 1263 manus
2084 1222 2210 1263 suas

633 1301 805 1371 ligans
828 1317 892 1357 ac
918 1302 1106 1372 pedes,
1135 1312 1192 1357 ut
1217 1312 1367 1372 gestu
1396 1303 1643 1370 corporis
1673 1303 1756 1356 sui
1796 1301 2070 1370 passionis
2093 1300 2210 1369 ejus

635 1391 1268 1463 praefiguraretinjurias,
1285 1393 1359 1448 ait
1385 1411 1397 1446 :
1423 1392 1551 1448 Hac
1571 1393 1694 1446 dicit
1720 1391 1947 1460 Spiritus
1968 1400 2206 1445 sanctus:
2231 1459 2280 1474 η

2310 468 2600 523 Jerusalem
2637 477 2684 522 et
2723 468 2923 525 tradent
2953 485 3008 522 in
3037 483 3216 522 manus
3259 470 3486 539 gentium
3515 469 3713 540 (Actor.
3739 471 3893 546 ut).

2311 560 2464 628 Quod
2494 559 2676 630 utique
2703 574 2734 613 a
2763 561 3024 630 propheta
3064 561 3300 632 proferri
3342 561 3564 618 minime
3597 564 3891 633 potuisset,

2313 663 2366 706 et
2397 652 2524 716 dici,
2555 654 2731 707 virum
2780 653 2931 723 cujus
2973 662 3056 708 est
3082 669 3215 708 zona
3247 653 3386 721 haec,
3414 655 3517 710 nisi
3542 655 3738 713 Paulus
3761 673 3889 714 eam

2315 744 2511 800 lumbis
2538 745 2647 801 suis
2670 745 3038 801 indesinenter
3065 746 3258 802 solitus
3289 746 3480 804 fuisset
3506 757 3709 818 aptare.

2915 876 3138 933 CAPUT
3193 878 3280 934 III.

2849 990 2925 1045 De
2947 1000 3077 1046 veste
3105 995 3358 1049 monachi.

2389 1114 2414 1142 οι
2455 1103 2631 1160 Vestis
2658 1118 2874 1175 quoque
2905 1105 2975 1159 sit
2996 1105 3244 1160 monachi
3274 1122 3395 1178 quia
3415 1123 3611 1178 corpus
3639 1119 3899 1180 contegat

2319 1207 2546 1262 tantum,
2575 1207 2629 1251 et
2655 1198 2880 1267 repellat
2906 1197 3168 1253 nuditatis
3194 1201 3604 1267 verecundiam,
3642 1212 3695 1256 et
3722 1202 3899 1273 frigo-

2317 1294 2392 1348 ris
2423 1291 2676 1348 retundat
2703 1290 2956 1359 injuriam
2982 1309 2996 1345 :
3028 1307 3136 1347 non
3171 1309 3292 1363 qua:
3320 1294 3610 1348 seminaria
3637 1296 3899 1350 vanitatis

2317 1397 2407 1441 aut
2447 1385 2698 1442 elationis
2729 1384 2989 1451 cnutriat,
3047 1385 3121 1439 ita
3169 1385 3361 1442 eodem
3409 1386 3651 1456 apostolo
3701 1387 3899 1456 praedi-

1709 1526 1967 1582 ALARDI
2004 1524 2234 1582 GAZEI
2272 1523 2840 1581 COMMENTARIUS.

637 1659 773 1695 mum
800 1641 1268 1719 opusgggreditur.
1303 1639 1605 1719 M_orti_/icr_zt_i
1622 1657 1818 1719 quoque
1842 1641 2071 1719 corporis
2095 1641 2202 1710 sig-
2237 1659 2286 1719 Β
2312 1637 2552 1719 Regula,
2583 1647 2634 1691 et
2664 1637 2990 1719 Benedictus
3018 1637 3107 1719 ubi
3133 1652 3316 1719 supra.
3362 1638 3590 1719 Tertia)“
3611 1648 3668 1693 ut
3672 1641 3898 1719 “sitho-

637 1729 759 1766 num
785 1723 878 1764 est.
914 1711 1228 1778 Morti/icore
1283 1712 1417 1763 enim
1446 1712 1698 1765 desideria
1724 1720 1901 1764 nostra
1922 1711 2158 1764 debemus
2188 1727 2207 1765 :

642 1784 920 1852 praesertim
966 1798 1025 1835 ea
1068 1797 1183 1851 qua:
1234 1782 1520 1852 a_renibus
1577 1783 1879 1850 procedunt.
1924 1781 2001 1835 De
2026 1783 2208 1852 quibus

639 1850 910 1923 Apostolus
939 1852 1137 1906 dicebat
1172 1868 1188 1904 :
1248 1850 1559 1918 Mortiﬁcate
1602 1852 1822 1905 membra
1873 1850 2059 1917 vestra,
2092 1851 2209 1922 qua:

639 1932 754 1977 sunt
782 1932 1145 1994 superterram
1169 1939 1187 1976 :
1222 1923 1632 1994 fornicationem,
1663 1925 2073 1994 immunditiam,
2101 1933 2206 1979 etc.

639 1991 857 2066 (Coloss.
887 1991 986 2062 ιιι).
1021 1993 1146 2066 llaec
1176 1994 1287 2048 ille.
1319 1992 1732 2066 Caeterumialiis
1748 1993 2065 2066 quibusdam
2097 2009 2210 2048 mo-

639 2063 826 2119 nachis
855 2079 989 2117 zona
1019 2063 1157 2117 linea
1187 2066 1236 2117 in
1266 2079 1361 2118 usu
1410 2063 1529 2118 fuit.
1558 2065 1689 2118 Nam
1731 2064 1798 2118 de
1834 2065 2210 2120 Pachomianis

640 2137 692 2191 id
725 2143 946 2189 testatur
974 2135 1038 2205 Q.
1070 2135 1429 2205 Hieronymus
1467 2135 1520 2189 in
1546 2133 1862 2204 praefatione
1900 2135 2119 2205 Regula:
2149 2135 2206 2191 S.

641 2205 916 2260 Pachumii
950 2223 961 2256 :
993 2204 1306 2271 Balteolum,
1340 2209 1436 2270 ait,
1485 2209 1831 2276 unusquisque
1887 2204 2103 2259 habebat
2147 2207 2211 2260 li-

640 2293 812 2330 neum.
854 2276 986 2331 Aliis
1030 2291 1156 2330 vero
1199 2277 1471 2346 cingulum
1505 2278 1716 2331 laneum
1769 2278 1937 2345 magis
1991 2277 2206 2342 placuit,

640 2348 780 2417 quod
810 2351 897 2400 tali
929 2348 1143 2414 cingulo
1195 2346 1441 2400 Christus
1487 2363 1617 2401 usus
1657 2347 1928 2402 credatur.
1961 2347 2033 2400 Ea
2066 2350 2211 2402 enim

641 2418 976 2486 cingulormu
1006 2417 1259 2470 materies
1303 2418 1439 2484 apud
1464 2418 1780 2473 Palaestinos
1812 2419 2042 2487 vulgaris
2091 2418 2208 2483 fuit,

644 2504 673 2542 a
694 2503 920 2559 quorum
947 2488 1219 2559 coimuuui
1259 2503 1410 2542 more
1441 2489 1695 2559 cultuque
1717 2488 1961 2543 Christus
1992 2503 2098 2540 non
2128 2503 2213 2543 re-

644 2558 826 2613 cessit.
861 2557 1009 2612 Unde
1051 2557 1113 2611 D.
1149 2557 1510 2627 Hieronymus
1541 2557 1831 2623 Marcellae,
1873 2572 1994 2626 qua:
2044 2560 2214 2614 Palu:-

649 2629 1102 2692 stinamincoluit,
1130 2644 1159 2682 e
1180 2629 1299 2682 lana
1327 2630 1596 2698 cingulum
1625 2630 1985 2683 commendat.
2016 2629 2216 2693 Sit,in-

645 2700 777 2768 quit,
800 2700 1063 2769 cingulum
1078 2699 1306 2763 laneum,
1326 2711 1374 2752 et
1389 2710 1492 2753 tota
1507 2699 1833 2770 simplicitate
1848 2699 2181 2770 purissimum
2194 2718 2213 2755 :

645 2773 779 2839 quod
805 2771 963 2840 possit
993 2772 1154 2840 magis
1183 2772 1465 2840 astringere
1494 2773 1860 2835 vestimentum,
1904 2786 2058 2839 quam
2085 2772 2217 2824 scin-

646 2841 783 2893 dere.
838 2838 1141 2894 Nonnullbs
1191 2838 1370 2894 autem
1420 2841 1544 2894 fune
1602 2838 1922 2910 praecinctos
1963 2841 2211 2908 legimus.

646 2911 790 2982 Nam,
810 2922 1002 2978 praeter
1032 2911 1154 2965 illos
1187 2910 1492 2982 Egyptios,
1514 2910 1590 2964 'de
1627 2911 1821 2980 quibus
1846 2911 2135 2982 Cassianus
2161 2928 2210 2966 c.

647 2979 679 3034 6
706 2981 862 3049 hujus
893 2982 1193 3045 lihri,alios
1220 2979 1348 3036 item
1377 2979 1665 3036 monachos
1699 2983 1950 3036 Paulinus
1982 2981 2216 3036 Nolanus

2313 1717 2467 1763 nesta
2499 1718 2552 1762 et
2603 1708 2825 1776 munda,
2859 1724 2963 1762 non
2996 1709 3242 1764 affectate
3270 1710 3502 1764 sordida.
3537 1709 3628 1764 Sic
3671 1710 3737 1764 D.
3771 1712 3901 1769 llic-

2313 1793 2573 1850 ronymus
2598 1779 2852 1850 admonet
2871 1794 2976 1832 non
3010 1796 3114 1834 uno
3151 1781 3204 1834 in
3240 1781 3379 1835 loco.
3409 1781 3490 1834 Ad
3537 1780 3901 1850 Nepotianum

2313 1849 2600 1923 scribens:
2634 1849 2877 1923 Ornatus,
2932 1859 3006 1923 ut”
3030 1852 3227 1915 sordes,
3277 1853 3390 1919 pari
3436 1851 3586 1905 modo
3621 1849 3902 1923 fugienda:

2313 1921 2598 1992 su_nt,quia
2637 1919 2856 1992 alterum
2906 1921 3136 1992 delicias,
3183 1923 3405 1992 alterum
3448 1919 3664 1992 gloriam
3695 1919 3900 1980 redolet

2315 1989 2509 2058 (Epist.
2539 1990 2618 2060 ‘2).
2652 1990 2718 2044 Et
2741 1991 2806 2044 ad
2838 1991 3232 2046 Eustochium:
3271 1989 3558 2046 Vestis'nec
3584 1995 3712 2046 satis
3744 2012 3901 2049 murt-

2313 2062 2404 2126 da,
2438 2077 2526 2113 nec
2553 2061 2782 2126 sordida,
2805 2071 2854 2116 et
2884 2061 3029 2115 nulla
3049 2063 3341 2117 diversitate
3364 2062 3602 2116 notabilis
3625 2079 3642 2114 :
3669 2081 3729 2117 ne
3757 2068 3828 2119 ad
3848 2075 3902 2122 te

2315 2131 2512 2184 obviam
2539 2134 2954 2202 prmereuntium
2985 2132 3132 2186 turba
3153 2135 3419 2192 consistat.
3445 2143 3489 2185 et
3536 2134 3692 2202 digito
3740 2152 3905 2190 mon-

2315 2203 2488 2255 streris
2510 2201 2706 2273 (Epist.
2724 2203 2836 2272 22).
2852 2202 2998 2256 [dem
3015 2203 3070 2261 in
3087 2202 3373 2273 Epitaphio
3387 2201 3664 2268 Nepotiani
3685 2223 3698 2259 :
3715 2204 3903 2264 Cultus

2315 2274 2423 2340 ipse
2437 2274 2708 2345 provincia:
2722 2291 2911 2345 morem
2926 2289 3140 2345 sequens
3159 2292 3246 2327 nec
3261 2275 3520 2327 munditiis
3531 2290 3640 2338 ,nec
3657 2278 3904 2345 sordibus

2315 2343 2552 2415 notabilis
2584 2342 2777 2414 (Epist.
2795 2346 2871 2415 5).
2889 2342 3089 2399 Auctor
3108 2345 3233 2398 Vitas
3253 2345 3311 2400 S.
3331 2345 3583 2399 Bernardi
3611 2363 3623 2398 :
3651 2343 3717 2398 In
3743 2351 3904 2401 vesti-

2316 2412 2407 2486 bus
2433 2415 2479 2466 ei
2505 2412 2775 2484 paupertas
2803 2412 2998 2486 semper
3020 2416 3243 2486 placuit:
3266 2415 3439 2469 sordes
3468 2432 3738 2486 numquam
3760 2434 3780 2471 :
3810 2421 3904 2472 ni-

2315 2485 2503 2556 mirum
2533 2486 2693 2538 aninti
2719 2486 2828 2556 fore
2846 2485 3038 2539 indices
3057 2485 3220 2538 aiebat
3243 2495 3328 2539 aut
3353 2486 3674 2556 negligentis,
3701 2499 3790 2541 aut
3811 2491 3906 2555 fo-

2315 2504 2503 2536 mtrum
2533 2504 2693 2538 annm
2719 2504 2828 2549 [ore
2846 2504 3038 2539 marces
3057 2504 3220 2538 ateoat
3243 2504 3328 2539 aut
3353 2504 3414 2538 ne
3451 2504 3674 2556 "genus,
3701 2504 3790 2541 aut
3811 2504 3890 2555 [o-

2315 2556 2386 2630 rjs
2417 2554 2637 2624 gloriam
2667 2555 2960 2630 affectantis
2991 2558 3269 2630 humanam
3328 2504 3464 2624 (Lib.
3510 2572 3590 2630 ιιι,
3637 2573 3751 2621 cap.
3802 2560 3890 2630 2).

2317 2625 2516 2689 Quarta
2543 2627 2800 2691 cooditio,
2827 2643 2986 2696 quam
3015 2629 3100 2681 hic
3125 2629 3294 2696 tangit
3323 2631 3523 2681 Auctor
3551 2627 3690 2697 (quae
3712 2625 3902 2686 tamen

2318 2697 2506 2767 eodem
2531 2697 2643 2751 fere
2677 2697 2913 2765 recidit),
2943 2713 3012 2752 ne
3033 2700 3102 2751 sit
3133 2698 3298 2751 vestis
3325 2699 3607 2767 singularis
3627 2740 3642 2760 ,
3674 2709 3764 2752 aut
3793 2702 3904 2756 ali-

2317 2780 2421 2833 qua
2445 2766 2658 2841 insolita
2681 2767 2992 2841 diversitate
3021 2768 3294 2841 notabilis,
3327 2766 3478 2841 utait
3521 2768 3903 2841 D.__llierony-

2319 2850 2470 2901 mus;
2504 2837 2644 2905 quod
2676 2838 2862 2892 vitium
2895 2839 3276 2907 singularitatis
3307 2848 3415 2892 tum
3455 2838 3509 2891 in
3546 2839 3667 2892 aliis
3709 2837 3903 2906 rebus,

2320 2916 2432 2979 tum
2462 2909 2742 2974 Speciatim
2777 2911 2828 2962 in
2851 2911 3088 2964 vestibus
3116 2925 3144 2962 a
3171 2911 3360 2978 priscis
3389 2909 3662 2962 monachis
3692 2913 3907 2979 impro-

2320 2977 2505 3030 batum
2524 2989 2576 3032 et
2607 2979 2916 3033 damnatum
2950 2979 3037 3033 hic
3060 2979 3225 3034 refert
3244 2979 3528 3034 Cassianus
3550 2999 3562 3033 :
3587 2977 3902 3039 etvetu‘itS.

648 3041 910 3124 describit
943 3041 1138 3124 (Epist.
1169 3051 1248 3123 7),
1281 3067 1384 3106 non
1431 3053 1642 3116 balteo,
1674 3052 1793 3124 sed
1817 3062 1961 3124 reste
2002 3056 2218 3124 succin-
2243 3041 2288 3101 C
2325 3047 3630 3124 Pachomiusaugeloipsodictantc,investimento
3647 3061 3691 3104 et
3714 3053 3908 3124 habitu

651 3130 785 3176 ctos.
817 3121 1129 3190 Cuju‘smodi
1160 3121 1494 3191 ciugulorum
1526 3138 1718 3191 genus,
1748 3122 1996 3178 videlicet
2025 3139 2053 3176 e
2080 3121 2223 3176 funi-

648 3192 750 3263 bus
769 3203 1097 3255 contextum,
1132 3203 1400 3263 tamquam
1427 3194 1764 3263 vilissimum,
1789 3193 2050 3247 etinlimis
2073 3209 2223 3246 man-

649 3262 804 3329 cipiis
822 3278 1139 3332 congruum,
1166 3265 1222 3317 S.
1243 3262 1393 3332 pater
1414 3262 1754 3327 Franciscus,
1781 3264 1963 3317 mundi
1982 3273 2224 3317 contem-

651 3343 769 3402 ptor
800 3341 855 3387 et
878 3335 1204 3400 paupertatis
1229 3342 1437 3387 amator
1463 3335 1708 3397 eximius,
1734 3333 1833 3387 sibi
1863 3335 2080 3400 suisque
2118 3334 2224 3386 fra-

653 3403 825 3457 tribus
849 3403 1101 3457 uteudmn
1133 3405 1352 3472 delegit.
1385 3405 1552 3458 Porro
1573 3406 1716 3473 quod
1750 3403 1814 3456 ad
1846 3403 2223 3473 Beneilictinos

650 3474 863 3534 attinet,
893 3483 1074 3528 exstat
1111 3475 1273 3529 etiam
1301 3472 1623 3529 Constitutio
1659 3475 1948 3528 Clementis
1982 3472 2024 3526 V
2070 3484 2220 3541 pout.

651 3545 718 3615 de
747 3544 1359 3615 zonis,aliisqueeorum
1377 3547 1763 3615 gestaminibus
1792 3545 1844 3600 in
1873 3543 1987 3598 hmo
2010 3545 2175 3599 verba
2206 3563 2219 3598 :

652 3613 847 3668 Nullus
876 3613 1641 3684 zonam,cultellum,'calcaria,
1665 3632 1781 3668 cum
1806 3624 1987 3668 ornatu
2000 3615 2220 3683 deferre,

651 3695 738 3739 aut
759 3701 874 3738 cum
894 3685 1022 3739 sella
1043 3688 1302 3740 clavorum
1341 3696 1528 3741 ornatu
1564 3687 1805 3740 decorata
1831 3688 2112 3756 super/luo,
2147 3687 2224 3741 vel

651 3757 801 3810 nimis
831 3756 963 3809 alias
991 3766 1314 3828 sumptuosa,
1340 3759 1443 3811 sive
1474 3775 1590 3811 cum
1628 3758 1774 3828 freno
1817 3760 2130 3826 ferraturam
2154 3759 2223 3811 ad

652 3837 891 3900 ornat_um
912 3827 1122 3900 habente
1147 3832 1374 3900 equitare
1398 3827 1695 3898 praesumat.
1864 3898 1906 3900 *γ
2039 3899 2046 3900 7
2163 3899 2169 3900 γ
2194 3871 2197 3876 .

725 3905 751 3933 ει
790 3897 1232 3968 Postcingulum,
1264 3916 1368 3969 quo
1391 3901 1735 3963 monachum,
1766 3898 2050 3967 utChristi
2081 3899 2225 3953 mili-

652 3976 762 4020 tem
792 3969 1124 4038 succinctum
1165 3986 1285 4024 esse
1318 3971 1648 4038 decet,,agit
1700 3972 1902 4022 Auctor
1953 3970 2022 4024 de
2074 3979 2224 4026 veste

654 4036 926 4103 monachi,
958 4037 1009 4090 in
1039 4053 1142 4104 qua
1171 4040 1264 4091 has
1293 4036 1632 4093 conditiones
1659 4039 1926 4104 praecipue
1974 4041 2218 4107 requirit,

653 4118 707 4160 et
733 4107 1334 4176 commendatexemplo
1356 4120 1597 4162 veterum
1620 4110 2028 4162 monachorum.
2046 4112 2223 4165 Prima

653 4178 894 4232 conditio
919 4186 1027 4249 est,
1061 4193 1129 4232 nc
1149 4181 1218 4230 sit
1241 4177 1530 4245 superﬂua,
1557 4179 1652 4249 sed
1677 4177 1950 4249 sufficiens
1968 4179 2034 4232 ad
2051 4190 2224 4249 tegen-

653 4249 774 4301 dam
798 4247 1043 4318 corporis
1075 4249 1396 4311 nuditatem,
1429 4258 1484 4302 et
1509 4248 1874 4316 repellendam
1893 4247 2225 4318 frigoris'in-

654 4318 868 4388 iuriam.
901 4318 975 4371 Ita
999 4317 1062 4371 D.
1089 4318 1315 4372 Basilius
1340 4320 1393 4372 iu
1444 4320 1649 4388 Regula
1675 4334 1703 4371 a
1728 4318 1922 4374 Rufino
1965 4317 2222 4374 translata

655 4387 806 4458 (Cap.
841 4387 950 4458 12),
983 4389 1227 4442 eamdem
1257 4390 1492 4456 Apostoli
1514 4387 1839 4444 Sententiatn
1867 4405 1986 4444 cum
2014 4392 2226 4445 Cassia-

655 4473 725 4510 no
749 4459 986 4530 allegans
1020 4476 1033 4512 :
1066 4459 1404 4530 Sufﬁcienter,
1453 4463 1544 4523 ait,
1575 4459 1851 4528 Apostolus
1888 4462 1942 4512 in
1991 4462 2229 4528 hujusce-

654 4529 792 4581 modi
820 4530 992 4583 usibus
1015 4529 1650 4600 brevisermoneregulam
1670 4533 1838 4597 posuit
1865 4530 2037 4584 dicens
2067 4549 2086 4584 :
2113 4531 2228 4586 Ha-

654 4601 821 4654 bentes
850 4611 1020 4654 autem
1067 4603 1250 4655 victum
1292 4613 1338 4654 et
1363 4605 1612 4665 vestitum,
1657 4604 1734 4654 his
1777 4605 1998 4655 contenti
2047 4604 2224 4658 simus.

657 4668 889 4723 Ostendit
907 4673 1202 4744 indumento
1222 4672 1465 4740 solo,quo
1487 4683 1841 4744 contegamur,
1860 4673 2088 4744 indigere
2111 4691 2223 4740 nos,

654 4749 826 4794 etnon
856 4743 1097 4794 varietate
1131 4743 1304 4811 aliqua
1350 4745 1522 4806 vestis,
1553 4755 1599 4795 et
1641 4743 1966 4797 ornamento.
2026 4743 2131 4798 Sed
2178 4755 2230 4800 ct

653 4812 850 4880 primus
886 4811 976 4864 ille
999 4813 1286 4865 indumenti
1341 4829 1458 4866 usus
1504 4812 1614 4865 lucc
1664 4817 1841 4866 eadem
1872 4814 2088 4878 indicat,
2113 4831 2230 4869 cum

653 4881 844 4954 dicitur
868 4882 1035 4954 Deum
1054 4883 1230 4954 fecisse
1250 4884 1426 4949 primis
1439 4883 1938 4938 hominibustunicas
1965 4885 2223 4954 pelliceas.

653 4952 949 5024 Sufﬁciebat
979 4952 1114 5006 enim
1142 4953 1210 5024 ad
1255 4955 1606 5021 confusionem
1630 4955 1892 5024 tegendam
1923 4952 2228 5023 hujusmodi

652 5022 943 5075 indumenti
963 5040 1107 5077 usus.
1170 5023 1357 5076 Verum
1406 5027 1646 5094 quoniam
1675 5022 1819 5078 nobis
1871 5022 2129 5093 profectus
2173 5027 2227 5078 in

652 5093 967 5165 indumentis
991 5096 1143 5148 etiam
1171 5096 1393 5162 caleﬁeri
1421 5104 1464 5147 et
1481 5097 1638 5165 foveri
1666 5096 1983 5149 necessarius
2009 5096 2224 5158 videtur,

651 5164 720 5216 ad
752 5173 1018 5236 utrumque
1064 5181 1185 5218 usus
1214 5182 1320 5236 ipse
1368 5164 1677 5236 temperetur
1699 5184 1718 5219 :
1742 5185 1840 5236 quo
1894 5179 1939 5221 et
1975 5168 2228 5233 coaperiri

651 5235 860 5309 nuditas
886 5237 1136 5309 t’idettltﬂ',
1168 5245 1215 5309 et
1235 5238 1306 5309 vis
1324 5235 1530 5309 frigoris
1559 5237 1634 5290 vel
1658 5235 1802 5309 omne
1839 5238 1975 5306 quod
2012 5239 2227 5290 exterius

651 5305 1134 5378 (mdiuarceriaEt
1166 5307 1227 5363 ι).
1257 5305 1579 5361 Benedictus
1623 5326 1634 5358 :
1670 5305 2005 5378 (Vestimenta,
2060 5309 2230 5378 inquit

652 5374 807 5447 (Cap.
825 5375 893 5431 55
912 5376 1085 5447 Reg.),
1102 5377 1346 5446 fratribus
1367 5379 1644 5430 secundum
1660 5376 1889 5429 locorum
1906 5374 2226 5444 qualitatem,

652 5446 735 5498 ubi
766 5446 1018 5509 habitant,
1047 5449 1120 5501 vel
1143 5464 1316 5501 aerum
1344 5448 1632 5516 temperiem
1659 5448 1838 5499 dentur
1861 5463 1878 5498 :
1901 5449 2020 5515 quia
2053 5451 2104 5500 in
2127 5449 2227 5515 fri-

652 5518 783 5587 gidis
822 5519 1114 5589 regionibus
1160 5521 1381 5587 amplius
1437 5519 1738 5586 indigetnr;
1789 5521 1841 5569 in
1882 5518 2065 5570 calidis
2110 5534 2227 5573 vero

651 5589 840 5640 minus.
871 5588 1115 5644 Secunda
1146 5589 1405 5655 conditio,
1440 5597 1497 5642 ut
1523 5598 1593 5641 snt
1641 5588 1783 5654 vilis,
1820 5603 1926 5641 non
1959 5588 2221 5656 pretiosa,

650 5667 742 5730 aut
770 5659 849 5730 ad,
877 5675 1126 5727 pompam
1179 5671 1233 5713 et
1277 5661 1694 5715 ostentationem
1744 5661 2062 5729 composita,
2120 5676 2224 5730 qua

653 5726 795 5791 dere
825 5726 890 5784 B.’
916 5729 1148 5786 Basilius
1177 5729 1376 5790 ibidem
1422 5741 1476 5791 et
1495 5731 1826 5804 Augustinus
1848 5726 1966 5815 cap.
1993 5731 2065 5792 2'5
2112 5726 2225 5802 sua:

2327 3118 2668 3197 aliquidnovi,
2684 3118 3268 3197 prieter_cwteros,cau_sa
3282 3119 3484 3197 decoris
3495 3122 3716 3176 invenire
3735 3123 3905 3197 (Reg.

2325 3196 2428 3262 art.
2451 3190 2654 3262 55)._At
2670 3191 2737 3242 de
2751 3191 2987 3262 vestibus
3010 3192 3395 3246 monachorum
3418 3191 3550 3246 alias
3570 3190 3767 3262 saepius
3791 3190 3908 3250 erit

2326 3258 2540 3332 dicendi
2563 3260 2736 3332 locus.
2765 3260 2870 3332 Cur
2886 3271 3060 3316 autem
3080 3261 3320 3331 religiosi
3343 3265 3558 3331 proprio
3570 3258 3906 3332 etpeculiari

2328 3327 2511 3382 habitu
2533 3344 2563 3382 a
2581 3331 2928 3386 szecularibus
2963 3327 3218 3387 distincto
3239 3327 3484 3397 utantur,
3505 3327 3906 3394 duas-rationes

2328 3398 2484 3476 affert
2510 3399 2569 3452 ι).
2603 3399 2830 3476 Basilius
2854 3419 2906 3470 q.
2935 3403 3107 3476 9.2,ex
3127 3403 3318 3459 diffuse
3344 3405 3646 3473 disputatis,
3665 3422 3905 3476 quarum

2328 3472 2477 3538 prior
2499 3479 2600 3535 est,
2623 3472 2691 3524 ad
2714 3473 3097 3543 designandam
3121 3477 3390 3544 propriam
3420 3472 3812 3544 professionem
3843 3491 3908 3537 ct

2328 3548 2526 3618 statum
2547 3582 2562 3606 ,
2597 3556 2706 3618 seu
2726 3544 3097 3618 conditionem
3123 3546 3264 3599 vitae.
3301 3546 3609 3602 Ordinarius
3633 3589 3648 3613 ,
3678 3549 3857 3618 inquit
3881 3593 3901 3614 ,

2329 3609 2535 3688 habitus
2588 3611 2876 3688 Christiani
2907 3631 3013 3669 esse
3045 3617 3232 3670 dicitur
3260 3619 3326 3683 is,
3358 3619 3442 3688 qui
3472 3609 3909 3688 secundum-pro;

2328 3684 2549 3760 positum
2579 3685 3029 3760 acprofessionem
3057 3689 3167 3760 eius
3204 3684 3708 3760 aptus'intctligitur.
3744 3684 3908 3746 Sicut

2329 3754 2473 3826 enim,
2504 3764 2577 3807 est
2607 3756 2740 3807 alius
2770 3754 2973 3809 habitus
3001 3754 3207 3824 militis,
3243 3754 3374 3811 alius
3402 3754 3672 3824 senatoris,
3701 3777 3766 3813 ea:
3793 3779 3908 3826 quo

2329 3824 2632 3900 intelligitur
2660 3827 2737 3879 vel
2760 3827 2899 3895 quod
2928 3829 3020 3900 iste
3040 3837 3244 3900 senator
3281 3837 3375 3892 est,
3404 3830 3483 3882 vel
3512 3831 3650 3900 quod
3681 3833 3775 3884 iste
3800 3824 3910 3887 ini—

2329 3893 3032 3972 les,‘itaetiammonachus
3075 3899 3261 3972 habere
3288 3900 3432 3972 debet
3470 3893 3755 3972 congruum
3786 3920 3910 3958 sua!

2327 3967 2632 4036 professioni
2656 3968 3028 4022 indumentum.
3059 3969 3239 4023 Altera
3271 3971 3429 4035 ratio,
3461 3973 3532 4025 ut'
3547 3967 3784 4039 religiosi
3811 3979 3910 4029 vel

2329 4040 2478 4112 inviti
2504 4048 2763 4112 cogantur
2783 4041 3031 4112 religiose
3056 4040 3258 4093 vivere.
3288 4040 3349 4095 Si
3379 4042 3534 4106 enim,
3567 4043 3759 4111 inquit,
3784 4048 3910 4112 quis

2329 4107 2493 4160 videat
2537 4109 2791 4182 hominem
2828 4110 3047 4182 aliquem
3085 4111 3351 4163 obscurum
3388 4107 3664 4166 caedentem
3704 4107 3906 4182 alium,

2328 4185 2416 4226 aut
2455 4178 2801 4253 verberantem
2841 4181 3070 4248 publice,
3106 4192 3193 4233 aut
3225 4183 3441 4253 turpiter
3457 4178 3909 4251 proclamantem,

2328 4249 2500 4322 autin
2539 4249 2801 4322 tabernis,
2853 4261 2938 4304 aut
2977 4253 3153 4320 ganeis
3181 4249 3569 4322 agentemfnec
3616 4249 3912 4310 obsert'abit

2328 4317 2530 4384 quidem
2562 4321 2716 4389 facile
2741 4317 3035 4390 hujusmodi
3073 4317 3347 4388 hominem,
3379 4323 3456 4376 vel
3482 4324 3696 4389 notabit,
3729 4327 3910 4382 sciens

2253 4416 2298 4477 Ο
2330 4402 2444 4468 eum
2473 4389 2871 4477 cqnsimiliterin
2897 4393 3206 4477 reliquaﬁvita
3220 4410 3314 4446 sua
3331 4409 3507 4477 agere.
3537 4395 3906 4477 Siveroeum,

2331 4458 2420 4522 qui
2457 4459 2749 4535 religiosam
2783 4463 2936 4514 vitam
2977 4458 3263 4535 proﬁtetur,
3295 4458 3472 4517 viderit
3517 4466 3632 4530 quis
3674 4467 3753 4519 vel
3779 4458 3912 4535 par;

2332 4543 2450 4579 vum
2488 4531 2683 4596 aliquid
2724 4542 2902 4584 contra
2929 4549 3083 4602 quam
3112 4534 3367 4595 condecet,
3400 4539 3587 4601 facere,
3626 4531 3910 4592 observant

2333 4613 2537 4674 omnes,_
2556 4609 2604 4652 et
2631 4601 2918 4674 increpant,
2950 4612 2995 4656 et
3030 4603 3097 4654 ad
3121 4603 3379 4674 religionis
3415 4604 3750 4671 opprobrium
3800 4610 3911 4661 du-

2331 4679 2470 4721 cunt.
2510 4669 2688 4744 Itaque
2717 4669 2871 4724 veluti
2898 4669 3316 4744 ipwdagogus'est
3346 4669 3711 4737 inﬁrmioribus
3750 4678 3912 4731 habi-

2333 4748 2419 4814 tus
2442 4743 2732 4811 religiosus,
2759 4751 2814 4795 ut
2842 4743 2992 4795 etiam
3021 4743 3204 4814 invitos
3228 4760 3313 4797 eos
3357 4744 3418 4796 ab
3450 4760 3598 4814 apere
3627 4747 3913 4805 inhonesto

2332 4819 2377 4862 et
2403 4812 2655 4866 indecenti
2687 4813 2959 4866 custodiat.
2997 4813 3120 4868 Haec
3167 4813 3230 4867 D.
3265 4812 3516 4868 Basilius.
3565 4815 3670 4869 Cur
3711 4828 3913 4875 autem

2334 4893 2539 4936 vestem
2586 4893 2796 4954 mutent
2842 4886 3079 4954 religiosi
3121 4884 3174 4938 in
3205 4900 3299 4938 sua
3330 4885 3658 4954 professione
3683 4885 3917 4945 dicetur

2331 4954 2436 5006 alio
2469 4954 2586 5024 loco
2627 4953 2766 5024 (Lib.
2792 4969 2865 5018 ιν,
2900 4953 3054 5023 εζὸ).
3105 4955 3274 5009 Porro
3300 4964 3482 5010 vestes
3529 4957 3910 5024 monachalcs,

2331 5038 2464 5100 quas
2508 5023 2610 5077 hoc
2639 5023 3211 5100 '_loco_cmnmemorat
3255 5026 3581 5100 Cassianus,
3623 5023 3918 5100 totamque

2332 5093 2465 5147 adeo
2507 5095 2902 5168 supellectilem
2935 5097 3320 5168 monachorum
3349 5097 3720 5168 Egyptiorum
3751 5093 3914 5156 br'evi

2332 5166 2657 5239 compendio
2687 5168 3000 5239 complerus
3028 5174 3118 5239 est
3139 5166 3203 5219 D.
3231 5166 3605 5239 Hieronymus,
3646 5170 3789 5238 quod
3821 5173 3921 5228 hic

2330 5235 2584 5291 retulisse
2627 5237 2858 5306 juvabit.
2903 5235 2995 5290 Sic
3036 5236 3177 5290 enim
3219 5239 3409 5293 scribit
3433 5235 3461 5293 ἐ
3510 5235 3677 5292 Nihil“
3714 5241 3923 5298 habent

2284 5376 2290 5381 ι
2330 5305 2404 5382 in_
2407 5305 2639 5382 cellulis,
2655 5320 2838 5382 praeter
2856 5307 3157 5382 psiathium,
3188 5317 3235 5382 et
3264 5310 3368 5362 duo
3397 5310 3701 5364 lebitonaria
3731 5313 3920 5382 (quod

2332 5375 2604 5454 ΛῖςηιριίὶιςΔ
2631 5378 2890 5454 monachis
2918 5379 3380 5454 genus‘vestimenti
3406 5392 3480 5434 est
3505 5382 3612 5454 sine
3635 5375 3917 5454 manicis);

2331 5457 2377 5500 et
2398 5464 2555 5501 unum
2576 5451 2699 5520 jam
2713 5448 2940 5500 attritum
2966 5448 3032 5501 ad
3055 5449 3432 5516 dormiendum,
3454 5453 3530 5505 vel
3554 5448 3921 5520 operandam,

2278 5553 2289 5567 .
2331 5528 2376 5596 et
2399 5517 2637 5596 amictum
2663 5517 2873 5596 lineam,
2907 5520 3235 5590 cucullasque
3261 5521 3410 5596 duas,
3442 5533 3487 5596 et
3515 5517 3780 5596 caprinam
3810 5517 3922 5596 peL

2331 5589 2556 5668 liculam,
2584 5604 2747 5668 quam.
2763 5590 2997 5668 melotem
3015 5589 3214 5668 .voc‘ant
3229 5589 3583 5668 _,_balte_olum_,'
3606 5605 3654 5649 et
3686 5589 3923 5668 caligas,

2331 5675 2391 5713 ac
2446 5661 2695 5740 baculum.
2731 5660 2929 5740 itineris
2973 5664 3192 5740 socium.
3229 5661 3351 5740 Ilico
3521 5660 3922 5740 Hieronymus;

2331 5731 2644 5812 praefatione
2683 5731 2737 5790 in
2765 5731 3022 5805 Regulam
3050 5732 3111 5793 S.
3138 5731 3438 5802 Ρειοῑιοῐηὶίρ
