4036 6218
191 320 248 377 65
1105 311 1190 368 DE
1227 309 1709 369 C(ENOBIORUM
1744 309 2119 369 INSTITUTIS
2155 312 2362 370 LIBER
2399 314 2441 369 Ι.
3345 316 3413 379 σο

172 437 314 484 caute
340 446 355 482 :
388 439 413 467 ι
443 429 710 487 Habentes
737 443 898 489 autem
926 435 1168 488 alimenta
1199 446 1248 488 et
1278 434 1626 505 operimenta,
1656 432 1734 485 his
1760 439 1813 497 Α
1834 448 1935 503 pus
1964 432 2322 487 fraternitatis
2351 441 2586 501 tenetur,
2620 442 2710 487 aut
2739 434 3094 502 superﬂuum,
3147 443 3241 490 aut
3290 437 3405 492 ela-

172 523 379 577 contenti
416 524 575 576 simus
614 525 666 596 (l
720 525 845 581 Tim.
895 528 993 596 vr).
1039 527 1414 596 Operimenta,
1459 524 1726 595 inquiens,

168 628 270 669 non
297 615 639 681 vestimenta,
668 617 788 672 utin
816 619 1136 687 quibusdam
1165 619 1372 672 Latinis
1404 616 1730 687 exemplari-

167 713 263 767 bus
294 726 397 766 non
422 714 633 780 proprie
659 714 985 777 continetur,
1018 714 1068 767 id
1097 723 1202 781 est,
1229 729 1348 783 qute
1370 726 1568 781 corpus
1599 726 1727 780 ope-

162 804 300 856 riant
331 811 550 869 tantum,
577 818 681 858 non
725 820 849 873 qua:
880 806 1110 862 amictus
1139 805 1311 875 gloria
1345 805 1727 859 blandiantur:

164 892 230 945 ita
264 894 406 958 vilia,
436 903 493 947 ut
521 895 661 948 nulla
702 896 905 952 coloris
937 897 1020 951 vel
1068 897 1282 951 habitus
1328 896 1567 951 novitate
1595 898 1732 952 inter

160 992 381 1037 caeteros
406 984 557 1053 hujus
608 988 869 1055 propositi
918 988 1063 1042 viros
1104 988 1411 1043 habeantur
1460 987 1732 1057 insignia:

158 1074 229 1127 ita
253 1076 499 1129 studiosis
528 1078 972 1133 accurationibus
1003 1080 1203 1144 aliena,
1242 1087 1301 1132 ut
1330 1078 1494 1132 nullis
1519 1093 1733 1132 rursum

155 1167 256 1221 sint
276 1167 539 1223 ali'ectatis
571 1184 667 1238 per
690 1172 957 1226 incuriam
985 1171 1235 1226 sordibus
1260 1170 1597 1225 decolorata.
1632 1170 1737 1223 Po-

155 1270 350 1314 stremo
372 1263 449 1316 sic
470 1263 537 1316 ab
563 1263 721 1332 hujus
743 1264 927 1318 mundi
951 1272 1268 1332 separentur
1290 1274 1507 1328 ornatu,
1532 1273 1587 1318 ut
1614 1262 1732 1317 cul-

160 1354 233 1407 tui
261 1370 536 1409 servorum
582 1358 678 1411 Dei
725 1358 780 1411 in
835 1358 1089 1413 omnibus
1135 1359 1438 1416 communia
1476 1371 1734 1425 perseve-

151 1454 282 1498 rent.
315 1444 341 1482 ιδ
376 1446 646 1517 Quidquid
696 1448 840 1502 enim
886 1449 1029 1503 inter
1059 1448 1291 1502 famulos
1328 1448 1424 1502 Dei
1455 1446 1733 1516 prazsumi-

150 1543 231 1591 tur
251 1537 316 1592 ab
337 1554 444 1593 uno
474 1539 561 1593 vel
589 1542 803 1608 paucis,
836 1555 937 1596 nec
967 1528 1236 1596 catholice
1269 1554 1365 1609 per
1414 1555 1573 1594 omne
1608 1554 1728 1594 cor-

1839 535 1952 579 tum
1981 532 2087 589 est,
2118 531 2173 578 et
2194 524 2264 579 ob
2289 524 2341 578 id
2370 526 2590 579 noxium
2610 524 2959 594 iudicandum
2995 534 3097 586 est.
3128 527 3411 598 magisque

1834 616 2073 687 Speciem
2102 618 2355 671 vanitatis
2406 632 2566 688 quam
2606 619 2819 673 virtutis
2867 628 3169 674 ostentans.
3220 620 3287 674 Et
3332 620 3411 675 iii-

1834 712 1979 765 circo
2008 709 2123 763 ha3c
2175 725 2293 780 quae
2324 725 2425 765 nec
2475 727 2503 764 a
2560 712 2832 767 veteribus
2877 712 3077 767 sanctis
3130 712 3220 783 qui
3251 712 3410 782 hujus

1833 799 2189 870 professionis
2226 800 2575 856 fundamenta
2599 802 2869 871 jecerunt,
2899 818 3073 873 neque
3099 819 3128 857 a
3161 804 3410 859 Patribus

1833 897 2003 949 nostri
2027 893 2310 963 temporis,
2329 894 2422 964 qui
2438 910 2623 950 eorum
2652 910 2749 965 per
2770 898 3141 952 successiones
3166 898 3409 953 instituta

1835 1003 1976 1043 nunc
2004 1002 2174 1057 usque
2203 988 2537 1053 custodiunt,
2562 989 2758 1043 tradita
2782 989 3025 1045 videmus
3053 992 3320 1061 exempla,
3351 1001 3410 1047 ut
3451 1040 3463 1071 λ

1836 1079 2106 1150 superﬂua
2137 1089 2191 1134 et
2222 1080 2429 1133 inutilia
2459 1095 2557 1135 nos
2584 1095 2798 1151 quoque
2825 1085 3403 1140 resecare'conveniet.
3440 1075 3479 1161 ἶ,

1837 1170 2191 1238 Quamobrem
2242 1181 2263 1207 ο
2310 1170 2579 1224 cilicinam
2629 1180 2832 1225 vestem
2890 1172 3033 1226 velut
3080 1175 3408 1244 circumspe-
3448 1192 3474 1244 (ί

1836 1269 1977 1316 ctam
2011 1276 2040 1314 a
2066 1262 2280 1315 cunctis
2311 1262 2472 1330 atque
2502 1261 2891 1329 notabilem,et
2920 1278 3041 1333 qua:
3063 1279 3128 1318 ex
3158 1264 3259 1318 hoc
3290 1265 3406 1335 ipso
3460 1253 3468 1279 "

1835 1370 1939 1409 non
1971 1353 2145 1407 solum
2170 1352 2316 1406 nulla
2348 1353 2558 1422 spiritui
2591 1355 2763 1421 possit
2787 1355 3148 1409 emolumenta
3194 1356 3404 1411 confer-

1833 1463 1914 1513 re,
1942 1447 2037 1501 sed
2067 1447 2231 1501 etiam
2278 1445 2525 1500 elationis
2556 1446 2844 1515 concipere
2892 1448 3209 1514 vanitatem,
3258 1461 3404 1516 quat-

1832 1553 1939 1607 que
1966 1536 2035 1591 ad
2066 1534 2362 1591 necessarii
2395 1536 2577 1605 operis
2606 1536 2950 1604 exercitium,
2979 1538 3182 1607 inquo
3210 1551 3395 1593 mona-

1227 1719 1476 1777 ALARDI
1513 1718 1739 1776 GAZIEI
1777 1714 2338 1774 COMMENTARIUS.

215 1866 241 1894 ει
273 1854 503 1926 Vulgata
553 1856 732 1910 versio
762 1874 773 1909 :
831 1855 1092 1909 Habentes
1129 1866 1293 1909 autem
1344 1858 1592 1911 alimenta
1617 1899 1632 1922 ,
1684 1867 1733 1912 et
1764 1861 1810 1920 Β
1840 1853 2045 1909 Deinde
2073 1867 2219 1926 vero,
2251 1859 2319 1926 et
2333 1852 2602 1926 praecipue
2626 1853 2677 1926 in
2708 1854 2919 1923 signum
2937 1857 3284 1926 poenitentiae,
3306 1874 3399 1917 seu

139 1928 332 1996 quibus
363 1938 593 1996 tegamur
624 1926 665 1994 (Ι
696 1926 829 1979 Tim.
866 1926 962 1997 VI),
990 1926 1173 1981 Greece
1194 1930 1560 1998 σκεπάσματα,
1592 1930 1628 1982 i.
1653 1936 1731 1983 te-

134 2006 417 2068 gumenta,
450 2012 543 2051 seu
569 1998 960 2064 integumenta;
991 1998 1137 2068 quod
1166 1999 1327 2051 latius
1372 2009 1520 2067 patet
1562 2015 1723 2066 quam

141 2070 496 2132 vestimenta,
534 2077 591 2120 ut
634 2078 818 2122 notum
852 2080 951 2121 est.
978 2067 1116 2139 Nam
1146 2071 1421 2139 σκέπασμα
1468 2070 1723 2139 generale

141 2139 459 2193 vocabulum
500 2147 583 2192 est
630 2138 1095 2207 comprehendens
1145 2156 1249 2193 non
1294 2138 1485 2193 solum
1519 2150 1722 2207 vestes,

142 2210 330 2279 quibus
362 2208 678 2273 induimur;
707 2209 799 2262 sed
844 2211 1003 2263 etiam
1046 2210 1381 2264 domicilium
1405 2251 1419 2273 ,
1452 2226 1559 2279 quo
1593 2214 1727 2278 tegi-

140 2297 249 2334 mur
266 2290 319 2334 et
343 2281 703 2348 protegimur,
718 2279 864 2346 juxta
883 2280 1014 2333 illud
1033 2280 1243 2335 Eccles.
1264 2297 1415 2347 χχιιι,
1443 2281 1584 2349 quod
1603 2282 1727 2334 huic

140 2353 413 2405 sententia:
443 2352 698 2418 Apostoli
736 2351 1065 2418 respondet:
1098 2351 1313 2404 Initium
1356 2354 1472 2404 vita:
1502 2353 1724 2405 hominis

141 2438 282 2487 aqua,
310 2432 353 2474 et
383 2422 564 2488 panis,
596 2430 641 2473 et
664 2420 1033 2484 vestimentum,
1055 2431 1101 2472 et
1126 2423 1307 2474 domus
1328 2433 1593 2491 protegens
1616 2433 1723 2475 tur-

140 2493 435 2558 pitudinem.
470 2491 710 2545 Proinde
742 2496 919 2544 minus
960 2504 1083 2558 apte
1125 2493 1192 2545 ab
1221 2492 1345 2546 aliis
1376 2494 1581 2547 Latinis
1632 2497 1717 2546 in-

139 2565 450 2631 terpretibus
479 2564 759 2616 redditum
782 2564 957 2631 arguit
976 2561 1265 2617 Cassianus
1296 2581 1309 2615 :
1344 2563 1597 2617 Habentes
1623 2565 1724 2618 ali-

139 2644 294 2687 menta
332 2645 379 2686 et
432 2634 764 2686 vestimenta.
794 2633 945 2699 Quod
982 2634 1198 2702 quidem
1230 2650 1418 2687 verum
1468 2646 1587 2700 est,
1621 2651 1719 2690 seu

139 2706 231 2757 vim
254 2706 395 2758 vocis
408 2708 787 2774 σκεπάσμᾳτος
811 2712 1045 2771 spectes,
1074 2720 1169 2758 seu
1192 2706 1398 2759 morale
1413 2705 1713 2759 documen-

144 2784 262 2838 tum,
293 2778 433 2845 quod
465 2776 579 2828 hoc
611 2775 849 2843 generali
874 2776 1133 2829 vocabulo
1164 2776 1232 2829 de
1267 2775 1535 2829 industria
1570 2777 1717 2831 vide-

140 2855 217 2898 tur
249 2846 312 2897 ab
348 2846 620 2914 Apostolo
660 2846 1017 2909 insinuatum;
1068 2845 1210 2914 quod
1253 2845 1340 2898 hic
1381 2848 1449 2901 ab
1484 2852 1717 2902 Auctore

139 2916 445 2983 declaratur,
477 2927 539 2971 et
570 2932 598 2967 a
622 2916 685 2968 D.
714 2914 937 2979 Basilio,
958 2917 1047 2968 ubi
1080 2930 1262 2983 supra.
1295 2914 1564 2970 Cancrum
1592 2932 1714 2971 cum

141 2986 241 3039 illis
267 2989 445 3041 verbis
474 2987 717 3040 voluerit
747 2985 1040 3054 Apostolus
1074 3002 1133 3039 ea
1178 2987 1492 3040 nominatim
1538 2990 1715 3055 expri-

140 3072 299 3123 mere,
332 3073 451 3126 qua:
480 3058 743 3111 omnibus
767 3058 819 3109 in
843 3058 1154 3109 universum
1182 3057 1494 3111 hominibus
1525 3074 1711 3113 neces-

139 3131 270 3181 saria
296 3138 440 3191 sunt,
473 3129 643 3195 idque
672 3128 997 3195 simpliciter
1038 3136 1093 3179 et
1133 3127 1397 3190 absolute,
1428 3138 1482 3182 et
1512 3143 1615 3182 non
1644 3129 1711 3183 ad

141 3212 309 3252 certos
338 3202 471 3254 lines
492 3199 763 3253 duntaxat
788 3214 803 3261 ;
835 3200 886 3251 in
929 3197 1124 3265 quibus
1151 3196 1289 3251 haud
1320 3199 1481 3254 dubie
1509 3201 1713 3267 princi-

141 3283 249 3333 pem
290 3269 458 3326 locum
496 3270 751 3325 obtinent
785 3268 1037 3323 alimenta
1060 3277 1116 3322 et
1136 3268 1446 3325 indumenta
1478 3271 1717 3327 :idcirco

142 3340 198 3393 D.
228 3340 600 3412 Hieronymus
631 3348 686 3394 et
715 3339 803 3391 alii
831 3354 1202 3407 saepenumero
1226 3341 1298 3393 ita
1327 3342 1511 3411 legunt
1538 3351 1591 3395 et
1634 3345 1715 3396 ci-

143 3420 243 3464 tant
280 3430 293 3464 :
328 3411 602 3465 Habentes
662 3411 871 3473 victum,
927 3421 974 3463 et
1005 3412 1271 3475 amictum,
1316 3413 1392 3464 vel
1445 3414 1714 3479 vestitum;

142 3484 295 3551 magis
321 3485 386 3536 ad
427 3490 687 3537 mentem
717 3482 987 3549 Apostoli,
1020 3493 1070 3535 et
1100 3496 1436 3537 communem
1466 3484 1713 3538 intellec-

143 3561 419 3625 tu_m_,quam
434 3554 504 3607 ad
519 3554 636 3606 vim
651 3552 895 3625 vocabuli
909 3551 1080 3625 (ξηξοὶ
1095 3553 1431 3607 attendentes
1446 3553 1715 3625 (Epist.22

141 3623 198 3696 ad
210 3619 574 3687 Eustochium,
591 3622 749 3696 etlib.
774 3637 811 3675 ll
833 3624 885 3674 in
910 3619 1172 3696 Iovinian.
1196 3630 1242 3696 et
1265 3619 1541 3696 epist.26)'.
1564 3624 1716 3696 Unde

142 3695 285 3748 etiam
322 3698 571 3750 manavit
600 3694 695 3747 illa
734 3693 1069 3747 consuetudo
1112 3694 1165 3746 in
1192 3693 1464 3763 plerisque
1498 3693 1716 3764 religio-

143 3764 305 3831 nibus,
326 3776 382 3820 ut
409 3764 720 3835 professuri
750 3764 1124 3832 religiosiquid
1151 3774 1352 3835 petant,
1379 3765 1711 3835 interrogati,

142 3833 489 3905 respondeant
521 3856 535 3888 :
572 3836 761 3888 victum
783 3880 796 3901 ,
840 3843 887 3887 et
916 3837 1156 3886 amictum
1179 3833 1482 3903 (Cassianus
1525 3833 1614 3887 lib.
1645 3850 1717 3889 vn

142 3921 181 3978 _c.
207 3907 317 3976 ‘29).
354 3910 447 3961 Est
480 3920 656 3978 porro
689 3906 775 3959 hic
801 3905 963 3978 etiam
994 3906 1388 3978 observandum
1418 3947 1432 3970 ,
1460 3905 1604 3973 quod
1648 3920 1715 3960 ex

142 3974 231 4030 hoc
269 3974 514 4032 Cassiani
562 3979 714 4039 loco,
745 3986 798 4028 et
830 3977 950 4029 aliis
977 3977 1296 4044 quibusdam
1322 3978 1551 4045 probant
1578 3992 1717 4029 non-

140 4048 260 4100 nulli
288 4050 387 4103 hos
410 4050 608 4110 libros,
630 4062 735 4100 non
760 4046 967 4115 Graece,
1000 4048 1291 4114 utquidam
1330 4046 1534 4115 Opinati
1567 4057 1713 4113 sunt,

141 4119 225 4190 sed
245 4119 435 4190 Latine
459 4121 530 4173 ab
554 4133 622 4173 eo
649 4118 983 4190 conscriptos
1005 4131 1127 4190 esse
1151 4116 1380 4190 (Ciacon.
1410 4119 1461 4170 in
1478 4134 1717 4190 suaprw-

141 4188 279 4258 fat.).
305 4189 440 4243 Dum
470 4192 622 4245 enim
644 4189 790 4241 illam
814 4189 1138 4241 sententiam
1166 4189 1406 4255 Apostoli
1435 4188 1633 4243 melius
1647 4205 1713 4245 ex

141 4258 321 4330 βιαιοο
352 4263 403 4313 in
428 4261 684 4314 Latinum
706 4261 778 4312 ita
801 4259 935 4330 verti
968 4259 1221 4330 ostendit,
1245 4275 1398 4330 quam
1430 4271 1488 4313 ut
1522 4261 1572 4312 in
1596 4263 1715 4330 qui-

142 4328 358 4384 busdam
384 4332 594 4385 Latinis
615 4329 1014 4396 exemplaribus
1035 4328 1285 4394 habetur,
1316 4329 1456 4384 haud
1484 4328 1713 4387 obscure

140 4400 333 4456 iudieat
363 4419 425 4457 se
456 4402 646 4455 Latine
673 4402 929 4465 scribere,
968 4416 1072 4453 non
1111 4399 1314 4454 Graece.

206 4471 233 4509 δ
268 4472 516 4526 Notanda
562 4470 849 4531 sententia,
877 4486 1033 4540 quam
1068 4472 1204 4523 inter
1232 4471 1364 4525 alias
1403 4471 1715 4528 selectiores

146 4541 245 4594 sub
268 4544 428 4598 finem
462 4544 646 4612 operis
682 4556 780 4596 suo
803 4544 992 4596 ordine
1035 4544 1451 4596 recensebimus.
1480 4542 1575 4597 Cui
1629 4559 1715 4598 re-

1838 1926 1902 1978 ad
1936 1924 2197 1991 agendam
2238 1923 2322 1976 vel
2368 1924 2760 1990 praadicandam
2791 1923 3177 1994 paenitentiam,
3208 1930 3272 1984 ad
3306 1933 3397 1988 Dei

1834 1997 2127 2049 vindictam
2160 1995 2526 2058 avertendam,
2564 1994 2630 2048 ad
2661 2012 2874 2051 carnem
2912 2000 3304 2065 macerandam,
3330 2004 3397 2058 ad

1833 2066 2017 2119 mundi
2043 2073 2407 2137 contemptum
2426 2065 2816 2137 designandum
2844 2086 2855 2120 :
2887 2085 2990 2137 quo
3024 2070 3181 2124 modo
3208 2071 3393 2135 David.

1830 2137 2037 2212 Achab,
2068 2136 2272 2212 lorum,
2318 2134 2587 2212 Ninivita},
2620 2137 2861 2212 plerique
2903 2134 3205 2209 prOphetze,
3238 2134 3396 2212 atque

1830 2209 1916 2259 alii
1946 2208 2153 2273 ciliciis,
2189 2208 2301 2279 sive
2339 2209 2510 2279 saccis
2544 2208 3013 2279 indutileguntur.
3052 2212 3293 2279 Denique
3312 2208 3389 2270 'ad

1830 2280 2134 2351 victoriam,
2187 2277 2555 2351 liberationem
2596 2278 2999 2351 _ab_thostibus,
3050 2277 3257 2351 aliaque
3297 2286 3391 2339 llei

1826 2347 2467 2420 beneﬁciaiimpetranda,
2504 2358 2562 2401 ut
2589 2348 2771 2403 Judith
2815 2365 2933 2420 cap.
2962 2367 3078 2420 vm,
3110 2347 3393 2409 et'ﬂester

1827 2434 1945 2489 cap.
1990 2435 2061 2491 iv.
2097 2419 2191 2491 Est
2236 2431 2412 2472 autem
2453 2420 2846 2474 observandum
2886 2419 3027 2491 quod
3059 2424 3161 2477 etsi
3200 2439 3387 2480 saccus

1826 2490 2141 2563 pro_cilicio
2174 2490 2225 2542 in
2246 2491 2437 2563 multis
2464 2491 2754 2563 Scriptura:
2781 2490 2915 2546 locis
2954 2502 3195 2548 sumatur
3223 2498 3389 2563 (unde

1824 2570 1877 2615 et
1915 2560 2202 2635 Cassianus
2246 2559 2346 2615 hoc
2375 2560 2493 2635 l_oco_
2524 2561 2654 2615 dicit
2685 2562 2949 2635 Ninivitas
2994 2565 3153 2620 cilicii
3184 2559 3387 2635 asperi-

1825 2642 1929 2706 tate
1960 2634 2201 2706 velatos,
2222 2646 2354 2701 quos
2377 2631 2648 2706 scriptura
2680 2634 2813 2687 dicit
2846 2638 3015 2706 saccis
3048 2631 3305 2706 indutos),
3334 2650 3388 2694 et

1826 2703 2146 2773 ubicumque
2191 2704 2241 2755 in
2278 2704 2440 2756 veteri
2468 2704 2813 2759 Testamento
2838 2705 3069 2759 cilicium
3103 2703 3271 2762 vertit
3301 2711 3385 2763 in-

1821 2781 2065 2842 terpres,
2121 2774 2378 2827 Hebraice
2422 2773 2683 2828 habeatur
2730 2794 2835 2842 sac,
2887 2777 3050 2830 dictio
3107 2777 3388 2836 Germanis

1819 2845 1979 2898 etiam
2032 2845 2227 2899 usitata
2284 2845 2445 2911 (unde
2501 2860 2529 2898 τι
2578 2846 2778 2900 Grazcis
2844 2856 2898 2901 et
2946 2848 3147 2902 Latinis
3192 2866 3383 2905 nomen

1820 2915 2025 2977 σάκκος,
2058 2932 2235 2968 saccus
2263 2912 2580 2983 mutuatum)
2604 2932 2617 2969 :
2643 2917 2771 2969 alibi
2800 2927 2980 2971 tamen
2998 2921 3248 2975 videntur
3272 2923 3385 2978 hnsc

1818 3000 1921 3038 non
1954 2987 2184 3039 obscure
2218 2987 2289 3055 ita
2321 2986 2600 3052 distingui,
2631 2988 2771 3055 quod
2797 2990 3028 3043 cilicium
3062 2992 3385 3047 intrinsecus

1815 3068 1869 3109 et
1919 3072 2081 3125 super
2124 3054 2321 3108 nudum
2369 3054 2717 3121 indueretu’r,
2765 3073 2925 3113 causa
2971 3059 3277 3117 alllictionis
3331 3078 3387 3119 et

1814 3126 2201 3181 macerationis
2228 3127 2406 3180 carnis
2438 3144 2449 3179 :
2476 3140 2663 3181 saccus
2696 3143 2841 3195 vero,
2875 3138 2930 3183 ut
2953 3133 3074 3185 vilis
3103 3142 3154 3186 et
3205 3137 3381 3189 sordi-

1819 3197 1919 3250 dus
1950 3198 2183 3262 habitus,
2214 3199 2550 3251 extrinsecus
2579 3207 2879 3266 gestaretur
2909 3202 3166 3257 duntaxat
3209 3204 3385 3259 humi-

1745 3242 1789 3303 (ἶ
1822 3268 1988 3347 litatis
2027 3242 2446 3347 etncdnfusionis
2481 3242 2655 3347 erga:
2706 3242 3382 3347 przcsertim.'a‘priiic‘iljii-

1820 3339 1942 3417 bus,
1990 3349 2045 3417 et
2086 3339 2379 3417 illustribus
2413 3342 2658 3417 personis
2688 3359 2699 3393 :
2722 3347 2863 3417 quod
2908 3344 3104 3417 duplici
3124 3339 3382 3417 exemplo

1822 3411 2034 3477 probari
2068 3410 2430 3485 _potest._Nam
2458 3411 2524 3463 de
2552 3426 2676 3481 rege
2705 3410 2888 3469 A‘chab
2914 3410 3140 3485 IV’Reg.
3179 3433 3214 3469 ιι
3245 3410 3380 3485 legi-

1825 3482 2306 3557 turquodpperuit
2352 3498 2558 3535 carnem
2594 3500 2739 3557 suam
2778 3487 2964 3549 cilicio,
3001 3482 3373 3557 jejtlnavitqne,

1820 3561 1867 3629 et
1893 3551 2132 3629 dormivit
2162 3554 2215 3604 in
2238 3568 2416 3629 sacco,
2437 3563 2485 3607 et
2516 3554 2792 3629 ambulavit
2821 3551 3037 3611 demisso
3050 3551 3245 3629 'capite.
3268 3551 3375 3616 'Ubi

1820 3622 1969 3695 vides
2010 3632 2244 3695 quatuor
2278 3623 2835 3695 ofﬁciaﬂptenitentite
2863 3622 3223 3695 particulatim
3270 3631 3377 3683 dis-

1820 3694 2002 3745 tincta.
2039 3694 2104 3746 Et
2132 3694 2199 3747 de
2220 3693 2399 3747 Joram
2429 3693 2492 3747 IV
2527 3694 2661 3763 Reg.
2693 3713 2742 3750 vI
2770 3714 2781 3748 :
2811 3693 2939 3749 Ctim
2968 3699 3199 3751 scidisset
3226 3702 3377 3752 vesti-

1819 3772 1989 3816 menta
2013 3780 2107 3837 sua
2128 3804 2143 3825 ,
2182 3764 2304 3816 uidit
2326 3765 2487 3837 omnis
2518 3766 2735 3834 populus
2774 3767 2995 3818 cilicium
3023 3784 3124 3837 quo
3169 3770 3377 3823 vestitus

1819 3843 1927 3886 erat
1967 3836 2034 3886 ad
2062 3850 2285 3898 carnem,
2316 3834 2457 3905 quod
2496 3840 2759 3905 deisacco
2798 3834 3056 3901 nusquam
3096 3839 3371 3905 reperies;

1821 3906 2026 3978 sedvel
2071 3905 2288 3971 operiri,
2320 3904 2405 3978 vel
2438 3903 2608 3978 indui,
2637 3907 2719 3958 vel
2760 3906 3033 3976 prazcingi,
3062 3909 3287 3978 accingi,
3322 3903 3377 3966 et

1821 3976 2033 4039 similia,
2075 3990 2194 4043 qua:
2238 3987 2293 4027 ut
2334 3974 2622 4042 plurimum
2659 3974 2995 4032 extrinsecus
3035 3979 3149 4034 fieri
3179 3974 3372 4037 solent.

1821 4045 1985 4120 Porro
2015 4048 2069 4099 in
2090 4061 2233 4120 novo
2253 4045 2858 4120 Testamentoloannes
2880 4048 3138 4119 Baptista,
3168 4051 3374 4120 primus

1821 4117 2151 4193 ptenitentia:
2173 4132 2367 4193 praeco,
2387 4118 2585 4186 primus
2603 4117 3087 4193 itidemcongruum
3111 4117 3221 4176 suae
3238 4139 3376 4193 pra:-

1818 4190 2069 4261 dicationi
2102 4190 2502 4261 vestimentum,
2530 4205 2721 4259 nempe
2750 4190 2998 4257 cilicium,
3034 4202 3089 4247 ut
3114 4190 3377 4261 poeniten-

1820 4262 1905 4311 tia:
1928 4258 2249 4329 symbolum,
2286 4260 2513 4327 przetulit
2555 4277 2569 4314 :
2608 4258 2819 4314 habebat
2852 4264 2984 4315 enim
3026 4258 3376 4319 vestimentum

1819 4330 1877 4382 de
1911 4330 2027 4399 pilis
2049 4330 2377 4396 camelorum,
2394 4331 2468 4384 ait
2494 4331 2832 4405 Evangelista
2862 4333 3077 4403 (Matth.
3103 4336 3202 4405 tu).
3224 4334 3377 4392 Unde

1818 4408 2029 4475 constat
2068 4414 2164 4467 pro
2207 4406 2528 4455 vestimento
2574 4403 2645 4455 illi
2680 4402 2843 4457 fuisse
2872 4402 3118 4460 ’cilicium
3149 4402 3215 4461 de
3255 4410 3375 4475 pilis

1820 4470 2150 4543 camelorum
2180 4480 2525 4537 contextum;
2572 4486 2680 4526 non
2713 4483 2886 4528 autem
2921 4479 3111 4543 pellem
3157 4470 3374 4543 cameli,

1823 4552 1916 4612 aut
1944 4541 2176 4606 cujusvis
2204 4544 2486 4606 animalis;
2519 4543 2655 4597 sicut
2698 4541 2985 4612 Apostolus
3029 4549 3092 4601 ad
3122 4541 3376 4605 Hebraeos

140 4613 367 4686 spondet
392 4610 619 4686 octavus
649 4612 968 4686 humilitatis
1010 4612 1205 4686 gradus
1244 4628 1273 4665 a
1320 4615 1381 4665 D.
1421 4613 1712 4668 Benedicto
1740 4622 1793 4681 ι)
1817 4610 2241 4686 ᾱίςίιίιιιιρεάδιιιν
2261 4614 2681 4686 εἱιρμιιιίἰδδεςίὶη
2711 4610 2927 4682 metatis,
2971 4621 3023 4670 in
3054 4618 3269 4686 pellibus
3290 4638 3377 4673 ca-

142 4683 445 4748 assignatus
478 4702 490 4734 2
536 4682 597 4737 Si
626 4683 752 4735 nihil
781 4693 898 4753 agat
942 4681 1218 4735 monachus
1238 4724 1251 4747 ,
1292 4685 1389 4736 nisi
1415 4686 1549 4753 quod
1577 4701 1716 4737 com-

141 4753 315 4803 munis
346 4754 647 4824 monasterii
676 4754 900 4824 Beguta,
944 4754 1020 4805 vel
1074 4756 1330 4824 majorum
1387 4757 1718 4808 cohortantur

139 4827 380 4896 exempla
428 4822 583 4895 (Cap.
614 4825 642 4876 7
670 4822 845 4896 Rea).
888 4823 1127 4893 Itemque
1151 4822 1273 4877 'alia
1302 4824 1542 4890 ejusdem
1573 4826 1714 4879 haud

142 4892 416 4947 dissimilis
438 4892 716 4949 sententia
735 4892 920 4962 {Quod
947 4896 1055 4948 sine
1076 4896 1409 4966 permissione
1428 4896 1592 4966 patris
1611 4900 1718 4965 spi-

142 4966 333 5019 ritualis
350 4966 433 5035 ﬁt,
461 4967 852 5039 prtesumptioni
875 4965 1203 5037 deputabitur
1226 5007 1242 5034 ,
1271 4976 1319 5020 et
1345 4983 1488 5022 came
1514 4967 1716 5039 glorite,

82 5030 93 5045 ‘
144 5051 238 5087 non
268 5030 498 5109 mercedi
534 5030 823 5109 (Cap.'49).

218 5116 236 5141 ε
268 5106 519 5162 Cilicium
542 5110 593 5177 (a
612 5123 719 5176 quo
738 5106 951 5163 cilicina
972 5108 1165 5179 vestis)
1186 5125 1211 5160 a
1231 5106 1483 5165 Cilicibus
1509 5112 1718 5179 populis

144 5173 386 5252 dictum,_
421 5173 570 5247 apud
603 5173 736 5246 quos
767 5180 953 5252 cilicia
974 5173 1487 5252 primumconiecta
1510 5173 1539 5252 ’(
1555 5173 1718 5236 Varro

145 5246 178 5297 ι.
206 5264 241 5300 ιι
263 5250 327 5303 de
349 5250 428 5303 Re
449 5246 634 5302 rustic.
654 5265 767 5315 cap.
791 5251 897 5372 “2.
916 5246 1091 5305 Véstis
1112 5260 1194 5304 est
1219 5250 1432 5304 horrida
1453 5263 1507 5306 et
1528 5246 1718 5322 aspera

151 5331 209 5370 ex
229 5322 347 5372 uilis
360 5320 724 5372 camelorum.
750 5328 841 5372 aut
870 5323 1122 5372 iircorum
1145 5320 1429 5372 tonsilibus
1444 5332 1713 5372 contexta:

151 5331 209 5370 ex
229 5322 347 5387 pilis
360 5320 724 5384 camelorum,
750 5320 1122 5375 anthircorum
1145 5320 1429 5375 tonsilibus
1444 5320 1714 5389 contexta;

146 5391 290 5458 cujus
337 5392 598 5460 frequens
652 5401 710 5446 et
750 5392 1023 5459 multiplex
1053 5407 1179 5446 usus
1222 5393 1273 5445 in
1317 5394 1483 5447 sacris
1529 5394 1719 5448 litteris

150 5472 478 5516 memoratur
528 5472 583 5516 et
632 5464 1057 5517 commendatur.
1113 5464 1350 5517 Primum
1399 5464 1450 5516 in
1492 5463 1633 5517 luctu
1666 5473 1719 5519 et

150 5530 524 5601 deploratione
554 5534 743 5587 mortis
770 5543 861 5586 aut
893 5534 1207 5588 calamitatis
1229 5533 1474 5603 alicujus.
1511 5533 1601 5588 Sic
1624 5534 1713 5589 Ja-

151 5608 249 5656 cob
270 5604 606 5673 patriarcha,
642 5605 762 5659 visa
806 5605 978 5658 tunica
1009 5605 1205 5675 Joseph
1238 5605 1331 5659 lilii
1362 5606 1443 5659 sui
1464 5644 1477 5665 ,
1514 5606 1711 5673 primus

148 5678 383 5749 omnium
439 5677 685 5749 legitur,_
702 5675 915 5729 indutus
954 5677 1114 5731 cilicio
1151 5678 1325 5749 lugens
1369 5677 1536 5745 ﬁlium
1567 5694 1715 5749 suum

144 5743 309 5817 multo
353 5743 605 5813 tempore.
650 5746 787 5802 Gen.
840 5761 1048 5802 xxxvii.
1075 5749 1139 5803 Et
1168 5743 1330 5803 David
1370 5743 1427 5802 in
1450 5748 1717 5817 exsequiis

145 5815 347 5879 Abner.
378 5819 419 5877 ιι
442 5820 587 5885 Reg.
614 5833 692 5876 ιιι.
710 5818 780 5876 Ει
802 5817 1163 5878 Mardocbzeus
1180 5820 1273 5877 lib.
1294 5820 1479 5879 Hester
1501 5815 1619 5893 cap)
1636 5835 1715 5881 ιιι.

1824 4684 2006 4758 prinis.
2042 4683 2113 4758 l)_e
2138 4684 2328 4752 quibus
2366 4685 2523 4758 inl'ra.
2572 4685 2979 4758 HorumLigitur
3026 4683 3288 4758 exemplo,
3322 4701 3376 4746 et

1822 4754 2011 4829 iisdem
2050 4752 2316 4829 detcausis
2343 4757 2572 4829 cilicium
2608 4760 2744 4810 inter
2759 4752 3115 4823 Christianos,
3146 4752 3373 4829 prmer-

1825 4826 1917 4879 tim
1966 4838 2093 4899 vero
2125 4827 2262 4881 inter
2299 4828 2589 4899 monachos
2618 4838 2670 4882 et
2701 4831 2972 4893 eremitas,
3015 4826 3205 4899 quovis
3242 4842 3375 4887 tem-

1825 4911 1955 4966 pore
2010 4895 2109 4949 luit
2156 4898 2578 4966 usitatissimum,
2628 4909 2682 4953 ut
2721 4910 2930 4955 constat
2964 4895 3045 4955 ex'
3077 4902 3139 4955 D.
3176 4903 3375 4958 Basilio

1825 4982 1941 5035 cap.
1984 4966 2050 5022 69
2094 4966 2334 5037 Regulae,
2378 4980 2432 5024 et
2479 4986 2543 5023 ex
2592 4970 2726 5025 Vitis
2770 4974 3103 5026 Sanctorum.
3153 4976 3221 5027 At
3268 4991 3373 5029 non

1824 5039 1963 5092 idem
1995 5040 2150 5092 cilicii
2176 5056 2305 5092 usus
2334 5041 2471 5101 apud
2502 5057 2687 5095 omnes
2713 5041 2830 5095 fuit.
2860 5044 2987 5095 Nam
3020 5044 3108 5096 alii
3137 5044 3234 5098 hac
3259 5050 3372 5099 sola

1824 5118 1971 5164 veste
1993 5111 2120 5162 tecti
2146 5120 2199 5159 et
2234 5109 2493 5174 contenti,
2525 5111 2725 5165 nullum
2754 5114 2916 5165 alium
2971 5114 3203 5168 habitum
3226 5126 3373 5168 exte-

1822 5180 1933 5233 rius
1979 5177 2336 5251 pra-terebant
2366 5180 2547 5251 :_quod
2600 5183 2684 5233 hic
2709 5197 2811 5235 non
2838 5184 3027 5251 probat
3062 5186 3368 5251 Cassianus,

1822 5257 1877 5303 et
1899 5247 2173 5301 monachis
2196 5246 2463 5321 Egyptiis
2494 5263 2598 5303 non
2629 5246 2891 5317 placuisée
2917 5254 3044 5309 dicit
3065 5257 3133 5307 ob
3162 5246 3371 5321 pericu;
3449 5284 3455 5314 ε

1824 5321 1932 5374 lum
1964 5320 2338 5392 ostentationis
2361 5329 2413 5373 et
2443 5318 2617 5392 inanis
2640 5321 2826 5392 gloria:
2859 5340 2873 5376 :
2904 5335 3013 5376 tum
3045 5318 3173 5392 quia
3200 5323 3371 5376 lmmi-
3447 5330 3453 5388 ζ

1820 5406 1942 5445 nem
1975 5390 2247 5444 exercitiis
2272 5391 2602 5445 manualibus
2631 5391 2806 5445 minus
2827 5401 3007 5461 aptum
3038 5390 3371 5460 promptum-

1821 5478 1924 5530 que
1946 5460 2221 5515 redderet:
2242 5461 2330 5514 alii
2358 5478 2488 5516 vero
2510 5462 2608 5516 sub
2620 5463 2737 5516 aliis
2757 5460 2992 5515 vestibus
3014 5462 3367 5529 occultabant,

1820 5546 1879 5588 ut
1906 5533 2083 5588 solent
2104 5548 2243 5587 nunc
2270 5533 2504 5602 religiosi
2531 5543 2584 5587 et
2613 5534 2682 5602 pii
2711 5533 2997 5587 Christiani
3026 5550 3036 5584 :
3070 5534 3210 5602 quod
3255 5535 3372 5587 nul-

1819 5606 2028 5659 latenus
2056 5604 2485 5672 improbandum,
2504 5606 2663 5658 immo
2678 5602 3084 5658 saluberrimum
3108 5618 3226 5658 esse
3241 5605 3372 5659 satis

1824 5676 2023 5730 indicat
2053 5678 2252 5729 Auctor
2278 5676 2375 5728 sub
2404 5678 2560 5730 linem
2584 5675 2795 5744 capitis.
2830 5673 2959 5745 Vide
2987 5674 3137 5745 plura
3167 5676 3235 5729 de
3258 5675 3372 5728 cili-

1822 5748 1905 5819 cio
1934 5758 1988 5805 et
2022 5756 2193 5805 stratu
2217 5745 2432 5804 cilicino
2468 5746 2523 5803 in
2551 5743 2692 5809 uotis
2717 5747 2786 5806 ad
2810 5743 3005 5807 Collat.
3034 5748 3089 5817 l,
3119 5760 3241 5821 cap.
3268 5746 3373 5825 ult,
