  <div class='ocr_page' id='page_1' title='image "/cluster/home/n/w/nwhite01/storage/ocr_20150623/49/uva.x000827093/041.png"; bbox 0 0 4036 6218; ppageno 0'>
   <div class='ocr_carea' id='block_1_1' title="bbox 611 272 2195 386">
    <p class='ocr_par' dir='ltr' id='par_1_1' title="bbox 611 272 2195 386">
     <span class='ocr_line' id='line_1_1' title="bbox 611 272 2195 386; baseline -0.002 -11"><span class='ocrx_word' id='word_1_1' title='bbox 611 313 682 386; x_wconf 70' lang='grc' dir='ltr'><strong>σιτ</strong></span> <span class='ocrx_word' id='word_1_2' title='bbox 1375 272 1377 274; x_wconf 37' lang='grc'><strong><em>’</em></strong></span> <span class='ocrx_word' id='word_1_3' title='bbox 1577 285 1580 287; x_wconf 55' lang='grc'><em>’</em></span> <span class='ocrx_word' id='word_1_4' title='bbox 1613 305 1639 311; x_wconf 80' lang='grc'>”</span> <span class='ocrx_word' id='word_1_5' title='bbox 1728 337 1731 341; x_wconf 90' lang='grc'><strong>-</strong></span> <span class='ocrx_word' id='word_1_6' title='bbox 1925 310 2195 372; x_wconf 69' lang='lat' dir='ltr'><strong>tomus</strong></span> 
     </span>
    </p>
   </div>
   <div class='ocr_carea' id='block_1_2' title="bbox 2296 272 3836 386">
    <p class='ocr_par' dir='ltr' id='par_1_2' title="bbox 2296 303 3836 374">
     <span class='ocr_line' id='line_1_2' title="bbox 2296 303 3836 374; baseline -0.001 -2"><span class='ocrx_word' id='word_1_7' title='bbox 2296 309 2557 374; x_wconf 74' lang='lat' dir='ltr'><strong>ASSlANl</strong></span> <span class='ocrx_word' id='word_1_8' title='bbox 3779 303 3836 370; x_wconf 65' lang='grc'><strong>68</strong></span> 
     </span>
    </p>
   </div>
   <div class='ocr_carea' id='block_1_3' title="bbox 611 423 3841 502">
    <p class='ocr_par' dir='ltr' id='par_1_3' title="bbox 611 423 3841 502">
     <span class='ocr_line' id='line_1_3' title="bbox 611 423 3841 502; baseline -0.003 -9"><span class='ocrx_word' id='word_1_9' title='bbox 611 440 770 495; x_wconf 84' lang='lat' dir='ltr'><strong>chum</strong></span> <span class='ocrx_word' id='word_1_10' title='bbox 800 447 1010 502; x_wconf 81' lang='lat' dir='ltr'><strong>semper</strong></span> <span class='ocrx_word' id='word_1_11' title='bbox 1052 429 1338 502; x_wconf 73' lang='lat' dir='ltr'><strong>impigrum</strong></span> <span class='ocrx_word' id='word_1_12' title='bbox 1386 429 1805 501; x_wconf 76' lang='lat' dir='ltr'><strong>expeditumque</strong></span> <span class='ocrx_word' id='word_1_13' title='bbox 1859 437 2073 498; x_wconf 75' lang='lat' dir='ltr'><strong>oportet</strong></span> <span class='ocrx_word' id='word_1_14' title='bbox 2099 430 2179 483; x_wconf 88' lang='lat' dir='ltr'><strong>in-</strong></span> <span class='ocrx_word' id='word_1_15' title='bbox 2204 430 2446 495; x_wconf 65' lang='lat' dir='ltr'><strong>Acilicii</strong></span> <span class='ocrx_word' id='word_1_16' title='bbox 2493 433 2871 493; x_wconf 75' lang='lat' dir='ltr'><strong>ostentarent,</strong></span> <span class='ocrx_word' id='word_1_17' title='bbox 2913 438 3022 497; x_wconf 90' lang='lat' dir='ltr'><strong>quo</strong></span> <span class='ocrx_word' id='word_1_18' title='bbox 3065 425 3278 482; x_wconf 84' lang='lat' dir='ltr'><strong>cunctis</strong></span> <span class='ocrx_word' id='word_1_19' title='bbox 3328 437 3488 496; x_wconf 86' lang='lat' dir='ltr'><strong>super</strong></span> <span class='ocrx_word' id='word_1_20' title='bbox 3542 423 3841 483; x_wconf 80' lang='lat' dir='ltr'><strong>imminente</strong></span> 
     </span>
    </p>
   </div>
   <div class='ocr_carea' id='block_1_4' title="bbox 613 522 2186 596">
    <p class='ocr_par' dir='ltr' id='par_1_4' title="bbox 613 522 2186 596">
     <span class='ocr_line' id='line_1_4' title="bbox 613 522 2186 596; baseline -0.008 -8"><span class='ocrx_word' id='word_1_21' title='bbox 613 531 826 595; x_wconf 79' lang='lat' dir='ltr'><strong>cedere,</strong></span> <span class='ocrx_word' id='word_1_22' title='bbox 848 527 1100 584; x_wconf 85' lang='lat' dir='ltr'><strong>inhabilis</strong></span> <span class='ocrx_word' id='word_1_23' title='bbox 1122 539 1282 596; x_wconf 84' lang='lat' dir='ltr'><strong>atque</strong></span> <span class='ocrx_word' id='word_1_24' title='bbox 1303 524 1486 593; x_wconf 90' lang='lat' dir='ltr'><strong>inepta</strong></span> <span class='ocrx_word' id='word_1_25' title='bbox 1508 522 1599 589; x_wconf 90' lang='lat' dir='ltr'><strong>sit,</strong></span> <span class='ocrx_word' id='word_1_26' title='bbox 1630 522 1960 578; x_wconf 89' lang='lat' dir='ltr'><strong>omnimodis</strong></span> <span class='ocrx_word' id='word_1_27' title='bbox 1981 522 2186 578; x_wconf 84' lang='lat' dir='ltr'><strong>refuta-</strong></span> 
     </span>
    </p>
   </div>
   <div class='ocr_carea' id='block_1_5' title="bbox 613 615 2190 689">
    <p class='ocr_par' dir='ltr' id='par_1_5' title="bbox 613 615 2190 689">
     <span class='ocr_line' id='line_1_5' title="bbox 613 615 2190 689; baseline -0.007 -9"><span class='ocrx_word' id='word_1_28' title='bbox 613 632 759 680; x_wconf 90' lang='lat' dir='ltr'><strong>runt.</strong></span> <span class='ocrx_word' id='word_1_29' title='bbox 790 621 942 688; x_wconf 84' lang='lat' dir='ltr'><strong>Quod</strong></span> <span class='ocrx_word' id='word_1_30' title='bbox 965 621 1012 675; x_wconf 82' lang='lat' dir='ltr'><strong>si</strong></span> <span class='ocrx_word' id='word_1_31' title='bbox 1040 618 1300 689; x_wconf 88' lang='lat' dir='ltr'><strong>quosdam</strong></span> <span class='ocrx_word' id='word_1_32' title='bbox 1331 616 1435 672; x_wconf 91' lang='lat' dir='ltr'><strong>hoc</strong></span> <span class='ocrx_word' id='word_1_33' title='bbox 1460 615 1656 671; x_wconf 90' lang='lat' dir='ltr'><strong>amictu</strong></span> <span class='ocrx_word' id='word_1_34' title='bbox 1697 615 2065 670; x_wconf 87' lang='lat' dir='ltr'><strong>circumdatos</strong></span> <span class='ocrx_word' id='word_1_35' title='bbox 2093 630 2190 670; x_wconf 86' lang='lat' dir='ltr'><strong>au-</strong></span> 
     </span>
    </p>
   </div>
   <div class='ocr_carea' id='block_1_6' title="bbox 611 710 2190 786">
    <p class='ocr_par' dir='ltr' id='par_1_6' title="bbox 611 710 2190 786">
     <span class='ocr_line' id='line_1_6' title="bbox 611 710 2190 786; baseline -0.008 -12"><span class='ocrx_word' id='word_1_36' title='bbox 611 718 845 775; x_wconf 88' lang='lat' dir='ltr'><strong>divimus</strong></span> <span class='ocrx_word' id='word_1_37' title='bbox 874 713 1182 786; x_wconf 78' lang='lat' dir='ltr'><strong>probabiles</strong></span> <span class='ocrx_word' id='word_1_38' title='bbox 1207 711 1501 776; x_wconf 78' lang='lat' dir='ltr'><strong>exstitisse,</strong></span> <span class='ocrx_word' id='word_1_39' title='bbox 1525 725 1632 764; x_wconf 92' lang='lat' dir='ltr'><strong>non</strong></span> <span class='ocrx_word' id='word_1_40' title='bbox 1657 724 1724 764; x_wconf 84' lang='lat' dir='ltr'><strong>ex</strong></span> <span class='ocrx_word' id='word_1_41' title='bbox 1746 723 1812 764; x_wconf 88' lang='lat' dir='ltr'><strong>eo</strong></span> <span class='ocrx_word' id='word_1_42' title='bbox 1835 710 1993 764; x_wconf 90' lang='lat' dir='ltr'><strong>nobis</strong></span> <span class='ocrx_word' id='word_1_43' title='bbox 2010 723 2190 763; x_wconf 89' lang='lat' dir='ltr'><strong>mona-</strong></span> 
     </span>
    </p>
   </div>
   <div class='ocr_carea' id='block_1_7' title="bbox 611 800 2188 873">
    <p class='ocr_par' dir='ltr' id='par_1_7' title="bbox 611 800 2188 873">
     <span class='ocr_line' id='line_1_7' title="bbox 611 800 2188 873; baseline -0.008 -7"><span class='ocrx_word' id='word_1_44' title='bbox 611 809 906 866; x_wconf 84' lang='lat' dir='ltr'><strong>steriorum</strong></span> <span class='ocrx_word' id='word_1_45' title='bbox 940 814 1023 861; x_wconf 92' lang='lat' dir='ltr'><strong>est</strong></span> <span class='ocrx_word' id='word_1_46' title='bbox 1053 803 1238 873; x_wconf 67' lang='lat' dir='ltr'><strong>regula</strong></span> <span class='ocrx_word' id='word_1_47' title='bbox 1268 800 1579 866; x_wconf 85' lang='lat' dir='ltr'><strong>sancienda,</strong></span> <span class='ocrx_word' id='word_1_48' title='bbox 1607 800 1698 855; x_wconf 86' lang='lat' dir='ltr'><strong>vel</strong></span> <span class='ocrx_word' id='word_1_49' title='bbox 1721 801 1938 869; x_wconf 89' lang='lat' dir='ltr'><strong>antiqua</strong></span> <span class='ocrx_word' id='word_1_50' title='bbox 1971 807 2188 854; x_wconf 88' lang='lat' dir='ltr'><strong>sancto-</strong></span> 
     </span>
    </p>
   </div>
   <div class='ocr_carea' id='block_1_8' title="bbox 613 892 2220 965">
    <p class='ocr_par' dir='ltr' id='par_1_8' title="bbox 613 892 2220 965">
     <span class='ocr_line' id='line_1_8' title="bbox 613 892 2220 965; baseline -0.006 -9"><span class='ocrx_word' id='word_1_51' title='bbox 613 915 734 957; x_wconf 92' lang='lat' dir='ltr'><strong>rum</strong></span> <span class='ocrx_word' id='word_1_52' title='bbox 761 900 980 954; x_wconf 83' lang='lat' dir='ltr'><strong>Patrum</strong></span> <span class='ocrx_word' id='word_1_53' title='bbox 1007 907 1135 952; x_wconf 90' lang='lat' dir='ltr'><strong>sunt</strong></span> <span class='ocrx_word' id='word_1_54' title='bbox 1183 894 1546 965; x_wconf 90' lang='lat' dir='ltr'><strong>perturbanda</strong></span> <span class='ocrx_word' id='word_1_55' title='bbox 1579 893 1813 958; x_wconf 90' lang='lat' dir='ltr'><strong>decreta,</strong></span> <span class='ocrx_word' id='word_1_56' title='bbox 1855 893 1998 963; x_wconf 93' lang='lat' dir='ltr'><strong>quod</strong></span> <span class='ocrx_word' id='word_1_57' title='bbox 2028 892 2220 962; x_wconf 82' lang='lat' dir='ltr'><strong>pauci-</strong></span> 
     </span>
    </p>
   </div>
   <div class='ocr_carea' id='block_1_9' title="bbox 612 985 2191 1065">
    <p class='ocr_par' dir='ltr' id='par_1_9' title="bbox 612 985 2191 1065">
     <span class='ocr_line' id='line_1_9' title="bbox 612 985 2191 1065; baseline -0.004 -17"><span class='ocrx_word' id='word_1_58' title='bbox 612 999 1003 1065; x_wconf 81' lang='lat' dir='ltr'><strong>praesumentes</strong></span> <span class='ocrx_word' id='word_1_59' title='bbox 1045 991 1269 1044; x_wconf 88' lang='lat' dir='ltr'><strong>aliarum</strong></span> <span class='ocrx_word' id='word_1_60' title='bbox 1300 988 1556 1042; x_wconf 89' lang='lat' dir='ltr'><strong>virtutum</strong></span> <span class='ocrx_word' id='word_1_61' title='bbox 1588 987 1890 1057; x_wconf 74' lang='lat' dir='ltr'><strong>privilegio,</strong></span> <span class='ocrx_word' id='word_1_62' title='bbox 1925 1001 1995 1041; x_wconf 91' lang='lat' dir='ltr'><strong>ne</strong></span> <span class='ocrx_word' id='word_1_63' title='bbox 2023 987 2078 1040; x_wconf 93' lang='lat' dir='ltr'><strong>in</strong></span> <span class='ocrx_word' id='word_1_64' title='bbox 2107 985 2191 1041; x_wconf 89' lang='lat' dir='ltr'><strong>his</strong></span> 
     </span>
    </p>
   </div>
   <div class='ocr_carea' id='block_1_10' title="bbox 613 1072 2190 1156">
    <p class='ocr_par' dir='ltr' id='par_1_10' title="bbox 613 1072 2190 1156">
     <span class='ocr_line' id='line_1_10' title="bbox 613 1072 2190 1156; baseline -0.004 -17"><span class='ocrx_word' id='word_1_65' title='bbox 613 1085 828 1156; x_wconf 85' lang='lat' dir='ltr'><strong>quidem</strong></span> <span class='ocrx_word' id='word_1_66' title='bbox 839 1072 958 1154; x_wconf 58' lang='lat' dir='ltr'><strong>quib</strong></span> <span class='ocrx_word' id='word_1_67' title='bbox 972 1095 1080 1137; x_wconf 89' lang='lat' dir='ltr'><strong>non</strong></span> <span class='ocrx_word' id='word_1_68' title='bbox 1096 1080 1394 1136; x_wconf 88' lang='lat' dir='ltr'><strong>secundum</strong></span> <span class='ocrx_word' id='word_1_69' title='bbox 1413 1078 1733 1133; x_wconf 72' lang='lat' dir='ltr'><strong>catholicam</strong></span> <span class='ocrx_word' id='word_1_70' title='bbox 1755 1078 1992 1148; x_wconf 82' lang='lat' dir='ltr'><strong>regulam</strong></span> <span class='ocrx_word' id='word_1_71' title='bbox 2016 1077 2086 1132; x_wconf 90' lang='lat' dir='ltr'><strong>ab</strong></span> <span class='ocrx_word' id='word_1_72' title='bbox 2111 1077 2190 1132; x_wconf 89' lang='lat' dir='ltr'><strong>eis</strong></span> 
     </span>
    </p>
   </div>
   <div class='ocr_carea' id='block_1_11' title="bbox 617 1171 2191 1249">
    <p class='ocr_par' dir='ltr' id='par_1_11' title="bbox 617 1171 2191 1249">
     <span class='ocr_line' id='line_1_11' title="bbox 617 1171 2191 1249; baseline -0.004 -17"><span class='ocrx_word' id='word_1_73' title='bbox 617 1186 866 1249; x_wconf 88' lang='lat' dir='ltr'><strong>usurpata</strong></span> <span class='ocrx_word' id='word_1_74' title='bbox 882 1186 1030 1240; x_wconf 90' lang='lat' dir='ltr'><strong>sunt,</strong></span> <span class='ocrx_word' id='word_1_75' title='bbox 1045 1173 1371 1246; x_wconf 84' lang='lat' dir='ltr'><strong>reprehendi</strong></span> <span class='ocrx_word' id='word_1_76' title='bbox 1393 1173 1590 1228; x_wconf 82' lang='lat' dir='ltr'><strong>debere</strong></span> <span class='ocrx_word' id='word_1_77' title='bbox 1607 1173 1922 1227; x_wconf 89' lang='lat' dir='ltr'><strong>creduntur.</strong></span> <span class='ocrx_word' id='word_1_78' title='bbox 1939 1171 2191 1227; x_wconf 87' lang='lat' dir='ltr'><strong>Generali</strong></span> 
     </span>
    </p>
   </div>
   <div class='ocr_carea' id='block_1_12' title="bbox 615 1265 2194 1344">
    <p class='ocr_par' dir='ltr' id='par_1_12' title="bbox 615 1265 2194 1344">
     <span class='ocr_line' id='line_1_12' title="bbox 615 1265 2194 1344; baseline -0.006 -15"><span class='ocrx_word' id='word_1_79' title='bbox 615 1289 846 1344; x_wconf 86' lang='lat' dir='ltr'><strong>namque</strong></span> <span class='ocrx_word' id='word_1_80' title='bbox 867 1271 1108 1328; x_wconf 92' lang='lat' dir='ltr'><strong>omnium</strong></span> <span class='ocrx_word' id='word_1_81' title='bbox 1137 1267 1537 1335; x_wconf 86' lang='lat' dir='ltr'><strong>caustitutioni,</strong></span> <span class='ocrx_word' id='word_1_82' title='bbox 1569 1281 1866 1338; x_wconf 90' lang='lat' dir='ltr'><strong>paucorum</strong></span> <span class='ocrx_word' id='word_1_83' title='bbox 1902 1278 2007 1320; x_wconf 90' lang='lat' dir='ltr'><strong>non</strong></span> <span class='ocrx_word' id='word_1_84' title='bbox 2030 1265 2194 1321; x_wconf 88' lang='lat' dir='ltr'><strong>debet</strong></span> 
     </span>
    </p>
   </div>
   <div class='ocr_carea' id='block_1_13' title="bbox 615 1359 2194 1437">
    <p class='ocr_par' dir='ltr' id='par_1_13' title="bbox 615 1359 2194 1437">
     <span class='ocr_line' id='line_1_13' title="bbox 615 1359 2194 1437; baseline -0.003 -18"><span class='ocrx_word' id='word_1_85' title='bbox 615 1367 854 1437; x_wconf 64' lang='lat' dir='ltr'><strong>praeponi</strong></span> <span class='ocrx_word' id='word_1_86' title='bbox 888 1379 987 1420; x_wconf 91' lang='lat' dir='ltr'><strong>nec</strong></span> <span class='ocrx_word' id='word_1_87' title='bbox 1018 1362 1366 1433; x_wconf 71' lang='lat' dir='ltr'><strong>prtejudicare</strong></span> <span class='ocrx_word' id='word_1_88' title='bbox 1393 1361 1684 1416; x_wconf 81' lang='lat' dir='ltr'><strong>sententia.</strong></span> <span class='ocrx_word' id='word_1_89' title='bbox 1712 1359 1826 1415; x_wconf 88' lang='lat' dir='ltr'><strong>Illis</strong></span> <span class='ocrx_word' id='word_1_90' title='bbox 1854 1360 2000 1415; x_wconf 89' lang='lat' dir='ltr'><strong>enim</strong></span> <span class='ocrx_word' id='word_1_91' title='bbox 2029 1359 2194 1414; x_wconf 79' lang='lat' dir='ltr'><strong>debe-</strong></span> 
     </span>
    </p>
   </div>
   <div class='ocr_carea' id='block_1_14' title="bbox 615 1452 2197 1525">
    <p class='ocr_par' dir='ltr' id='par_1_14' title="bbox 615 1452 2197 1525">
     <span class='ocr_line' id='line_1_14' title="bbox 615 1452 2197 1525; baseline -0.006 -10"><span class='ocrx_word' id='word_1_92' title='bbox 615 1473 736 1514; x_wconf 92' lang='lat' dir='ltr'><strong>mus</strong></span> <span class='ocrx_word' id='word_1_93' title='bbox 766 1456 1032 1512; x_wconf 89' lang='lat' dir='ltr'><strong>institutis</strong></span> <span class='ocrx_word' id='word_1_94' title='bbox 1059 1471 1122 1511; x_wconf 90' lang='lat' dir='ltr'><strong>ac</strong></span> <span class='ocrx_word' id='word_1_95' title='bbox 1149 1455 1353 1525; x_wconf 82' lang='lat' dir='ltr'><strong>regulis</strong></span> <span class='ocrx_word' id='word_1_96' title='bbox 1382 1453 1736 1509; x_wconf 82' lang='lat' dir='ltr'><strong>indubitatam</strong></span> <span class='ocrx_word' id='word_1_97' title='bbox 1784 1452 1965 1519; x_wconf 86' lang='lat' dir='ltr'><strong>tidem,</strong></span> <span class='ocrx_word' id='word_1_98' title='bbox 2017 1463 2072 1508; x_wconf 91' lang='lat' dir='ltr'><strong>et</strong></span> <span class='ocrx_word' id='word_1_99' title='bbox 2116 1454 2197 1506; x_wconf 90' lang='lat' dir='ltr'><strong>in-</strong></span> 
     </span>
    </p>
   </div>
   <div class='ocr_carea' id='block_1_15' title="bbox 615 1545 2194 1618">
    <p class='ocr_par' dir='ltr' id='par_1_15' title="bbox 615 1545 2194 1618">
     <span class='ocr_line' id='line_1_15' title="bbox 615 1545 2194 1618; baseline -0.004 -12"><span class='ocrx_word' id='word_1_100' title='bbox 615 1553 916 1607; x_wconf 90' lang='lat' dir='ltr'><strong>discussam</strong></span> <span class='ocrx_word' id='word_1_101' title='bbox 946 1550 1310 1604; x_wconf 86' lang='lat' dir='ltr'><strong>obedientiam</strong></span> <span class='ocrx_word' id='word_1_102' title='bbox 1338 1564 1434 1618; x_wconf 89' lang='lat' dir='ltr'><strong>per</strong></span> <span class='ocrx_word' id='word_1_103' title='bbox 1461 1547 1642 1602; x_wconf 87' lang='lat' dir='ltr'><strong>omnia</strong></span> <span class='ocrx_word' id='word_1_104' title='bbox 1671 1545 2040 1610; x_wconf 84' lang='lat' dir='ltr'><strong>commodare,</strong></span> <span class='ocrx_word' id='word_1_105' title='bbox 2087 1555 2194 1600; x_wconf 83' lang='lat' dir='ltr'><strong>non</strong></span> 
     </span>
    </p>
   </div>
   <div class='ocr_carea' id='block_1_16' title="bbox 616 1638 2195 1713">
    <p class='ocr_par' dir='ltr' id='par_1_16' title="bbox 616 1638 2195 1713">
     <span class='ocr_line' id='line_1_16' title="bbox 616 1638 2195 1713; baseline -0.004 -16"><span class='ocrx_word' id='word_1_106' title='bbox 616 1657 748 1713; x_wconf 87' lang='lat' dir='ltr'><strong>quas</strong></span> <span class='ocrx_word' id='word_1_107' title='bbox 773 1655 1062 1711; x_wconf 89' lang='lat' dir='ltr'><strong>paucorum</strong></span> <span class='ocrx_word' id='word_1_108' title='bbox 1105 1640 1356 1694; x_wconf 81' lang='lat' dir='ltr'><strong>voluntas</strong></span> <span class='ocrx_word' id='word_1_109' title='bbox 1386 1639 1592 1703; x_wconf 85' lang='lat' dir='ltr'><strong>intulit,</strong></span> <span class='ocrx_word' id='word_1_110' title='bbox 1645 1638 1739 1693; x_wconf 89' lang='lat' dir='ltr'><strong>sed</strong></span> <span class='ocrx_word' id='word_1_111' title='bbox 1769 1653 1902 1708; x_wconf 88' lang='lat' dir='ltr'><strong>quas</strong></span> <span class='ocrx_word' id='word_1_112' title='bbox 1954 1646 2195 1693; x_wconf 88' lang='lat' dir='ltr'><strong>vetustas</strong></span> 
     </span>
    </p>
   </div>
   <div class='ocr_carea' id='block_1_17' title="bbox 619 1729 2193 1802">
    <p class='ocr_par' dir='ltr' id='par_1_17' title="bbox 619 1729 2193 1802">
     <span class='ocr_line' id='line_1_17' title="bbox 619 1729 2193 1802; baseline -0.003 -13"><span class='ocrx_word' id='word_1_113' title='bbox 619 1743 888 1790; x_wconf 89' lang='lat' dir='ltr'><strong>tantorum</strong></span> <span class='ocrx_word' id='word_1_114' title='bbox 921 1741 1247 1802; x_wconf 88' lang='lat' dir='ltr'><strong>temporum,</strong></span> <span class='ocrx_word' id='word_1_115' title='bbox 1279 1741 1337 1785; x_wconf 91' lang='lat' dir='ltr'><strong>et</strong></span> <span class='ocrx_word' id='word_1_116' title='bbox 1358 1729 1720 1785; x_wconf 81' lang='lat' dir='ltr'><strong>numerositas</strong></span> <span class='ocrx_word' id='word_1_117' title='bbox 1747 1735 2054 1784; x_wconf 89' lang='lat' dir='ltr'><strong>sanctorum</strong></span> <span class='ocrx_word' id='word_1_118' title='bbox 2091 1730 2193 1784; x_wconf 87' lang='lat' dir='ltr'><strong>Pa-</strong></span> 
     </span>
    </p>
   </div>
   <div class='ocr_carea' id='block_1_18' title="bbox 2289 520 3842 593">
    <p class='ocr_par' dir='ltr' id='par_1_18' title="bbox 2289 520 3842 593">
     <span class='ocr_line' id='line_1_18' title="bbox 2289 520 3842 593; baseline -0.006 -10"><span class='ocrx_word' id='word_1_119' title='bbox 2289 527 2436 583; x_wconf 88' lang='lat' dir='ltr'><strong>urbis</strong></span> <span class='ocrx_word' id='word_1_120' title='bbox 2464 525 2745 580; x_wconf 82' lang='lat' dir='ltr'><strong>eversione</strong></span> <span class='ocrx_word' id='word_1_121' title='bbox 2775 522 3103 593; x_wconf 82' lang='lat' dir='ltr'><strong>lugentibus,</strong></span> <span class='ocrx_word' id='word_1_122' title='bbox 3156 520 3459 592; x_wconf 90' lang='lat' dir='ltr'><strong>eodemque</strong></span> <span class='ocrx_word' id='word_1_123' title='bbox 3509 522 3703 575; x_wconf 90' lang='lat' dir='ltr'><strong>amictu</strong></span> <span class='ocrx_word' id='word_1_124' title='bbox 3754 520 3842 574; x_wconf 90' lang='lat' dir='ltr'><strong>cir-</strong></span> 
     </span>
    </p>
   </div>
   <div class='ocr_carea' id='block_1_19' title="bbox 2289 609 3835 685">
    <p class='ocr_par' dir='ltr' id='par_1_19' title="bbox 2289 609 3835 685">
     <span class='ocr_line' id='line_1_19' title="bbox 2289 609 3835 685; baseline -0.004 -10"><span class='ocrx_word' id='word_1_125' title='bbox 2289 619 2574 683; x_wconf 90' lang='lat' dir='ltr'><strong>cumdatis,</strong></span> <span class='ocrx_word' id='word_1_126' title='bbox 2598 617 2778 671; x_wconf 91' lang='lat' dir='ltr'><strong>nullus</strong></span> <span class='ocrx_word' id='word_1_127' title='bbox 2809 625 2988 685; x_wconf 87' lang='lat' dir='ltr'><strong>posset</strong></span> <span class='ocrx_word' id='word_1_128' title='bbox 3015 630 3045 669; x_wconf 75' lang='grc' dir='ltr'>ει</span> <span class='ocrx_word' id='word_1_129' title='bbox 3075 627 3346 685; x_wconf 90' lang='lat' dir='ltr'><strong>quoquam</strong></span> <span class='ocrx_word' id='word_1_130' title='bbox 3366 613 3721 668; x_wconf 86' lang='lat' dir='ltr'><strong>ostentatione</strong></span> <span class='ocrx_word' id='word_1_131' title='bbox 3743 609 3835 682; x_wconf 80' lang='lat' dir='ltr'><strong>[AL</strong></span> 
     </span>
    </p>
   </div>
   <div class='ocr_carea' id='block_1_20' title="bbox 2291 705 3840 780">
    <p class='ocr_par' dir='ltr' id='par_1_20' title="bbox 2291 705 3840 780">
     <span class='ocr_line' id='line_1_20' title="bbox 2291 705 3840 780; baseline -0.005 -13"><span class='ocrx_word' id='word_1_132' title='bbox 2291 708 2692 780; x_wconf 87' lang='lat' dir='ltr'><strong>ostentationis]</strong></span> <span class='ocrx_word' id='word_1_133' title='bbox 2725 711 2921 764; x_wconf 87' lang='lat' dir='ltr'><strong>notari.</strong></span> <span class='ocrx_word' id='word_1_134' title='bbox 2953 707 3087 775; x_wconf 84' lang='lat' dir='ltr'><strong>Quia</strong></span> <span class='ocrx_word' id='word_1_135' title='bbox 3109 708 3213 764; x_wconf 90' lang='lat' dir='ltr'><strong>nisi</strong></span> <span class='ocrx_word' id='word_1_136' title='bbox 3261 706 3502 764; x_wconf 86' lang='lat' dir='ltr'><strong>insolens</strong></span> <span class='ocrx_word' id='word_1_137' title='bbox 3523 707 3598 762; x_wconf 85' lang='lat' dir='ltr'><strong>sit</strong></span> <span class='ocrx_word' id='word_1_138' title='bbox 3637 705 3840 761; x_wconf 86' lang='lat' dir='ltr'><strong>diversi-</strong></span> 
     </span>
    </p>
   </div>
   <div class='ocr_carea' id='block_1_21' title="bbox 2290 799 3158 874">
    <p class='ocr_par' dir='ltr' id='par_1_21' title="bbox 2290 799 3158 874">
     <span class='ocr_line' id='line_1_21' title="bbox 2290 799 3158 874; baseline -0.006 -14"><span class='ocrx_word' id='word_1_139' title='bbox 2290 813 2392 874; x_wconf 86' lang='lat' dir='ltr'><strong>tas,</strong></span> <span class='ocrx_word' id='word_1_140' title='bbox 2425 820 2530 860; x_wconf 94' lang='lat' dir='ltr'><strong>non</strong></span> <span class='ocrx_word' id='word_1_141' title='bbox 2554 801 2778 859; x_wconf 74' lang='lat' dir='ltr'><strong>offendit</strong></span> <span class='ocrx_word' id='word_1_142' title='bbox 2806 799 3158 869; x_wconf 69' lang='lat' dir='ltr'><strong>inaequalitas.</strong></span> 
     </span>
    </p>
   </div>
   <div class='ocr_carea' id='block_1_22' title="bbox 2889 890 3254 947">
    <p class='ocr_par' dir='ltr' id='par_1_22' title="bbox 2889 890 3254 947">
     <span class='ocr_line' id='line_1_22' title="bbox 2889 890 3254 947; baseline -0.008 0"><span class='ocrx_word' id='word_1_143' title='bbox 2889 891 3117 947; x_wconf 81' lang='lat' dir='ltr'><strong>CAPUT</strong></span> <span class='ocrx_word' id='word_1_144' title='bbox 3166 890 3254 946; x_wconf 84' lang='lat' dir='ltr'><strong>IV.</strong></span> 
     </span>
    </p>
   </div>
   <div class='ocr_carea' id='block_1_23' title="bbox 2708 983 3447 1056">
    <p class='ocr_par' dir='ltr' id='par_1_23' title="bbox 2708 983 3447 1056">
     <span class='ocr_line' id='line_1_23' title="bbox 2708 983 3447 1056; baseline -0.004 -16"><span class='ocrx_word' id='word_1_145' title='bbox 2708 987 2784 1041; x_wconf 85' lang='lat' dir='ltr'><strong>De</strong></span> <span class='ocrx_word' id='word_1_146' title='bbox 2813 985 3029 1040; x_wconf 82' lang='lat' dir='ltr'><strong>cucullis</strong></span> <span class='ocrx_word' id='word_1_147' title='bbox 3057 983 3447 1056; x_wconf 63' lang='lat' dir='ltr'><strong>zEgyptiorum.</strong></span> 
     </span>
    </p>
   </div>
   <div class='ocr_carea' id='block_1_24' title="bbox 2363 1072 3834 1151">
    <p class='ocr_par' dir='ltr' id='par_1_24' title="bbox 2363 1072 3834 1151">
     <span class='ocr_line' id='line_1_24' title="bbox 2363 1072 3834 1151; baseline -0.006 -14"><span class='ocrx_word' id='word_1_148' title='bbox 2363 1082 2501 1137; x_wconf 84' lang='lat' dir='ltr'><strong>Sunt</strong></span> <span class='ocrx_word' id='word_1_149' title='bbox 2544 1090 2803 1151; x_wconf 61' lang='lat' dir='ltr'><strong>praeterea</strong></span> <span class='ocrx_word' id='word_1_150' title='bbox 2844 1078 3088 1148; x_wconf 60' lang='lat' dir='ltr'><strong>quaedam</strong></span> <span class='ocrx_word' id='word_1_151' title='bbox 3123 1079 3175 1131; x_wconf 93' lang='lat' dir='ltr'><strong>in</strong></span> <span class='ocrx_word' id='word_1_152' title='bbox 3225 1078 3341 1146; x_wconf 92' lang='lat' dir='ltr'><strong>ipso</strong></span> <span class='ocrx_word' id='word_1_153' title='bbox 3369 1076 3738 1147; x_wconf 66' lang='lat' dir='ltr'><strong>Egyptiorum</strong></span> <span class='ocrx_word' id='word_1_154' title='bbox 3765 1072 3834 1128; x_wconf 75' lang='lat' dir='ltr'><strong>ha-</strong></span> 
     </span>
    </p>
   </div>
   <div class='ocr_carea' id='block_1_25' title="bbox 2293 1167 3843 1241">
    <p class='ocr_par' dir='ltr' id='par_1_25' title="bbox 2293 1167 3843 1241">
     <span class='ocr_line' id='line_1_25' title="bbox 2293 1167 3843 1241; baseline -0.004 -12"><span class='ocrx_word' id='word_1_155' title='bbox 2293 1175 2406 1229; x_wconf 88' lang='lat' dir='ltr'><strong>bitu</strong></span> <span class='ocrx_word' id='word_1_156' title='bbox 2455 1189 2562 1229; x_wconf 91' lang='lat' dir='ltr'><strong>non</strong></span> <span class='ocrx_word' id='word_1_157' title='bbox 2594 1183 2798 1228; x_wconf 90' lang='lat' dir='ltr'><strong>tantum</strong></span> <span class='ocrx_word' id='word_1_158' title='bbox 2845 1173 2912 1226; x_wconf 92' lang='lat' dir='ltr'><strong>ad</strong></span> <span class='ocrx_word' id='word_1_159' title='bbox 2960 1185 3142 1226; x_wconf 86' lang='lat' dir='ltr'><strong>curam</strong></span> <span class='ocrx_word' id='word_1_160' title='bbox 3175 1173 3420 1241; x_wconf 87' lang='lat' dir='ltr'><strong>corporis</strong></span> <span class='ocrx_word' id='word_1_161' title='bbox 3443 1211 3457 1235; x_wconf 92' lang='lat'><strong>,</strong></span> <span class='ocrx_word' id='word_1_162' title='bbox 3491 1180 3744 1238; x_wconf 86' lang='lat' dir='ltr'><strong>quantum</strong></span> <span class='ocrx_word' id='word_1_163' title='bbox 3787 1167 3843 1223; x_wconf 87' lang='lat' dir='ltr'><strong>ad</strong></span> 
     </span>
    </p>
   </div>
   <div class='ocr_carea' id='block_1_26' title="bbox 2294 1260 3843 1332">
    <p class='ocr_par' dir='ltr' id='par_1_26' title="bbox 2294 1260 3843 1332">
     <span class='ocr_line' id='line_1_26' title="bbox 2294 1260 3843 1332; baseline -0.005 -12"><span class='ocrx_word' id='word_1_164' title='bbox 2294 1279 2505 1320; x_wconf 89' lang='lat' dir='ltr'><strong>morum</strong></span> <span class='ocrx_word' id='word_1_165' title='bbox 2537 1263 2823 1319; x_wconf 80' lang='lat' dir='ltr'><strong>formulam</strong></span> <span class='ocrx_word' id='word_1_166' title='bbox 2849 1262 3199 1332; x_wconf 80' lang='lat' dir='ltr'><strong>congruentia</strong></span> <span class='ocrx_word' id='word_1_167' title='bbox 3225 1305 3240 1329; x_wconf 90' lang='lat'><strong>,</strong></span> <span class='ocrx_word' id='word_1_168' title='bbox 3275 1276 3381 1331; x_wconf 92' lang='lat' dir='ltr'><strong>quo</strong></span> <span class='ocrx_word' id='word_1_169' title='bbox 3421 1260 3772 1328; x_wconf 84' lang='lat' dir='ltr'><strong>simplicitatis</strong></span> <span class='ocrx_word' id='word_1_170' title='bbox 3797 1267 3843 1314; x_wconf 85' lang='lat' dir='ltr'><strong>et</strong></span> 
     </span>
    </p>
   </div>
   <div class='ocr_carea' id='block_1_27' title="bbox 2298 1354 3842 1422">
    <p class='ocr_par' dir='ltr' id='par_1_27' title="bbox 2298 1354 3842 1422">
     <span class='ocr_line' id='line_1_27' title="bbox 2298 1354 3842 1422; baseline -0.004 -12"><span class='ocrx_word' id='word_1_171' title='bbox 2298 1355 2621 1410; x_wconf 73' lang='lat' dir='ltr'><strong>innocentiae</strong></span> <span class='ocrx_word' id='word_1_172' title='bbox 2651 1355 2993 1409; x_wconf 83' lang='lat' dir='ltr'><strong>observantia</strong></span> <span class='ocrx_word' id='word_1_173' title='bbox 3015 1395 3030 1419; x_wconf 90' lang='lat'><strong>,</strong></span> <span class='ocrx_word' id='word_1_174' title='bbox 3065 1354 3224 1408; x_wconf 91' lang='lat' dir='ltr'><strong>etiam</strong></span> <span class='ocrx_word' id='word_1_175' title='bbox 3259 1354 3312 1407; x_wconf 92' lang='lat' dir='ltr'><strong>in</strong></span> <span class='ocrx_word' id='word_1_176' title='bbox 3339 1354 3452 1422; x_wconf 90' lang='lat' dir='ltr'><strong>ipsa</strong></span> <span class='ocrx_word' id='word_1_177' title='bbox 3481 1354 3706 1406; x_wconf 89' lang='lat' dir='ltr'><strong>vestitus</strong></span> <span class='ocrx_word' id='word_1_178' title='bbox 3733 1364 3842 1422; x_wconf 84' lang='lat' dir='ltr'><strong>qua-</strong></span> 
     </span>
    </p>
   </div>
   <div class='ocr_carea' id='block_1_28' title="bbox 2299 1444 3848 1514">
    <p class='ocr_par' dir='ltr' id='par_1_28' title="bbox 2299 1444 3848 1514">
     <span class='ocr_line' id='line_1_28' title="bbox 2299 1444 3848 1514; baseline -0.003 -12"><span class='ocrx_word' id='word_1_179' title='bbox 2299 1449 2448 1502; x_wconf 85' lang='lat' dir='ltr'><strong>litate</strong></span> <span class='ocrx_word' id='word_1_180' title='bbox 2484 1454 2756 1502; x_wconf 84' lang='lat' dir='ltr'><strong>teneatur.</strong></span> <span class='ocrx_word' id='word_1_181' title='bbox 2787 1455 2813 1484; x_wconf 76' lang='grc' dir='ltr'><strong>ι</strong></span> <span class='ocrx_word' id='word_1_182' title='bbox 2836 1444 3074 1500; x_wconf 88' lang='lat' dir='ltr'><strong>Cucullis</strong></span> <span class='ocrx_word' id='word_1_183' title='bbox 3106 1458 3336 1514; x_wconf 84' lang='lat' dir='ltr'><strong>namque</strong></span> <span class='ocrx_word' id='word_1_184' title='bbox 3373 1445 3654 1513; x_wconf 84' lang='lat' dir='ltr'><strong>perparvis</strong></span> <span class='ocrx_word' id='word_1_185' title='bbox 3702 1456 3848 1512; x_wconf 83' lang='lat' dir='ltr'><strong>usque</strong></span> 
     </span>
    </p>
   </div>
   <div class='ocr_carea' id='block_1_29' title="bbox 2295 1536 3848 1608">
    <p class='ocr_par' dir='ltr' id='par_1_29' title="bbox 2295 1536 3848 1608">
     <span class='ocr_line' id='line_1_29' title="bbox 2295 1536 3848 1608; baseline -0.003 -14"><span class='ocrx_word' id='word_1_186' title='bbox 2295 1541 2363 1595; x_wconf 91' lang='lat' dir='ltr'><strong>ad</strong></span> <span class='ocrx_word' id='word_1_187' title='bbox 2387 1540 2612 1596; x_wconf 89' lang='lat' dir='ltr'><strong>cervicis</strong></span> <span class='ocrx_word' id='word_1_188' title='bbox 2642 1539 3095 1608; x_wconf 87' lang='lat' dir='ltr'><strong>humerorumque</strong></span> <span class='ocrx_word' id='word_1_189' title='bbox 3119 1537 3371 1592; x_wconf 87' lang='lat' dir='ltr'><strong>demissis</strong></span> <span class='ocrx_word' id='word_1_190' title='bbox 3393 1536 3652 1602; x_wconf 79' lang='lat' dir='ltr'><strong>conﬁnia,</strong></span> <span class='ocrx_word' id='word_1_191' title='bbox 3673 1536 3848 1607; x_wconf 77' lang='lat' dir='ltr'><strong>quibus</strong></span> 
     </span>
    </p>
   </div>
   <div class='ocr_carea' id='block_1_30' title="bbox 2295 1628 3844 1701">
    <p class='ocr_par' dir='ltr' id='par_1_30' title="bbox 2295 1628 3844 1701">
     <span class='ocr_line' id='line_1_30' title="bbox 2295 1628 3844 1701; baseline -0.004 -15"><span class='ocrx_word' id='word_1_192' title='bbox 2295 1643 2500 1687; x_wconf 89' lang='lat' dir='ltr'><strong>tantum</strong></span> <span class='ocrx_word' id='word_1_193' title='bbox 2538 1633 2716 1701; x_wconf 87' lang='lat' dir='ltr'><strong>capita</strong></span> <span class='ocrx_word' id='word_1_194' title='bbox 2747 1641 3055 1699; x_wconf 77' lang='lat' dir='ltr'><strong>contegunt,</strong></span> <span class='ocrx_word' id='word_1_195' title='bbox 3087 1628 3455 1683; x_wconf 73' lang='lat' dir='ltr'><strong>indesinenter</strong></span> <span class='ocrx_word' id='word_1_196' title='bbox 3483 1628 3677 1684; x_wconf 89' lang='lat' dir='ltr'><strong>diebus</strong></span> <span class='ocrx_word' id='word_1_197' title='bbox 3707 1638 3844 1681; x_wconf 87' lang='lat' dir='ltr'><strong>utun-</strong></span> 
     </span>
    </p>
   </div>
   <div class='ocr_carea' id='block_1_31' title="bbox 2297 1718 3848 1788">
    <p class='ocr_par' dir='ltr' id='par_1_31' title="bbox 2297 1718 3848 1788">
     <span class='ocr_line' id='line_1_31' title="bbox 2297 1718 3848 1788; baseline -0.005 -10"><span class='ocrx_word' id='word_1_198' title='bbox 2297 1735 2383 1778; x_wconf 87' lang='lat' dir='ltr'><strong>tur</strong></span> <span class='ocrx_word' id='word_1_199' title='bbox 2413 1740 2474 1778; x_wconf 90' lang='lat' dir='ltr'><strong>ac</strong></span> <span class='ocrx_word' id='word_1_200' title='bbox 2517 1723 2788 1788; x_wconf 89' lang='lat' dir='ltr'><strong>noctibus,</strong></span> <span class='ocrx_word' id='word_1_201' title='bbox 2821 1723 3030 1777; x_wconf 87' lang='lat' dir='ltr'><strong>scilicet</strong></span> <span class='ocrx_word' id='word_1_202' title='bbox 3055 1731 3115 1775; x_wconf 91' lang='lat' dir='ltr'><strong>ut</strong></span> <span class='ocrx_word' id='word_1_203' title='bbox 3142 1721 3505 1775; x_wconf 88' lang='lat' dir='ltr'><strong>innocentiam</strong></span> <span class='ocrx_word' id='word_1_204' title='bbox 3533 1729 3587 1774; x_wconf 89' lang='lat' dir='ltr'><strong>et</strong></span> <span class='ocrx_word' id='word_1_205' title='bbox 3615 1718 3848 1788; x_wconf 86' lang='lat' dir='ltr'><strong>simplici-</strong></span> 
     </span>
    </p>
   </div>
   <div class='ocr_carea' id='block_1_32' title="bbox 620 1813 3850 1891">
    <p class='ocr_par' dir='ltr' id='par_1_32' title="bbox 620 1813 3850 1891">
     <span class='ocr_line' id='line_1_32' title="bbox 620 1813 3850 1891; baseline -0.004 -12"><span class='ocrx_word' id='word_1_206' title='bbox 620 1835 760 1880; x_wconf 90' lang='lat' dir='ltr'><strong>trum</strong></span> <span class='ocrx_word' id='word_1_207' title='bbox 791 1823 1049 1880; x_wconf 89' lang='lat' dir='ltr'><strong>concordi</strong></span> <span class='ocrx_word' id='word_1_208' title='bbox 1098 1822 1413 1878; x_wconf 87' lang='lat' dir='ltr'><strong>definitione</strong></span> <span class='ocrx_word' id='word_1_209' title='bbox 1441 1822 1494 1877; x_wconf 90' lang='lat' dir='ltr'><strong>in</strong></span> <span class='ocrx_word' id='word_1_210' title='bbox 1537 1831 1809 1891; x_wconf 87' lang='lat' dir='ltr'><strong>posterum</strong></span> <span class='ocrx_word' id='word_1_211' title='bbox 1858 1823 2192 1891; x_wconf 63' lang='lat' dir='ltr'><strong>prepargavit.</strong></span> <span class='ocrx_word' id='word_1_212' title='bbox 2225 1823 2273 1882; x_wconf 90' lang='lat' dir='ltr'><strong>B</strong></span> <span class='ocrx_word' id='word_1_213' title='bbox 2300 1827 2461 1873; x_wconf 89' lang='lat' dir='ltr'><strong>tatem</strong></span> <span class='ocrx_word' id='word_1_214' title='bbox 2494 1817 2841 1886; x_wconf 83' lang='lat' dir='ltr'><strong>parvulorum</strong></span> <span class='ocrx_word' id='word_1_215' title='bbox 2866 1816 3072 1885; x_wconf 84' lang='lat' dir='ltr'><strong>jugiter</strong></span> <span class='ocrx_word' id='word_1_216' title='bbox 3095 1815 3368 1868; x_wconf 91' lang='lat' dir='ltr'><strong>custodire</strong></span> <span class='ocrx_word' id='word_1_217' title='bbox 3389 1815 3551 1868; x_wconf 86' lang='lat' dir='ltr'><strong>etiam</strong></span> <span class='ocrx_word' id='word_1_218' title='bbox 3573 1813 3850 1869; x_wconf 86' lang='lat' dir='ltr'><strong>imitatione</strong></span> 
     </span>
    </p>
   </div>
   <div class='ocr_carea' id='block_1_33' title="bbox 617 1912 2198 1984">
    <p class='ocr_par' dir='ltr' id='par_1_33' title="bbox 617 1912 2198 1984">
     <span class='ocr_line' id='line_1_33' title="bbox 617 1912 2198 1984; baseline -0.003 -13"><span class='ocrx_word' id='word_1_219' title='bbox 617 1915 730 1972; x_wconf 84' lang='lat' dir='ltr'><strong>Nec</strong></span> <span class='ocrx_word' id='word_1_220' title='bbox 752 1915 856 1970; x_wconf 89' lang='lat' dir='ltr'><strong>hoc</strong></span> <span class='ocrx_word' id='word_1_221' title='bbox 878 1929 1009 1970; x_wconf 89' lang='lat' dir='ltr'><strong>sane</strong></span> <span class='ocrx_word' id='word_1_222' title='bbox 1031 1914 1386 1984; x_wconf 72' lang='lat' dir='ltr'><strong>praeiudicare</strong></span> <span class='ocrx_word' id='word_1_223' title='bbox 1412 1913 1564 1968; x_wconf 88' lang='lat' dir='ltr'><strong>nobis</strong></span> <span class='ocrx_word' id='word_1_224' title='bbox 1594 1913 1754 1968; x_wconf 90' lang='lat' dir='ltr'><strong>debet</strong></span> <span class='ocrx_word' id='word_1_225' title='bbox 1776 1913 1841 1965; x_wconf 90' lang='lat' dir='ltr'><strong>ad</strong></span> <span class='ocrx_word' id='word_1_226' title='bbox 1871 1912 2198 1981; x_wconf 76' lang='lat' dir='ltr'><strong>quotidiana:</strong></span> 
     </span>
    </p>
   </div>
   <div class='ocr_carea' id='block_1_34' title="bbox 617 2004 2200 2077">
    <p class='ocr_par' dir='ltr' id='par_1_34' title="bbox 617 2004 2200 2077">
     <span class='ocr_line' id='line_1_34' title="bbox 617 2004 2200 2077; baseline -0.006 -10"><span class='ocrx_word' id='word_1_227' title='bbox 617 2009 1042 2067; x_wconf 81' lang='lat' dir='ltr'><strong>conversationis</strong></span> <span class='ocrx_word' id='word_1_228' title='bbox 1072 2008 1376 2077; x_wconf 83' lang='lat' dir='ltr'><strong>exemplum</strong></span> <span class='ocrx_word' id='word_1_229' title='bbox 1402 2048 1416 2071; x_wconf 86' lang='lat'><strong>,</strong></span> <span class='ocrx_word' id='word_1_230' title='bbox 1469 2005 1617 2075; x_wconf 88' lang='lat' dir='ltr'><strong>quod</strong></span> <span class='ocrx_word' id='word_1_231' title='bbox 1658 2005 1747 2060; x_wconf 92' lang='lat' dir='ltr'><strong>vel</strong></span> <span class='ocrx_word' id='word_1_232' title='bbox 1778 2004 1950 2058; x_wconf 82' lang='lat' dir='ltr'><strong>loram</strong></span> <span class='ocrx_word' id='word_1_233' title='bbox 1981 2005 2200 2060; x_wconf 90' lang='lat' dir='ltr'><strong>sacrile-</strong></span> 
     </span>
    </p>
   </div>
   <div class='ocr_carea' id='block_1_35' title="bbox 617 2096 2199 2174">
    <p class='ocr_par' dir='ltr' id='par_1_35' title="bbox 617 2096 2199 2174">
     <span class='ocr_line' id='line_1_35' title="bbox 617 2096 2199 2174; baseline -0.005 -16"><span class='ocrx_word' id='word_1_234' title='bbox 617 2113 717 2174; x_wconf 76' lang='lat' dir='ltr'><strong>gus</strong></span> <span class='ocrx_word' id='word_1_235' title='bbox 743 2119 841 2158; x_wconf 82' lang='lat' dir='ltr'><strong>rex</strong></span> <span class='ocrx_word' id='word_1_236' title='bbox 868 2101 1034 2156; x_wconf 82' lang='lat' dir='ltr'><strong>Israel</strong></span> <span class='ocrx_word' id='word_1_237' title='bbox 1064 2099 1294 2156; x_wconf 87' lang='lat' dir='ltr'><strong>catervis</strong></span> <span class='ocrx_word' id='word_1_238' title='bbox 1322 2098 1555 2152; x_wconf 89' lang='lat' dir='ltr'><strong>hostium</strong></span> <span class='ocrx_word' id='word_1_239' title='bbox 1589 2096 2002 2164; x_wconf 86' lang='lat' dir='ltr'><strong>circumseptus,</strong></span> <span class='ocrx_word' id='word_1_240' title='bbox 2032 2100 2199 2150; x_wconf 89' lang='lat' dir='ltr'><strong>scissa</strong></span> 
     </span>
    </p>
   </div>
   <div class='ocr_carea' id='block_1_36' title="bbox 617 2187 2199 2261">
    <p class='ocr_par' dir='ltr' id='par_1_36' title="bbox 617 2187 2199 2261">
     <span class='ocr_line' id='line_1_36' title="bbox 617 2187 2199 2261; baseline -0.004 -11"><span class='ocrx_word' id='word_1_241' title='bbox 617 2203 791 2261; x_wconf 87' lang='lat' dir='ltr'><strong>veste,</strong></span> <span class='ocrx_word' id='word_1_242' title='bbox 821 2193 1058 2248; x_wconf 90' lang='lat' dir='ltr'><strong>cilicium</strong></span> <span class='ocrx_word' id='word_1_243' title='bbox 1093 2191 1349 2246; x_wconf 90' lang='lat' dir='ltr'><strong>habuisse</strong></span> <span class='ocrx_word' id='word_1_244' title='bbox 1397 2189 1714 2259; x_wconf 88' lang='lat' dir='ltr'><strong>perhibetur</strong></span> <span class='ocrx_word' id='word_1_245' title='bbox 1741 2188 2068 2244; x_wconf 90' lang='lat' dir='ltr'><strong>intrinsecus</strong></span> <span class='ocrx_word' id='word_1_246' title='bbox 2110 2187 2199 2260; x_wconf 88' lang='lat' dir='ltr'><strong>(IV</strong></span> 
     </span>
    </p>
   </div>
   <div class='ocr_carea' id='block_1_37' title="bbox 619 2279 2202 2359">
    <p class='ocr_par' dir='ltr' id='par_1_37' title="bbox 619 2279 2202 2359">
     <span class='ocr_line' id='line_1_37' title="bbox 619 2279 2202 2359; baseline -0.004 -19"><span class='ocrx_word' id='word_1_247' title='bbox 619 2285 751 2359; x_wconf 84' lang='lat' dir='ltr'><strong>Reg.</strong></span> <span class='ocrx_word' id='word_1_248' title='bbox 783 2284 880 2357; x_wconf 81' lang='lat' dir='ltr'><strong>vi),</strong></span> <span class='ocrx_word' id='word_1_249' title='bbox 907 2286 993 2340; x_wconf 88' lang='lat' dir='ltr'><strong>vel</strong></span> <span class='ocrx_word' id='word_1_250' title='bbox 1017 2283 1160 2354; x_wconf 89' lang='lat' dir='ltr'><strong>quod</strong></span> <span class='ocrx_word' id='word_1_251' title='bbox 1185 2282 1435 2337; x_wconf 69' lang='lat' dir='ltr'><strong>Ninivitte</strong></span> <span class='ocrx_word' id='word_1_252' title='bbox 1463 2280 1529 2335; x_wconf 91' lang='lat' dir='ltr'><strong>ad</strong></span> <span class='ocrx_word' id='word_1_253' title='bbox 1572 2279 1926 2350; x_wconf 78' lang='lat' dir='ltr'><strong>mitigandam</strong></span> <span class='ocrx_word' id='word_1_254' title='bbox 1959 2279 2053 2334; x_wconf 88' lang='lat' dir='ltr'><strong>Dei</strong></span> <span class='ocrx_word' id='word_1_255' title='bbox 2078 2295 2202 2334; x_wconf 84' lang='lat' dir='ltr'><strong>sen-</strong></span> 
     </span>
    </p>
   </div>
   <div class='ocr_carea' id='block_1_38' title="bbox 620 2372 2197 2447">
    <p class='ocr_par' dir='ltr' id='par_1_38' title="bbox 620 2372 2197 2447">
     <span class='ocr_line' id='line_1_38' title="bbox 620 2372 2197 2447; baseline -0.003 -15"><span class='ocrx_word' id='word_1_256' title='bbox 620 2379 844 2433; x_wconf 89' lang='lat' dir='ltr'><strong>tentiam</strong></span> <span class='ocrx_word' id='word_1_257' title='bbox 873 2392 989 2447; x_wconf 67' lang='lat' dir='ltr'><strong>qua:</strong></span> <span class='ocrx_word' id='word_1_258' title='bbox 1013 2377 1067 2429; x_wconf 82' lang='lat' dir='ltr'><strong>in</strong></span> <span class='ocrx_word' id='word_1_259' title='bbox 1097 2390 1191 2430; x_wconf 92' lang='lat' dir='ltr'><strong>eos</strong></span> <span class='ocrx_word' id='word_1_260' title='bbox 1226 2375 1334 2427; x_wconf 91' lang='lat' dir='ltr'><strong>lata</strong></span> <span class='ocrx_word' id='word_1_261' title='bbox 1365 2373 1537 2428; x_wconf 82' lang='lat' dir='ltr'><strong>fuerat</strong></span> <span class='ocrx_word' id='word_1_262' title='bbox 1570 2388 1664 2441; x_wconf 92' lang='lat' dir='ltr'><strong>per</strong></span> <span class='ocrx_word' id='word_1_263' title='bbox 1709 2372 2049 2442; x_wconf 87' lang='lat' dir='ltr'><strong>prophetam,</strong></span> <span class='ocrx_word' id='word_1_264' title='bbox 2080 2373 2197 2427; x_wconf 89' lang='lat' dir='ltr'><strong>cili-</strong></span> 
     </span>
    </p>
   </div>
   <div class='ocr_carea' id='block_1_39' title="bbox 620 2463 2196 2536">
    <p class='ocr_par' dir='ltr' id='par_1_39' title="bbox 620 2463 2196 2536">
     <span class='ocr_line' id='line_1_39' title="bbox 620 2463 2196 2536; baseline -0.004 -12"><span class='ocrx_word' id='word_1_265' title='bbox 620 2469 690 2524; x_wconf 91' lang='lat' dir='ltr'><strong>cii</strong></span> <span class='ocrx_word' id='word_1_266' title='bbox 712 2468 1006 2536; x_wconf 88' lang='lat' dir='ltr'><strong>asperitate</strong></span> <span class='ocrx_word' id='word_1_267' title='bbox 1034 2466 1196 2521; x_wconf 89' lang='lat' dir='ltr'><strong>velati</strong></span> <span class='ocrx_word' id='word_1_268' title='bbox 1226 2476 1351 2519; x_wconf 90' lang='lat' dir='ltr'><strong>sunt</strong></span> <span class='ocrx_word' id='word_1_269' title='bbox 1400 2464 1572 2532; x_wconf 74' lang='lat' dir='ltr'><strong>(lance</strong></span> <span class='ocrx_word' id='word_1_270' title='bbox 1601 2464 1703 2535; x_wconf 82' lang='lat' dir='ltr'><strong>ill),</strong></span> <span class='ocrx_word' id='word_1_271' title='bbox 1745 2479 1866 2519; x_wconf 90' lang='lat' dir='ltr'><strong>cum</strong></span> <span class='ocrx_word' id='word_1_272' title='bbox 1908 2473 1962 2518; x_wconf 91' lang='lat' dir='ltr'><strong>et</strong></span> <span class='ocrx_word' id='word_1_273' title='bbox 2005 2465 2092 2518; x_wconf 92' lang='lat' dir='ltr'><strong>ille</strong></span> <span class='ocrx_word' id='word_1_274' title='bbox 2121 2463 2196 2518; x_wconf 86' lang='lat' dir='ltr'><strong>ita</strong></span> 
     </span>
    </p>
   </div>
   <div class='ocr_carea' id='block_1_40' title="bbox 621 2556 2195 2623">
    <p class='ocr_par' dir='ltr' id='par_1_40' title="bbox 621 2556 2195 2623">
     <span class='ocr_line' id='line_1_40' title="bbox 621 2556 2195 2623; baseline -0.004 -7"><span class='ocrx_word' id='word_1_275' title='bbox 621 2561 950 2615; x_wconf 90' lang='lat' dir='ltr'><strong>intrinsecus</strong></span> <span class='ocrx_word' id='word_1_276' title='bbox 972 2559 1208 2614; x_wconf 90' lang='lat' dir='ltr'><strong>latenter</strong></span> <span class='ocrx_word' id='word_1_277' title='bbox 1247 2556 1467 2612; x_wconf 90' lang='lat' dir='ltr'><strong>indutus</strong></span> <span class='ocrx_word' id='word_1_278' title='bbox 1510 2572 1576 2611; x_wconf 93' lang='lat' dir='ltr'><strong>eo</strong></span> <span class='ocrx_word' id='word_1_279' title='bbox 1632 2557 1795 2611; x_wconf 82' lang='lat' dir='ltr'><strong>luisse</strong></span> <span class='ocrx_word' id='word_1_280' title='bbox 1844 2566 2195 2623; x_wconf 79' lang='lat' dir='ltr'><strong>monstretur,</strong></span> 
     </span>
    </p>
   </div>
   <div class='ocr_carea' id='block_1_41' title="bbox 621 2650 2198 2722">
    <p class='ocr_par' dir='ltr' id='par_1_41' title="bbox 621 2650 2198 2722">
     <span class='ocr_line' id='line_1_41' title="bbox 621 2650 2198 2722; baseline -0.002 -14"><span class='ocrx_word' id='word_1_281' title='bbox 621 2664 679 2708; x_wconf 89' lang='lat' dir='ltr'><strong>ut</strong></span> <span class='ocrx_word' id='word_1_282' title='bbox 707 2653 808 2708; x_wconf 83' lang='lat' dir='ltr'><strong>nisi</strong></span> <span class='ocrx_word' id='word_1_283' title='bbox 839 2653 1010 2708; x_wconf 87' lang='lat' dir='ltr'><strong>scisso</strong></span> <span class='ocrx_word' id='word_1_284' title='bbox 1040 2653 1270 2722; x_wconf 88' lang='lat' dir='ltr'><strong>desuper</strong></span> <span class='ocrx_word' id='word_1_285' title='bbox 1309 2650 1625 2704; x_wconf 87' lang='lat' dir='ltr'><strong>indumento</strong></span> <span class='ocrx_word' id='word_1_286' title='bbox 1653 2665 1683 2704; x_wconf 91' lang='lat' dir='ltr'><strong>a</strong></span> <span class='ocrx_word' id='word_1_287' title='bbox 1729 2650 1943 2704; x_wconf 89' lang='lat' dir='ltr'><strong>nemine</strong></span> <span class='ocrx_word' id='word_1_288' title='bbox 1973 2665 2198 2717; x_wconf 84' lang='lat' dir='ltr'><strong>prorsus</strong></span> 
     </span>
    </p>
   </div>
   <div class='ocr_carea' id='block_1_42' title="bbox 620 2745 2196 2818">
    <p class='ocr_par' dir='ltr' id='par_1_42' title="bbox 620 2745 2196 2818">
     <span class='ocr_line' id='line_1_42' title="bbox 620 2745 2196 2818; baseline -0.004 -14"><span class='ocrx_word' id='word_1_289' title='bbox 620 2747 887 2817; x_wconf 90' lang='lat' dir='ltr'><strong>potuisset</strong></span> <span class='ocrx_word' id='word_1_290' title='bbox 914 2747 1163 2818; x_wconf 81' lang='lat' dir='ltr'><strong>intelligi,</strong></span> <span class='ocrx_word' id='word_1_291' title='bbox 1196 2753 1264 2817; x_wconf 40' lang='lat' dir='ltr'><strong>.et</strong></span> <span class='ocrx_word' id='word_1_292' title='bbox 1287 2745 1376 2800; x_wconf 91' lang='lat' dir='ltr'><strong>isti</strong></span> <span class='ocrx_word' id='word_1_293' title='bbox 1407 2759 1472 2800; x_wconf 90' lang='lat' dir='ltr'><strong>eo</strong></span> <span class='ocrx_word' id='word_1_294' title='bbox 1503 2753 1750 2814; x_wconf 91' lang='lat' dir='ltr'><strong>tempore</strong></span> <span class='ocrx_word' id='word_1_295' title='bbox 1800 2745 2196 2812; x_wconf 88' lang='lat' dir='ltr'><strong>operimentum</strong></span> 
     </span>
    </p>
   </div>
   <div class='ocr_carea' id='block_1_43' title="bbox 2300 1906 3853 1980">
    <p class='ocr_par' dir='ltr' id='par_1_43' title="bbox 2300 1906 3853 1980">
     <span class='ocr_line' id='line_1_43' title="bbox 2300 1906 3853 1980; baseline -0.004 -15"><span class='ocrx_word' id='word_1_296' title='bbox 2300 1912 2466 1980; x_wconf 91' lang='lat' dir='ltr'><strong>ipsius</strong></span> <span class='ocrx_word' id='word_1_297' title='bbox 2494 1909 2776 1966; x_wconf 84' lang='lat' dir='ltr'><strong>velaniinis</strong></span> <span class='ocrx_word' id='word_1_298' title='bbox 2814 1917 3277 1964; x_wconf 79' lang='lat' dir='ltr'><strong>commoveantur.</strong></span> <span class='ocrx_word' id='word_1_299' title='bbox 3309 1906 3411 1973; x_wconf 87' lang='lat' dir='ltr'><strong>Qui</strong></span> <span class='ocrx_word' id='word_1_300' title='bbox 3444 1908 3646 1962; x_wconf 89' lang='lat' dir='ltr'><strong>reversi</strong></span> <span class='ocrx_word' id='word_1_301' title='bbox 3678 1908 3743 1959; x_wconf 90' lang='lat' dir='ltr'><strong>ad</strong></span> <span class='ocrx_word' id='word_1_302' title='bbox 3779 1906 3853 1959; x_wconf 90' lang='lat' dir='ltr'><strong>in-</strong></span> 
     </span>
    </p>
   </div>
   <div class='ocr_carea' id='block_1_44' title="bbox 2302 1980 3856 2056">
    <p class='ocr_par' dir='ltr' id='par_1_44' title="bbox 2302 1980 3856 2056">
     <span class='ocr_line' id='line_1_44' title="bbox 2302 1980 3856 2056; baseline -0.001 0"><span class='ocrx_word' id='word_1_303' title='bbox 2302 2003 2518 2056; x_wconf 78' lang='lat' dir='ltr'><strong>fantiam</strong></span> <span class='ocrx_word' id='word_1_304' title='bbox 2559 2000 2759 2056; x_wconf 85' lang='lat' dir='ltr'><strong>Christi</strong></span> <span class='ocrx_word' id='word_1_305' title='bbox 2788 2003 2998 2055; x_wconf 90' lang='lat' dir='ltr'><strong>cunctis</strong></span> <span class='ocrx_word' id='word_1_306' title='bbox 3032 2001 3178 2055; x_wconf 86' lang='lat' dir='ltr'><strong>horis</strong></span> <span class='ocrx_word' id='word_1_307' title='bbox 3207 2015 3329 2053; x_wconf 91' lang='lat' dir='ltr'><strong>cum</strong></span> <span class='ocrx_word' id='word_1_308' title='bbox 3355 1999 3553 2054; x_wconf 73' lang='lat' dir='ltr'><strong>ali‘ectu</strong></span> <span class='ocrx_word' id='word_1_309' title='bbox 3581 2016 3646 2053; x_wconf 88' lang='lat' dir='ltr'><strong>ac</strong></span> <span class='ocrx_word' id='word_1_310' title='bbox 3674 1980 3856 2054; x_wconf 82' lang='lat' dir='ltr'><strong>virtute</strong></span> 
     </span>
    </p>
   </div>
   <div class='ocr_carea' id='block_1_45' title="bbox 2301 2092 3853 2160">
    <p class='ocr_par' dir='ltr' id='par_1_45' title="bbox 2301 2092 3853 2160">
     <span class='ocr_line' id='line_1_45' title="bbox 2301 2092 3853 2160; baseline -0.005 -11"><span class='ocrx_word' id='word_1_311' title='bbox 2301 2094 2591 2149; x_wconf 83' lang='lat' dir='ltr'><strong>decantant</strong></span> <span class='ocrx_word' id='word_1_312' title='bbox 2611 2113 2621 2146; x_wconf 89' lang='lat'><strong>:</strong></span> <span class='ocrx_word' id='word_1_313' title='bbox 2641 2092 2882 2160; x_wconf 83' lang='lat' dir='ltr'><strong>Domine,</strong></span> <span class='ocrx_word' id='word_1_314' title='bbox 2906 2109 3006 2146; x_wconf 84' lang='lat' dir='ltr'><strong>non</strong></span> <span class='ocrx_word' id='word_1_315' title='bbox 3037 2101 3111 2146; x_wconf 83' lang='lat' dir='ltr'><strong>est</strong></span> <span class='ocrx_word' id='word_1_316' title='bbox 3139 2092 3420 2146; x_wconf 76' lang='lat' dir='ltr'><strong>exaltatum</strong></span> <span class='ocrx_word' id='word_1_317' title='bbox 3453 2109 3540 2146; x_wconf 85' lang='lat' dir='ltr'><strong>cor</strong></span> <span class='ocrx_word' id='word_1_318' title='bbox 3567 2109 3752 2157; x_wconf 75' lang='lat' dir='ltr'><strong>meum,</strong></span> <span class='ocrx_word' id='word_1_319' title='bbox 3780 2106 3853 2144; x_wconf 58' lang='lat' dir='ltr'><strong>nec</strong></span> 
     </span>
    </p>
   </div>
   <div class='ocr_carea' id='block_1_46' title="bbox 2302 2187 3856 2259">
    <p class='ocr_par' dir='ltr' id='par_1_46' title="bbox 2302 2187 3856 2259">
     <span class='ocr_line' id='line_1_46' title="bbox 2302 2187 3856 2259; baseline -0.004 -15"><span class='ocrx_word' id='word_1_320' title='bbox 2302 2208 2398 2259; x_wconf 89' lang='lat' dir='ltr'><strong>que</strong></span> <span class='ocrx_word' id='word_1_321' title='bbox 2414 2190 2533 2244; x_wconf 88' lang='lat' dir='ltr'><strong>elati</strong></span> <span class='ocrx_word' id='word_1_322' title='bbox 2544 2201 2656 2243; x_wconf 87' lang='lat' dir='ltr'><strong>sunt</strong></span> <span class='ocrx_word' id='word_1_323' title='bbox 2670 2188 2805 2242; x_wconf 84' lang='lat' dir='ltr'><strong>oculi</strong></span> <span class='ocrx_word' id='word_1_324' title='bbox 2820 2189 2940 2255; x_wconf 85' lang='lat' dir='ltr'><strong>mei,</strong></span> <span class='ocrx_word' id='word_1_325' title='bbox 2960 2204 3122 2257; x_wconf 85' lang='lat' dir='ltr'><strong>neque</strong></span> <span class='ocrx_word' id='word_1_326' title='bbox 3141 2187 3398 2242; x_wconf 81' lang='lat' dir='ltr'><strong>ambulavi</strong></span> <span class='ocrx_word' id='word_1_327' title='bbox 3417 2188 3470 2241; x_wconf 88' lang='lat' dir='ltr'><strong>in</strong></span> <span class='ocrx_word' id='word_1_328' title='bbox 3483 2187 3703 2259; x_wconf 83' lang='lat' dir='ltr'><strong>magnis,</strong></span> <span class='ocrx_word' id='word_1_329' title='bbox 3717 2197 3856 2253; x_wconf 73' lang='lat' dir='ltr'><strong>neque</strong></span> 
     </span>
    </p>
   </div>
   <div class='ocr_carea' id='block_1_47' title="bbox 2303 2278 3855 2350">
    <p class='ocr_par' dir='ltr' id='par_1_47' title="bbox 2303 2278 3855 2350">
     <span class='ocr_line' id='line_1_47' title="bbox 2303 2278 3855 2350; baseline -0.005 -13"><span class='ocrx_word' id='word_1_330' title='bbox 2303 2285 2357 2338; x_wconf 88' lang='lat' dir='ltr'><strong>in</strong></span> <span class='ocrx_word' id='word_1_331' title='bbox 2389 2282 2708 2336; x_wconf 77' lang='lat' dir='ltr'><strong>mirabilibus</strong></span> <span class='ocrx_word' id='word_1_332' title='bbox 2742 2297 2894 2350; x_wconf 84' lang='lat' dir='ltr'><strong>super</strong></span> <span class='ocrx_word' id='word_1_333' title='bbox 2925 2297 3023 2334; x_wconf 85' lang='lat' dir='ltr'><strong>me.</strong></span> <span class='ocrx_word' id='word_1_334' title='bbox 3059 2279 3122 2335; x_wconf 90' lang='lat' dir='ltr'><strong>Si</strong></span> <span class='ocrx_word' id='word_1_335' title='bbox 3156 2296 3260 2332; x_wconf 86' lang='lat' dir='ltr'><strong>non</strong></span> <span class='ocrx_word' id='word_1_336' title='bbox 3288 2278 3550 2332; x_wconf 84' lang='lat' dir='ltr'><strong>humiliter</strong></span> <span class='ocrx_word' id='word_1_337' title='bbox 3576 2279 3855 2341; x_wconf 79' lang='lat' dir='ltr'><strong>sentiebam,</strong></span> 
     </span>
    </p>
   </div>
   <div class='ocr_carea' id='block_1_48' title="bbox 2303 2371 3857 2440">
    <p class='ocr_par' dir='ltr' id='par_1_48' title="bbox 2303 2371 3857 2440">
     <span class='ocr_line' id='line_1_48' title="bbox 2303 2371 3857 2440; baseline -0.007 -10"><span class='ocrx_word' id='word_1_338' title='bbox 2303 2376 2391 2430; x_wconf 89' lang='lat' dir='ltr'><strong>sed</strong></span> <span class='ocrx_word' id='word_1_339' title='bbox 2420 2375 2641 2428; x_wconf 76' lang='lat' dir='ltr'><strong>exaltavi</strong></span> <span class='ocrx_word' id='word_1_340' title='bbox 2691 2374 2912 2426; x_wconf 83' lang='lat' dir='ltr'><strong>aitimam</strong></span> <span class='ocrx_word' id='word_1_341' title='bbox 2942 2387 3106 2426; x_wconf 87' lang='lat' dir='ltr'><strong>meam</strong></span> <span class='ocrx_word' id='word_1_342' title='bbox 3133 2375 3301 2425; x_wconf 88' lang='lat' dir='ltr'><strong>:sicut</strong></span> <span class='ocrx_word' id='word_1_343' title='bbox 3326 2371 3610 2425; x_wconf 88' lang='lat' dir='ltr'><strong>ablactatus</strong></span> <span class='ocrx_word' id='word_1_344' title='bbox 3634 2379 3705 2424; x_wconf 88' lang='lat' dir='ltr'><strong>est</strong></span> <span class='ocrx_word' id='word_1_345' title='bbox 3723 2379 3857 2440; x_wconf 88' lang='lat' dir='ltr'><strong>super</strong></span> 
     </span>
    </p>
   </div>
   <div class='ocr_carea' id='block_1_49' title="bbox 2305 2465 3046 2538">
    <p class='ocr_par' dir='ltr' id='par_1_49' title="bbox 2305 2465 3046 2538">
     <span class='ocr_line' id='line_1_49' title="bbox 2305 2465 3046 2538; baseline -0.003 -18"><span class='ocrx_word' id='word_1_346' title='bbox 2305 2481 2464 2524; x_wconf 85' lang='lat' dir='ltr'><strong>matre</strong></span> <span class='ocrx_word' id='word_1_347' title='bbox 2484 2484 2580 2522; x_wconf 87' lang='lat' dir='ltr'><strong>sua</strong></span> <span class='ocrx_word' id='word_1_348' title='bbox 2608 2465 2827 2538; x_wconf 84' lang='lat' dir='ltr'><strong>(Psalm.</strong></span> <span class='ocrx_word' id='word_1_349' title='bbox 2854 2466 3046 2533; x_wconf 83' lang='lat' dir='ltr'><strong>cxxx).</strong></span> 
     </span>
    </p>
   </div>
   <div class='ocr_carea' id='block_1_50' title="bbox 2922 2556 3239 2611">
    <p class='ocr_par' dir='ltr' id='par_1_50' title="bbox 2922 2556 3239 2611">
     <span class='ocr_line' id='line_1_50' title="bbox 2922 2556 3239 2611; baseline -0.006 0"><span class='ocrx_word' id='word_1_350' title='bbox 2922 2556 3152 2611; x_wconf 79' lang='lat' dir='ltr'><strong>CAPUT</strong></span> <span class='ocrx_word' id='word_1_351' title='bbox 3178 2556 3239 2609; x_wconf 70' lang='grc' dir='ltr'><strong>γ.</strong></span> 
     </span>
    </p>
   </div>
   <div class='ocr_carea' id='block_1_51' title="bbox 2730 2648 3442 2726">
    <p class='ocr_par' dir='ltr' id='par_1_51' title="bbox 2730 2648 3442 2726">
     <span class='ocr_line' id='line_1_51' title="bbox 2730 2648 3442 2726; baseline -0.001 -21"><span class='ocrx_word' id='word_1_352' title='bbox 2730 2652 2806 2705; x_wconf 87' lang='lat' dir='ltr'><strong>De</strong></span> <span class='ocrx_word' id='word_1_353' title='bbox 2827 2651 3033 2705; x_wconf 86' lang='lat' dir='ltr'><strong>colobiis</strong></span> <span class='ocrx_word' id='word_1_354' title='bbox 3059 2648 3132 2703; x_wconf 61' lang='lat' dir='ltr'><strong>1E</strong></span> <span class='ocrx_word' id='word_1_355' title='bbox 3137 2651 3442 2726; x_wconf 72' lang='lat' dir='ltr'><strong>gyptiorum.</strong></span> 
     </span>
    </p>
   </div>
   <div class='ocr_carea' id='block_1_52' title="bbox 2378 2739 3862 2813">
    <p class='ocr_par' dir='ltr' id='par_1_52' title="bbox 2378 2739 3862 2813">
     <span class='ocr_line' id='line_1_52' title="bbox 2378 2739 3862 2813; baseline -0.002 -13"><span class='ocrx_word' id='word_1_356' title='bbox 2378 2743 2405 2782; x_wconf 75' lang='grc' dir='ltr'>ι’</span> <span class='ocrx_word' id='word_1_357' title='bbox 2435 2743 2674 2800; x_wconf 90' lang='lat' dir='ltr'><strong>Colobiis</strong></span> <span class='ocrx_word' id='word_1_358' title='bbox 2700 2758 2912 2813; x_wconf 89' lang='lat' dir='ltr'><strong>quoque</strong></span> <span class='ocrx_word' id='word_1_359' title='bbox 2940 2742 3094 2796; x_wconf 89' lang='lat' dir='ltr'><strong>lineis</strong></span> <span class='ocrx_word' id='word_1_360' title='bbox 3126 2741 3319 2808; x_wconf 90' lang='lat' dir='ltr'><strong>induti,</strong></span> <span class='ocrx_word' id='word_1_361' title='bbox 3351 2755 3470 2811; x_wconf 70' lang='lat' dir='ltr'><strong>qua:</strong></span> <span class='ocrx_word' id='word_1_362' title='bbox 3497 2739 3590 2796; x_wconf 82' lang='lat' dir='ltr'><strong>vix</strong></span> <span class='ocrx_word' id='word_1_363' title='bbox 3622 2740 3692 2796; x_wconf 87' lang='lat' dir='ltr'><strong>ad</strong></span> <span class='ocrx_word' id='word_1_364' title='bbox 3722 2741 3862 2797; x_wconf 86' lang='lat' dir='ltr'><strong>cubi-</strong></span> 
     </span>
    </p>
   </div>
   <div class='ocr_carea' id='block_1_53' title="bbox 1692 2880 2826 2939">
    <p class='ocr_par' dir='ltr' id='par_1_53' title="bbox 1692 2880 2826 2939">
     <span class='ocr_line' id='line_1_53' title="bbox 1692 2880 2826 2939; baseline -0.001 -2"><span class='ocrx_word' id='word_1_365' title='bbox 1692 2881 1949 2937; x_wconf 80' lang='lat' dir='ltr'><strong>ALARDI</strong></span> <span class='ocrx_word' id='word_1_366' title='bbox 1988 2880 2224 2938; x_wconf 71' lang='grc' dir='ltr'><strong>ΕΑΖᾸΞΙ</strong></span> <span class='ocrx_word' id='word_1_367' title='bbox 2264 2880 2826 2939; x_wconf 77' lang='lat' dir='ltr'><strong>COMMENTARIUS.</strong></span> 
     </span>
    </p>
   </div>
   <div class='ocr_carea' id='block_1_54' title="bbox 691 2974 2187 3040">
    <p class='ocr_par' dir='ltr' id='par_1_54' title="bbox 691 2974 2187 3040">
     <span class='ocr_line' id='line_1_54' title="bbox 691 2974 2187 3040; baseline -0.002 -9"><span class='ocrx_word' id='word_1_368' title='bbox 691 2986 718 3015; x_wconf 70' lang='grc'>⁸</span> <span class='ocrx_word' id='word_1_369' title='bbox 747 2975 1023 3038; x_wconf 90' lang='lat' dir='ltr'><strong>Cucullus,</strong></span> <span class='ocrx_word' id='word_1_370' title='bbox 1053 2975 1142 3028; x_wconf 88' lang='lat' dir='ltr'><strong>vel</strong></span> <span class='ocrx_word' id='word_1_371' title='bbox 1182 2974 1436 3036; x_wconf 91' lang='lat' dir='ltr'><strong>cucullio,</strong></span> <span class='ocrx_word' id='word_1_372' title='bbox 1478 2975 1564 3029; x_wconf 88' lang='lat' dir='ltr'><strong>vel</strong></span> <span class='ocrx_word' id='word_1_373' title='bbox 1615 2975 1790 3029; x_wconf 89' lang='lat' dir='ltr'><strong>minus</strong></span> <span class='ocrx_word' id='word_1_374' title='bbox 1831 2975 2036 3040; x_wconf 89' lang='lat' dir='ltr'><strong>Latine,</strong></span> <span class='ocrx_word' id='word_1_375' title='bbox 2092 2990 2187 3028; x_wconf 92' lang='lat' dir='ltr'><strong>cu-</strong></span> 
     </span>
    </p>
   </div>
   <div class='ocr_carea' id='block_1_55' title="bbox 551 3046 2190 3117">
    <p class='ocr_par' dir='ltr' id='par_1_55' title="bbox 551 3046 2190 3117">
     <span class='ocr_line' id='line_1_55' title="bbox 551 3046 2190 3117; baseline -0.001 -17"><span class='ocrx_word' id='word_1_376' title='bbox 551 3060 553 3063; x_wconf 86' lang='lat'>&#39;</span> <span class='ocrx_word' id='word_1_377' title='bbox 620 3048 782 3108; x_wconf 76' lang='lat' dir='ltr'><strong>nulla.</strong></span> <span class='ocrx_word' id='word_1_378' title='bbox 811 3061 981 3117; x_wconf 78' lang='lat' dir='ltr'><strong>genus</strong></span> <span class='ocrx_word' id='word_1_379' title='bbox 1032 3054 1116 3100; x_wconf 86' lang='lat' dir='ltr'><strong>est</strong></span> <span class='ocrx_word' id='word_1_380' title='bbox 1152 3046 1485 3111; x_wconf 88' lang='lat' dir='ltr'><strong>vestimenti,</strong></span> <span class='ocrx_word' id='word_1_381' title='bbox 1514 3060 1611 3099; x_wconf 90' lang='lat' dir='ltr'><strong>seu</strong></span> <span class='ocrx_word' id='word_1_382' title='bbox 1653 3048 1904 3108; x_wconf 82' lang='lat' dir='ltr'><strong>amicuis,</strong></span> <span class='ocrx_word' id='word_1_383' title='bbox 1941 3055 2101 3115; x_wconf 88' lang='lat' dir='ltr'><strong>caput</strong></span> <span class='ocrx_word' id='word_1_384' title='bbox 2135 3053 2190 3099; x_wconf 86' lang='lat' dir='ltr'><strong>et</strong></span> 
     </span>
    </p>
   </div>
   <div class='ocr_carea' id='block_1_56' title="bbox 624 3117 2186 3181">
    <p class='ocr_par' dir='ltr' id='par_1_56' title="bbox 624 3117 2186 3181">
     <span class='ocr_line' id='line_1_56' title="bbox 624 3117 2186 3181; baseline -0.001 -9"><span class='ocrx_word' id='word_1_385' title='bbox 624 3120 880 3173; x_wconf 89' lang='lat' dir='ltr'><strong>humeros</strong></span> <span class='ocrx_word' id='word_1_386' title='bbox 908 3117 1359 3180; x_wconf 86' lang='lat' dir='ltr'><strong>circumambiens</strong></span> <span class='ocrx_word' id='word_1_387' title='bbox 1388 3125 1443 3170; x_wconf 92' lang='lat' dir='ltr'><strong>et</strong></span> <span class='ocrx_word' id='word_1_388' title='bbox 1472 3126 1789 3181; x_wconf 66' lang='lat' dir='ltr'><strong>protegens;</strong></span> <span class='ocrx_word' id='word_1_389' title='bbox 1822 3118 1964 3171; x_wconf 91' lang='lat' dir='ltr'><strong>unde</strong></span> <span class='ocrx_word' id='word_1_390' title='bbox 2001 3117 2186 3171; x_wconf 89' lang='lat' dir='ltr'><strong>cucul-</strong></span> 
     </span>
    </p>
   </div>
   <div class='ocr_carea' id='block_1_57' title="bbox 2287 2972 3862 3045">
    <p class='ocr_par' dir='ltr' id='par_1_57' title="bbox 2287 2972 3862 3045">
     <span class='ocr_line' id='line_1_57' title="bbox 2287 2972 3862 3045; baseline 0 -19"><span class='ocrx_word' id='word_1_391' title='bbox 2287 2975 2521 3029; x_wconf 86' lang='lat' dir='ltr'><strong>habitum</strong></span> <span class='ocrx_word' id='word_1_392' title='bbox 2551 2976 2758 3045; x_wconf 86' lang='lat' dir='ltr'><strong>longum</strong></span> <span class='ocrx_word' id='word_1_393' title='bbox 2797 2984 2842 3027; x_wconf 88' lang='lat' dir='ltr'><strong>et</strong></span> <span class='ocrx_word' id='word_1_394' title='bbox 2879 2974 3128 3044; x_wconf 89' lang='lat' dir='ltr'><strong>amplum,</strong></span> <span class='ocrx_word' id='word_1_395' title='bbox 3157 2973 3246 3026; x_wconf 85' lang='lat' dir='ltr'><strong>sed</strong></span> <span class='ocrx_word' id='word_1_396' title='bbox 3271 2972 3504 3026; x_wconf 83' lang='lat' dir='ltr'><strong>manicas</strong></span> <span class='ocrx_word' id='word_1_397' title='bbox 3531 2988 3633 3025; x_wconf 88' lang='lat' dir='ltr'><strong>non</strong></span> <span class='ocrx_word' id='word_1_398' title='bbox 3654 2973 3862 3045; x_wconf 56' lang='lat' dir='ltr'><strong>[taben-</strong></span> 
     </span>
    </p>
   </div>
   <div class='ocr_carea' id='block_1_58' title="bbox 2290 3041 3863 3112">
    <p class='ocr_par' dir='ltr' id='par_1_58' title="bbox 2290 3041 3863 3112">
     <span class='ocr_line' id='line_1_58' title="bbox 2290 3041 3863 3112; baseline 0 -14"><span class='ocrx_word' id='word_1_399' title='bbox 2290 3055 2424 3111; x_wconf 88' lang='lat' dir='ltr'><strong>tem;</strong></span> <span class='ocrx_word' id='word_1_400' title='bbox 2455 3050 2588 3100; x_wconf 84' lang='lat' dir='ltr'><strong>sicut</strong></span> <span class='ocrx_word' id='word_1_401' title='bbox 2615 3041 2818 3099; x_wconf 73' lang='lat' dir='ltr'><strong>videtur</strong></span> <span class='ocrx_word' id='word_1_402' title='bbox 2846 3041 3076 3099; x_wconf 83' lang='lat' dir='ltr'><strong>Clemens</strong></span> <span class='ocrx_word' id='word_1_403' title='bbox 3107 3061 3242 3112; x_wconf 88' lang='lat' dir='ltr'><strong>papa</strong></span> <span class='ocrx_word' id='word_1_404' title='bbox 3274 3045 3502 3111; x_wconf 84' lang='lat' dir='ltr'><strong>accipere</strong></span> <span class='ocrx_word' id='word_1_405' title='bbox 3546 3045 3599 3096; x_wconf 87' lang='lat' dir='ltr'><strong>in</strong></span> <span class='ocrx_word' id='word_1_406' title='bbox 3639 3041 3863 3098; x_wconf 82' lang='lat' dir='ltr'><strong>Clemen-</strong></span> 
     </span>
    </p>
   </div>
   <div class='ocr_carea' id='block_1_59' title="bbox 2292 3116 3864 3188">
    <p class='ocr_par' dir='ltr' id='par_1_59' title="bbox 2292 3116 3864 3188">
     <span class='ocr_line' id='line_1_59' title="bbox 2292 3116 3864 3188; baseline -0.002 -18"><span class='ocrx_word' id='word_1_407' title='bbox 2292 3117 2398 3188; x_wconf 79' lang='lat' dir='ltr'><strong>tina</strong></span> <span class='ocrx_word' id='word_1_408' title='bbox 2430 3119 2598 3188; x_wconf 90' lang='lat' dir='ltr'><strong>prima</strong></span> <span class='ocrx_word' id='word_1_409' title='bbox 2637 3118 2701 3170; x_wconf 89' lang='lat' dir='ltr'><strong>de</strong></span> <span class='ocrx_word' id='word_1_410' title='bbox 2737 3125 2876 3168; x_wconf 87' lang='lat' dir='ltr'><strong>statu</strong></span> <span class='ocrx_word' id='word_1_411' title='bbox 2904 3117 3311 3188; x_wconf 72' lang='lat' dir='ltr'><strong>monachorum;</strong></span> <span class='ocrx_word' id='word_1_412' title='bbox 3354 3117 3544 3188; x_wconf 70' lang='lat' dir='ltr'><strong>[locum</strong></span> <span class='ocrx_word' id='word_1_413' title='bbox 3591 3130 3708 3167; x_wconf 82' lang='lat' dir='ltr'><strong>vero</strong></span> <span class='ocrx_word' id='word_1_414' title='bbox 3751 3116 3864 3188; x_wconf 83' lang='lat' dir='ltr'><strong>dicit</strong></span> 
     </span>
    </p>
   </div>
   <div class='ocr_carea' id='block_1_60' title="bbox 621 3174 3864 3257">
    <p class='ocr_par' dir='ltr' id='par_1_60' title="bbox 621 3174 3864 3257">
     <span class='ocr_line' id='line_1_60' title="bbox 621 3174 3864 3257; baseline -0.002 -14"><span class='ocrx_word' id='word_1_415' title='bbox 621 3190 786 3252; x_wconf 85' lang='lat' dir='ltr'><strong>latus,</strong></span> <span class='ocrx_word' id='word_1_416' title='bbox 811 3190 863 3243; x_wconf 91' lang='lat' dir='ltr'><strong>id</strong></span> <span class='ocrx_word' id='word_1_417' title='bbox 893 3197 999 3252; x_wconf 89' lang='lat' dir='ltr'><strong>est,</strong></span> <span class='ocrx_word' id='word_1_418' title='bbox 1022 3177 1232 3242; x_wconf 87' lang='lat' dir='ltr'><strong>cucnllo</strong></span> <span class='ocrx_word' id='word_1_419' title='bbox 1255 3189 1337 3241; x_wconf 83' lang='lat' dir='ltr'><strong>vel</strong></span> <span class='ocrx_word' id='word_1_420' title='bbox 1370 3174 1581 3240; x_wconf 79' lang='lat' dir='ltr'><strong>cuculla</strong></span> <span class='ocrx_word' id='word_1_421' title='bbox 1603 3174 1822 3240; x_wconf 81' lang='lat' dir='ltr'><strong>indutus</strong></span> <span class='ocrx_word' id='word_1_422' title='bbox 1847 3186 1938 3257; x_wconf 75' lang='lat'><strong>(1).</strong></span> <span class='ocrx_word' id='word_1_423' title='bbox 1973 3188 2188 3240; x_wconf 82' lang='lat' dir='ltr'><strong>Ambra-</strong></span> <span class='ocrx_word' id='word_1_424' title='bbox 2216 3174 2264 3239; x_wconf 83' lang='lat' dir='ltr'><strong>C</strong></span> <span class='ocrx_word' id='word_1_425' title='bbox 2292 3174 2538 3250; x_wconf 76' lang='lat' dir='ltr'><strong>habitum,</strong></span> <span class='ocrx_word' id='word_1_426' title='bbox 2571 3189 2659 3256; x_wconf 87' lang='lat' dir='ltr'><strong>qui</strong></span> <span class='ocrx_word' id='word_1_427' title='bbox 2686 3188 2864 3257; x_wconf 79' lang='lat' dir='ltr'><strong>longas</strong></span> <span class='ocrx_word' id='word_1_428' title='bbox 2894 3185 3040 3238; x_wconf 86' lang='lat' dir='ltr'><strong>habet</strong></span> <span class='ocrx_word' id='word_1_429' title='bbox 3070 3174 3314 3238; x_wconf 74' lang='lat' dir='ltr'><strong>manicas.</strong></span> <span class='ocrx_word' id='word_1_430' title='bbox 3343 3174 3450 3257; x_wconf 59' lang='lat' dir='ltr'><strong>Alii</strong></span> <span class='ocrx_word' id='word_1_431' title='bbox 3475 3201 3591 3237; x_wconf 87' lang='lat' dir='ltr'><strong>vero</strong></span> <span class='ocrx_word' id='word_1_432' title='bbox 3617 3187 3864 3240; x_wconf 80' lang='lat' dir='ltr'><strong>cucullum</strong></span> 
     </span>
    </p>
   </div>
   <div class='ocr_carea' id='block_1_61' title="bbox 619 3256 2191 3325">
    <p class='ocr_par' dir='ltr' id='par_1_61' title="bbox 619 3256 2191 3325">
     <span class='ocr_line' id='line_1_61' title="bbox 619 3256 2191 3325; baseline -0.003 -11"><span class='ocrx_word' id='word_1_433' title='bbox 619 3262 723 3315; x_wconf 85' lang='lat' dir='ltr'><strong>sius</strong></span> <span class='ocrx_word' id='word_1_434' title='bbox 750 3277 905 3316; x_wconf 87' lang='lat' dir='ltr'><strong>serm.</strong></span> <span class='ocrx_word' id='word_1_435' title='bbox 943 3260 1072 3320; x_wconf 89' lang='lat' dir='ltr'><strong>ult.,</strong></span> <span class='ocrx_word' id='word_1_436' title='bbox 1107 3257 1354 3311; x_wconf 87' lang='lat' dir='ltr'><strong>Sidonius</strong></span> <span class='ocrx_word' id='word_1_437' title='bbox 1379 3257 1468 3312; x_wconf 88' lang='lat' dir='ltr'><strong>lib.</strong></span> <span class='ocrx_word' id='word_1_438' title='bbox 1493 3274 1564 3311; x_wconf 83' lang='lat' dir='ltr'><strong>vn</strong></span> <span class='ocrx_word' id='word_1_439' title='bbox 1587 3259 1736 3325; x_wconf 91' lang='lat' dir='ltr'><strong>epist.</strong></span> <span class='ocrx_word' id='word_1_440' title='bbox 1767 3259 1852 3318; x_wconf 77' lang='lat' dir='ltr'><strong>lli,</strong></span> <span class='ocrx_word' id='word_1_441' title='bbox 1891 3256 2033 3312; x_wconf 89' lang='lat' dir='ltr'><strong>Petr.</strong></span> <span class='ocrx_word' id='word_1_442' title='bbox 2067 3258 2191 3312; x_wconf 81' lang='lat' dir='ltr'><strong>Clu-</strong></span> 
     </span>
    </p>
   </div>
   <div class='ocr_carea' id='block_1_62' title="bbox 620 3326 2192 3396">
    <p class='ocr_par' dir='ltr' id='par_1_62' title="bbox 620 3326 2192 3396">
     <span class='ocr_line' id='line_1_62' title="bbox 620 3326 2192 3396; baseline -0.002 -11"><span class='ocrx_word' id='word_1_443' title='bbox 620 3334 845 3385; x_wconf 84' lang='lat' dir='ltr'><strong>niaceus.</strong></span> <span class='ocrx_word' id='word_1_444' title='bbox 897 3331 935 3383; x_wconf 92' lang='lat' dir='ltr'><strong>l.</strong></span> <span class='ocrx_word' id='word_1_445' title='bbox 983 3344 1043 3382; x_wconf 90' lang='grc' dir='ltr'><strong>ιιι</strong></span> <span class='ocrx_word' id='word_1_446' title='bbox 1086 3326 1256 3396; x_wconf 84' lang='lat' dir='ltr'><strong>Epist.</strong></span> <span class='ocrx_word' id='word_1_447' title='bbox 1307 3326 1424 3391; x_wconf 71' lang='lat'><strong>‘28).</strong></span> <span class='ocrx_word' id='word_1_448' title='bbox 1456 3329 1620 3382; x_wconf 85' lang='lat' dir='ltr'><strong>Porro</strong></span> <span class='ocrx_word' id='word_1_449' title='bbox 1652 3328 1872 3381; x_wconf 89' lang='lat' dir='ltr'><strong>cucullis</strong></span> <span class='ocrx_word' id='word_1_450' title='bbox 1905 3329 2192 3382; x_wconf 81' lang='lat' dir='ltr'><strong>utebantur</strong></span> 
     </span>
    </p>
   </div>
   <div class='ocr_carea' id='block_1_63' title="bbox 619 3398 2192 3469">
    <p class='ocr_par' dir='ltr' id='par_1_63' title="bbox 619 3398 2192 3469">
     <span class='ocr_line' id='line_1_63' title="bbox 619 3398 2192 3469; baseline -0.002 -13"><span class='ocrx_word' id='word_1_451' title='bbox 619 3403 867 3456; x_wconf 86' lang='lat' dir='ltr'><strong>monachi</strong></span> <span class='ocrx_word' id='word_1_452' title='bbox 899 3399 1163 3469; x_wconf 62' lang='lat' dir='ltr'><strong>Egyptii,</strong></span> <span class='ocrx_word' id='word_1_453' title='bbox 1205 3413 1308 3452; x_wconf 91' lang='lat' dir='ltr'><strong>non</strong></span> <span class='ocrx_word' id='word_1_454' title='bbox 1341 3408 1445 3450; x_wconf 87' lang='lat' dir='ltr'><strong>tam</strong></span> <span class='ocrx_word' id='word_1_455' title='bbox 1476 3398 1542 3450; x_wconf 89' lang='lat' dir='ltr'><strong>ad</strong></span> <span class='ocrx_word' id='word_1_456' title='bbox 1590 3398 1832 3465; x_wconf 89' lang='lat' dir='ltr'><strong>corporis</strong></span> <span class='ocrx_word' id='word_1_457' title='bbox 1869 3414 2069 3464; x_wconf 88' lang='lat' dir='ltr'><strong>curam,</strong></span> <span class='ocrx_word' id='word_1_458' title='bbox 2116 3401 2192 3454; x_wconf 90' lang='lat' dir='ltr'><strong>ait</strong></span> 
     </span>
    </p>
   </div>
   <div class='ocr_carea' id='block_1_64' title="bbox 619 3469 2194 3538">
    <p class='ocr_par' dir='ltr' id='par_1_64' title="bbox 619 3469 2194 3538">
     <span class='ocr_line' id='line_1_64' title="bbox 619 3469 2194 3538; baseline -0.003 -11"><span class='ocrx_word' id='word_1_459' title='bbox 619 3473 931 3537; x_wconf 84' lang='lat' dir='ltr'><strong>Cassianus,</strong></span> <span class='ocrx_word' id='word_1_460' title='bbox 982 3483 1140 3538; x_wconf 91' lang='lat' dir='ltr'><strong>quam</strong></span> <span class='ocrx_word' id='word_1_461' title='bbox 1173 3469 1239 3521; x_wconf 89' lang='lat' dir='ltr'><strong>ad</strong></span> <span class='ocrx_word' id='word_1_462' title='bbox 1269 3470 1579 3522; x_wconf 76' lang='lat' dir='ltr'><strong>monasticae</strong></span> <span class='ocrx_word' id='word_1_463' title='bbox 1617 3469 1994 3535; x_wconf 82' lang='lat' dir='ltr'><strong>simplicitatis,</strong></span> <span class='ocrx_word' id='word_1_464' title='bbox 2025 3481 2078 3522; x_wconf 90' lang='lat' dir='ltr'><strong>et</strong></span> <span class='ocrx_word' id='word_1_465' title='bbox 2108 3469 2194 3524; x_wconf 86' lang='lat' dir='ltr'><strong>in-</strong></span> 
     </span>
    </p>
   </div>
   <div class='ocr_carea' id='block_1_65' title="bbox 624 3539 2192 3612">
    <p class='ocr_par' dir='ltr' id='par_1_65' title="bbox 624 3539 2192 3612">
     <span class='ocr_line' id='line_1_65' title="bbox 624 3539 2192 3612; baseline -0.002 -16"><span class='ocrx_word' id='word_1_466' title='bbox 624 3544 889 3597; x_wconf 72' lang='lat' dir='ltr'><strong>nocentiae</strong></span> <span class='ocrx_word' id='word_1_467' title='bbox 919 3541 1252 3612; x_wconf 71' lang='lat' dir='ltr'><strong>symbolum,</strong></span> <span class='ocrx_word' id='word_1_468' title='bbox 1272 3539 1416 3608; x_wconf 90' lang='lat' dir='ltr'><strong>quod</strong></span> <span class='ocrx_word' id='word_1_469' title='bbox 1456 3540 1616 3612; x_wconf 67' lang='lat' dir='ltr'><strong>etiam</strong></span> <span class='ocrx_word' id='word_1_470' title='bbox 1651 3549 1878 3612; x_wconf 86' lang='lat' dir='ltr'><strong>testatur</strong></span> <span class='ocrx_word' id='word_1_471' title='bbox 1913 3540 1975 3593; x_wconf 84' lang='grc' dir='ltr'><strong>Β.</strong></span> <span class='ocrx_word' id='word_1_472' title='bbox 2027 3541 2192 3594; x_wconf 89' lang='lat' dir='ltr'><strong>Doro-</strong></span> 
     </span>
    </p>
   </div>
   <div class='ocr_carea' id='block_1_66' title="bbox 622 3607 2192 3680">
    <p class='ocr_par' dir='ltr' id='par_1_66' title="bbox 622 3607 2192 3680">
     <span class='ocr_line' id='line_1_66' title="bbox 622 3607 2192 3680; baseline -0.002 -13"><span class='ocrx_word' id='word_1_473' title='bbox 622 3613 777 3668; x_wconf 88' lang='lat' dir='ltr'><strong>theus</strong></span> <span class='ocrx_word' id='word_1_474' title='bbox 793 3615 914 3668; x_wconf 88' lang='lat' dir='ltr'><strong>loco</strong></span> <span class='ocrx_word' id='word_1_475' title='bbox 939 3607 1186 3680; x_wconf 77' lang='lat' dir='ltr'><strong>superius</strong></span> <span class='ocrx_word' id='word_1_476' title='bbox 1209 3607 1374 3664; x_wconf 79' lang='lat' dir='ltr'><strong>citato</strong></span> <span class='ocrx_word' id='word_1_477' title='bbox 1401 3627 1413 3661; x_wconf 88' lang='lat'><strong>:</strong></span> <span class='ocrx_word' id='word_1_478' title='bbox 1441 3607 1914 3676; x_wconf 86' lang='lat' dir='ltr'><strong>Ferimus,inquit,</strong></span> <span class='ocrx_word' id='word_1_479' title='bbox 1941 3621 1988 3664; x_wconf 88' lang='lat' dir='ltr'><strong>et</strong></span> <span class='ocrx_word' id='word_1_480' title='bbox 2017 3613 2192 3664; x_wconf 89' lang='lat' dir='ltr'><strong>cucul-</strong></span> 
     </span>
    </p>
   </div>
   <div class='ocr_carea' id='block_1_67' title="bbox 619 3681 2194 3755">
    <p class='ocr_par' dir='ltr' id='par_1_67' title="bbox 619 3681 2194 3755">
     <span class='ocr_line' id='line_1_67' title="bbox 619 3681 2194 3755; baseline -0.001 -17"><span class='ocrx_word' id='word_1_481' title='bbox 619 3685 754 3748; x_wconf 86' lang='lat' dir='ltr'><strong>lum,</strong></span> <span class='ocrx_word' id='word_1_482' title='bbox 792 3683 928 3755; x_wconf 86' lang='lat' dir='ltr'><strong>quod</strong></span> <span class='ocrx_word' id='word_1_483' title='bbox 959 3682 1263 3755; x_wconf 73' lang='lat' dir='ltr'><strong>innocentiw</strong></span> <span class='ocrx_word' id='word_1_484' title='bbox 1304 3681 1507 3755; x_wconf 75' lang='lat' dir='ltr'><strong>signum</strong></span> <span class='ocrx_word' id='word_1_485' title='bbox 1536 3692 1609 3734; x_wconf 86' lang='lat' dir='ltr'><strong>est</strong></span> <span class='ocrx_word' id='word_1_486' title='bbox 1652 3690 1699 3734; x_wconf 89' lang='lat' dir='ltr'><strong>et</strong></span> <span class='ocrx_word' id='word_1_487' title='bbox 1728 3683 2000 3755; x_wconf 78' lang='lat' dir='ltr'><strong>puritatis.</strong></span> <span class='ocrx_word' id='word_1_488' title='bbox 2034 3682 2194 3755; x_wconf 78' lang='lat' dir='ltr'><strong>Pueri</strong></span> 
     </span>
    </p>
   </div>
   <div class='ocr_carea' id='block_1_68' title="bbox 619 3751 2193 3827">
    <p class='ocr_par' dir='ltr' id='par_1_68' title="bbox 619 3751 2193 3827">
     <span class='ocr_line' id='line_1_68' title="bbox 619 3751 2193 3827; baseline 0.001 -18"><span class='ocrx_word' id='word_1_489' title='bbox 619 3758 752 3810; x_wconf 89' lang='lat' dir='ltr'><strong>enim</strong></span> <span class='ocrx_word' id='word_1_490' title='bbox 782 3751 991 3827; x_wconf 80' lang='lat' dir='ltr'><strong>parvuli</strong></span> <span class='ocrx_word' id='word_1_491' title='bbox 1029 3751 1288 3827; x_wconf 80' lang='lat' dir='ltr'><strong>cucullum</strong></span> <span class='ocrx_word' id='word_1_492' title='bbox 1335 3751 1528 3822; x_wconf 85' lang='lat' dir='ltr'><strong>ferunt,</strong></span> <span class='ocrx_word' id='word_1_493' title='bbox 1560 3768 1662 3805; x_wconf 88' lang='lat' dir='ltr'><strong>non</strong></span> <span class='ocrx_word' id='word_1_494' title='bbox 1690 3751 1782 3827; x_wconf 72' lang='lat' dir='ltr'><strong>viri</strong></span> <span class='ocrx_word' id='word_1_495' title='bbox 1818 3755 2046 3827; x_wconf 74' lang='lat' dir='ltr'><strong>perfecti.</strong></span> <span class='ocrx_word' id='word_1_496' title='bbox 2080 3753 2193 3827; x_wconf 84' lang='lat' dir='ltr'><strong>Nos</strong></span> 
     </span>
    </p>
   </div>
   <div class='ocr_carea' id='block_1_69' title="bbox 617 3819 2194 3896">
    <p class='ocr_par' dir='ltr' id='par_1_69' title="bbox 617 3819 2194 3896">
     <span class='ocr_line' id='line_1_69' title="bbox 617 3819 2194 3896; baseline 0 -17"><span class='ocrx_word' id='word_1_497' title='bbox 617 3819 792 3896; x_wconf 59' lang='lat' dir='ltr'><strong>igitur&#39;</strong></span> <span class='ocrx_word' id='word_1_498' title='bbox 821 3824 1081 3879; x_wconf 85' lang='lat' dir='ltr'><strong>cucullum</strong></span> <span class='ocrx_word' id='word_1_499' title='bbox 1137 3819 1376 3893; x_wconf 76' lang='lat' dir='ltr'><strong>ferimus,</strong></span> <span class='ocrx_word' id='word_1_500' title='bbox 1428 3832 1483 3896; x_wconf 84' lang='lat' dir='ltr'><strong>ut</strong></span> <span class='ocrx_word' id='word_1_501' title='bbox 1554 3819 1976 3896; x_wconf 37' lang='lat' dir='ltr'><strong>parvulid&#39;sim&#39;us</strong></span> <span class='ocrx_word' id='word_1_502' title='bbox 2041 3825 2194 3879; x_wconf 86' lang='lat' dir='ltr'><strong>mali-</strong></span> 
     </span>
    </p>
   </div>
   <div class='ocr_carea' id='block_1_70' title="bbox 621 3894 2195 3963">
    <p class='ocr_par' dir='ltr' id='par_1_70' title="bbox 621 3894 2195 3963">
     <span class='ocr_line' id='line_1_70' title="bbox 621 3894 2195 3963; baseline 0 -13"><span class='ocrx_word' id='word_1_503' title='bbox 621 3894 723 3960; x_wconf 84' lang='lat' dir='ltr'><strong>tia;</strong></span> <span class='ocrx_word' id='word_1_504' title='bbox 759 3896 1186 3963; x_wconf 84' lang='lat' dir='ltr'><strong>quemadmodum</strong></span> <span class='ocrx_word' id='word_1_505' title='bbox 1218 3904 1388 3948; x_wconf 86' lang='lat' dir='ltr'><strong>monet</strong></span> <span class='ocrx_word' id='word_1_506' title='bbox 1414 3894 1719 3963; x_wconf 85' lang='lat' dir='ltr'><strong>Apostolus:</strong></span> <span class='ocrx_word' id='word_1_507' title='bbox 1744 3894 1922 3949; x_wconf 86' lang='lat' dir='ltr'><strong>Nolite</strong></span> <span class='ocrx_word' id='word_1_508' title='bbox 1965 3898 2195 3950; x_wconf 83' lang='lat' dir='ltr'><strong>sensibus</strong></span> 
     </span>
    </p>
   </div>
   <div class='ocr_carea' id='block_1_71' title="bbox 618 3965 2194 4038">
    <p class='ocr_par' dir='ltr' id='par_1_71' title="bbox 618 3965 2194 4038">
     <span class='ocr_line' id='line_1_71' title="bbox 618 3965 2194 4038; baseline -0.001 -19"><span class='ocrx_word' id='word_1_509' title='bbox 618 3968 819 4038; x_wconf 79' lang='lat' dir='ltr'><strong>parvuli</strong></span> <span class='ocrx_word' id='word_1_510' title='bbox 849 3984 986 4033; x_wconf 87' lang='lat' dir='ltr'><strong>esse;</strong></span> <span class='ocrx_word' id='word_1_511' title='bbox 1024 3965 1222 4019; x_wconf 88' lang='lat' dir='ltr'><strong>malitia</strong></span> <span class='ocrx_word' id='word_1_512' title='bbox 1261 3977 1424 4019; x_wconf 80' lang='lat' dir='ltr'><strong>autem</strong></span> <span class='ocrx_word' id='word_1_513' title='bbox 1468 3966 1883 4038; x_wconf 68' lang='lat' dir='ltr'><strong>parvuliestote.</strong></span> <span class='ocrx_word' id='word_1_514' title='bbox 1935 3967 2194 4038; x_wconf 83' lang='lat' dir='ltr'><strong>Sozome-</strong></span> 
     </span>
    </p>
   </div>
   <div class='ocr_carea' id='block_1_72' title="bbox 619 4035 2195 4104">
    <p class='ocr_par' dir='ltr' id='par_1_72' title="bbox 619 4035 2195 4104">
     <span class='ocr_line' id='line_1_72' title="bbox 619 4035 2195 4104; baseline -0.001 -13"><span class='ocrx_word' id='word_1_515' title='bbox 619 4035 720 4091; x_wconf 82' lang='lat' dir='ltr'><strong>nus</strong></span> <span class='ocrx_word' id='word_1_516' title='bbox 775 4038 866 4091; x_wconf 90' lang='lat' dir='ltr'><strong>lib.</strong></span> <span class='ocrx_word' id='word_1_517' title='bbox 912 4054 969 4092; x_wconf 90' lang='grc' dir='ltr'><strong>ιιι</strong></span> <span class='ocrx_word' id='word_1_518' title='bbox 1019 4037 1222 4092; x_wconf 89' lang='lat' dir='ltr'><strong>Histor.</strong></span> <span class='ocrx_word' id='word_1_519' title='bbox 1271 4051 1389 4104; x_wconf 89' lang='lat' dir='ltr'><strong>cap.</strong></span> <span class='ocrx_word' id='word_1_520' title='bbox 1444 4037 1510 4089; x_wconf 76' lang='lat'><strong>13</strong></span> <span class='ocrx_word' id='word_1_521' title='bbox 1559 4037 1626 4089; x_wconf 89' lang='lat' dir='ltr'><strong>de</strong></span> <span class='ocrx_word' id='word_1_522' title='bbox 1673 4035 1864 4088; x_wconf 89' lang='lat' dir='ltr'><strong>iisdem</strong></span> <span class='ocrx_word' id='word_1_523' title='bbox 1916 4037 2195 4090; x_wconf 87' lang='lat' dir='ltr'><strong>monachis</strong></span> 
     </span>
    </p>
   </div>
   <div class='ocr_carea' id='block_1_73' title="bbox 618 4105 2196 4178">
    <p class='ocr_par' dir='ltr' id='par_1_73' title="bbox 618 4105 2196 4178">
     <span class='ocr_line' id='line_1_73' title="bbox 618 4105 2196 4178; baseline -0.001 -18"><span class='ocrx_word' id='word_1_524' title='bbox 618 4123 781 4178; x_wconf 73' lang='lat' dir='ltr'><strong>agens</strong></span> <span class='ocrx_word' id='word_1_525' title='bbox 820 4128 832 4160; x_wconf 91' lang='lat'>:</span> <span class='ocrx_word' id='word_1_526' title='bbox 879 4109 1066 4177; x_wconf 88' lang='lat' dir='ltr'><strong>Caput.</strong></span> <span class='ocrx_word' id='word_1_527' title='bbox 1107 4107 1296 4172; x_wconf 82' lang='lat' dir='ltr'><strong>inquit,</strong></span> <span class='ocrx_word' id='word_1_528' title='bbox 1343 4109 1712 4178; x_wconf 75' lang='lat' dir='ltr'><strong>integumento,</strong></span> <span class='ocrx_word' id='word_1_529' title='bbox 1751 4105 1886 4169; x_wconf 87' lang='lat' dir='ltr'><strong>quod</strong></span> <span class='ocrx_word' id='word_1_530' title='bbox 1939 4107 2196 4158; x_wconf 87' lang='lat' dir='ltr'><strong>cucullum</strong></span> 
     </span>
    </p>
   </div>
   <div class='ocr_carea' id='block_1_74' title="bbox 623 4173 2196 4249">
    <p class='ocr_par' dir='ltr' id='par_1_74' title="bbox 623 4173 2196 4249">
     <span class='ocr_line' id='line_1_74' title="bbox 623 4173 2196 4249; baseline -0.008 -13"><span class='ocrx_word' id='word_1_531' title='bbox 623 4173 966 4249; x_wconf 55' lang='grc' dir='ltr'><strong>(ἆυκούλλιονγ</strong></span> <span class='ocrx_word' id='word_1_532' title='bbox 994 4180 1258 4249; x_wconf 80' lang='lat' dir='ltr'><strong>appellare</strong></span> <span class='ocrx_word' id='word_1_533' title='bbox 1290 4175 1479 4249; x_wconf 69' lang='lat' dir='ltr'><strong>autent,</strong></span> <span class='ocrx_word' id='word_1_534' title='bbox 1501 4173 1810 4249; x_wconf 76' lang='lat' dir='ltr'><strong>_operiebant</strong></span> <span class='ocrx_word' id='word_1_535' title='bbox 1838 4188 1856 4224; x_wconf 91' lang='lat'><strong><em>:</em></strong></span> <span class='ocrx_word' id='word_1_536' title='bbox 1887 4189 1986 4240; x_wconf 90' lang='lat' dir='ltr'><strong>quo</strong></span> <span class='ocrx_word' id='word_1_537' title='bbox 2030 4184 2196 4226; x_wconf 87' lang='lat' dir='ltr'><strong>osten-</strong></span> 
     </span>
    </p>
   </div>
   <div class='ocr_carea' id='block_1_75' title="bbox 617 4243 2192 4312">
    <p class='ocr_par' dir='ltr' id='par_1_75' title="bbox 617 4243 2192 4312">
     <span class='ocr_line' id='line_1_75' title="bbox 617 4243 2192 4312; baseline -0.004 -9"><span class='ocrx_word' id='word_1_538' title='bbox 617 4243 790 4303; x_wconf 73' lang='lat' dir='ltr'><strong>derent</strong></span> <span class='ocrx_word' id='word_1_539' title='bbox 839 4268 890 4304; x_wconf 86' lang='lat' dir='ltr'><strong>se</strong></span> <span class='ocrx_word' id='word_1_540' title='bbox 929 4243 1086 4302; x_wconf 72' lang='lat' dir='ltr'><strong>vitam</strong></span> <span class='ocrx_word' id='word_1_541' title='bbox 1116 4246 1326 4312; x_wconf 87' lang='lat' dir='ltr'><strong>perinde</strong></span> <span class='ocrx_word' id='word_1_542' title='bbox 1355 4244 1638 4312; x_wconf 83' lang='lat' dir='ltr'><strong>simplicem</strong></span> <span class='ocrx_word' id='word_1_543' title='bbox 1669 4251 1715 4296; x_wconf 87' lang='lat' dir='ltr'><strong>et</strong></span> <span class='ocrx_word' id='word_1_544' title='bbox 1749 4243 1998 4296; x_wconf 81' lang='lat' dir='ltr'><strong>sinceram</strong></span> <span class='ocrx_word' id='word_1_545' title='bbox 2021 4260 2192 4312; x_wconf 84' lang='lat' dir='ltr'><strong>agere,</strong></span> 
     </span>
    </p>
   </div>
   <div class='ocr_carea' id='block_1_76' title="bbox 617 4315 2196 4389">
    <p class='ocr_par' dir='ltr' id='par_1_76' title="bbox 617 4315 2196 4389">
     <span class='ocr_line' id='line_1_76' title="bbox 617 4315 2196 4389; baseline -0.003 -17"><span class='ocrx_word' id='word_1_546' title='bbox 617 4331 768 4389; x_wconf 89' lang='lat' dir='ltr'><strong>atque</strong></span> <span class='ocrx_word' id='word_1_547' title='bbox 807 4336 986 4385; x_wconf 84' lang='lat' dir='ltr'><strong>pueras</strong></span> <span class='ocrx_word' id='word_1_548' title='bbox 1032 4319 1163 4370; x_wconf 86' lang='lat' dir='ltr'><strong>lacte</strong></span> <span class='ocrx_word' id='word_1_549' title='bbox 1198 4315 1440 4379; x_wconf 85' lang='lat' dir='ltr'><strong>nutritas,</strong></span> <span class='ocrx_word' id='word_1_550' title='bbox 1484 4329 1702 4389; x_wconf 78' lang='lat' dir='ltr'><strong>quorum</strong></span> <span class='ocrx_word' id='word_1_551' title='bbox 1748 4324 1903 4389; x_wconf 77' lang='lat' dir='ltr'><strong>caput</strong></span> <span class='ocrx_word' id='word_1_552' title='bbox 1945 4316 2196 4389; x_wconf 71' lang='lat' dir='ltr'><strong>ejusmodi</strong></span> 
     </span>
    </p>
   </div>
   <div class='ocr_carea' id='block_1_77' title="bbox 618 4384 2198 4454">
    <p class='ocr_par' dir='ltr' id='par_1_77' title="bbox 618 4384 2198 4454">
     <span class='ocr_line' id='line_1_77' title="bbox 618 4384 2198 4454; baseline -0.002 -12"><span class='ocrx_word' id='word_1_553' title='bbox 618 4384 766 4442; x_wconf 80' lang='lat' dir='ltr'><strong>tiaris</strong></span> <span class='ocrx_word' id='word_1_554' title='bbox 798 4384 1080 4449; x_wconf 85' lang='lat' dir='ltr'><strong>involvunt,</strong></span> <span class='ocrx_word' id='word_1_555' title='bbox 1120 4395 1177 4438; x_wconf 88' lang='lat' dir='ltr'><strong>ut</strong></span> <span class='ocrx_word' id='word_1_556' title='bbox 1217 4394 1421 4454; x_wconf 85' lang='lat' dir='ltr'><strong>tegatur</strong></span> <span class='ocrx_word' id='word_1_557' title='bbox 1449 4385 1602 4438; x_wconf 82' lang='lat' dir='ltr'><strong>simul</strong></span> <span class='ocrx_word' id='word_1_558' title='bbox 1647 4394 1693 4436; x_wconf 91' lang='lat' dir='ltr'><strong>et</strong></span> <span class='ocrx_word' id='word_1_559' title='bbox 1738 4384 1993 4454; x_wconf 76' lang='lat' dir='ltr'><strong>foveatur.</strong></span> <span class='ocrx_word' id='word_1_560' title='bbox 2037 4385 2198 4439; x_wconf 83' lang='lat' dir='ltr'><strong>Addit</strong></span> 
     </span>
    </p>
   </div>
   <div class='ocr_carea' id='block_1_78' title="bbox 618 4454 2196 4528">
    <p class='ocr_par' dir='ltr' id='par_1_78' title="bbox 618 4454 2196 4528">
     <span class='ocr_line' id='line_1_78' title="bbox 618 4454 2196 4528; baseline -0.002 -14"><span class='ocrx_word' id='word_1_561' title='bbox 618 4458 956 4525; x_wconf 86' lang='lat' dir='ltr'><strong>Nicephorus</strong></span> <span class='ocrx_word' id='word_1_562' title='bbox 983 4456 1118 4528; x_wconf 84' lang='lat' dir='ltr'><strong>(Lib.</strong></span> <span class='ocrx_word' id='word_1_563' title='bbox 1145 4472 1200 4509; x_wconf 70' lang='grc' dir='ltr'>ιχ</span> <span class='ocrx_word' id='word_1_564' title='bbox 1229 4471 1274 4508; x_wconf 88' lang='lat' dir='ltr'><strong>c.</strong></span> <span class='ocrx_word' id='word_1_565' title='bbox 1308 4455 1398 4528; x_wconf 41' lang='lat' dir='ltr'><strong>id</strong></span> <span class='ocrx_word' id='word_1_566' title='bbox 1418 4454 1642 4528; x_wconf 74' lang='lat' dir='ltr'><strong>Hister.)</strong></span> <span class='ocrx_word' id='word_1_567' title='bbox 1674 4465 1881 4528; x_wconf 82' lang='lat' dir='ltr'><strong>tegmen</strong></span> <span class='ocrx_word' id='word_1_568' title='bbox 1915 4455 2068 4528; x_wconf 84' lang='lat' dir='ltr'><strong>illud,</strong></span> <span class='ocrx_word' id='word_1_569' title='bbox 2100 4471 2196 4511; x_wconf 87' lang='lat' dir='ltr'><strong>seu</strong></span> 
     </span>
    </p>
   </div>
   <div class='ocr_carea' id='block_1_79' title="bbox 617 4526 2272 4620">
    <p class='ocr_par' dir='ltr' id='par_1_79' title="bbox 617 4526 2272 4620">
     <span class='ocr_line' id='line_1_79' title="bbox 617 4526 2272 4620; baseline 0 -38"><span class='ocrx_word' id='word_1_570' title='bbox 617 4528 906 4620; x_wconf 68' lang='lat' dir='ltr'><strong>amiculum</strong></span> <span class='ocrx_word' id='word_1_571' title='bbox 933 4526 1515 4620; x_wconf 61' lang='lat' dir='ltr'><strong>acutninatumfuisse.</strong></span> <span class='ocrx_word' id='word_1_572' title='bbox 1548 4526 1816 4620; x_wconf 48' lang='lat' dir='ltr'><strong>i’allaﬂdips</strong></span> <span class='ocrx_word' id='word_1_573' title='bbox 1863 4527 1916 4580; x_wconf 90' lang='lat' dir='ltr'><strong>in</strong></span> <span class='ocrx_word' id='word_1_574' title='bbox 1963 4527 2194 4582; x_wconf 85' lang='lat' dir='ltr'><strong>Historia</strong></span> <span class='ocrx_word' id='word_1_575' title='bbox 2222 4561 2272 4620; x_wconf 82' lang='lat' dir='ltr'><strong>D</strong></span> 
     </span>
     <span class='ocr_line' id='line_1_80' title="bbox 667 4599 2187 4620; baseline 0 0"><span class='ocrx_word' id='word_1_576' title='bbox 667 4614 726 4620; x_wconf 72' lang='lat'><strong>---</strong></span> <span class='ocrx_word' id='word_1_577' title='bbox 763 4601 877 4620; x_wconf 63' lang='lat'><strong>:.---</strong></span> <span class='ocrx_word' id='word_1_578' title='bbox 913 4614 960 4620; x_wconf 57' lang='grc' dir='ltr'>-.ι</span> <span class='ocrx_word' id='word_1_579' title='bbox 976 4616 1000 4620; x_wconf 79' lang='lat'><em>__</em></span> <span class='ocrx_word' id='word_1_580' title='bbox 1057 4599 1120 4620; x_wconf 59' lang='lat'><strong>&#39;3&quot;!</strong></span> <span class='ocrx_word' id='word_1_581' title='bbox 1152 4611 1252 4620; x_wconf 72' lang='grc' dir='ltr'>ιιι...-</span> <span class='ocrx_word' id='word_1_582' title='bbox 1275 4604 1332 4620; x_wconf 71' lang='grc' dir='ltr'>-ιιι</span> <span class='ocrx_word' id='word_1_583' title='bbox 1361 4611 1548 4620; x_wconf 51' lang='lat' dir='ltr'><strong>“An-..</strong></span> <span class='ocrx_word' id='word_1_584' title='bbox 1573 4612 1651 4620; x_wconf 70' lang='grc' dir='ltr'>-.υ-ι</span> <span class='ocrx_word' id='word_1_585' title='bbox 1725 4614 1746 4620; x_wconf 67' lang='grc' dir='ltr'>,ι</span> <span class='ocrx_word' id='word_1_586' title='bbox 1772 4611 2063 4620; x_wconf 49' lang='grc' dir='ltr'><strong>εΑ-..-ηι-..ρ</strong></span> <span class='ocrx_word' id='word_1_587' title='bbox 2096 4601 2187 4620; x_wconf 66' lang='lat' dir='ltr'><strong>-.-_L</strong></span> 
     </span>
    </p>
   </div>
   <div class='ocr_carea' id='block_1_80' title="bbox 617 4596 2192 4664">
    <p class='ocr_par' dir='ltr' id='par_1_80' title="bbox 617 4596 2192 4664">
     <span class='ocr_line' id='line_1_81' title="bbox 617 4596 2192 4664; baseline -0.001 -9"><span class='ocrx_word' id='word_1_588' title='bbox 617 4601 882 4655; x_wconf 70' lang='lat' dir='ltr'><strong>Lam-ioca</strong></span> <span class='ocrx_word' id='word_1_589' title='bbox 907 4614 1024 4664; x_wconf 87' lang='lat' dir='ltr'><strong>cap.</strong></span> <span class='ocrx_word' id='word_1_590' title='bbox 1057 4599 1120 4651; x_wconf 80' lang='lat'><strong>57</strong></span> <span class='ocrx_word' id='word_1_591' title='bbox 1152 4597 1338 4651; x_wconf 89' lang='lat' dir='ltr'><strong>scribit</strong></span> <span class='ocrx_word' id='word_1_592' title='bbox 1361 4596 1654 4650; x_wconf 83' lang='lat' dir='ltr'><strong>mooachos</strong></span> <span class='ocrx_word' id='word_1_593' title='bbox 1677 4596 2066 4652; x_wconf 88' lang='lat' dir='ltr'><strong>Tabennenses</strong></span> <span class='ocrx_word' id='word_1_594' title='bbox 2095 4601 2192 4654; x_wconf 86' lang='lat' dir='ltr'><strong>sub</strong></span> 
     </span>
    </p>
   </div>
   <div class='ocr_carea' id='block_1_81' title="bbox 617 4666 2190 4736">
    <p class='ocr_par' dir='ltr' id='par_1_81' title="bbox 617 4666 2190 4736">
     <span class='ocr_line' id='line_1_82' title="bbox 617 4666 2190 4736; baseline -0.002 -10"><span class='ocrx_word' id='word_1_595' title='bbox 617 4669 910 4726; x_wconf 83' lang='lat' dir='ltr'><strong>Pachomio</strong></span> <span class='ocrx_word' id='word_1_596' title='bbox 937 4671 1126 4723; x_wconf 89' lang='lat' dir='ltr'><strong>abbate</strong></span> <span class='ocrx_word' id='word_1_597' title='bbox 1158 4666 1393 4722; x_wconf 90' lang='lat' dir='ltr'><strong>cucullas</strong></span> <span class='ocrx_word' id='word_1_598' title='bbox 1421 4666 1673 4721; x_wconf 83' lang='lat' dir='ltr'><strong>habuisse</strong></span> <span class='ocrx_word' id='word_1_599' title='bbox 1703 4670 1880 4721; x_wconf 90' lang='lat' dir='ltr'><strong>crucis</strong></span> <span class='ocrx_word' id='word_1_600' title='bbox 1913 4685 2190 4736; x_wconf 67' lang='lat' dir='ltr'><strong>purpureae</strong></span> 
     </span>
    </p>
   </div>
   <div class='ocr_carea' id='block_1_82' title="bbox 616 4738 2194 4809">
    <p class='ocr_par' dir='ltr' id='par_1_82' title="bbox 616 4738 2194 4809">
     <span class='ocr_line' id='line_1_83' title="bbox 616 4738 2194 4809; baseline -0.001 -13"><span class='ocrx_word' id='word_1_601' title='bbox 616 4742 783 4809; x_wconf 81' lang='lat' dir='ltr'><strong>ﬁgura</strong></span> <span class='ocrx_word' id='word_1_602' title='bbox 825 4747 1036 4796; x_wconf 86' lang='lat' dir='ltr'><strong>natatas</strong></span> <span class='ocrx_word' id='word_1_603' title='bbox 1058 4756 1073 4803; x_wconf 94' lang='lat'><strong>;</strong></span> <span class='ocrx_word' id='word_1_604' title='bbox 1099 4749 1154 4793; x_wconf 92' lang='lat' dir='ltr'><strong>et</strong></span> <span class='ocrx_word' id='word_1_605' title='bbox 1190 4753 1284 4792; x_wconf 90' lang='lat' dir='ltr'><strong>eos</strong></span> <span class='ocrx_word' id='word_1_606' title='bbox 1317 4752 1436 4791; x_wconf 90' lang='lat' dir='ltr'><strong>cum</strong></span> <span class='ocrx_word' id='word_1_607' title='bbox 1471 4738 1583 4791; x_wconf 90' lang='lat' dir='ltr'><strong>sola</strong></span> <span class='ocrx_word' id='word_1_608' title='bbox 1605 4738 1814 4791; x_wconf 88' lang='lat' dir='ltr'><strong>cuculla</strong></span> <span class='ocrx_word' id='word_1_609' title='bbox 1849 4739 1914 4793; x_wconf 88' lang='lat' dir='ltr'><strong>ad</strong></span> <span class='ocrx_word' id='word_1_610' title='bbox 1950 4755 2194 4795; x_wconf 87' lang='lat' dir='ltr'><strong>commu-</strong></span> 
     </span>
    </p>
   </div>
   <div class='ocr_carea' id='block_1_83' title="bbox 617 4809 2195 4874">
    <p class='ocr_par' dir='ltr' id='par_1_83' title="bbox 617 4809 2195 4874">
     <span class='ocr_line' id='line_1_84' title="bbox 617 4809 2195 4874; baseline -0.001 -6"><span class='ocrx_word' id='word_1_611' title='bbox 617 4813 831 4868; x_wconf 89' lang='lat' dir='ltr'><strong>nionem</strong></span> <span class='ocrx_word' id='word_1_612' title='bbox 870 4811 1130 4866; x_wconf 87' lang='lat' dir='ltr'><strong>accedere</strong></span> <span class='ocrx_word' id='word_1_613' title='bbox 1161 4809 1370 4871; x_wconf 84' lang='lat' dir='ltr'><strong>solitos,</strong></span> <span class='ocrx_word' id='word_1_614' title='bbox 1403 4819 1462 4862; x_wconf 89' lang='lat' dir='ltr'><strong>ut</strong></span> <span class='ocrx_word' id='word_1_615' title='bbox 1501 4810 1754 4874; x_wconf 87' lang='lat' dir='ltr'><strong>superius</strong></span> <span class='ocrx_word' id='word_1_616' title='bbox 1783 4812 2106 4874; x_wconf 86' lang='lat' dir='ltr'><strong>notavimus,</strong></span> <span class='ocrx_word' id='word_1_617' title='bbox 2139 4821 2195 4866; x_wconf 89' lang='lat' dir='ltr'><strong>et</strong></span> 
     </span>
    </p>
   </div>
   <div class='ocr_carea' id='block_1_84' title="bbox 615 4879 2194 4950">
    <p class='ocr_par' dir='ltr' id='par_1_84' title="bbox 615 4879 2194 4950">
     <span class='ocr_line' id='line_1_85' title="bbox 615 4879 2194 4950; baseline -0.001 -13"><span class='ocrx_word' id='word_1_618' title='bbox 615 4899 733 4950; x_wconf 90' lang='lat' dir='ltr'><strong>cap.</strong></span> <span class='ocrx_word' id='word_1_619' title='bbox 762 4883 828 4936; x_wconf 74' lang='grc'><strong>41</strong></span> <span class='ocrx_word' id='word_1_620' title='bbox 858 4882 992 4937; x_wconf 88' lang='lat' dir='ltr'><strong>dicit</strong></span> <span class='ocrx_word' id='word_1_621' title='bbox 1019 4882 1181 4936; x_wconf 89' lang='lat' dir='ltr'><strong>etiam</strong></span> <span class='ocrx_word' id='word_1_622' title='bbox 1213 4879 1449 4950; x_wconf 76' lang='lat' dir='ltr'><strong>virgines</strong></span> <span class='ocrx_word' id='word_1_623' title='bbox 1477 4881 1935 4945; x_wconf 89' lang='lat' dir='ltr'><strong>sanctimoniales,</strong></span> <span class='ocrx_word' id='word_1_624' title='bbox 1967 4897 2064 4934; x_wconf 91' lang='lat' dir='ltr'><strong>suo</strong></span> <span class='ocrx_word' id='word_1_625' title='bbox 2090 4898 2194 4936; x_wconf 74' lang='lat' dir='ltr'><strong>sze-</strong></span> 
     </span>
    </p>
   </div>
   <div class='ocr_carea' id='block_1_85' title="bbox 613 4949 2192 5021">
    <p class='ocr_par' dir='ltr' id='par_1_85' title="bbox 613 4949 2192 5021">
     <span class='ocr_line' id='line_1_86' title="bbox 613 4949 2192 5021; baseline -0.001 -13"><span class='ocrx_word' id='word_1_626' title='bbox 613 4949 738 5008; x_wconf 85' lang='lat' dir='ltr'><strong>culo</strong></span> <span class='ocrx_word' id='word_1_627' title='bbox 787 4954 1012 5008; x_wconf 85' lang='lat' dir='ltr'><strong>cucullis</strong></span> <span class='ocrx_word' id='word_1_628' title='bbox 1067 4953 1140 5005; x_wconf 90' lang='lat' dir='ltr'><strong>uti</strong></span> <span class='ocrx_word' id='word_1_629' title='bbox 1195 4949 1557 5004; x_wconf 82' lang='lat' dir='ltr'><strong>consuevisse.</strong></span> <span class='ocrx_word' id='word_1_630' title='bbox 1606 4950 1669 5004; x_wconf 91' lang='lat' dir='ltr'><strong>D.</strong></span> <span class='ocrx_word' id='word_1_631' title='bbox 1727 4951 2084 5021; x_wconf 84' lang='lat' dir='ltr'><strong>Hieronymus</strong></span> <span class='ocrx_word' id='word_1_632' title='bbox 2137 4954 2192 5007; x_wconf 90' lang='lat' dir='ltr'><strong>iu</strong></span> 
     </span>
    </p>
   </div>
   <div class='ocr_carea' id='block_1_86' title="bbox 615 5021 2188 5083">
    <p class='ocr_par' dir='ltr' id='par_1_86' title="bbox 615 5021 2188 5083">
     <span class='ocr_line' id='line_1_87' title="bbox 615 5021 2188 5083; baseline -0.002 -4"><span class='ocrx_word' id='word_1_633' title='bbox 615 5025 964 5080; x_wconf 80' lang='lat' dir='ltr'><strong>Testamento</strong></span> <span class='ocrx_word' id='word_1_634' title='bbox 998 5022 1288 5078; x_wconf 84' lang='lat' dir='ltr'><strong>Hilarionis</strong></span> <span class='ocrx_word' id='word_1_635' title='bbox 1323 5021 1587 5075; x_wconf 75' lang='lat' dir='ltr'><strong>cucullum</strong></span> <span class='ocrx_word' id='word_1_636' title='bbox 1625 5023 1886 5083; x_wconf 89' lang='lat' dir='ltr'><strong>nominat,</strong></span> <span class='ocrx_word' id='word_1_637' title='bbox 1925 5025 2002 5076; x_wconf 92' lang='lat' dir='ltr'><strong>sic</strong></span> <span class='ocrx_word' id='word_1_638' title='bbox 2045 5024 2188 5076; x_wconf 90' lang='lat' dir='ltr'><strong>enim</strong></span> 
     </span>
    </p>
   </div>
   <div class='ocr_carea' id='block_1_87' title="bbox 615 5091 2192 5164">
    <p class='ocr_par' dir='ltr' id='par_1_87' title="bbox 615 5091 2192 5164">
     <span class='ocr_line' id='line_1_88' title="bbox 615 5091 2192 5164; baseline -0.004 -14"><span class='ocrx_word' id='word_1_639' title='bbox 615 5096 804 5150; x_wconf 87' lang='lat' dir='ltr'><strong>scribit</strong></span> <span class='ocrx_word' id='word_1_640' title='bbox 840 5114 852 5148; x_wconf 95' lang='lat'>:</span> <span class='ocrx_word' id='word_1_641' title='bbox 899 5093 1086 5148; x_wconf 85' lang='lat' dir='ltr'><strong>Omnes</strong></span> <span class='ocrx_word' id='word_1_642' title='bbox 1115 5093 1320 5146; x_wconf 86' lang='lat' dir='ltr'><strong>divitias</strong></span> <span class='ocrx_word' id='word_1_643' title='bbox 1358 5109 1476 5145; x_wconf 85' lang='lat' dir='ltr'><strong>suas</strong></span> <span class='ocrx_word' id='word_1_644' title='bbox 1516 5093 1563 5146; x_wconf 84' lang='lat' dir='ltr'><strong>ei</strong></span> <span class='ocrx_word' id='word_1_645' title='bbox 1601 5094 1916 5164; x_wconf 84' lang='lat' dir='ltr'><strong>relinquens,</strong></span> <span class='ocrx_word' id='word_1_646' title='bbox 1957 5091 2192 5164; x_wconf 84' lang='lat' dir='ltr'><strong>Evange-</strong></span> 
     </span>
    </p>
   </div>
   <div class='ocr_carea' id='block_1_88' title="bbox 615 5163 2192 5234">
    <p class='ocr_par' dir='ltr' id='par_1_88' title="bbox 615 5163 2192 5234">
     <span class='ocr_line' id='line_1_89' title="bbox 615 5163 2192 5234; baseline -0.003 -13"><span class='ocrx_word' id='word_1_647' title='bbox 615 5170 742 5222; x_wconf 88' lang='lat' dir='ltr'><strong>lium</strong></span> <span class='ocrx_word' id='word_1_648' title='bbox 783 5167 996 5230; x_wconf 85' lang='lat' dir='ltr'><strong>scilicet,</strong></span> <span class='ocrx_word' id='word_1_649' title='bbox 1027 5174 1074 5220; x_wconf 88' lang='lat' dir='ltr'><strong>et</strong></span> <span class='ocrx_word' id='word_1_650' title='bbox 1114 5165 1336 5219; x_wconf 88' lang='lat' dir='ltr'><strong>tunicam</strong></span> <span class='ocrx_word' id='word_1_651' title='bbox 1368 5170 1651 5227; x_wconf 83' lang='lat' dir='ltr'><strong>sacceam&#39;,</strong></span> <span class='ocrx_word' id='word_1_652' title='bbox 1679 5163 1956 5230; x_wconf 82' lang='lat' dir='ltr'><strong>cucullum,</strong></span> <span class='ocrx_word' id='word_1_653' title='bbox 1992 5173 2039 5217; x_wconf 89' lang='lat' dir='ltr'><strong>et</strong></span> <span class='ocrx_word' id='word_1_654' title='bbox 2077 5163 2192 5234; x_wconf 84' lang='lat' dir='ltr'><strong>pal-</strong></span> 
     </span>
    </p>
   </div>
   <div class='ocr_carea' id='block_1_89' title="bbox 615 5235 2192 5294">
    <p class='ocr_par' dir='ltr' id='par_1_89' title="bbox 615 5235 2192 5294">
     <span class='ocr_line' id='line_1_90' title="bbox 615 5235 2192 5294; baseline -0.003 -2"><span class='ocrx_word' id='word_1_655' title='bbox 615 5240 816 5294; x_wconf 87' lang='lat' dir='ltr'><strong>lialum.</strong></span> <span class='ocrx_word' id='word_1_656' title='bbox 848 5240 912 5292; x_wconf 82' lang='lat' dir='ltr'><strong>Et</strong></span> <span class='ocrx_word' id='word_1_657' title='bbox 937 5235 1300 5291; x_wconf 89' lang='lat' dir='ltr'><strong>communiter</strong></span> <span class='ocrx_word' id='word_1_658' title='bbox 1327 5236 1503 5290; x_wconf 82' lang='lat' dir='ltr'><strong>solent</strong></span> <span class='ocrx_word' id='word_1_659' title='bbox 1525 5235 1774 5290; x_wconf 88' lang='lat' dir='ltr'><strong>monachi</strong></span> <span class='ocrx_word' id='word_1_660' title='bbox 1797 5237 2060 5290; x_wconf 77' lang='lat' dir='ltr'><strong>cucullum</strong></span> <span class='ocrx_word' id='word_1_661' title='bbox 2093 5250 2192 5288; x_wconf 92' lang='lat' dir='ltr'><strong>vo-</strong></span> 
     </span>
    </p>
   </div>
   <div class='ocr_carea' id='block_1_90' title="bbox 615 5305 2190 5375">
    <p class='ocr_par' dir='ltr' id='par_1_90' title="bbox 615 5305 2190 5375">
     <span class='ocr_line' id='line_1_91' title="bbox 615 5305 2190 5375; baseline 0.001 -14"><span class='ocrx_word' id='word_1_662' title='bbox 615 5325 759 5375; x_wconf 87' lang='lat' dir='ltr'><strong>care,</strong></span> <span class='ocrx_word' id='word_1_663' title='bbox 797 5325 902 5364; x_wconf 91' lang='lat' dir='ltr'><strong>non</strong></span> <span class='ocrx_word' id='word_1_664' title='bbox 944 5308 1246 5371; x_wconf 82' lang='lat' dir='ltr'><strong>cucullum;</strong></span> <span class='ocrx_word' id='word_1_665' title='bbox 1297 5317 1351 5360; x_wconf 91' lang='lat' dir='ltr'><strong>ut</strong></span> <span class='ocrx_word' id='word_1_666' title='bbox 1400 5316 1454 5362; x_wconf 89' lang='lat' dir='ltr'><strong>et</strong></span> <span class='ocrx_word' id='word_1_667' title='bbox 1495 5307 1558 5359; x_wconf 92' lang='lat' dir='ltr'><strong>D.</strong></span> <span class='ocrx_word' id='word_1_668' title='bbox 1611 5307 1931 5360; x_wconf 86' lang='lat' dir='ltr'><strong>Benedictus</strong></span> <span class='ocrx_word' id='word_1_669' title='bbox 1961 5321 2078 5374; x_wconf 89' lang='lat' dir='ltr'><strong>cap.</strong></span> <span class='ocrx_word' id='word_1_670' title='bbox 2121 5305 2190 5362; x_wconf 78' lang='lat'><strong>55</strong></span> 
     </span>
    </p>
   </div>
   <div class='ocr_carea' id='block_1_91' title="bbox 614 5377 2191 5449">
    <p class='ocr_par' dir='ltr' id='par_1_91' title="bbox 614 5377 2191 5449">
     <span class='ocr_line' id='line_1_92' title="bbox 614 5377 2191 5449; baseline 0 -18"><span class='ocrx_word' id='word_1_671' title='bbox 614 5379 852 5449; x_wconf 58' lang='lat' dir='ltr'><strong>Reguli&#39;e,</strong></span> <span class='ocrx_word' id='word_1_672' title='bbox 878 5381 968 5435; x_wconf 90' lang='lat' dir='ltr'><strong>ubi</strong></span> <span class='ocrx_word' id='word_1_673' title='bbox 990 5380 1257 5446; x_wconf 87' lang='lat' dir='ltr'><strong>duplicem</strong></span> <span class='ocrx_word' id='word_1_674' title='bbox 1300 5380 1417 5432; x_wconf 87' lang='lat' dir='ltr'><strong>sive</strong></span> <span class='ocrx_word' id='word_1_675' title='bbox 1450 5377 1716 5446; x_wconf 77' lang='lat' dir='ltr'><strong>geminam</strong></span> <span class='ocrx_word' id='word_1_676' title='bbox 1746 5378 1982 5446; x_wconf 83' lang='lat' dir='ltr'><strong>assignat</strong></span> <span class='ocrx_word' id='word_1_677' title='bbox 2001 5378 2191 5431; x_wconf 87' lang='lat' dir='ltr'><strong>cucul-</strong></span> 
     </span>
    </p>
   </div>
   <div class='ocr_carea' id='block_1_92' title="bbox 616 5449 2192 5515">
    <p class='ocr_par' dir='ltr' id='par_1_92' title="bbox 616 5449 2192 5515">
     <span class='ocr_line' id='line_1_93' title="bbox 616 5449 2192 5515; baseline -0.001 -13"><span class='ocrx_word' id='word_1_678' title='bbox 616 5450 742 5515; x_wconf 82' lang='lat' dir='ltr'><strong>lum,</strong></span> <span class='ocrx_word' id='word_1_679' title='bbox 790 5452 1010 5506; x_wconf 89' lang='lat' dir='ltr'><strong>alteram</strong></span> <span class='ocrx_word' id='word_1_680' title='bbox 1051 5452 1110 5505; x_wconf 87' lang='lat' dir='ltr'><strong>in</strong></span> <span class='ocrx_word' id='word_1_681' title='bbox 1155 5451 1317 5503; x_wconf 85' lang='lat' dir='ltr'><strong>hieme</strong></span> <span class='ocrx_word' id='word_1_682' title='bbox 1356 5449 1613 5513; x_wconf 80' lang='lat' dir='ltr'><strong>villosum,</strong></span> <span class='ocrx_word' id='word_1_683' title='bbox 1654 5450 1869 5501; x_wconf 83' lang='lat' dir='ltr'><strong>alteram</strong></span> <span class='ocrx_word' id='word_1_684' title='bbox 1917 5449 1971 5499; x_wconf 89' lang='lat' dir='ltr'><strong>in</strong></span> <span class='ocrx_word' id='word_1_685' title='bbox 2017 5458 2192 5502; x_wconf 78' lang='lat' dir='ltr'><strong>wstate</strong></span> 
     </span>
    </p>
   </div>
   <div class='ocr_carea' id='block_1_93' title="bbox 615 5519 2192 5591">
    <p class='ocr_par' dir='ltr' id='par_1_93' title="bbox 615 5519 2192 5591">
     <span class='ocr_line' id='line_1_94' title="bbox 615 5519 2192 5591; baseline -0.001 -18"><span class='ocrx_word' id='word_1_686' title='bbox 615 5521 902 5591; x_wconf 82' lang='lat' dir='ltr'><strong>simplicem</strong></span> <span class='ocrx_word' id='word_1_687' title='bbox 942 5535 984 5576; x_wconf 85' lang='lat' dir='ltr'><strong>et</strong></span> <span class='ocrx_word' id='word_1_688' title='bbox 1015 5532 1236 5577; x_wconf 82' lang='lat' dir='ltr'><strong>tenuem.</strong></span> <span class='ocrx_word' id='word_1_689' title='bbox 1281 5522 1334 5574; x_wconf 89' lang='lat' dir='ltr'><strong>lu</strong></span> <span class='ocrx_word' id='word_1_690' title='bbox 1367 5535 1526 5588; x_wconf 88' lang='lat' dir='ltr'><strong>quem</strong></span> <span class='ocrx_word' id='word_1_691' title='bbox 1549 5521 1726 5573; x_wconf 88' lang='lat' dir='ltr'><strong>locum</strong></span> <span class='ocrx_word' id='word_1_692' title='bbox 1755 5520 2033 5591; x_wconf 84' lang='lat' dir='ltr'><strong>annotavit</strong></span> <span class='ocrx_word' id='word_1_693' title='bbox 2056 5519 2192 5591; x_wconf 89' lang='lat' dir='ltr'><strong>Tur-</strong></span> 
     </span>
    </p>
   </div>
   <div class='ocr_carea' id='block_1_94' title="bbox 615 5588 2188 5659">
    <p class='ocr_par' dir='ltr' id='par_1_94' title="bbox 615 5588 2188 5659">
     <span class='ocr_line' id='line_1_95' title="bbox 615 5588 2188 5659; baseline -0.001 -15"><span class='ocrx_word' id='word_1_694' title='bbox 615 5588 946 5647; x_wconf 84' lang='lat' dir='ltr'><strong>recrematus</strong></span> <span class='ocrx_word' id='word_1_695' title='bbox 965 5595 1234 5648; x_wconf 88' lang='lat' dir='ltr'><strong>cucullam</strong></span> <span class='ocrx_word' id='word_1_696' title='bbox 1265 5591 1635 5647; x_wconf 89' lang='lat' dir='ltr'><strong>diversimode</strong></span> <span class='ocrx_word' id='word_1_697' title='bbox 1661 5590 1830 5659; x_wconf 89' lang='lat' dir='ltr'><strong>accipi</strong></span> <span class='ocrx_word' id='word_1_698' title='bbox 1858 5603 1888 5642; x_wconf 89' lang='lat' dir='ltr'><strong>a</strong></span> <span class='ocrx_word' id='word_1_699' title='bbox 1919 5588 2150 5643; x_wconf 90' lang='lat' dir='ltr'><strong>diversis</strong></span> <span class='ocrx_word' id='word_1_700' title='bbox 2173 5606 2188 5642; x_wconf 90' lang='lat'>:</span> 
     </span>
    </p>
   </div>
   <div class='ocr_carea' id='block_1_95' title="bbox 615 5659 2192 5732">
    <p class='ocr_par' dir='ltr' id='par_1_95' title="bbox 615 5659 2192 5732">
     <span class='ocr_line' id='line_1_96' title="bbox 615 5659 2192 5732; baseline 0 -18"><span class='ocrx_word' id='word_1_701' title='bbox 615 5661 810 5732; x_wconf 74' lang='lat' dir='ltr'><strong>Aliqui,</strong></span> <span class='ocrx_word' id='word_1_702' title='bbox 837 5664 1029 5732; x_wconf 87' lang='lat' dir='ltr'><strong>inquit,</strong></span> <span class='ocrx_word' id='word_1_703' title='bbox 1057 5665 1287 5719; x_wconf 79' lang='lat' dir='ltr'><strong>videlicet</strong></span> <span class='ocrx_word' id='word_1_704' title='bbox 1311 5661 1711 5728; x_wconf 85' lang='lat' dir='ltr'><strong>Ultramontani,</strong></span> <span class='ocrx_word' id='word_1_705' title='bbox 1737 5659 1995 5715; x_wconf 81' lang='lat' dir='ltr'><strong>cucullum</strong></span> <span class='ocrx_word' id='word_1_706' title='bbox 2016 5659 2192 5714; x_wconf 87' lang='lat' dir='ltr'><strong>dicunt</strong></span> 
     </span>
    </p>
   </div>
   <div class='ocr_carea' id='block_1_96' title="bbox 2293 3255 3862 3326">
    <p class='ocr_par' dir='ltr' id='par_1_96' title="bbox 2293 3255 3862 3326">
     <span class='ocr_line' id='line_1_97' title="bbox 2293 3255 3862 3326; baseline -0.001 -15"><span class='ocrx_word' id='word_1_707' title='bbox 2293 3259 2560 3312; x_wconf 88' lang='lat' dir='ltr'><strong>nominant</strong></span> <span class='ocrx_word' id='word_1_708' title='bbox 2593 3274 2708 3310; x_wconf 89' lang='lat' dir='ltr'><strong>eum</strong></span> <span class='ocrx_word' id='word_1_709' title='bbox 2735 3255 2968 3310; x_wconf 82' lang='lat' dir='ltr'><strong>habitum</strong></span> <span class='ocrx_word' id='word_1_710' title='bbox 3003 3257 3090 3324; x_wconf 87' lang='lat' dir='ltr'><strong>qui</strong></span> <span class='ocrx_word' id='word_1_711' title='bbox 3134 3257 3275 3326; x_wconf 87' lang='lat' dir='ltr'><strong>apud</strong></span> <span class='ocrx_word' id='word_1_712' title='bbox 3311 3256 3444 3310; x_wconf 84' lang='lat' dir='ltr'><strong>alios</strong></span> <span class='ocrx_word' id='word_1_713' title='bbox 3471 3256 3660 3309; x_wconf 82' lang='lat' dir='ltr'><strong>dicitur</strong></span> <span class='ocrx_word' id='word_1_714' title='bbox 3684 3259 3862 3321; x_wconf 86' lang='lat' dir='ltr'><strong>ﬂacus,</strong></span> 
     </span>
    </p>
   </div>
   <div class='ocr_carea' id='block_1_97' title="bbox 2294 3326 3862 3398">
    <p class='ocr_par' dir='ltr' id='par_1_97' title="bbox 2294 3326 3862 3398">
     <span class='ocr_line' id='line_1_98' title="bbox 2294 3326 3862 3398; baseline -0.001 -17"><span class='ocrx_word' id='word_1_715' title='bbox 2294 3329 2524 3384; x_wconf 87' lang='lat' dir='ltr'><strong>videlicet</strong></span> <span class='ocrx_word' id='word_1_716' title='bbox 2555 3328 2787 3381; x_wconf 85' lang='lat' dir='ltr'><strong>habitum</strong></span> <span class='ocrx_word' id='word_1_717' title='bbox 2818 3344 2932 3380; x_wconf 89' lang='lat' dir='ltr'><strong>cum</strong></span> <span class='ocrx_word' id='word_1_718' title='bbox 2961 3329 3163 3395; x_wconf 88' lang='lat' dir='ltr'><strong>caputio</strong></span> <span class='ocrx_word' id='word_1_719' title='bbox 3192 3343 3256 3380; x_wconf 75' lang='lat' dir='ltr'><strong>ea:</strong></span> <span class='ocrx_word' id='word_1_720' title='bbox 3283 3328 3420 3379; x_wconf 88' lang='lat' dir='ltr'><strong>antni</strong></span> <span class='ocrx_word' id='word_1_721' title='bbox 3449 3335 3594 3398; x_wconf 85' lang='lat' dir='ltr'><strong>parte</strong></span> <span class='ocrx_word' id='word_1_722' title='bbox 3619 3326 3862 3392; x_wconf 81' lang='lat' dir='ltr'><strong>clausum,</strong></span> 
     </span>
    </p>
   </div>
   <div class='ocr_carea' id='block_1_98' title="bbox 2297 3397 3458 3471">
    <p class='ocr_par' dir='ltr' id='par_1_98' title="bbox 2297 3397 3458 3471">
     <span class='ocr_line' id='line_1_99' title="bbox 2297 3397 3458 3471; baseline -0.002 -19"><span class='ocrx_word' id='word_1_723' title='bbox 2297 3401 2566 3471; x_wconf 86' lang='lat' dir='ltr'><strong>longisque</strong></span> <span class='ocrx_word' id='word_1_724' title='bbox 2591 3400 2804 3452; x_wconf 86' lang='lat' dir='ltr'><strong>manicis</strong></span> <span class='ocrx_word' id='word_1_725' title='bbox 2831 3399 3162 3471; x_wconf 70' lang='lat' dir='ltr'><strong>manicatum.</strong></span> <span class='ocrx_word' id='word_1_726' title='bbox 3200 3397 3334 3471; x_wconf 67' lang='lat' dir='ltr'><strong>&quot;me</strong></span> <span class='ocrx_word' id='word_1_727' title='bbox 3352 3397 3458 3450; x_wconf 83' lang='lat' dir='ltr'><strong>ille.</strong></span> 
     </span>
    </p>
   </div>
   <div class='ocr_carea' id='block_1_99' title="bbox 2366 3468 3865 3535">
    <p class='ocr_par' dir='ltr' id='par_1_99' title="bbox 2366 3468 3865 3535">
     <span class='ocr_line' id='line_1_100' title="bbox 2366 3468 3865 3535; baseline -0.001 -11"><span class='ocrx_word' id='word_1_728' title='bbox 2366 3468 2715 3535; x_wconf 54' lang='lat' dir='ltr'><strong>b&#39;COIobium,</strong></span> <span class='ocrx_word' id='word_1_729' title='bbox 2732 3468 3023 3524; x_wconf 89' lang='lat' dir='ltr'><strong>secundum</strong></span> <span class='ocrx_word' id='word_1_730' title='bbox 3041 3468 3284 3523; x_wconf 80' lang='lat' dir='ltr'><strong>Graecam</strong></span> <span class='ocrx_word' id='word_1_731' title='bbox 3308 3469 3722 3532; x_wconf 88' lang='lat' dir='ltr'><strong>derivationem,</strong></span> <span class='ocrx_word' id='word_1_732' title='bbox 3746 3469 3865 3523; x_wconf 53' lang='lat' dir='ltr'><strong>sim.</strong></span> 
     </span>
    </p>
   </div>
   <div class='ocr_carea' id='block_1_100' title="bbox 2295 3539 3864 3612">
    <p class='ocr_par' dir='ltr' id='par_1_100' title="bbox 2295 3539 3864 3612">
     <span class='ocr_line' id='line_1_101' title="bbox 2295 3539 3864 3612; baseline -0.001 -18"><span class='ocrx_word' id='word_1_733' title='bbox 2295 3543 2444 3612; x_wconf 83' lang='lat' dir='ltr'><strong>plici,</strong></span> <span class='ocrx_word' id='word_1_734' title='bbox 2485 3557 2594 3596; x_wconf 91' lang='lat' dir='ltr'><strong>non</strong></span> <span class='ocrx_word' id='word_1_735' title='bbox 2633 3543 2870 3608; x_wconf 77' lang='lat' dir='ltr'><strong>gemino,</strong></span> <span class='ocrx_word' id='word_1_736' title='bbox 2909 3539 3256 3612; x_wconf 85' lang='lat' dir='ltr'><strong>scribendum</strong></span> <span class='ocrx_word' id='word_1_737' title='bbox 3286 3539 3515 3608; x_wconf 76' lang='lat' dir='ltr'><strong>(Alcuin.</strong></span> <span class='ocrx_word' id='word_1_738' title='bbox 3550 3539 3736 3612; x_wconf 35' lang='lat' dir='ltr'><strong>libcde</strong></span> <span class='ocrx_word' id='word_1_739' title='bbox 3765 3541 3864 3593; x_wconf 86' lang='lat' dir='ltr'><strong>div.</strong></span> 
     </span>
    </p>
   </div>
   <div class='ocr_carea' id='block_1_101' title="bbox 2299 3611 3864 3684">
    <p class='ocr_par' dir='ltr' id='par_1_101' title="bbox 2299 3611 3864 3684">
     <span class='ocr_line' id='line_1_102' title="bbox 2299 3611 3864 3684; baseline -0.003 -16"><span class='ocrx_word' id='word_1_740' title='bbox 2299 3611 2444 3683; x_wconf 71' lang='lat' dir='ltr'><strong>Oﬂic.</strong></span> <span class='ocrx_word' id='word_1_741' title='bbox 2478 3629 2595 3677; x_wconf 88' lang='lat' dir='ltr'><strong>cap.</strong></span> <span class='ocrx_word' id='word_1_742' title='bbox 2629 3612 2743 3684; x_wconf 66' lang='lat'><strong>&#39;55).</strong></span> <span class='ocrx_word' id='word_1_743' title='bbox 2788 3612 2882 3665; x_wconf 82' lang='lat' dir='ltr'><strong>Est</strong></span> <span class='ocrx_word' id='word_1_744' title='bbox 2918 3617 3099 3684; x_wconf 77' lang='lat' dir='ltr'><strong>autem</strong></span> <span class='ocrx_word' id='word_1_745' title='bbox 3143 3611 3326 3684; x_wconf 83' lang='lat' dir='ltr'><strong>tunica</strong></span> <span class='ocrx_word' id='word_1_746' title='bbox 3370 3612 3593 3664; x_wconf 85' lang='lat' dir='ltr'><strong>manicis</strong></span> <span class='ocrx_word' id='word_1_747' title='bbox 3632 3611 3864 3684; x_wconf 78' lang='lat' dir='ltr'><strong>defecta,</strong></span> 
     </span>
    </p>
   </div>
   <div class='ocr_carea' id='block_1_102' title="bbox 2297 3682 3867 3746">
    <p class='ocr_par' dir='ltr' id='par_1_102' title="bbox 2297 3682 3867 3746">
     <span class='ocr_line' id='line_1_103' title="bbox 2297 3682 3867 3746; baseline -0.007 -6"><span class='ocrx_word' id='word_1_748' title='bbox 2297 3682 2638 3740; x_wconf 57' lang='lat' dir='ltr'><strong>exstantibus</strong></span> <span class='ocrx_word' id='word_1_749' title='bbox 2687 3682 2842 3737; x_wconf 72' lang='lat' dir='ltr'><strong>extra</strong></span> <span class='ocrx_word' id='word_1_750' title='bbox 2885 3697 3002 3736; x_wconf 88' lang='lat' dir='ltr'><strong>eam</strong></span> <span class='ocrx_word' id='word_1_751' title='bbox 3045 3682 3322 3735; x_wconf 87' lang='lat' dir='ltr'><strong>brachiis:</strong></span> <span class='ocrx_word' id='word_1_752' title='bbox 3354 3685 3457 3738; x_wconf 84' lang='grc' dir='ltr'><strong>ἀπὸ</strong></span> <span class='ocrx_word' id='word_1_753' title='bbox 3508 3687 3600 3736; x_wconf 78' lang='grc' dir='ltr'><strong>τοῦ</strong></span> <span class='ocrx_word' id='word_1_754' title='bbox 3642 3683 3867 3746; x_wconf 52' lang='lat' dir='ltr'><strong>massae,</strong></span> 
     </span>
    </p>
   </div>
   <div class='ocr_carea' id='block_1_103' title="bbox 2300 3752 3870 3823">
    <p class='ocr_par' dir='ltr' id='par_1_103' title="bbox 2300 3752 3870 3823">
     <span class='ocr_line' id='line_1_104' title="bbox 2300 3752 3870 3823; baseline -0.003 -12"><span class='ocrx_word' id='word_1_755' title='bbox 2300 3756 2442 3823; x_wconf 90' lang='lat' dir='ltr'><strong>quod</strong></span> <span class='ocrx_word' id='word_1_756' title='bbox 2479 3756 2664 3817; x_wconf 86' lang='lat' dir='ltr'><strong>breve,</strong></span> <span class='ocrx_word' id='word_1_757' title='bbox 2689 3754 2959 3818; x_wconf 89' lang='lat' dir='ltr'><strong>mutilum,</strong></span> <span class='ocrx_word' id='word_1_758' title='bbox 2987 3767 3080 3806; x_wconf 79' lang='lat' dir='ltr'><strong>seu</strong></span> <span class='ocrx_word' id='word_1_759' title='bbox 3111 3767 3359 3806; x_wconf 90' lang='lat' dir='ltr'><strong>mancum</strong></span> <span class='ocrx_word' id='word_1_760' title='bbox 3390 3753 3679 3820; x_wconf 76' lang='lat' dir='ltr'><strong>signiﬁcat.</strong></span> <span class='ocrx_word' id='word_1_761' title='bbox 3706 3752 3870 3806; x_wconf 79' lang='lat' dir='ltr'><strong>Porro</strong></span> 
     </span>
    </p>
   </div>
   <div class='ocr_carea' id='block_1_104' title="bbox 2296 3823 3868 3894">
    <p class='ocr_par' dir='ltr' id='par_1_104' title="bbox 2296 3823 3868 3894">
     <span class='ocr_line' id='line_1_105' title="bbox 2296 3823 3868 3894; baseline -0.004 -12"><span class='ocrx_word' id='word_1_762' title='bbox 2296 3827 2540 3882; x_wconf 85' lang='lat' dir='ltr'><strong>Cassiani</strong></span> <span class='ocrx_word' id='word_1_763' title='bbox 2579 3826 2808 3890; x_wconf 89' lang='lat' dir='ltr'><strong>colobia,</strong></span> <span class='ocrx_word' id='word_1_764' title='bbox 2823 3825 3020 3894; x_wconf 88' lang='lat' dir='ltr'><strong>quibus</strong></span> <span class='ocrx_word' id='word_1_765' title='bbox 3033 3824 3324 3877; x_wconf 86' lang='lat' dir='ltr'><strong>utebantur</strong></span> <span class='ocrx_word' id='word_1_766' title='bbox 3341 3824 3587 3877; x_wconf 87' lang='lat' dir='ltr'><strong>monachi</strong></span> <span class='ocrx_word' id='word_1_767' title='bbox 3607 3823 3868 3894; x_wconf 64' lang='lat' dir='ltr'><strong>Egyptii,</strong></span> 
     </span>
    </p>
   </div>
   <div class='ocr_carea' id='block_1_105' title="bbox 2296 3895 3875 3959">
    <p class='ocr_par' dir='ltr' id='par_1_105' title="bbox 2296 3895 3875 3959">
     <span class='ocr_line' id='line_1_106' title="bbox 2296 3895 3875 3959; baseline -0.004 -7"><span class='ocrx_word' id='word_1_768' title='bbox 2296 3914 2404 3954; x_wconf 87' lang='lat' dir='ltr'><strong>non</strong></span> <span class='ocrx_word' id='word_1_769' title='bbox 2437 3899 2656 3953; x_wconf 90' lang='lat' dir='ltr'><strong>omnino</strong></span> <span class='ocrx_word' id='word_1_770' title='bbox 2686 3897 2909 3950; x_wconf 88' lang='lat' dir='ltr'><strong>manicis</strong></span> <span class='ocrx_word' id='word_1_771' title='bbox 2934 3895 3216 3959; x_wconf 89' lang='lat' dir='ltr'><strong>carebant;</strong></span> <span class='ocrx_word' id='word_1_772' title='bbox 3241 3895 3337 3947; x_wconf 89' lang='lat' dir='ltr'><strong>sed</strong></span> <span class='ocrx_word' id='word_1_773' title='bbox 3369 3910 3432 3948; x_wconf 88' lang='lat' dir='ltr'><strong>ea</strong></span> <span class='ocrx_word' id='word_1_774' title='bbox 3462 3895 3598 3947; x_wconf 83' lang='lat' dir='ltr'><strong>infra</strong></span> <span class='ocrx_word' id='word_1_775' title='bbox 3631 3897 3875 3948; x_wconf 82' lang='lat' dir='ltr'><strong>cubitum</strong></span> 
     </span>
    </p>
   </div>
   <div class='ocr_carea' id='block_1_106' title="bbox 2296 3964 3877 4038">
    <p class='ocr_par' dir='ltr' id='par_1_106' title="bbox 2296 3964 3877 4038">
     <span class='ocr_line' id='line_1_107' title="bbox 2296 3964 3877 4038; baseline -0.003 -16"><span class='ocrx_word' id='word_1_776' title='bbox 2296 3969 2617 4024; x_wconf 89' lang='lat' dir='ltr'><strong>desinebant</strong></span> <span class='ocrx_word' id='word_1_777' title='bbox 2645 3967 2930 4038; x_wconf 85' lang='lat' dir='ltr'><strong>(Saphran.</strong></span> <span class='ocrx_word' id='word_1_778' title='bbox 2959 3968 3013 4019; x_wconf 90' lang='lat' dir='ltr'><strong>in</strong></span> <span class='ocrx_word' id='word_1_779' title='bbox 3045 3964 3206 4020; x_wconf 88' lang='lat' dir='ltr'><strong>Prata</strong></span> <span class='ocrx_word' id='word_1_780' title='bbox 3234 3965 3405 4038; x_wconf 79' lang='lat' dir='ltr'><strong>spirit.</strong></span> <span class='ocrx_word' id='word_1_781' title='bbox 3429 3982 3547 4038; x_wconf 88' lang='lat' dir='ltr'><strong>cap.</strong></span> <span class='ocrx_word' id='word_1_782' title='bbox 3572 3965 3801 4038; x_wconf 61' lang='lat'><strong>92,120</strong></span> <span class='ocrx_word' id='word_1_783' title='bbox 3828 3971 3877 4019; x_wconf 70' lang='lat' dir='ltr'><strong>et</strong></span> 
     </span>
    </p>
   </div>
   <div class='ocr_carea' id='block_1_107' title="bbox 2297 4035 3874 4107">
    <p class='ocr_par' dir='ltr' id='par_1_107' title="bbox 2297 4035 3874 4107">
     <span class='ocr_line' id='line_1_108' title="bbox 2297 4035 3874 4107; baseline -0.002 -14"><span class='ocrx_word' id='word_1_784' title='bbox 2297 4038 2464 4107; x_wconf 64' lang='lat'><strong>12.4);</strong></span> <span class='ocrx_word' id='word_1_785' title='bbox 2519 4039 2629 4102; x_wconf 89' lang='lat' dir='ltr'><strong>vel,</strong></span> <span class='ocrx_word' id='word_1_786' title='bbox 2657 4035 2897 4103; x_wconf 30' lang='lat' dir='ltr'><strong>‘ut&#39;ipse</strong></span> <span class='ocrx_word' id='word_1_787' title='bbox 2955 4038 3228 4106; x_wconf 83' lang='lat' dir='ltr'><strong>loquitur,</strong></span> <span class='ocrx_word' id='word_1_788' title='bbox 3270 4035 3384 4091; x_wconf 81' lang='lat' dir='ltr'><strong>fere</strong></span> <span class='ocrx_word' id='word_1_789' title='bbox 3441 4035 3511 4090; x_wconf 86' lang='lat' dir='ltr'><strong>ad</strong></span> <span class='ocrx_word' id='word_1_790' title='bbox 3567 4036 3874 4090; x_wconf 85' lang='lat' dir='ltr'><strong>cubitorum</strong></span> 
     </span>
    </p>
   </div>
   <div class='ocr_carea' id='block_1_108' title="bbox 2295 4107 3877 4175">
    <p class='ocr_par' dir='ltr' id='par_1_108' title="bbox 2295 4107 3877 4175">
     <span class='ocr_line' id='line_1_109' title="bbox 2295 4107 3877 4175; baseline -0.001 -14"><span class='ocrx_word' id='word_1_791' title='bbox 2295 4119 2540 4162; x_wconf 75' lang='lat' dir='ltr'><strong>extrema</strong></span> <span class='ocrx_word' id='word_1_792' title='bbox 2565 4107 2958 4175; x_wconf 80' lang='lat' dir='ltr'><strong>pertingebant,</strong></span> <span class='ocrx_word' id='word_1_793' title='bbox 2989 4123 3093 4160; x_wconf 90' lang='lat' dir='ltr'><strong>non</strong></span> <span class='ocrx_word' id='word_1_794' title='bbox 3127 4108 3353 4161; x_wconf 90' lang='lat' dir='ltr'><strong>humero</strong></span> <span class='ocrx_word' id='word_1_795' title='bbox 3385 4116 3539 4160; x_wconf 87' lang='lat' dir='ltr'><strong>tenus</strong></span> <span class='ocrx_word' id='word_1_796' title='bbox 3568 4117 3789 4172; x_wconf 68' lang='lat' dir='ltr'><strong>exertae,</strong></span> <span class='ocrx_word' id='word_1_797' title='bbox 3817 4115 3877 4160; x_wconf 87' lang='lat' dir='ltr'><strong>ut</strong></span> 
     </span>
    </p>
   </div>
   <div class='ocr_carea' id='block_1_109' title="bbox 2296 4176 3876 4243">
    <p class='ocr_par' dir='ltr' id='par_1_109' title="bbox 2296 4176 3876 4243">
     <span class='ocr_line' id='line_1_110' title="bbox 2296 4176 3876 4243; baseline 0.001 -14"><span class='ocrx_word' id='word_1_798' title='bbox 2296 4176 2535 4243; x_wconf 87' lang='lat' dir='ltr'><strong>Cuychio</strong></span> <span class='ocrx_word' id='word_1_799' title='bbox 2573 4177 2746 4227; x_wconf 88' lang='lat' dir='ltr'><strong>visum</strong></span> <span class='ocrx_word' id='word_1_800' title='bbox 2799 4187 2903 4229; x_wconf 89' lang='lat' dir='ltr'><strong>est.</strong></span> <span class='ocrx_word' id='word_1_801' title='bbox 2959 4177 3030 4227; x_wconf 86' lang='lat' dir='ltr'><strong>De</strong></span> <span class='ocrx_word' id='word_1_802' title='bbox 3087 4178 3280 4243; x_wconf 80' lang='lat' dir='ltr'><strong>quibus</strong></span> <span class='ocrx_word' id='word_1_803' title='bbox 3331 4179 3663 4232; x_wconf 83' lang='lat' dir='ltr'><strong>Sozomenus</strong></span> <span class='ocrx_word' id='word_1_804' title='bbox 3713 4179 3876 4232; x_wconf 87' lang='lat' dir='ltr'><strong>aliam</strong></span> 
     </span>
    </p>
   </div>
   <div class='ocr_carea' id='block_1_110' title="bbox 2297 4245 3876 4313">
    <p class='ocr_par' dir='ltr' id='par_1_110' title="bbox 2297 4245 3876 4313">
     <span class='ocr_line' id='line_1_111' title="bbox 2297 4245 3876 4313; baseline 0.003 -14"><span class='ocrx_word' id='word_1_805' title='bbox 2297 4247 2457 4299; x_wconf 87' lang='lat' dir='ltr'><strong>etiam</strong></span> <span class='ocrx_word' id='word_1_806' title='bbox 2515 4245 2778 4300; x_wconf 90' lang='lat' dir='ltr'><strong>rationem</strong></span> <span class='ocrx_word' id='word_1_807' title='bbox 2843 4245 3226 4313; x_wconf 81' lang='lat' dir='ltr'><strong>tr0pologicam</strong></span> <span class='ocrx_word' id='word_1_808' title='bbox 3282 4261 3378 4301; x_wconf 87' lang='lat' dir='ltr'><strong>seu</strong></span> <span class='ocrx_word' id='word_1_809' title='bbox 3427 4249 3686 4302; x_wconf 88' lang='lat' dir='ltr'><strong>moralem</strong></span> <span class='ocrx_word' id='word_1_810' title='bbox 3735 4248 3876 4303; x_wconf 86' lang='lat' dir='ltr'><strong>assi-</strong></span> 
     </span>
    </p>
   </div>
   <div class='ocr_carea' id='block_1_111' title="bbox 2297 4315 3879 4386">
    <p class='ocr_par' dir='ltr' id='par_1_111' title="bbox 2297 4315 3879 4386">
     <span class='ocr_line' id='line_1_112' title="bbox 2297 4315 3879 4386; baseline 0.005 -20"><span class='ocrx_word' id='word_1_811' title='bbox 2297 4333 2464 4384; x_wconf 75' lang='lat' dir='ltr'><strong>gnans</strong></span> <span class='ocrx_word' id='word_1_812' title='bbox 2494 4317 2590 4370; x_wconf 74' lang='lat' dir='ltr'><strong>lil-J.</strong></span> <span class='ocrx_word' id='word_1_813' title='bbox 2624 4330 2691 4386; x_wconf 79' lang='grc' dir='ltr'><strong>ιιι</strong></span> <span class='ocrx_word' id='word_1_814' title='bbox 2712 4330 2830 4381; x_wconf 88' lang='lat' dir='ltr'><strong>cap.</strong></span> <span class='ocrx_word' id='word_1_815' title='bbox 2867 4317 2941 4386; x_wconf 20' lang='lat'><strong>154</strong></span> <span class='ocrx_word' id='word_1_816' title='bbox 2956 4317 3163 4380; x_wconf 88' lang='lat' dir='ltr'><strong>scribit,</strong></span> <span class='ocrx_word' id='word_1_817' title='bbox 3193 4315 3416 4386; x_wconf 73' lang='lat' dir='ltr'><strong>ngypti</strong></span> <span class='ocrx_word' id='word_1_818' title='bbox 3448 4321 3746 4374; x_wconf 88' lang='lat' dir='ltr'><strong>monachos</strong></span> <span class='ocrx_word' id='word_1_819' title='bbox 3777 4341 3879 4374; x_wconf 80' lang='grc' dir='ltr'><strong>κει-</strong></span> 
     </span>
    </p>
   </div>
   <div class='ocr_carea' id='block_1_112' title="bbox 2296 4384 3880 4461">
    <p class='ocr_par' dir='ltr' id='par_1_112' title="bbox 2296 4384 3880 4461">
     <span class='ocr_line' id='line_1_113' title="bbox 2296 4384 3880 4461; baseline 0.003 -21"><span class='ocrx_word' id='word_1_820' title='bbox 2296 4395 2457 4461; x_wconf 51' lang='lat' dir='ltr'><strong>caput;</strong></span> <span class='ocrx_word' id='word_1_821' title='bbox 2488 4385 2894 4461; x_wconf 58' lang='lat' dir='ltr'><strong>exstpoSmro-ic,</strong></span> <span class='ocrx_word' id='word_1_822' title='bbox 2929 4384 3036 4438; x_wconf 88' lang='lat' dir='ltr'><strong>hoc</strong></span> <span class='ocrx_word' id='word_1_823' title='bbox 3073 4396 3186 4461; x_wconf 73' lang='lat' dir='ltr'><strong>est,</strong></span> <span class='ocrx_word' id='word_1_824' title='bbox 3230 4384 3440 4443; x_wconf 83' lang='lat' dir='ltr'><strong>tunicas</strong></span> <span class='ocrx_word' id='word_1_825' title='bbox 3484 4390 3604 4443; x_wconf 89' lang='lat' dir='ltr'><strong>sine</strong></span> <span class='ocrx_word' id='word_1_826' title='bbox 3635 4390 3880 4461; x_wconf 81' lang='lat' dir='ltr'><strong>manicis</strong></span> 
     </span>
    </p>
   </div>
   <div class='ocr_carea' id='block_1_113' title="bbox 2298 4457 3880 4524">
    <p class='ocr_par' dir='ltr' id='par_1_113' title="bbox 2298 4457 3880 4524">
     <span class='ocr_line' id='line_1_114' title="bbox 2298 4457 3880 4524; baseline 0.001 -12"><span class='ocrx_word' id='word_1_827' title='bbox 2298 4457 2585 4522; x_wconf 77' lang='lat' dir='ltr'><strong>habuisse;</strong></span> <span class='ocrx_word' id='word_1_828' title='bbox 2614 4457 2669 4508; x_wconf 77' lang='lat' dir='ltr'><strong>ut</strong></span> <span class='ocrx_word' id='word_1_829' title='bbox 2698 4472 2752 4508; x_wconf 88' lang='lat' dir='ltr'><strong>eo</strong></span> <span class='ocrx_word' id='word_1_830' title='bbox 2777 4458 2920 4523; x_wconf 82' lang='lat' dir='ltr'><strong>signa</strong></span> <span class='ocrx_word' id='word_1_831' title='bbox 2951 4457 3271 4510; x_wconf 82' lang='lat' dir='ltr'><strong>ostenderent</strong></span> <span class='ocrx_word' id='word_1_832' title='bbox 3294 4473 3475 4512; x_wconf 84' lang='lat' dir='ltr'><strong>manus</strong></span> <span class='ocrx_word' id='word_1_833' title='bbox 3509 4475 3563 4511; x_wconf 86' lang='lat' dir='ltr'><strong>se</strong></span> <span class='ocrx_word' id='word_1_834' title='bbox 3591 4459 3654 4510; x_wconf 80' lang='lat' dir='ltr'><strong>ab</strong></span> <span class='ocrx_word' id='word_1_835' title='bbox 3679 4462 3880 4524; x_wconf 83' lang='lat' dir='ltr'><strong>injuria</strong></span> 
     </span>
    </p>
   </div>
   <div class='ocr_carea' id='block_1_114' title="bbox 2297 4521 3882 4596">
    <p class='ocr_par' dir='ltr' id='par_1_114' title="bbox 2297 4521 3882 4596">
     <span class='ocr_line' id='line_1_115' title="bbox 2297 4521 3882 4596; baseline 0.003 -15"><span class='ocrx_word' id='word_1_836' title='bbox 2297 4538 2345 4581; x_wconf 87' lang='lat' dir='ltr'><strong>et</strong></span> <span class='ocrx_word' id='word_1_837' title='bbox 2370 4527 2678 4580; x_wconf 85' lang='lat' dir='ltr'><strong>contumelia</strong></span> <span class='ocrx_word' id='word_1_838' title='bbox 2716 4521 2982 4592; x_wconf 77' lang='lat' dir='ltr'><strong>inferenda</strong></span> <span class='ocrx_word' id='word_1_839' title='bbox 3019 4525 3203 4579; x_wconf 82' lang='lat' dir='ltr'><strong>habere</strong></span> <span class='ocrx_word' id='word_1_840' title='bbox 3247 4529 3447 4594; x_wconf 87' lang='lat' dir='ltr'><strong>penitus</strong></span> <span class='ocrx_word' id='word_1_841' title='bbox 3478 4529 3672 4580; x_wconf 84' lang='lat' dir='ltr'><strong>alienas</strong></span> <span class='ocrx_word' id='word_1_842' title='bbox 3699 4521 3882 4596; x_wconf 66' lang='lat' dir='ltr'><strong>(idem</strong></span> 
     </span>
    </p>
   </div>
   <div class='ocr_carea' id='block_1_115' title="bbox 2299 4596 3882 4668">
    <p class='ocr_par' dir='ltr' id='par_1_115' title="bbox 2299 4596 3882 4668">
     <span class='ocr_line' id='line_1_116' title="bbox 2299 4596 3882 4668; baseline 0.002 -14"><span class='ocrx_word' id='word_1_843' title='bbox 2299 4599 2361 4654; x_wconf 84' lang='lat' dir='ltr'><strong>S.</strong></span> <span class='ocrx_word' id='word_1_844' title='bbox 2394 4597 2680 4651; x_wconf 85' lang='lat' dir='ltr'><strong>Doratheus</strong></span> <span class='ocrx_word' id='word_1_845' title='bbox 2721 4596 2806 4668; x_wconf 87' lang='lat' dir='ltr'><strong>ubi</strong></span> <span class='ocrx_word' id='word_1_846' title='bbox 2849 4601 3050 4668; x_wconf 89' lang='lat' dir='ltr'><strong>supra).</strong></span> <span class='ocrx_word' id='word_1_847' title='bbox 3095 4597 3266 4651; x_wconf 85' lang='lat' dir='ltr'><strong>Porro</strong></span> <span class='ocrx_word' id='word_1_848' title='bbox 3306 4597 3614 4667; x_wconf 86' lang='lat' dir='ltr'><strong>hujusmodi</strong></span> <span class='ocrx_word' id='word_1_849' title='bbox 3645 4602 3882 4657; x_wconf 83' lang='lat' dir='ltr'><strong>colobiis</strong></span> 
     </span>
    </p>
   </div>
   <div class='ocr_carea' id='block_1_116' title="bbox 2298 4667 3882 4736">
    <p class='ocr_par' dir='ltr' id='par_1_116' title="bbox 2298 4667 3882 4736">
     <span class='ocr_line' id='line_1_117' title="bbox 2298 4667 3882 4736; baseline 0.003 -13"><span class='ocrx_word' id='word_1_850' title='bbox 2298 4670 2504 4724; x_wconf 89' lang='lat' dir='ltr'><strong>similes</strong></span> <span class='ocrx_word' id='word_1_851' title='bbox 2528 4669 2580 4723; x_wconf 92' lang='lat' dir='ltr'><strong>in</strong></span> <span class='ocrx_word' id='word_1_852' title='bbox 2612 4667 2853 4721; x_wconf 86' lang='lat' dir='ltr'><strong>vestibus</strong></span> <span class='ocrx_word' id='word_1_853' title='bbox 2882 4667 3054 4722; x_wconf 90' lang='lat' dir='ltr'><strong>sacris</strong></span> <span class='ocrx_word' id='word_1_854' title='bbox 3082 4669 3428 4736; x_wconf 87' lang='lat' dir='ltr'><strong>Dalmaticas,</strong></span> <span class='ocrx_word' id='word_1_855' title='bbox 3456 4685 3554 4724; x_wconf 89' lang='lat' dir='ltr'><strong>seu</strong></span> <span class='ocrx_word' id='word_1_856' title='bbox 3587 4669 3882 4728; x_wconf 86' lang='lat' dir='ltr'><strong>tunicellas</strong></span> 
     </span>
    </p>
   </div>
   <div class='ocr_carea' id='block_1_117' title="bbox 2301 4739 3883 4812">
    <p class='ocr_par' dir='ltr' id='par_1_117' title="bbox 2301 4739 3883 4812">
     <span class='ocr_line' id='line_1_118' title="bbox 2301 4739 3883 4812; baseline 0.002 -18"><span class='ocrx_word' id='word_1_857' title='bbox 2301 4742 2542 4796; x_wconf 87' lang='lat' dir='ltr'><strong>videmus</strong></span> <span class='ocrx_word' id='word_1_858' title='bbox 2572 4739 2840 4812; x_wconf 83' lang='lat' dir='ltr'><strong>(Alcuinus</strong></span> <span class='ocrx_word' id='word_1_859' title='bbox 2867 4739 2951 4792; x_wconf 86' lang='lat' dir='ltr'><strong>ubi</strong></span> <span class='ocrx_word' id='word_1_860' title='bbox 2973 4756 3128 4811; x_wconf 84' lang='lat' dir='ltr'><strong>supra</strong></span> <span class='ocrx_word' id='word_1_861' title='bbox 3157 4756 3272 4810; x_wconf 85' lang='lat' dir='ltr'><strong>cap.</strong></span> <span class='ocrx_word' id='word_1_862' title='bbox 3294 4741 3409 4810; x_wconf 80' lang='lat'><strong>&#39;57).</strong></span> <span class='ocrx_word' id='word_1_863' title='bbox 3435 4742 3512 4796; x_wconf 84' lang='lat' dir='ltr'><strong>De</strong></span> <span class='ocrx_word' id='word_1_864' title='bbox 3540 4742 3735 4809; x_wconf 86' lang='lat' dir='ltr'><strong>quibus</strong></span> <span class='ocrx_word' id='word_1_865' title='bbox 3764 4747 3883 4798; x_wconf 82' lang='lat' dir='ltr'><strong>Au-</strong></span> 
     </span>
    </p>
   </div>
   <div class='ocr_carea' id='block_1_118' title="bbox 2300 4811 3875 4882">
    <p class='ocr_par' dir='ltr' id='par_1_118' title="bbox 2300 4811 3875 4882">
     <span class='ocr_line' id='line_1_119' title="bbox 2300 4811 3875 4882; baseline 0.001 -16"><span class='ocrx_word' id='word_1_866' title='bbox 2300 4816 2499 4867; x_wconf 86' lang='lat' dir='ltr'><strong>selmus</strong></span> <span class='ocrx_word' id='word_1_867' title='bbox 2527 4811 2867 4866; x_wconf 88' lang='lat' dir='ltr'><strong>decretorum</strong></span> <span class='ocrx_word' id='word_1_868' title='bbox 2898 4812 3180 4877; x_wconf 86' lang='lat' dir='ltr'><strong>collector,</strong></span> <span class='ocrx_word' id='word_1_869' title='bbox 3214 4815 3328 4868; x_wconf 71' lang='lat' dir='ltr'><strong>haec</strong></span> <span class='ocrx_word' id='word_1_870' title='bbox 3354 4821 3627 4882; x_wconf 87' lang='lat' dir='ltr'><strong>tamquam</strong></span> <span class='ocrx_word' id='word_1_871' title='bbox 3662 4829 3727 4865; x_wconf 86' lang='lat' dir='ltr'><strong>ex</strong></span> <span class='ocrx_word' id='word_1_872' title='bbox 3761 4814 3875 4868; x_wconf 86' lang='lat' dir='ltr'><strong>Eu-</strong></span> 
     </span>
    </p>
   </div>
   <div class='ocr_carea' id='block_1_119' title="bbox 2299 4882 3878 4953">
    <p class='ocr_par' dir='ltr' id='par_1_119' title="bbox 2299 4882 3878 4953">
     <span class='ocr_line' id='line_1_120' title="bbox 2299 4882 3878 4953; baseline 0.001 -17"><span class='ocrx_word' id='word_1_873' title='bbox 2299 4885 2450 4940; x_wconf 90' lang='lat' dir='ltr'><strong>sebio</strong></span> <span class='ocrx_word' id='word_1_874' title='bbox 2483 4882 2607 4952; x_wconf 90' lang='lat' dir='ltr'><strong>(sed</strong></span> <span class='ocrx_word' id='word_1_875' title='bbox 2651 4883 2912 4935; x_wconf 89' lang='lat' dir='ltr'><strong>incertum</strong></span> <span class='ocrx_word' id='word_1_876' title='bbox 2942 4882 3072 4953; x_wconf 90' lang='lat' dir='ltr'><strong>quo)</strong></span> <span class='ocrx_word' id='word_1_877' title='bbox 3108 4884 3237 4938; x_wconf 92' lang='lat' dir='ltr'><strong>citat</strong></span> <span class='ocrx_word' id='word_1_878' title='bbox 3267 4902 3279 4935; x_wconf 87' lang='lat'><strong>:</strong></span> <span class='ocrx_word' id='word_1_879' title='bbox 3310 4885 3354 4937; x_wconf 83' lang='grc' dir='ltr'><strong><em>Α</em></strong></span> <span class='ocrx_word' id='word_1_880' title='bbox 3389 4895 3564 4937; x_wconf 86' lang='lat' dir='ltr'><strong>sancto</strong></span> <span class='ocrx_word' id='word_1_881' title='bbox 3603 4882 3878 4950; x_wconf 81' lang='lat' dir='ltr'><strong>Sylvestro</strong></span> 
     </span>
    </p>
   </div>
   <div class='ocr_carea' id='block_1_120' title="bbox 2298 4954 3874 5024">
    <p class='ocr_par' dir='ltr' id='par_1_120' title="bbox 2298 4954 3874 5024">
     <span class='ocr_line' id='line_1_121' title="bbox 2298 4954 3874 5024; baseline 0 -16"><span class='ocrx_word' id='word_1_882' title='bbox 2298 4964 2345 5008; x_wconf 88' lang='lat' dir='ltr'><strong>et</strong></span> <span class='ocrx_word' id='word_1_883' title='bbox 2379 4955 2683 5024; x_wconf 72' lang='lat' dir='ltr'><strong>presbyteris</strong></span> <span class='ocrx_word' id='word_1_884' title='bbox 2721 4955 2833 5021; x_wconf 84' lang='lat' dir='ltr'><strong>ejus</strong></span> <span class='ocrx_word' id='word_1_885' title='bbox 2876 4956 3192 5008; x_wconf 79' lang='lat' dir='ltr'><strong>colobiorum</strong></span> <span class='ocrx_word' id='word_1_886' title='bbox 3233 4971 3354 5008; x_wconf 87' lang='lat' dir='ltr'><strong>usus</strong></span> <span class='ocrx_word' id='word_1_887' title='bbox 3391 4954 3602 5022; x_wconf 85' lang='lat' dir='ltr'><strong>sumpsit</strong></span> <span class='ocrx_word' id='word_1_888' title='bbox 3639 4954 3874 5024; x_wconf 83' lang='lat' dir='ltr'><strong>initium,</strong></span> 
     </span>
    </p>
   </div>
   <div class='ocr_carea' id='block_1_121' title="bbox 2298 5023 3874 5087">
    <p class='ocr_par' dir='ltr' id='par_1_121' title="bbox 2298 5023 3874 5087">
     <span class='ocr_line' id='line_1_122' title="bbox 2298 5023 3874 5087; baseline 0.003 -10"><span class='ocrx_word' id='word_1_889' title='bbox 2298 5035 2345 5077; x_wconf 88' lang='lat' dir='ltr'><strong>et</strong></span> <span class='ocrx_word' id='word_1_890' title='bbox 2377 5023 2607 5085; x_wconf 81' lang='lat' dir='ltr'><strong>Marcus,</strong></span> <span class='ocrx_word' id='word_1_891' title='bbox 2649 5041 2707 5076; x_wconf 89' lang='lat' dir='ltr'><strong>ac</strong></span> <span class='ocrx_word' id='word_1_892' title='bbox 2744 5024 2937 5087; x_wconf 88' lang='lat' dir='ltr'><strong>Julius,</strong></span> <span class='ocrx_word' id='word_1_893' title='bbox 2971 5036 3016 5077; x_wconf 91' lang='lat' dir='ltr'><strong>et</strong></span> <span class='ocrx_word' id='word_1_894' title='bbox 3045 5025 3272 5078; x_wconf 84' lang='lat' dir='ltr'><strong>Liberius</strong></span> <span class='ocrx_word' id='word_1_895' title='bbox 3313 5040 3375 5076; x_wconf 73' lang='lat' dir='ltr'><strong>ex</strong></span> <span class='ocrx_word' id='word_1_896' title='bbox 3411 5025 3591 5077; x_wconf 87' lang='lat' dir='ltr'><strong>ordine</strong></span> <span class='ocrx_word' id='word_1_897' title='bbox 3616 5033 3734 5076; x_wconf 87' lang='lat' dir='ltr'><strong>sunt</strong></span> <span class='ocrx_word' id='word_1_898' title='bbox 3767 5023 3874 5080; x_wconf 82' lang='lat' dir='ltr'><strong>usi.</strong></span> 
     </span>
    </p>
   </div>
   <div class='ocr_carea' id='block_1_122' title="bbox 2300 5094 3873 5150">
    <p class='ocr_par' dir='ltr' id='par_1_122' title="bbox 2300 5094 3873 5150">
     <span class='ocr_line' id='line_1_123' title="bbox 2300 5094 3873 5150; baseline 0.003 -4"><span class='ocrx_word' id='word_1_899' title='bbox 2300 5094 2428 5146; x_wconf 83' lang='lat' dir='ltr'><strong>Post</strong></span> <span class='ocrx_word' id='word_1_900' title='bbox 2454 5095 2545 5147; x_wconf 83' lang='lat' dir='ltr'><strong>hos</strong></span> <span class='ocrx_word' id='word_1_901' title='bbox 2565 5105 2735 5147; x_wconf 89' lang='lat' dir='ltr'><strong>autem</strong></span> <span class='ocrx_word' id='word_1_902' title='bbox 2755 5095 2954 5148; x_wconf 88' lang='lat' dir='ltr'><strong>colobia</strong></span> <span class='ocrx_word' id='word_1_903' title='bbox 2981 5095 3030 5146; x_wconf 85' lang='lat' dir='ltr'><strong>in</strong></span> <span class='ocrx_word' id='word_1_904' title='bbox 3066 5095 3368 5146; x_wconf 84' lang='lat' dir='ltr'><strong>dalmaticas</strong></span> <span class='ocrx_word' id='word_1_905' title='bbox 3394 5103 3705 5148; x_wconf 87' lang='lat' dir='ltr'><strong>commutata</strong></span> <span class='ocrx_word' id='word_1_906' title='bbox 3726 5107 3873 5150; x_wconf 85' lang='lat' dir='ltr'><strong>sunt.</strong></span> 
     </span>
    </p>
   </div>
   <div class='ocr_carea' id='block_1_123' title="bbox 2298 5163 3876 5231">
    <p class='ocr_par' dir='ltr' id='par_1_123' title="bbox 2298 5163 3876 5231">
     <span class='ocr_line' id='line_1_124' title="bbox 2298 5163 3876 5231; baseline 0.002 -14"><span class='ocrx_word' id='word_1_907' title='bbox 2298 5165 2424 5218; x_wconf 79' lang='lat' dir='ltr'><strong>Haec</strong></span> <span class='ocrx_word' id='word_1_908' title='bbox 2443 5164 2553 5219; x_wconf 89' lang='lat' dir='ltr'><strong>ille.</strong></span> <span class='ocrx_word' id='word_1_909' title='bbox 2585 5167 2787 5219; x_wconf 87' lang='lat' dir='ltr'><strong>Dicitur</strong></span> <span class='ocrx_word' id='word_1_910' title='bbox 2809 5176 2986 5219; x_wconf 85' lang='lat' dir='ltr'><strong>autem</strong></span> <span class='ocrx_word' id='word_1_911' title='bbox 3013 5163 3282 5216; x_wconf 90' lang='lat' dir='ltr'><strong>colobium</strong></span> <span class='ocrx_word' id='word_1_912' title='bbox 3311 5165 3444 5219; x_wconf 89' lang='lat' dir='ltr'><strong>alias</strong></span> <span class='ocrx_word' id='word_1_913' title='bbox 3474 5164 3876 5231; x_wconf 88' lang='lat' dir='ltr'><strong>libitonarium,</strong></span> 
     </span>
    </p>
   </div>
   <div class='ocr_carea' id='block_1_124' title="bbox 2298 5234 3873 5307">
    <p class='ocr_par' dir='ltr' id='par_1_124' title="bbox 2298 5234 3873 5307">
     <span class='ocr_line' id='line_1_125' title="bbox 2298 5234 3873 5307; baseline 0.002 -18"><span class='ocrx_word' id='word_1_914' title='bbox 2298 5236 2382 5290; x_wconf 87' lang='lat' dir='ltr'><strong>vel</strong></span> <span class='ocrx_word' id='word_1_915' title='bbox 2422 5235 2820 5307; x_wconf 71' lang='lat' dir='ltr'><strong>levitonarium,</strong></span> <span class='ocrx_word' id='word_1_916' title='bbox 2857 5234 3055 5307; x_wconf 81' lang='lat' dir='ltr'><strong>Isidoro</strong></span> <span class='ocrx_word' id='word_1_917' title='bbox 3095 5243 3232 5307; x_wconf 79' lang='lat' dir='ltr'><strong>teste</strong></span> <span class='ocrx_word' id='word_1_918' title='bbox 3277 5235 3368 5287; x_wconf 93' lang='lat' dir='ltr'><strong>lib.</strong></span> <span class='ocrx_word' id='word_1_919' title='bbox 3417 5251 3508 5290; x_wconf 79' lang='lat' dir='ltr'><strong>nx</strong></span> <span class='ocrx_word' id='word_1_920' title='bbox 3557 5237 3873 5307; x_wconf 76' lang='lat' dir='ltr'><strong>Etymolog.</strong></span> 
     </span>
    </p>
   </div>
   <div class='ocr_carea' id='block_1_125' title="bbox 2296 5304 3876 5372">
    <p class='ocr_par' dir='ltr' id='par_1_125' title="bbox 2296 5304 3876 5372">
     <span class='ocr_line' id='line_1_126' title="bbox 2296 5304 3876 5372; baseline 0.001 -12"><span class='ocrx_word' id='word_1_921' title='bbox 2296 5322 2413 5372; x_wconf 87' lang='lat' dir='ltr'><strong>cap.</strong></span> <span class='ocrx_word' id='word_1_922' title='bbox 2449 5306 2516 5359; x_wconf 69' lang='lat'><strong>22</strong></span> <span class='ocrx_word' id='word_1_923' title='bbox 2541 5325 2552 5358; x_wconf 94' lang='lat'>:</span> <span class='ocrx_word' id='word_1_924' title='bbox 2577 5306 2966 5367; x_wconf 84' lang='lat' dir='ltr'><strong>Libitonarium,</strong></span> <span class='ocrx_word' id='word_1_925' title='bbox 3004 5304 3194 5372; x_wconf 89' lang='lat' dir='ltr'><strong>inquit,</strong></span> <span class='ocrx_word' id='word_1_926' title='bbox 3228 5316 3302 5358; x_wconf 85' lang='lat' dir='ltr'><strong>est</strong></span> <span class='ocrx_word' id='word_1_927' title='bbox 3339 5308 3590 5361; x_wconf 85' lang='lat' dir='ltr'><strong>colobium</strong></span> <span class='ocrx_word' id='word_1_928' title='bbox 3613 5304 3724 5362; x_wconf 79' lang='lat' dir='ltr'><strong>sine</strong></span> <span class='ocrx_word' id='word_1_929' title='bbox 3753 5304 3876 5361; x_wconf 73' lang='lat' dir='ltr'><strong>mti-</strong></span> 
     </span>
    </p>
   </div>
   <div class='ocr_carea' id='block_1_126' title="bbox 2297 5373 3874 5449">
    <p class='ocr_par' dir='ltr' id='par_1_126' title="bbox 2297 5373 3874 5449">
     <span class='ocr_line' id='line_1_127' title="bbox 2297 5373 3874 5449; baseline 0.001 -17"><span class='ocrx_word' id='word_1_930' title='bbox 2297 5380 2446 5440; x_wconf 81' lang='lat' dir='ltr'><strong>nicis,</strong></span> <span class='ocrx_word' id='word_1_931' title='bbox 2497 5380 2641 5449; x_wconf 88' lang='lat' dir='ltr'><strong>quali</strong></span> <span class='ocrx_word' id='word_1_932' title='bbox 2695 5375 2939 5449; x_wconf 23' lang='lat' dir='ltr'><strong>monachi“</strong></span> <span class='ocrx_word' id='word_1_933' title='bbox 2969 5373 3187 5449; x_wconf 76' lang='lat' dir='ltr'><strong>/_Egypt_i</strong></span> <span class='ocrx_word' id='word_1_934' title='bbox 3236 5386 3472 5449; x_wconf 81' lang='lat' dir='ltr'><strong>utuntur.</strong></span> <span class='ocrx_word' id='word_1_935' title='bbox 3523 5378 3764 5433; x_wconf 80' lang='lat' dir='ltr'><strong>Meminit</strong></span> <span class='ocrx_word' id='word_1_936' title='bbox 3815 5389 3874 5435; x_wconf 86' lang='lat' dir='ltr'><strong>et</strong></span> 
     </span>
    </p>
   </div>
   <div class='ocr_carea' id='block_1_127' title="bbox 2300 5445 3874 5519">
    <p class='ocr_par' dir='ltr' id='par_1_127' title="bbox 2300 5445 3874 5519">
     <span class='ocr_line' id='line_1_128' title="bbox 2300 5445 3874 5519; baseline 0.001 -15"><span class='ocrx_word' id='word_1_937' title='bbox 2300 5449 2360 5504; x_wconf 87' lang='lat' dir='ltr'><strong>D.</strong></span> <span class='ocrx_word' id='word_1_938' title='bbox 2409 5445 2771 5519; x_wconf 79' lang='lat' dir='ltr'><strong>Hieronymus</strong></span> <span class='ocrx_word' id='word_1_939' title='bbox 2809 5445 3121 5519; x_wconf 50' lang='lat' dir='ltr'><strong>[tralatione</strong></span> <span class='ocrx_word' id='word_1_940' title='bbox 3158 5447 3210 5500; x_wconf 88' lang='lat' dir='ltr'><strong>in</strong></span> <span class='ocrx_word' id='word_1_941' title='bbox 3259 5448 3513 5517; x_wconf 76' lang='lat' dir='ltr'><strong>Regulam</strong></span> <span class='ocrx_word' id='word_1_942' title='bbox 3559 5452 3725 5504; x_wconf 85' lang='lat' dir='ltr'><strong>sancti</strong></span> <span class='ocrx_word' id='word_1_943' title='bbox 3764 5451 3874 5505; x_wconf 82' lang='lat' dir='ltr'><strong>Pa-</strong></span> 
     </span>
    </p>
   </div>
   <div class='ocr_carea' id='block_1_128' title="bbox 2293 5516 3871 5583">
    <p class='ocr_par' dir='ltr' id='par_1_128' title="bbox 2293 5516 3871 5583">
     <span class='ocr_line' id='line_1_129' title="bbox 2293 5516 3871 5583; baseline 0.006 -17"><span class='ocrx_word' id='word_1_944' title='bbox 2293 5520 2512 5573; x_wconf 81' lang='lat' dir='ltr'><strong>chumii.</strong></span> <span class='ocrx_word' id='word_1_945' title='bbox 2564 5516 2848 5574; x_wconf 62' lang='lat' dir='ltr'><strong>Dicebatur</strong></span> <span class='ocrx_word' id='word_1_946' title='bbox 2892 5524 2948 5569; x_wconf 87' lang='lat' dir='ltr'><strong>et</strong></span> <span class='ocrx_word' id='word_1_947' title='bbox 2995 5516 3237 5583; x_wconf 83' lang='lat' dir='ltr'><strong>lebeton,</strong></span> <span class='ocrx_word' id='word_1_948' title='bbox 3280 5516 3364 5573; x_wconf 84' lang='lat' dir='ltr'><strong>vel</strong></span> <span class='ocrx_word' id='word_1_949' title='bbox 3407 5521 3627 5576; x_wconf 90' lang='lat' dir='ltr'><strong>lebitum</strong></span> <span class='ocrx_word' id='word_1_950' title='bbox 3671 5522 3871 5576; x_wconf 86' lang='lat' dir='ltr'><strong>eodem</strong></span> 
     </span>
    </p>
   </div>
   <div class='ocr_carea' id='block_1_129' title="bbox 2295 5585 3870 5658">
    <p class='ocr_par' dir='ltr' id='par_1_129' title="bbox 2295 5585 3870 5658">
     <span class='ocr_line' id='line_1_130' title="bbox 2295 5585 3870 5658; baseline 0.003 -16"><span class='ocrx_word' id='word_1_951' title='bbox 2295 5588 2627 5658; x_wconf 80' lang='lat' dir='ltr'><strong>signiﬁcatu;</strong></span> <span class='ocrx_word' id='word_1_952' title='bbox 2657 5591 2797 5642; x_wconf 88' lang='lat' dir='ltr'><strong>unde</strong></span> <span class='ocrx_word' id='word_1_953' title='bbox 2821 5586 2876 5638; x_wconf 91' lang='lat' dir='ltr'><strong>in</strong></span> <span class='ocrx_word' id='word_1_954' title='bbox 2903 5585 3026 5640; x_wconf 85' lang='lat' dir='ltr'><strong>Vita</strong></span> <span class='ocrx_word' id='word_1_955' title='bbox 3052 5588 3293 5653; x_wconf 81' lang='lat' dir='ltr'><strong>eiusdem</strong></span> <span class='ocrx_word' id='word_1_956' title='bbox 3325 5590 3599 5646; x_wconf 80' lang='lat' dir='ltr'><strong>Pachoniii</strong></span> <span class='ocrx_word' id='word_1_957' title='bbox 3624 5592 3738 5647; x_wconf 66' lang='lat' dir='ltr'><strong>haec</strong></span> <span class='ocrx_word' id='word_1_958' title='bbox 3767 5594 3870 5647; x_wconf 89' lang='lat' dir='ltr'><strong>ha-</strong></span> 
     </span>
    </p>
   </div>
   <div class='ocr_carea' id='block_1_130' title="bbox 2295 5658 3868 5732">
    <p class='ocr_par' dir='ltr' id='par_1_130' title="bbox 2295 5658 3868 5732">
     <span class='ocr_line' id='line_1_131' title="bbox 2295 5658 3868 5732; baseline 0.003 -18"><span class='ocrx_word' id='word_1_959' title='bbox 2295 5661 2493 5716; x_wconf 89' lang='lat' dir='ltr'><strong>bentur</strong></span> <span class='ocrx_word' id='word_1_960' title='bbox 2522 5680 2538 5716; x_wconf 91' lang='lat'><strong>:</strong></span> <span class='ocrx_word' id='word_1_961' title='bbox 2571 5658 2638 5714; x_wconf 85' lang='grc' dir='ltr'><em>1η</em></span> <span class='ocrx_word' id='word_1_962' title='bbox 2664 5667 2806 5711; x_wconf 88' lang='lat' dir='ltr'><strong>tanta</strong></span> <span class='ocrx_word' id='word_1_963' title='bbox 2836 5673 2950 5712; x_wconf 84' lang='lat' dir='ltr'><strong>vero</strong></span> <span class='ocrx_word' id='word_1_964' title='bbox 2981 5661 3391 5714; x_wconf 74' lang='lat' dir='ltr'><strong>vestimentorum</strong></span> <span class='ocrx_word' id='word_1_965' title='bbox 3419 5663 3640 5732; x_wconf 85' lang='lat' dir='ltr'><strong>penuria</strong></span> <span class='ocrx_word' id='word_1_966' title='bbox 3667 5681 3721 5721; x_wconf 83' lang='lat' dir='ltr'><strong>se</strong></span> <span class='ocrx_word' id='word_1_967' title='bbox 3739 5679 3868 5721; x_wconf 82' lang='lat' dir='ltr'><strong>con-</strong></span> 
     </span>
    </p>
   </div>
   <div class='ocr_carea' id='block_1_131' title="bbox 673 5767 3430 5840">
    <p class='ocr_par' dir='ltr' id='par_1_131' title="bbox 673 5767 3430 5840">
     <span class='ocr_line' id='line_1_132' title="bbox 673 5767 3430 5840; baseline 0.002 -18"><span class='ocrx_word' id='word_1_968' title='bbox 673 5777 697 5798; x_wconf 85' lang='lat'><strong><em>‘</em></strong></span> <span class='ocrx_word' id='word_1_969' title='bbox 718 5773 845 5840; x_wconf 55' lang='lat' dir='ltr'><strong>ﬁcta</strong></span> <span class='ocrx_word' id='word_1_970' title='bbox 869 5767 1076 5840; x_wconf 60' lang='lat' dir='ltr'><strong>tunicam</strong></span> <span class='ocrx_word' id='word_1_971' title='bbox 1095 5791 1322 5840; x_wconf 4' lang='lat' dir='ltr'><strong>(sacceum</strong></span> <span class='ocrx_word' id='word_1_972' title='bbox 1340 5792 1426 5839; x_wconf 90' lang='lat' dir='ltr'><strong>pro</strong></span> <span class='ocrx_word' id='word_1_973' title='bbox 1449 5776 1697 5837; x_wconf 85' lang='lat' dir='ltr'><strong>sacco,vel</strong></span> <span class='ocrx_word' id='word_1_974' title='bbox 1718 5776 1897 5840; x_wconf 79' lang='lat' dir='ltr'><strong>cilicio,</strong></span> <span class='ocrx_word' id='word_1_975' title='bbox 1919 5775 1984 5825; x_wconf 89' lang='lat' dir='ltr'><strong>de</strong></span> <span class='ocrx_word' id='word_1_976' title='bbox 1999 5786 2096 5840; x_wconf 67' lang='lat' dir='ltr'><strong>quo</strong></span> <span class='ocrx_word' id='word_1_977' title='bbox 2119 5787 2207 5824; x_wconf 84' lang='lat' dir='ltr'><strong>su-</strong></span> <span class='ocrx_word' id='word_1_978' title='bbox 2286 5778 2428 5839; x_wconf 86' lang='lat' dir='ltr'><strong>epist.</strong></span> <span class='ocrx_word' id='word_1_979' title='bbox 2450 5776 2531 5838; x_wconf 76' lang='lat'><strong>28,</strong></span> <span class='ocrx_word' id='word_1_980' title='bbox 2556 5773 2716 5827; x_wconf 82' lang='lat' dir='ltr'><strong>Tract.</strong></span> <span class='ocrx_word' id='word_1_981' title='bbox 2742 5772 2802 5826; x_wconf 74' lang='grc'><strong>21.</strong></span> <span class='ocrx_word' id='word_1_982' title='bbox 2825 5774 2878 5827; x_wconf 88' lang='lat' dir='ltr'><strong>in</strong></span> <span class='ocrx_word' id='word_1_983' title='bbox 2902 5771 3139 5840; x_wconf 73' lang='lat' dir='ltr'><strong>Regulam</strong></span> <span class='ocrx_word' id='word_1_984' title='bbox 3158 5775 3221 5830; x_wconf 83' lang='lat' dir='ltr'><strong>D.</strong></span> <span class='ocrx_word' id='word_1_985' title='bbox 3242 5773 3430 5828; x_wconf 84' lang='lat' dir='ltr'><strong>Bened.</strong></span> 
     </span>
    </p>
   </div>
   <div class='ocr_carea' id='block_1_132' title="bbox 618 5835 2192 5900">
    <p class='ocr_par' dir='ltr' id='par_1_132' title="bbox 618 5835 2192 5900">
     <span class='ocr_line' id='line_1_133' title="bbox 618 5835 2192 5900; baseline 0.003 -16"><span class='ocrx_word' id='word_1_986' title='bbox 618 5835 856 5891; x_wconf 77' lang='lat' dir='ltr'><strong>nra.Yide</strong></span> <span class='ocrx_word' id='word_1_987' title='bbox 880 5835 1042 5884; x_wconf 87' lang='lat' dir='ltr'><strong>Sidon.</strong></span> <span class='ocrx_word' id='word_1_988' title='bbox 1061 5837 1235 5888; x_wconf 84' lang='lat' dir='ltr'><strong>lib.Vll</strong></span> <span class='ocrx_word' id='word_1_989' title='bbox 1262 5835 1403 5899; x_wconf 76' lang='lat' dir='ltr'><strong>epist.</strong></span> <span class='ocrx_word' id='word_1_990' title='bbox 1426 5842 1498 5900; x_wconf 83' lang='grc'><strong>16,</strong></span> <span class='ocrx_word' id='word_1_991' title='bbox 1515 5835 1998 5891; x_wconf 77' lang='lat' dir='ltr'><strong>ctPet.Cluniaceus.</strong></span> <span class='ocrx_word' id='word_1_992' title='bbox 2021 5835 2107 5888; x_wconf 89' lang='lat' dir='ltr'><strong>lib.</strong></span> <span class='ocrx_word' id='word_1_993' title='bbox 2121 5851 2192 5896; x_wconf 75' lang='grc' dir='ltr'>ιιι.</span> 
     </span>
    </p>
   </div>
  </div>
