4036 6218
616 259 692 362 τι
1202 257 1265 304 ”
1315 309 1327 324 λ·
1361 332 1386 341 -ς
1420 259 1538 340 ³
1573 265 1586 272 ’
1628 307 1640 322 ·
1698 309 1706 316 ν
1910 297 2177 355 JOANNIS

2281 294 2533 354 ASSIANI
3059 328 3063 332 -
3777 290 3836 347 73

616 421 779 478 etvita
794 427 958 472 vestra
975 418 1270 472 abscondita
1285 423 1357 472 est
1379 398 1494 470 cum
1510 415 1711 472 Christo
1733 418 1786 471 in
1810 416 2180 488 Deo(Cot.tu).
2211 422 2265 482 Α
2288 415 2532 485 Apostoli
2581 419 2903 484 praeceptum
2953 411 3231 467 studentes
3274 405 3423 464 omni
3456 407 3652 462 virtute
3696 421 3835 463 com-

618 515 682 567 Et
705 515 895 568 iterum
930 531 942 564 :
993 511 1120 564 Vivo
1151 521 1320 564 autem
1337 513 1454 582 jam
1471 527 1570 563 non
1591 527 1706 581 ego,
1740 510 1856 563 vivit
1886 525 2002 563 vero
2031 511 2085 563 in
2106 525 2186 564 me

615 607 866 661 Christus.
900 603 1033 658 Mihi
1075 604 1279 675 quidem
1308 604 1530 658 mundus
1556 604 1834 674 cruciﬁxus
1864 613 1935 658 est
1962 645 1977 672 ,
2008 612 2056 658 et
2091 618 2182 672 ego

615 697 804 751 mundo
831 693 1026 768 (Galat.
1059 692 1141 766 ιι).

1223 785 1452 846 CAPUT
1493 790 1576 845 VI.

1119 882 1198 938 De
1226 883 1659 940 rebrachiatoriis.

683 985 708 1015 ι
738 976 963 1033 Gestant
990 976 1152 1031 etiam
1179 975 1466 1030 resticulas
1494 976 1736 1044 duplices
1755 1017 1770 1041 ,
1802 975 1959 1030 laneo
1991 973 2179 1044 pIexas

611 1067 947 1138 subtegmine
969 1111 982 1136 ,
1015 1082 1148 1136 quas
1173 1067 1348 1122 Grteci
1377 1069 1651 1134 ἀναϐολὰς,
1684 1082 1781 1123 nos
1809 1083 1938 1123 vero
1965 1067 2178 1122 succin-

610 1161 808 1228 ctoria,
848 1176 944 1217 seu
989 1160 1334 1223 redimicula,
1380 1161 1462 1215 vel
1503 1161 1720 1230 proprie
1759 1159 2179 1215 rebrachiatoria

608 1267 894 1323 possumus
924 1253 1222 1322 appellare.
1264 1253 1396 1320 Quae
1434 1251 1816 1307 descendentia
1847 1267 1942 1320 per
1970 1262 2177 1305 summa

606 1349 834 1404 cervicis
862 1356 916 1402 et
944 1363 975 1402 e
1004 1347 1264 1402 lateribus
1293 1347 1420 1400 colli
1451 1346 1620 1400 divisa
1639 1389 1654 1415 ,
1685 1355 2037 1415 utrarumque
2065 1346 2179 1400 ala-

606 1459 724 1497 rum
755 1441 904 1496 sinus
932 1442 1207 1506 ambiunt,
1238 1448 1399 1511 atque
1430 1440 1554 1494 hinc
1581 1439 1707 1494 inde
1738 1440 2091 1509 succingunt,
2125 1448 2182 1495 ut

606 1524 1024 1601 constringentia
1050 1531 1390 1587 latitudinem
1414 1531 1724 1586 vestimenti
1747 1531 1812 1584 ad
1835 1546 2032 1600 corpus
2052 1545 2181 1586 con-

605 1626 819 1680 trahant
845 1634 1005 1694 atque
1035 1625 1395 1692 coniungant,
1425 1632 1479 1676 et
1510 1623 1581 1676 ita
1607 1622 1920 1676 constrictis
1945 1622 2180 1678 brachiis

605 1715 820 1786 impigri
865 1714 932 1768 ad
972 1729 1132 1769 omne
1159 1728 1295 1783 opus
1324 1711 1674 1783 expeditique
1704 1712 2018 1779 reddantur,
2051 1713 2178 1768 illud

2287 509 2457 578 plere.
2495 509 2630 574 Quia
2657 525 2759 561 non
2785 507 2950 561 solum
2980 507 3127 569 mihi,
3157 506 3245 560 sed
3273 506 3425 559 etiam
3448 504 3525 557 his
3545 504 3628 570 qui
3653 519 3834 556 mecum

2285 610 2441 668 sunt,
2472 601 2884 655 ministraverunt
2915 617 3094 653 ntanus
3124 601 3237 653 ista:
3260 640 3276 666 ,
3308 614 3467 668 neque
3493 597 3646 668 gratis
3674 613 3834 668 panem

2284 698 2347 751 ab
2375 697 2548 767 aliquo
2587 696 3032 759 manducavimus,
3064 695 3154 749 sed
3181 696 3234 748 in
3262 693 3437 748 labore
3463 701 3511 747 et
3552 693 3810 763 fatigation

2283 798 2428 844 nocte
2456 806 2516 844 ac
2541 790 2624 844 die
2653 797 2921 861 aperantes
2942 833 2956 853 ,
2987 805 3048 842 ne
3074 804 3222 859 quem
3259 795 3481 842 vestrum
3519 802 3807 858 gravaremu

2283 888 2479 960 (Actor.
2498 887 2624 955 xx).
2655 888 2745 953 Et,
2763 886 2821 942 Si
2847 887 2960 957 quis
2987 902 3087 939 non
3105 885 3208 939 vult
3235 884 3459 956 operari,
3483 900 3568 938 nec
3580 883 3813 966 manduco

2284 979 2364 1051 (Il
2388 978 2628 1035 Thessal.
2660 977 2761 1051 ιιι).
2807 982 2810 986 ’

2881 1069 3104 1126 CAPUT
3145 1069 3254 1124 VII.

2741 1163 2819 1218 De
2856 1163 3158 1232 mafortibus
3197 1178 3397 1216 eorum.

2353 1258 2481 1312 Post
2510 1259 2622 1311 hmc
2661 1266 2892 1327 angusto
2918 1257 3142 1324 palliolo
3173 1266 3280 1309 tam
3299 1254 3549 1309 .amictus
3574 1252 3832 1307 humilita-

2283 1360 2392 1405 tem
2405 1365 2568 1420 quam
2582 1347 2844 1404 vilitatem
2863 1349 3043 1417 pretii,
3058 1347 3546 1418 compendiumque
3563 1353 3833 1407 sectantes,

2282 1442 2420 1498 colla
2451 1443 2657 1511 pariter
2687 1450 2846 1512 atque
2869 1441 3123 1496 humeros
3153 1451 3359 1512 tegunt,
3393 1456 3514 1510 quae
3537 1439 3564 1477 ιι
3595 1437 3835 1493 mafortes

2282 1545 2388 1588 tam
2421 1533 2626 1590 nostro
2651 1550 2810 1605 quam
2849 1535 3091 1604 ipsorum
3123 1542 3504 1603 nuncupantur
3533 1530 3764 1601 eloquio,
3791 1538 3836 1583 et

2280 1625 2354 1678 ita
2385 1634 2410 1664 ο
2439 1625 2822 1694 planeticarum
2857 1637 3017 1695 atque
3040 1625 3314 1680 birrorum
3342 1622 3516 1694 pretia
3538 1622 3718 1692 simul,
3739 1634 3836 1674 am-

2282 1716 2650 1787 bitionemque
2675 1717 2967 1773 declinant.

1661 1874 1918 1929 ALARDI
1953 1874 2184 1930 GAZAEI
2220 1875 2786 1934 COMMENTARIUS.

676 1999 703 2028 ι
721 1989 896 2044 Locus
915 1987 1304 2060 subobscurus,
1324 1995 1378 2060 et
1398 1985 1790 2060 voculisnimis
1808 1985 2186 2060 multistquasi
2217 1990 2264 2050 B
2293 1985 2519 2039 Habitus
2548 1997 2742 2060 noster,
2773 1986 2980 2060 inquit,
3007 2004 3052 2040 ts
3082 1996 3176 2052 est,
3195 1989 3370 2042 tunica
3396 1989 3587 2060 absque
3616 1991 3838 2054 manicis,

605 2061 946 2134 synonymis,
977 2059 1056 2134 ad
1074 2074 1185 2112 rem
1219 2059 1464 2134 eamdem
1497 2057 1866 2124 explicandam
1900 2057 2176 2134 adhibitis,

604 2127 924 2189 obsoni-atus
946 2129 1145 2196 potius,
1171 2145 1326 2196 quam
1351 2128 1682 2182 illustratus:
1707 2142 1931 2193 quarum
1956 2127 2179 2195 singula:

603 2202 828 2276 proinde
849 2201 1183 2276 explicandae
1205 2198 1366 2276 (Vide
1390 2197 1672 2276 Nicephor.
1695 2199 1781 2276 lib.
1800 2214 1920 2276 tx_c.
1940 2197 2050 2266 15).
2073 2197 2180 2252 Re-

603 2268 822 2331 sticulas
837 2268 1083 2342 duplices
1102 2268 1257 2342 laneo
1274 2271 1458 2342 plexas
1485 2268 1832 2342 subtegmine
1851 2268 2178 2342 interpretor

603 2345 885 2404 funiculos.
906 2339 999 2396 seu
1025 2341 1274 2396 fasciolas
1297 2343 1385 2395 illo
1405 2341 1562 2394 laneo
1582 2350 1759 2395 textas
1782 2340 1908 2394 hinc
1929 2339 2054 2393 inde
2077 2339 2177 2394 sub

606 2416 784 2471 axillis
811 2413 1206 2482 dependentes,
1239 2412 1433 2478 quibus
1455 2411 1534 2464 illi
1558 2412 1804 2465 monachi
1833 2420 2009 2464 vestes
2031 2409 2176 2482 infe-

603 2490 777 2542 riores
805 2495 859 2539 et
885 2481 1126 2538 laxiores
1155 2486 1299 2536 circa
1333 2493 1520 2550 pectus
1547 2490 1602 2534 et
1641 2483 1854 2535 lumbos
1895 2481 2178 2550 succinge-

602 2557 736 2613 bant
784 2565 838 2610 et
875 2555 1346 2622 constringebant,
1374 2561 1432 2605 ut
1460 2553 1748 2606 Cassianus
1776 2553 1889 2618 ipse
1919 2551 2173 2621 expauit,

605 2627 746 2694 quod
778 2626 916 2680 Galli
955 2625 1177 2690 dicunt,
1213 2636 1437 2678 trousser
1466 2623 1869 2694 lesvestcmens,
1903 2632 1961 2676 ut
1998 2624 2177 2676 solent

604 2693 945 2754 Franciscani
974 2708 1152 2750 vestes
1173 2695 1390 2766 cingqu
1421 2705 1511 2747 aut
1534 2693 1662 2748 fune
1684 2707 1962 2766 coercege,
1990 2709 2054 2746 ne
2078 2695 2175 2766 im-

603 2771 916 2838 pedimento
947 2769 1056 2821 sint
1091 2781 1226 2835 opus
1270 2763 1366 2821 aut
1403 2766 1508 2818 iter
1541 2763 1846 2838 agentibus.
1883 2763 1979 2818 Est
2029 2763 2174 2819 enim

605 2834 857 2894 resticula
888 2834 1263 2892 diminutivum
1294 2853 1322 2891 a
1353 2846 1496 2890 reste
1517 2881 1530 2903 ,
1567 2835 1618 2889 id
1647 2845 1763 2900 est,
1795 2834 1920 2888 fune
1940 2876 1956 2900 ,
1990 2845 2048 2888 ut
2075 2849 2173 2888 no-

605 2921 714 2964 tum
743 2919 844 2964 est.
864 2909 1216 2978 Subtegmen,
1234 2909 1340 2975 vel,
1368 2918 1425 2960 ut
1449 2907 1607 2978 Junio
1628 2905 2026 2978 Nomenclaturi
2059 2908 2175 2974 pla-

605 2992 725 3044 cet,
759 2976 1072 3045 subtemen',
1104 2981 1246 3048 quod
1275 2978 1489 3032 stamini
1522 2977 1745 3040 subeat,
1774 2976 1922 3030 ﬁlum
1955 2977 2172 3042 dicitur,

605 3051 745 3120 quod
788 3052 928 3105 inter
964 3051 1190 3104 stamina
1232 3049 1520 3114 discurrit,
1552 3049 1634 3102 vel
1666 3049 1811 3120 quod
1840 3049 2058 3102 stamini
2089 3050 2171 3101 in-

607 3119 838 3176 texitur:
873 3122 1012 3175 unde
1041 3129 1097 3176 et
1125 3131 1293 3174 trama
1322 3121 1536 3184 dicitur,
1569 3121 1694 3187 quia
1725 3119 1886 3172 telam
1915 3128 2170 3172 tramcat:

606 3193 774 3247 Gallis
803 3202 983 3258 trame,
1006 3208 1073 3246 ou
1103 3194 1283 3244 traime
1313 3192 1381 3244 du
1411 3190 1683 3244 tisserand.
1712 3190 2137 3243 Succinctorium
2156 3229 2170 3250 .

606 3264 749 3317 idem
777 3263 916 3332 q'uod
947 3262 1320 3330 succiugulum
1341 3301 1355 3325 ,
1384 3277 1491 3332 quo
1520 3271 1702 3332 vestes
1752 3259 2081 3332 colligebant
2105 3269 2175 3332 Aet

606 3329 1012 3403 succingebant,
1037 3342 1095 3386 ut
1115 3329 1317 3386 dictum
1341 3331 1862 3403 est.iRcdimiculum
1890 3334 2062 3403 poetis
2087 3329 2172 3403 di-

607 3407 751 3459 citur
782 3400 1004 3460 fasciola
1033 3419 1063 3457 a
1096 3405 1255 3458 mitra
1285 3402 1571 3471 muliebri,
1603 3416 1697 3456 seu
1730 3401 2059 3455 sacerdotali
2085 3400 2179 3456 de-

607 3478 884 3546 pendens;
913 3475 1084 3531 Graaci
1114 3477 1310 3529 ταινίαν
1339 3483 1553 3526 vocant.
1585 3471 1775 3540 Virgil.
1807 3487 1858 3526 ιι
1889 3471 2103 3528 Aineid.
2128 3489 2141 3526 :

699 3587 760 3637 Et
782 3588 959 3637 tunica:
979 3588 1209 3646 manicas,
1236 3591 1289 3635 et
1306 3584 1492 3633 habent
1508 3583 1795 3658 redimicula
1813 3585 1987 3634 mitra.

609 3672 676 3727 Et
694 3671 848 3728 Ovid.
877 3687 911 3725 κ
934 3672 1150 3726 Metam.
1177 3689 1188 3723 :

847 3762 1150 3814 Redimicula
1173 3769 1372 3826 pectore
1401 3761 1637 3826 pendent.

611 3889 716 3944 Sed
749 3889 918 3957 magis
948 3888 1193 3957 apposite
1225 3887 1291 3940 ad
1325 3889 1466 3942 hunc
1493 3889 1668 3942 locum
1695 3887 1915 3955 exponit
1946 3885 2182 3940 Isidorus

612 3961 663 4012 in
693 3961 834 4010 hunc
856 3959 1071 4011 modum
1096 3973 1111 4011 :
1137 3957 1521 4010 Redimiculum
1542 3969 1614 4011 est
1632 3961 1767 4026 quod
1788 3959 2184 4010 succinctorium

610 4045 697 4081 seu
719 4028 908 4080 bracile
931 4044 1306 4092 nuncupamus,
1329 4029 1464 4095 quod
1488 4029 1791 4081 descendens
1815 4044 1902 4094 per
1922 4030 2178 4092 cervicem,

609 4110 656 4152 et
679 4114 710 4149 a
740 4098 981 4150 lateribus
1009 4097 1128 4149 colli
1149 4097 1413 4150 dimissum
1436 4109 1764 4165 utrarumque
1788 4097 1992 4147 alarum
2015 4097 2184 4150 sinum

609 4169 799 4234 ambit,
830 4178 979 4238 atque
1005 4166 1125 4219 hinc
1155 4169 1274 4218 inde
1304 4167 1572 4238 succingit,
1601 4176 1656 4218 ut
1680 4167 2033 4235 constringens
2064 4166 2184 4218 lati-

610 4241 836 4293 tudinem
863 4241 1041 4292 vestiat
1069 4252 1278 4306 corpus,
1313 4244 1464 4305 atque
1491 4239 1851 4306 conjungendo
1883 4247 2180 4305 componat;

611 4309 706 4363 hoc
722 4307 1098 4380 vulgobracilc,
1118 4308 1266 4380 quasi
1283 4307 1563 4380 brachiale,
1581 4315 1782 4380 vocant,
1800 4310 2030 4380 quamvis
2048 4325 2182 4380 nunc

611 4397 714 4433 non
743 4377 1098 4448 brachiorum,
1132 4377 1218 4431 sed
1243 4394 1421 4430 renum
1453 4377 1516 4430 sit
1547 4377 1824 4448 cingulum.
1859 4377 1983 4431 I'Itec
2015 4377 2184 4432 Isido-

611 4467 703 4505 rus
733 4450 883 4519 (Lib.
914 4465 1004 4503 xtx
1030 4447 1259 4520 Etymol.
1285 4464 1333 4502 c.
1363 4448 1558 4512 penult.
1578 4446 1731 4520 )[ISx
1761 4448 1956 4520 quibus
1978 4450 2181 4520 colligo

611 4522 1028 4576 rebrachiatoria
1042 4519 1303 4574 cassiano
1325 4519 1466 4572 idem
1485 4519 1792 4588 signiﬁcare
1812 4519 1952 4588 quod
1975 4519 2182 4574 Isidoro

613 4593 836 4655 bracile,
857 4607 953 4646 seu
976 4592 1284 4649 bracltiale:
1312 4605 1632 4658 quamquam
1653 4591 1942 4644 brachialia
1966 4591 2180 4659 proprie

613 4663 864 4717 dicuntur
883 4666 1222 4717 brachiorum
1245 4671 1585 4728 ornamenta,
1606 4661 1745 4715 sicut
1761 4660 2012 4714 frontalia
2033 4659 2180 4714 fron-

2290 2068 2334 2110 et
2360 2071 2488 2109 zona
2515 2058 2756 2128 pellicea,
2789 2058 3038 2112 analabus
3070 2069 3117 2111 et
3153 2061 3403 2113 cucullus.
3451 2058 3589 2128 Quid
3623 2077 3746 2115 vero
3781 2062 3839 2114 sit

2281 2129 2550 2192 analabus,
2585 2129 2700 2182 sive
2740 2129 3021 2191 auabalus,
3064 2129 3200 2182 infra
3229 2133 3469 2198 exponit.
3515 2132 3769 2186 Analabus
3795 2131 3838 2183 in
3877 2131 3890 2142 ”

2284 2200 2446 2251 crucis
2495 2200 2701 2251 ntodum
2739 2200 2965 2269 ponitur.
2995 2199 3164 2271 Super
3193 2201 3430 2255 humeros
3459 2213 3632 2255 autem
3660 2214 3839 2255 nostros

2281 2271 2446 2321 crucis
2497 2271 2696 2338 signum
2731 2271 3030 2340 deferimus,
3074 2287 3136 2324 ea:
3179 2287 3236 2323 eo
3269 2273 3405 2339 quod
3439 2273 3676 2326 dicitur:
3710 2272 3838 2326 Tolle

2281 2351 2674 2411 crucemtuam,
2705 2351 2751 2394 et
2771 2358 2980 2411 sequere
3021 2358 3119 2394 me.
3154 2341 3357 2396 Rursus
3389 2343 3521 2397 infra
3550 2363 3561 2395 :
3597 2343 3838 2397 Habemus

2281 2420 2330 2462 et
2379 2410 2676 2486 a‘nalabum,
2722 2412 2775 2464 id
2821 2410 2917 2480 est,
2952 2413 3226 2482 scapulare
3253 2415 3316 2466 ab
3358 2414 3580 2468 humeris
3609 2415 3838 2486 pendens,

2279 2482 2418 2540 quod
2449 2492 2524 2535 est
2550 2497 2698 2534 crux.

2352 2550 2378 2588 δ
2413 2552 2465 2605 In
2491 2552 2714 2620 plurali;
2739 2552 2965 2617 mafors,
2985 2554 3069 2608 vel
3093 2569 3308 2608 mavors
3330 2556 3382 2610 in
3405 2556 3666 2620 singulari
3687 2577 3698 2610 :
3719 2558 3837 2616 alias

2281 2623 2532 2698 maforte,
2556 2624 2639 2676 vel
2665 2636 2926 2698 mavorte.
2951 2625 3025 2678 De
3046 2641 3147 2698 qua
3168 2625 3408 2680 Isidorus
3431 2645 3442 2678 :
3471 2628 3641 2696 Stola,
3663 2629 3837 2698 inquit,

2279 2692 2454 2765 (ξι-ωδε
2474 2704 2706 2759 vocatur,
2726 2696 2863 2765 quod
2879 2697 3272 2762 supermittatur
3295 2715 3314 2756 ;
3343 2698 3517 2751 eadem
3544 2708 3590 2752 et
3617 2692 3835 2753 riciniunt

2278 2763 2468 2818 Latino
2497 2766 2702 2842 nomine
2729 2763 3038 2842 appellatur,
3071 2783 3127 2820 co
3153 2768 3290 2835 quod
3317 2769 3534 2842 dimidia
3572 2771 3687 2842 ejus
3722 2789 3833 2842 pars

2277 2845 2415 2908 retro
2444 2838 2695 2908 rejicitur,
2721 2837 2858 2907 quod
2887 2837 3037 2908 vulgo
3065 2848 3342 2891 mavortem
3373 2839 3569 2892 dicunt.
3594 2837 3735 2894 Haec
3763 2843 3841 2896 ille

2279 2904 2416 2976 (Lib.
2445 2904 2531 2960 xt’x
2557 2904 2783 2979 Etgmol.
2809 2923 2924 2979 cap.
2947 2907 3061 2978 ‘25).
3087 2908 3374 2963 Suzomeni
3403 2911 3670 2979 interpres
3695 2924 3841 2965 vocat

2278 2977 2692 3047 humerale(Lib.
2719 2994 2775 3032 ιιι
2796 2977 2937 3031 Hist.
2960 2977 3073 3050 cap.
3101 2979 3211 3048 I3).
3240 2980 3480 3034 Meminit
3504 2977 3560 3034 et
3586 2984 3648 3034 I).
3673 2983 3842 3036 Hiero-

2279 3063 2472 3122 nymus
2500 3051 2656 3122 epist.
2682 3049 2772 3116 22,
2806 3050 2873 3102 ad
2905 3049 3282 3115 Eustochium,
3315 3052 3404 3104 ubi
3434 3053 3672 3120 virgines
3697 3069 3841 3122 quas-

2277 3119 2398 3190 (ym
2430 3119 2635 3190 laxiore
2669 3128 2878 3173 utentes
2910 3132 3150 3173 mavorte
3179 3123 3490 3190 perstringit
3521 3123 3604 3176 his
3633 3119 3840 3178 verbis:

2278 3187 2347 3240 Et
2363 3205 2452 3258 per
2467 3188 2708 3243 humeros
2731 3190 3060 3260 hyacinthina
3083 3187 3218 3244 lwn’a
3242 3187 3465 3245 mavorte
3491 3194 3729 3247 volitans.
3753 3195 3841 3247 IIa-

2278 3260 2374 3330 bes
2418 3261 2579 3312 etiam
2623 3261 2949 3328 appellatam
2989 3263 3362 3330 maphortetn,
3395 3279 3490 3316 seu
3518 3277 3841 3324 tnavortem.

2281 3329 2334 3383 in
2360 3329 2506 3402 Actis
2529 3331 2772 3402 martyrii
2799 3331 2854 3385 S.
2879 3331 3024 3402 Pauli
3047 3329 3303 3398 apostoli,
3326 3350 3446 3402 qua:
3469 3334 3714 3390 feruntur
3736 3336 3840 3390 Liui

2286 3399 2952 3476 nomine,cumagiturde
2974 3399 3238 3476 Plautillze
3262 3399 3548 3476 velamine,
3576 3409 3844 3476 maphorte

2286 3472 2462 3537 dicto,
2508 3471 2670 3543 Paulo
2707 3470 3064 3543 exhibito.rlu
3103 3474 3254 3528 Actis
3293 3475 3511 3543 insuper
3541 3470 3841 3532 sanctorum

2285 3550 2580 3618 martyrum
2615 3541 2847 3618 _Fausta:_
2871 3553 2924 3596 et
2954 3542 3206 3618 Evilasii,
3232 3541 3465 3618 quorum
3497 3547 3843 3618 fragmentum

2285 3610 2475 3667 recitat
2523 3610 2677 3684 Beda_
2704 3614 2756 3665 in
2801 3612 3180 3684 Martyrologio
3221 3615 3292 3669 20
3321 3610 3605 3684 Septemb:
3633 3621 3746 3674 lucc
3780 3619 3842 3671 de

2285 3684 2570 3758 rnaphorte
2595 3699 2610 3737 :
2643 3682 2805 3758 Jussit
2837 3680 3309 3738 Faustamvnudam
3329 3729 3340 3747 ,
3371 3680 3419 3742 et
3449 3689 3558 3741 sine
3585 3690 3844 3758 maphorte

2285 3754 2629 3826 ﬂagellatam,
2658 3756 3057 3826 incarccratam,
3088 3767 3243 3822 caput
3273 3759 3550 3822 terebrari,
3581 3754 3691 3816 etc.
3718 3759 3845 3825 Quid

2286 3825 2463 3901 autem
2499 3826 2571 3880 sit
2607 3825 2838 3890 mafors,
2885 3827 2970 3880 vel
3007 3841 3224 3901 mavors
3263 3829 3394 3901 satis
3431 3830 3579 3885 clare
3615 3830 3846 3901 depingit

2284 3894 2610 3970 Cassianus,
2639 3906 2922 3966 angustum
2955 3898 3162 3970 scilicet
3192 3899 3443 3966 pallium,
3475 3917 3580 3970 quo
3606 3894 3742 3957 colla
3773 3894 3845 3954 at-

2285 3983 2388 4037 que
2420 3969 2673 4022 humeros
2707 3970 2992 4036 tegebant;
3021 3969 3163 4037 quod
3205 3984 3310 4023 non
3350 3969 3595 4027 absimile
3639 3973 3844 4027 videtur

2285 4036 2456 4112 fuisse
2501 4040 2568 4112 ab
2589 4041 2931 4112 _eo_palliolo,
2959 4036 3099 4112 quod
3129 4055 3268 4093 nunc
3293 4041 3511 4095 abbates
3541 4051 3596 4096 et
3621 4045 3712 4098 alii
3741 4043 3846 4112 qui-

2283 4106 2406 4158 dam
2449 4108 2688 4175 religiosi
2722 4119 2931 4178 gestare
2961 4106 3174 4175 solent,
3206 4112 3348 4178 quod
3379 4121 3432 4166 et
3462 4112 3584 4166 Itali
3617 4106 3844 4168 maiore-

2286 4186 2393 4229 tam
2423 4185 2646 4240 vocant,
2679 4177 2824 4230 affini
2857 4189 3003 4231 certe
3033 4177 3456 4236 nomenclatura.

2360 4257 2381 4283 ο
2427 4246 2678 4321 Plauetas
2713 4247 2834 4321 alii,
2876 4247 3164 4321 Dionysius
3202 4249 3435 4319 planicas
3475 4257 3719 4321 exponit.
3755 4254 3843 4308 νὶ-

2284 4316 2441 4395 detur
2469 4316 2596 4370 milti
2630 4317 2888 4395 planetica
2914 4316 3286 4395 diminutivum
3316 4337 3343 4395 a
3375 4316 3613 4395 planeta,
3647 4343 3768 4395 qua:
3800 4327 3845 4378 in

2284 4387 2523 4440 vestibus
2569 4387 2739 4466 sacris
2782 4387 2887 4440 alio
2936 4387 3153 4466 nomine
3195 4387 3391 4466 casula'
3425 4387 3846 4466 dicitur,'qttasi

2283 4473 2446 4526 parva
2476 4472 2628 4530 casa,
2651 4456 2770 4524 quia
2804 4467 2972 4530 totum
3001 4458 3296 4530 hominem,
3325 4461 3496 4516 instar
3523 4456 3681 4530 caste,
3713 4456 3850 4519 anti-

2283 4530 2463 4596 quitus
2495 4529 2709 4593 tegebat
2741 4529 3079 4596 (cuiusmodi
3111 4530 3403 4584 etiamnum
3436 4533 3488 4584 in
3520 4529 3848 4598 quibusdam

2282 4600 2632 4652 monasteriis
2677 4607 2887 4652 exstant
2930 4599 3184 4666 planetae,
3214 4615 3310 4654 seu
3354 4602 3550 4655 casulae
3594 4606 3742 4659 omni
3786 4623 3847 4660 ex

2283 4678 2433 4743 parte
2459 4669 2688 4743 clauszn,
2721 4678 2775 4743 et
2805 4671 3049 4743 rotundm
3072 4671 3112 4740 ).
3143 4671 3306 4738 Hujus
3336 4689 3464 4743 ergo
3499 4673 3848 4730 similitudine

612 4736 710 4796 tis,
744 4745 797 4788 et
827 4734 1026 4815 tibialia
1049 4734 1331 4815 tibiarum.
1367 4733 1535 4815 Porro
1575 4733 1865 4815 neque-his
1894 4731 2171 4815 vocabulis

2281 4731 2538 4815 planetica
2561 4743 2674 4795 sive
2693 4740 2916 4807 plauica,
2938 4731 3573 4812 tlicebaturvestis‘ampla
3597 4755 3650 4800 et
3671 4749 3848 4815 splen-

611 4815 892 4859 contentus
914 4806 1197 4858 Cassianus
1223 4804 1384 4858 etiam
1408 4803 1653 4858 Grtecutn
1677 4803 1883 4856 addidit
1903 4803 2169 4868 ἀναϐολάς,

614 4893 709 4944 pro
735 4892 840 4944 quo
872 4877 922 4928 in
957 4876 1222 4944 plerisque
1252 4875 1640 4944 vetustioribus
1665 4874 2067 4941 exemplaribus
2099 4877 2174 4927 Ie-

610 4943 1056 5016 gitur’analaboys
1088 4963 1106 4999 :
1135 4943 1422 5015 Dionysius
1451 4961 1577 4998 vero
1599 4943 1986 4999 Carthusianus
2015 4944 2175 5016 habet

609 5012 864 5084 anabore;
895 5012 1180 5083 utrumque
1212 5012 1525 5070 mendosum
1574 5031 1637 5070 ac
1687 5016 1974 5068 barbarum
2024 5012 2170 5080 (Vid.

613 5092 766 5146 Suid.
824 5091 956 5156 verb.
992 5085 1256 5157 ἀναϐολή).
1289 5088 1380 5140 Est
1405 5095 1582 5141 autem
1614 5087 1836 5145 ἀναϐολή
1867 5084 2175 5157 idemquod

612 5178 822 5216 remora
845 5154 984 5224 ,‘aut
1020 5154 1328 5229 suspensio.
1365 5169 1416 5212 ιιι
1461 5170 1642 5213 notum
1683 5169 1792 5217 est.
1831 5172 1931 5224 qua
1969 5154 2174 5229 signiti-

610 5235 821 5287 catioue
849 5247 970 5285 cum
1001 5227 1458 5301 illis’synonymis
1494 5231 1916 5301 apte_congruit.
1956 5227 2061 5279 Alii
2092 5227 2172 5282 le-
2223 5259 2226 5262 ~

613 5317 739 5371 gunt
771 5304 1041 5358 ἀναϐόλαια
1068 5301 1152 5356 vel
1177 5298 1487 5356 ἂναϐὁλὰδια
1506 5342 1518 5363 ,
1547 5298 1729 5371 eadem
1761 5300 2095 5371 derivatione
2117 5310 2171 5353 et

612 5366 910 5443 Significatu
947 5391 958 5426 :
992 5374 1091 5428 etsi
1125 5375 1483 5426 anaboladium
1521 5369 1756 5443 Isidorus
1797 5370 1816 5437 (
1845 5366 1941 5420 Ubi
1972 5371 2170 5443 supra)

611 5439 827 5512 ex'pouit
869 5445 1189 5498 amictorium
1230 5445 1419 5497 lincunt
1463 5440 1797 5512 feminarum,
1835 5453 1936 5505 quo
1975 5439 2174 5493 humeri

613 5508 941 5585 operiuntur,
984 5518 1120 5585 quod
1162 5513 1328 5568 (ἓνωεὶ
1369 5522 1413 5566 et
1454 5508 1638 5585 Latini
1669 5508 1930 5559 sindonem
1969 5521 2171 5585 vocant.

657 5603 784 5640 orm
825 5588 908 5640 his
931 5578 1093 5640 aliine
1123 5585 1436 5639 vocabulum
1463 5578 1714 5634 analabus
1742 5587 1917 5632 exstat
1945 5578 2084 5645 apud
2109 5581 2169 5634 Β.

610 5657 940 5711 Dorotheutu
963 5659 1014 5708 in
1034 5656 1275 5710 doctrina
1300 5655 1500 5721 prima;
1527 5661 1579 5704 at
1601 5651 1991 5717 significatione
2014 5650 2170 5721 Ioage

613 5728 680 5779 ab
712 5729 795 5780 his
821 5728 1053 5781 diversa.
1077 5726 1126 5779 Is
1151 5725 1293 5780 enim
1317 5731 1493 5778 vestes
1521 5721 1906 5776 uicttachorum
1932 5735 2173 5778 comme-

614 5809 856 5863 morans,
879 5808 1170 5864 earumque
1193 5795 1456 5866 Lratioaes
1482 5803 1538 5850 et
1566 5795 1817 5863 mysteria
1847 5805 2128 5864 exponens
2155 5812 2177 5867 ί

2224 5321 2231 5332 ⁸
2277 5305 2466 5371 stella},

2275 4811 2419 4874 dida,
2455 4812 2517 4866 ad
2543 4827 2790 4880 pompam
2825 4824 2879 4866 et
2905 4815 3322 4869 ostentationem
3350 4811 3680 4885 composita,
3703 4811 3768 4872 ἐι
3797 4819 3844 4870 in

2277 4885 2493 4937 modum
2524 4885 2752 4951 planetae
2774 4898 2869 4937 seu
2895 4887 3091 4939 casula:
3122 4895 3291 4940 totum
3324 4887 3593 4942 hominem
3625 4888 3849 4941 circum-

2275 4956 2410 5007 dans
2431 4994 2444 5017 ,
2474 4969 2633 5022 quam
2661 4962 2848 5022 putant
2881 4957 3123 5010 nonnulli
3149 4959 3441 5010 derivatam
3465 4973 3495 5010 a
3517 4959 3687 5012 verbo
3717 4961 3845 5014 πλα-

2277 5027 2489 5098 γάομαι,
2520 5024 2659 5093 quod
2691 5035 2775 5098 est
2803 5041 2984 5096 vagor,
3018 5041 3260 5098 seuucrro
3282 5042 3403 5098 tero
3435 5029 3575 5096 quod
3604 5044 3697 5083 sua
3727 5045 3848 5098 pro-

2277 5097 2484 5148 lixitate
2525 5103 2581 5147 et
2621 5095 2975 5162 amplitudine
3014 5095 3246 5163 undique
3282 5095 3582 5162 difﬂueret,
3616 5110 3670 5154 et
3705 5095 3847 5154 velut

2279 5166 2574 5239 oberraret.
2599 5161 2752 5220 Unde
2777 5168 3014 5222 Isidorus
3037 5184 3049 5239 ξ
3073 5161 3307 5226 Casulas,
3333 5170 3526 5238 inquit,
3549 5169 3716 5224 Graeci
3738 5171 3848 5239 pta-

2277 5247 2416 5310 netas
2434 5235 2598 5310 dictas
2616 5239 2811 5301 volunt,
2832 5239 2950 5302 quia
2973 5237 3074 5288 oris
3095 5239 3377 5292 errantibus
3401 5235 3701 5310 evagantur,
3721 5235 3846 5294 sicut

2507 5309 2755 5380 planeta',
2801 5310 2853 5360 id
2887 5317 2990 5380 est,
3028 5321 3326 5380 vAagtctsuo
3369 5309 3572 5376 errore,
3614 5323 3847 5380 motuque

2280 5373 2574 5451 discurrunt
2609 5378 2765 5451 (Lib.
2793 5394 2877 5451 vix
2900 5377 3013 5444 oap.
3044 5374 3114 5429 24
3216 5379 3491 5451 Planctam
3525 5373 3703 5451 itaque
3734 5373 3844 5436 tne—

2281 5449 2384 5501 rito
2424 5451 2649 5517 opponit
2672 5449 2962 5520 Cassianus
3002 5450 3235 5520 rmavorti
3258 5491 3272 5512 .
3307 5462 3491 5520 utpote
3537 5449 3762 5519 simplici
3796 5461 3846 5506 ct

2281 5531 2509 5592 angusto
2543 5519 2780 5588 palliolo.
2817 5520 2883 5592 Et
2910 5518 3145 5574 Isidorus
3176 5523 3226 5574 in
3260 5518 3464 5592 Regula
3503 5518 3745 5591 planetas
3776 5525 3846 5576 si-

2284 5589 2482 5642 militer
2523 5600 2578 5644 et
2605 5592 2778 5644 birros
2807 5589 2916 5644 suis
2954 5592 3233 5646 monachis
3264 5589 3542 5647 interdixit
3563 5634 3578 5656 ,
3607 5605 3666 5647 ut
3696 5604 3841 5646 nota-

2277 5661 2356 5713 vit
2391 5659 2697 5716 Ciaconius.
2749 5659 2918 5714 Porro
2972 5661 3150 5716 birrus
3189 5673 3241 5717 et
3291 5663 3490 5716 birrum
3550 5665 3844 5718 masculino

2279 5739 2334 5802 et
2362 5741 2557 5802 neutro
2593 5745 2791 5799 genere
2823 5731 3369 5802 dictumgreperitur;
3409 5734 3475 5788 de
3507 5749 3613 5802 quo
3642 5734 3844 5788 Caelius

2282 5801 2457 5857 Rhod.
2487 5803 2506 5871 (
2534 5801 2652 5856 Lib.
2685 5817 2776 5857 xvr
2804 5818 2919 5872 cap.
2953 5800 3062 5872 10)
3096 5800 3149 5860 iu
3180 5804 3417 5866 antiquis
3457 5800 3845 5864 Lectionibus:
