4036 6218
193 286 240 350 75
1152 295 1239 351 DE
1276 291 1761 353 CWNOBIORUM
1798 292 2179 353 INSTITUTIS
2217 296 2420 353 LIBER
2462 296 2493 352 Ι.
3371 300 3434 358 7s

772 410 990 469 CAPUT
1029 410 1165 467 Vill.

549 506 628 560 De
655 505 849 572 melote,
884 518 931 560 et
959 507 1096 579 pelle
1131 509 1365 579 caprina.

250 598 483 657 Ultimus
520 609 603 656 est
644 599 853 655 habitus
904 616 1095 656 eorum
1128 602 1284 672 pellis
1338 603 1594 673 caprina,
1626 616 1747 671 qua:

1782 424 1830 471 Α
1861 412 2139 476 λιιιθῐοιρε,
2157 417 2240 471 vel
2259 431 2387 485 pera
2406 413 2726 483 appellatur,
2745 423 2799 471 et
2821 414 3069 479 baculus,
3084 430 3203 483 qua:
3225 426 3437 483 gestant.

1856 510 1925 565 ad
1980 511 2331 567 imitationem
2379 525 2565 565 eorum
2605 511 2693 580 qui
2737 510 3081 579 professionis
3115 508 3268 577 huius
3300 524 3436 576 pra:-

1852 606 2154 676 ﬁguravere
2196 604 2367 659 lineas
2397 604 2451 657 in
2484 604 2654 659 veteri
2694 603 3044 659 Testamento
3087 602 3250 673 (Vide
3278 619 3437 673 supra

1224 739 1479 796 ALARDI
1517 741 1754 800 GAZEI
1791 743 2352 801 COMMENTARIUS.

187 856 461 929 Romanam
499 854 655 929 fuisse
690 861 875 929 uestem
904 854 1071 929 Graeci
1099 855 1359 929 scribunt,
1392 868 1439 913 et
1463 860 1739 929 conﬁrmat

185 928 263 980 lib.
300 938 347 980 is
378 925 661 999 Martianus
688 926 987 999 historicus.
1024 926 1224 993 Birrus,
1253 928 1460 999 inquit,
1490 940 1540 985 et
1563 925 1743 985 tunica

184 1014 354 1051 nomen
384 998 528 1069 vestis
555 996 761 1051 habent.
790 997 989 1052 Verum
1014 1012 1263 1069 quaenam
1282 1041 1298 1066 ,
1322 996 1417 1055 aut
1438 996 1745 1069 cuiusmodi

183 1070 334 1125 vestis
361 1067 549 1133 fuerit,
584 1084 691 1122 non
720 1084 909 1124 omnes
936 1067 1308 1125 consentiunt.
1343 1067 1601 1126 Nonnulli
1633 1074 1742 1126 bir-

181 1154 282 1194 rnm
313 1146 593 1207 exponunt
636 1141 901 1202 sericam,
940 1149 1033 1195 aut
1074 1141 1372 1209 pretiosam
1414 1154 1654 1205 vestem,
1688 1151 1744 1197 ut

178 1210 400 1266 Zonaras
422 1223 476 1265 et
512 1210 830 1264 Theodorus
860 1212 1276 1281 interpretantes
1312 1228 1575 1268 canonem
1601 1215 1740 1267 duo-

179 1282 428 1337 decimum
465 1281 694 1336 Concilii
735 1281 1098 1353 Gangrensis,
1138 1283 1190 1336 in
1233 1300 1339 1353 quo
1376 1284 1445 1339 de
1486 1285 1649 1339 birris
1685 1284 1743 1339 fit

178 1355 391 1415 mentio,
424 1368 587 1419 quem
620 1352 783 1406 refert
813 1352 1103 1408 Gratianus
1137 1352 1263 1409 dist.
1295 1355 1364 1410 50
1404 1356 1488 1409 his
1514 1356 1696 1410 verbis
1725 1374 1737 1407 :

178 1425 228 1479 Si
254 1426 362 1492 quis
384 1426 613 1476 virorum
638 1426 889 1494 putaverit
913 1436 1093 1495 sancto
1112 1428 1399 1495 proposito,
1424 1428 1479 1477 id
1502 1435 1600 1491 est,
1627 1443 1744 1478 con-

177 1497 394 1550 tinentia:
428 1496 719 1567 convenire,
760 1507 812 1547 ut
852 1494 1251 1567 palliogutatur,
1280 1507 1554 1567 tamquam
1593 1513 1657 1549 ea:
1684 1514 1741 1551 eo

173 1568 415 1639 justitiam
440 1566 650 1639 habeat.
678 1574 725 1619 et
747 1565 1093 1639 reprehendat
1113 1578 1163 1618 et
1185 1566 1386 1636 judicet
1413 1565 1496 1621 eos
1519 1568 1606 1636 qui
1627 1584 1741 1621 cum

172 1635 444 1692 reuerentia
470 1637 624 1689 birris
648 1635 889 1703 utuntur,
918 1635 995 1689 vel
1021 1635 1136 1708 alia
1156 1635 1292 1708 veste
1318 1643 1596 1704 communi,
1626 1655 1741 1708 qua:

171 1709 223 1761 in
268 1724 364 1764 usu
405 1716 519 1771 est,
565 1708 845 1760 anathema
882 1708 976 1760 sit.
1020 1706 1353 1761 Probabilius
1390 1709 1479 1763 alii
1517 1706 1741 1764 censent

170 1779 375 1836 birruin
418 1777 590 1831 fuisse
631 1792 800 1844 genus
838 1777 987 1845 pallii
1025 1777 1314 1842 brevioris,
1359 1780 1741 1834 ecclesiasticis

172 1852 337 1906 etiam
378 1848 431 1901 id
474 1846 737 1921 temporis
765 1847 1050 1921 usitatum;
1082 1859 1133 1901 et
1159 1848 1297 1921 hunc
1327 1865 1590 1921 canonem
1619 1852 1737 1905 edi-

173 1930 288 1975 tum
314 1934 440 1975 esse
468 1917 725 1973 adversus
752 1917 1007 1987 quosdam
1038 1918 1327 1989 monachos
1353 1920 1701 1976 Eustatianos
1719 1965 1733 1989 ,

171 1992 265 2062 qui
317 1991 491 2062 palliis
539 1988 793 2062 oblongis,
828 2004 996 2062 more;
1027 1988 1474 2057 philosomiorum
1522 1988 1734 2062 induti,

167 2059 342 2133 eoque
369 2059 553 2115 habitu
588 2103 602 2127 ,
646 2061 797 2129 quasi
829 2060 1131 2133 sanctitatis
1158 2070 1252 2114 aut
1287 2063 1570 2132 sapientiai
1612 2059 1737 2118 nota

164 2132 462 2217 gloriantes
530 2141 585 2185 et
629 2132 1036 2224 superbientes,
1081 2143 1321 2224 caeteros
1357 2135 1521 2188 etiam
1562 2134 1739 2224 eccle-
1766 2165 1814 2224 Β

165 2203 411 2260 siasticos
449 2204 878 2275 aspernabantur
906 2212 963 2259 et
988 2203 1421 2259 condemnabam
1441 2245 1458 2269 ,
1487 2208 1577 2275 qui
1615 2205 1730 2260 bir-

164 2278 244 2331 ris
287 2285 378 2329 aut
421 2274 529 2327 alio
567 2274 798 2328 breviori
832 2283 1109 2328 uterentur
1147 2275 1484 2330 indumento.
1507 2274 1517 2275 ί
1542 2275 1736 2332 Fuisse

163 2357 342 2402 autem
376 2345 679 2415 huiusmodi
724 2345 963 2400 habitum
1001 2346 1164 2399 etiam
1205 2346 1513 2401 clericalem
1554 2359 1608 2401 et
1645 2362 1735 2402 ec-

164 2418 561 2478 clesiasticum,
592 2426 775 2471 etnon
808 2418 966 2471 modo
991 2416 1205 2471 clericis
1236 2417 1605 2482 inferioribus,
1637 2417 1735 2472 sed

163 2498 223 2544 et
246 2487 513 2558 episcopis
536 2489 817 2546 usitatum.
846 2487 1123 2558 declarant
1148 2488 1200 2541 in
1228 2489 1414 2553 primis
1435 2488 1568 2542 Acta
1594 2504 1737 2542 mar-

164 2557 305 2629 tyris
330 2559 393 2614 D.
411 2557 689 2629 Cypriani,
722 2559 772 2613 in
802 2560 994 2629 quibus
1022 2557 1220 2627 legitur
1249 2560 1445 2627 ipsum,
1476 2575 1595 2614 cum
1622 2560 1734 2628 iam

205 2630 517 2684 ecollandus
543 2639 709 2689 esset.
745 2634 974 2697 primum
1002 2630 1219 2683 exuisse
1248 2643 1309 2684 se
1335 2631 1502 2695 birro,
1544 2632 1650 2694 vel,
1680 2640 1736 2684 ut

168 2702 270 2756 alia
293 2703 423 2758 Acta
450 2700 647 2755 habent
666 2743 683 2766 ,
706 2700 926 2756 lacerno
955 2700 1141 2765 birro;
1171 2699 1294 2754 inde
1314 2715 1445 2755 vero
1471 2702 1736 2769 spoliasse

168 2788 229 2827 se
255 2774 541 2827 dalmatica
570 2772 651 2825 vel
680 2772 885 2834 tunica,
936 2783 1096 2841 atque
1123 2774 1175 2824 in
1208 2771 1349 2825 linea
1380 2772 1733 2839 remansisse,

168 2853 225 2898 et
260 2845 337 2899 sic
372 2855 719 2911 exspectasse
757 2842 1161 2913 Spiculatorem.
1204 2841 1502 2913 Equuibus
1532 2843 1741 2911 colligit

168 2916 315 2970 card.
350 2910 547 2969 Bardn.
576 2914 698 2985 (Au.
721 2910 852 2983 26'!)
876 2917 1255 2985 episcoitorum
1279 2910 1444 2967 fuisse
1464 2910 1737 2985 antiquum

171 2986 443 3050 habitum,
483 2994 542 3039 ut
587 2983 765 3052 primo
810 2984 948 3038 vesti
976 2984 1249 3037 communi
1291 2983 1742 3051 superiuduerent

172 3057 404 3119 lineam,
438 3056 553 3111 sive
577 3057 776 3111 Iineum
818 3054 1229 3119 indumentum,
1272 3053 1417 3123 quod
1458 3054 1616 3123 vulgo
1652 3069 1740 3110 ro-

171 3129 387 3183 chetum
426 3139 664 3186 vocant;
696 3127 892 3182 deinde
921 3140 1052 3180 vero
1083 3124 1312 3179 solutam
1357 3126 1590 3179 tunicam
1622 3141 1739 3180 ma-

170 3201 437 3265 nicatam,
472 3198 577 3253 alio
607 3200 826 3253 nomine
852 3196 1189 3251 dalmaticam
1209 3237 1223 3260 ,
1269 3211 1331 3250 ac
1359 3196 1592 3267 denique
1627 3197 1741 3267 pal-

171 3272 357 3326 liolum
381 3270 568 3335 breve,
590 3286 683 3325 seu
711 3270 922 3324 bii-rum
949 3268 1202 3323 humeros
1223 3278 1426 3322 tantum
1447 3278 1504 3323 et
1521 3270 1737 3324 brachia

174 3351 476 3413 tegentem:
506 3356 613 3410 quo
639 3341 826 3413 itidem
854 3340 1037 3413 habitu
1066 3339 1223 3393 hodie
1249 3341 1320 3393 uti
1348 3339 1737 3413 videmus,iqui

174 3412 239 3469 ex,
256 3414 601 3484 regularibus
622 3412 687 3467 ad
708 3428 829 3468 eam
851 3412 1160 3484 dignitatem
1188 3412 1571 3484 provehuutur.
1596 3412 1740 3484 Gon-

177 3494 273 3539 stat
297 3482 569 3555 prteterea
602 3483 913 3555 testimonio
939 3482 1108 3535 sancti
1131 3483 1413 3555 Augustini
1437 3483 1664 3555 clericos
1684 3483 1738 3536 in

1845 860 2023 933 pidum
2040 902 2061 933 _,
2093 870 2142 914 et
2185 859 2478 915 Hollandia
2518 858 2801 933 provincia.
2844 856 3049 933 Suidas
3083 861 3430 933 ἀτραίῖάπικας

1848 928 2127 1003 χλαμύδας
2157 942 2349 997 vocat,
2378 946 2477 1003 pro
2508 928 2613 996 quo
2646 929 2872 1003 Ruben.
2904 928 3425 1003 Stepha.i'correxit,

1844 998 2199 1077 ἆξτρὲϐἀτικας.
2233 1002 2500 1077 Sulpitius
2530 1014 2745 1077 quoque
2774 998 3137 1077 Severtts,_ulti
3172 1004 3223 1053 in
3250 1003 3432 1077 eccle—

1844 1069 2185 1127 siasticorum
2228 1069 2584 1140 quorumdam
2628 1071 2811 1123 luxum
2862 1069 3152 1135 invehitur,
3189 1073 3434 1127 nominat

1846 1143 2041 1197 birrum
2062 1145 2308 1213 rigentem
2326 1189 2339 1212 ,
2366 1151 2414 1195 et
2437 1145 2681 1213 ﬂuentem
2698 1143 2957 1193 lucernam
2976 1140 3145 1213 (Dial.
3166 1157 3220 1193 ιιι
3241 1158 3286 1194 c.
3315 1142 3428 1213 M).

1845 1212 2169 1280 Huiusmodi
2200 1230 2330 1283 ergo
2356 1214 2530 1267 birrus
2555 1222 2647 1264 aut
2677 1212 2868 1282 byrros
2912 1213 3011 1265 hoc
3062 1212 3184 1266 loco
3216 1212 3428 1269 notatos

1843 1285 2116 1352 intellige,
2167 1286 2438 1352 pretiosos
2482 1283 2735 1347 scilicet,
2782 1290 2838 1336 et
2875 1292 3250 1349 sumptuosos.
3294 1299 3429 1351 quos

1842 1353 2106 1424 Sulpitius
2132 1355 2370 1423 rigentes
2398 1364 2583 1416 vocat,
2605 1367 2832 1420 qucrum
2859 1354 3028 1423 pretia
3054 1354 3430 1409 ambitionem-

1842 1442 1951 1496 que
1982 1428 2232 1479 monachi
2254 1425 2491 1495 Egyptii
2522 1424 2876 1496 declinantes,
2906 1424 2978 1477 iis
3007 1425 3223 1492 rejectis
3248 1428 3425 1494 capita

1820 1494 1936 1552 sua
1966 1497 2299 1551 mavortibus
2321 1494 2523 1550 Vilibus
2550 1494 2802 1564 tegebant
2826 1512 2839 1547 :
2865 1511 2985 1549 cum
3013 1496 3213 1563 alioqui
3246 1496 3423 1552 birrus

1840 1582 1871 1621 a
1911 1578 2155 1622 mavorte
2201 1567 2378 1637 quoad
2406 1566 2633 1625 formam
2661 1564 3090 1637 brevitatetnque
3113 1582 3298 1635 parum
3336 1579 3427 1623 aut

1841 1640 1973 1692 nihil
1999 1636 2239 1693 differret
2259 1657 2271 1692 :
2295 1638 2434 1692 unde
2456 1646 2512 1690 et
2535 1638 2795 1691 birretum
2819 1636 3198 1690 diminutivum
3223 1653 3249 1687 a
3277 1638 3424 1696 birro

1842 1708 2008 1764 Gallis
2035 1718 2117 1764 e~t
2146 1725 2364 1779 parvum
2398 1708 2631 1778 pileum:
2660 1709 2798 1779 sicut
2825 1714 2879 1761 et
2909 1719 3199 1776 mavortes,
3225 1710 3425 1776 quibus

1842 1780 2085 1852 Egyptii
2119 1778 2366 1835 manachi
2394 1781 2703 1842 utebantur,
2737 1778 2803 1833 ad
2835 1778 3217 1833 declinandum
3250 1783 3423 1848 pretia

1840 1851 2109 1905 birrorum
2140 1893 2155 1915 ,
2187 1852 2381 1920 capitis
2407 1866 2620 1920 quoque
2650 1861 2804 1904 erant
2834 1858 3164 1919 tegumenta.

1913 1931 1939 1958 ει
1967 1923 2213 1989 Melotes,
2250 1922 2332 1977 vel
2365 1922 2584 1987 melota,
2617 1920 2799 1975 Graeca
2836 1937 2935 1974 vos
2959 1922 3147 1987 pellem
3177 1922 3417 1991 ovinam,

1839 2002 1936 2047 aut
1965 1994 2240 2062 caprinam
2283 1994 2441 2047 simul
2468 2008 2589 2048 cttm
2621 1991 2739 2044 lana
2769 1994 2981 2054 corpori
3014 1994 3311 2046 detractam
3347 1995 3424 2049 si-

1839 2064 2139 2133 gnificans;
2175 2074 2486 2119 autvestem
2521 2078 2591 2117 ex
2630 2062 2893 2133 eiusmodi
2925 2064 3156 2133 pellibus
3184 2076 3421 2130 aptatam

1839 2132 1895 2191 et
1922 2139 2222 2207 conlectam
2248 2154 2263 2207 7:
2287 2206 2292 2207 γ
2311 2136 2465 2207 μῆλον
2490 2136 2632 2207 enim
2674 2132 2880 2207 Graiae,
2922 2132 3109 2188 Latine
3139 2134 3255 2189 ovis
3287 2137 3423 2190 dici-

1841 2218 1925 2260 tur
1951 2206 2199 2277 (Niceph.
2236 2202 2326 2261 lib.
2370 2222 2425 2260 tx
2457 2222 2504 2257 ε.
2542 2203 2666 2277 15)τῄ
2697 2202 2758 2255 D.
2804 2202 3166 2277 Hieronymus
3210 2207 3261 2259 in
3294 2206 3422 2260 Vita

1840 2274 2132 2331 Hilarionis
2161 2278 2266 2331 alio
2303 2277 2519 2331 nomine
2544 2274 2827 2344 pelliceutn
2860 2275 3179 2345 ependytem
3211 2292 3420 2331 nuncu-

1875 2356 1957 2412 at,
1983 2363 2140 2417 quem
2167 2348 2257 2402 alii
2288 2348 2555 2416 penulam,
2582 2345 2670 2399 alii
2706 2346 2938 2417 tunicam
2972 2347 3418 2414 interpretantur.

1875 2362 1957 2412 at,
1983 2363 2140 2417 quem
2167 2362 2257 2402 aut
2288 2362 2555 2416 penulam,
2582 2362 2670 2399 alii
2706 2362 2938 2399 tunicam
2972 2362 3418 2414 interpretantur.

1837 2362 1895 2472 Fu
1923 2418 2236 2499 huiusmodi
2267 2418 2516 2499 pellibus,
2548 2432 2643 2499 seu
2677 2416 2902 2499 inclutis
2916 2419 3101 2499 scribit
3135 2420 3422 2499 apostolus

1837 2490 2100 2559 quosdam
2135 2500 2315 2557 patres
2345 2487 2544 2545 veteris
2574 2487 2904 2543 Tcstamenti
2935 2490 3291 2548 circumiisse.
3318 2492 3423 2546 hoc

1839 2572 1953 2633 est,
1993 2561 2300 2633 oberrasse,
2346 2570 2405 2614 ut
2437 2559 2715 2633 profugos,
2759 2567 2851 2612 aut
2882 2560 3193 2633 peregrinos
3228 2561 3418 2633 (Hebr.

1841 2632 1950 2699 x1):
1979 2631 2119 2686 haud
2144 2632 2305 2688 dubie
2327 2631 2625 2699 resiiicieus
2651 2629 2715 2683 ad
2742 2630 3053 2698 prophetas,
3078 2629 3420 2698 potissimum

1838 2703 1905 2756 ad
1937 2703 2140 2765 Ellam,
2171 2713 2227 2759 et
2258 2703 2402 2765 pallii
2460 2702 2576 2771 eius
2635 2700 2903 2754 hmredem
2952 2700 3229 2757 Eliszeum.
3285 2705 3417 2759 Nam

1838 2774 2061 2841 pallium
2094 2774 2225 2828 Eliae
2258 2774 2612 2842 Septuaginta
2632 2771 2849 2844 μελῶτεγ
2876 2773 3169 2839 appellant,
3197 2775 3257 2827 Ill
3283 2774 3423 2844 Reg.

1839 2859 1893 2898 ιι
1934 2844 2077 2915 etIV
2111 2845 2243 2915 Reg.
2274 2841 2347 2898 it.
2380 2843 2533 2899 Unde
2585 2841 2639 2896 et
2685 2845 2798 2915 ipse
2828 2841 2982 2915 homo
3020 2843 3214 2915 pilosus
3242 2841 3422 2903 dictus

1839 2914 2008 2986 esth
2036 2915 2169 2983 Reg.
2196 2914 2235 2977 ι,
2258 2916 2400 2985 quod
2422 2930 2524 2967 non
2554 2922 2659 2986 tam
2683 2914 2751 2966 de
2768 2914 2931 2986 barba
2953 2925 3006 2967 et
3024 2914 3183 2968 'coma
3203 2960 3217 2982 ,
3259 2933 3423 2986 quam

1840 2985 1910 3055 de
1940 2996 2095 3049 veste
2124 2983 2554 3055 intelligendum.
2586 2984 2718 3037 Hinc
2769 2983 2829 3037 D.
2876 2984 3230 3055 Hieronymus
3255 2983 3424 3054 epist.

1840 3054 1932 3123 28,
1954 3055 2158 3121 Helias,
2188 3054 2378 3125 inquit,
2397 3056 2548 3128 igneo
2570 3071 2723 3108 curru
2745 3064 2925 3128 raptus
2947 3056 3016 3108 ad
3034 3057 3236 3122 caelum,
3260 3062 3423 3114 melo-

1842 3136 1943 3181 tem
1969 3128 2174 3197 reliquit
2198 3129 2253 3181 in
2283 3126 2450 3181 terris.
2484 3126 2688 3181 Horum
2710 3126 2958 3195 exemplo
2980 3129 3231 3184 melutem
3254 3134 3424 3189 etiam

1842 3197 2099 3253 habuisse
2130 3199 2327 3269 legitur
2350 3205 2569 3252 sanctus
2595 3197 2899 3269 Antonius,
2945 3198 3014 3253 de
3044 3216 3144 3269 qua
3173 3202 3281 3269 jam
3314 3219 3422 3257 mo-

1842 3271 2045 3345 riturus
2064 3268 2202 3345 dixit
2223 3288 2246 3345 :_
2266 3269 2320 3323 Μ
2329 3270 2506 3345 elotem
2529 3278 2575 3322 et
2588 3268 2814 3345 pallium
2838 3272 3013 3345 tritum
3030 3311 3044 3335 ,
3064 3268 3150 3345 cui
3176 3268 3425 3345 superjaa

1842 3356 1931 3393 ceo
1947 3381 1962 3407 ,
1995 3340 2279 3413 Athanasio
2301 3342 2537 3413 episcopo
2550 3342 2704 3405 «date,
2729 3341 2867 3413 quod
2888 3358 3068 3395 novum
3093 3343 3200 3413 ipse
3223 3340 3424 3397 detule-

1842 3420 1924 3464 rat
1957 3412 2177 3482 (Athan.
2214 3412 2270 3465 in
2301 3411 2419 3465 Vita
2444 3411 2505 3467 S.
2539 3411 2793 3481 Antanii).
2842 3411 3150 3480 Eodemque
3178 3414 3423 3469 imitandi

1844 3483 2022 3537 studio
2041 3486 2373 3539 Sozomenus
2398 3484 2486 3538 lib.
2507 3498 2563 3536 ιιι
2585 3499 2703 3552 cap.
2735 3484 2798 3536 15
2816 3487 3113 3538 monachos
3137 3484 3424 3553 Aﬁgyptios

176 3548 346 3612 Africa
373 3559 448 3633 uti
484 3558 833 3633 consuevisse
862 3554 998 3633 linea
1024 3548 1488 3633 tunicagetbirro;
1523 3554 1617 3633 sed
1635 3556 1744 3622 epi-
1770 3548 1817 3611 C
1847 3555 2076 3633 pellibus
2105 3554 2320 3609 indutos
2349 3553 2515 3633 fuisse
2538 3548 2927 3633 corn—memorat
2950 3596 2964 3619 ,
2998 3569 3146 3633 ‘quns
3190 3548 3423 3633 δὶῴθέρας

176 3642 361 3698 scapos
389 3625 909 3706 birropretiosiore.
922 3622 1053 3706 Nam
1071 3638 1180 3679 ser.
1199 3624 1267 3678 50
1288 3624 1355 3678 de
1372 3625 1622 3706 diversis,
1638 3639 1746 3706 quo

177 3695 391 3755 suorum
424 3702 747 3754 clericorurn
780 3695 1115 3763 disciplinam
1144 3696 1449 3765 componit,
1479 3695 1595 3749 haec
1624 3695 1698 3749 ait
1727 3714 1739 3748 :

180 3770 338 3825 Nemo
367 3773 451 3824 det
474 3770 693 3832 birrum,
715 3766 793 3822 uel
819 3768 1043 3821 tunicam
1067 3765 1375 3836 lineam,rvel
1396 3766 1616 3836 aliquid,
1646 3769 1746 3819 nisi

176 3843 227 3895 in
248 3858 535 3898 commune.
556 3839 633 3895 De
653 3839 910 3892 communi
936 3838 1185 3901 accipiam
1205 3835 1332 3888 mihi
1352 3837 1468 3904 ipsi.
1484 3835 1563 3889 Et
1589 3838 1745 3904 paulo

177 3924 324 3983 post:
363 3912 507 3979 Aﬂ'er
528 3911 654 3965 mihi
676 3912 869 3983 birrum
890 3910 1206 3983 pretiosum;
1227 3906 1357 3975 forte
1381 3908 1519 3960 decet
1550 3909 1747 3983 episco-

176 3978 291 4054 pttm
314 4001 334 4049 ;
370 3978 598 4055 quamvis
624 3978 947 4055 non_decea_t'
970 3979 1315 4055 Augustinum
1352 3994 1657 4055 pauperem,
1682 3978 1744 4033 de

180 4048 700 4127 pauperibusnatum.
734 4050 1236 4127 Hmcrhugustinus.
1266 4048 1459 4127 Notum
1485 4050 1651 4127 etiam
1679 4065 1744 4104 ex

180 4119 435 4197 Gregorio
462 4125 763 4197 Turonensi
797 4121 933 4194 (Lib.
958 4137 995 4176 ιι
1015 4120 1160 4197 Hist.
1186 4135 1300 4197 cap.
1319 4121 1374 4197 t_)
1401 4119 1457 4176 S.
1484 4120 1741 4197 Brietiutn

181 4190 486 4266 episcopum
517 4196 654 4250 falso
681 4190 990 4248 accusatum
1009 4193 1099 4266 ad
1117 4190 1447 4266 probandam
1479 4206 1630 4266 suam
1662 4194 1743 4266 in-_-

182 4263 475 4323 nocentiatu
504 4280 704 4336 prunas
724 4266 979 4319 ardentes
994 4263 1059 4336 in
1077 4263 1238 4336 birro
1262 4278 1359 4316 suo
1388 4263 1647 4317 detulisse
1673 4264 1740 4317 ad

180 4342 474 4408 sepulcrum
504 4334 675 4406 usque
697 4337 754 4391 S.
792 4334 1039 4402 Martini,
1074 4334 1470 4408 birroprorsus
1489 4336 1668 4389 inusto
1687 4346 1742 4388 et

180 4404 361 4466 illaesa.
400 4404 653 4464 Eamdetn
691 4422 904 4478 quoque
940 4404 1385 4478 consuetudinem
1417 4404 1657 4478 _viguis_se
1686 4410 1739 4461 in

179 4480 412 4536 Ecclesia
452 4476 745 4551 Orientali,
774 4490 832 4533 ut
857 4476 1099 4551 episcopi
1110 4489 1286 4551 super
1303 4476 1553 4551 tunicam
1590 4476 1740 4551 birro

175 4552 562 4617 induerentur,
602 4566 669 4606 ex
712 4550 777 4605 iis
822 4545 944 4618 quae
998 4546 1186 4602 scribit
1212 4545 1497 4618 Palladius
1534 4545 1737 4616 (Laus.

177 4639 292 4687 cap.
317 4625 406 4688 51,
426 4630 480 4675 ut
504 4616 623 4675 citat
650 4616 900 4674 Baronius
929 4619 1017 4673 ubi
1041 4616 1231 4689 supra)
1257 4617 1323 4672 de
1352 4616 1410 4671 S.
1440 4616 1741 4673 Athanasio

176 4694 431 4762 episcopo
459 4692 820 4746 Alexandrino
859 4705 1145 4759 possumus
1184 4689 1473 4762 colligere,
1509 4690 1638 4762 dum
1668 4689 1742 4743 ait

174 4758 298 4821 eum
323 4758 516 4825 tunica,
539 4764 769 4833 birroque
787 4758 1023 4833 vestitum
1041 4760 1319 4833 secessisse.
1347 4758 1514 4813 Porro
1531 4758 1739 4814 birrum

173 4838 298 4902 vile,
334 4844 430 4890 aut
470 4830 792 4903 pretiosum,
834 4834 899 4887 ad
940 4830 1451 4903 libitumicuiusqne
1491 4844 1621 4903 esse;
1648 4844 1742 4896 po-

173 4901 339 4963 tuisSe
378 4922 443 4961 ex
471 4901 853 4989 'sententiap.
887 4902 1179 4991 Augustini
1221 4904 1470 4991 supLerius
1516 4901 1738 4991 recitata
1763 4931 1816 4991 Β

123 4990 129 5037 1
174 4990 375 5034 certum
405 4987 487 5033 est
513 4994 526 5029 :
560 4976 908 5046 pretiosiores
943 4971 1273 5046 vero_fuisse
1305 4971 1481 5046 birros
1509 4973 1739 5046 Atreba-

124 5045 131 5087 θ
176 5058 347 5104 tenses
377 5060 431 5105 et
457 5043 763 5103 Canusinos
806 5046 1026 5101 Flavius
1055 5044 1315 5115 Vopiscus
1338 5043 1391 5097 in
1413 5043 1612 5115 _Carino
1637 5045 1736 5099 im-

176 5132 416 5188 peratore
446 5130 697 5184 testatur,
726 5118 818 5174 ubi
848 5118 989 5172 inter
1015 5115 1116 5170 alia
1137 5113 1331 5188 scribit
1359 5132 1372 5167 :
1401 5113 1593 5188 Donati
1620 5125 1739 5170 sunt

176 5183 235 5242 ab
252 5192 550 5246 Atrebaticis
576 5183 703 5243 birri
722 5190 886 5263 petiti,
907 5188 1093 5263 donati
1104 5186 1232 5263 birri
1250 5183 1516 5263 Ganusini.
1534 5188 1738 5263 Quibus

174 5264 345 5317 verbis
377 5264 573 5317 iudieat
600 5254 889 5317 Atrebates
917 5260 971 5313 in
1001 5259 1186 5331 Galliis
1213 5296 1228 5320 ,
1260 5254 1436 5331 birros
1455 5298 1476 5331 ,
1503 5273 1603 5313 seu
1636 5261 1733 5331 βή-

173 5336 337 5408 ρους(
362 5346 419 5388 ut
441 5335 528 5388 alii
573 5332 860 5408 legendum
902 5328 1142 5408 putant
1170 5328 1437 5397 pretiosos
1464 5328 1517 5408 in
1556 5328 1738 5399 turpes

174 5399 508 5460 scenicorum
530 5399 661 5457 usus
683 5399 916 5469 turpiter
937 5399 1236 5468 profudisse
1258 5417 1269 5450 :
1299 5411 1405 5467 quo
1421 5399 1593 5469 etiam
1618 5414 1738 5468 spe-

174 5485 284 5529 ctat
308 5477 436 5530 illud
459 5476 523 5530 D.
548 5466 862 5545 Hieronymi
890 5466 949 5545 in
994 5466 1332 5545 Jovinianum
1360 5486 1372 5521 :
1406 5466 1563 5545 N_unc
1591 5466 1739 5525 lineis

170 5555 222 5599 et
261 5548 432 5602 sericis
468 5547 728 5611 vestibus,
756 5541 839 5597 ἀα
876 5543 1140 5598 Laodicea
1177 5541 1487 5595 indumentis
1529 5553 1738 5596 ornatus

171 5616 365 5671 incedis
391 5619 527 5680 (Lib.
547 5633 585 5672 ιι
604 5633 724 5683 cap.
745 5614 861 5676 15).
887 5614 986 5669 Ubi
1013 5615 1283 5670 Marianus
1310 5614 1363 5666 in
1390 5611 1622 5667 Scholiis
1648 5614 1741 5667 ad-

174 5684 299 5739 dit:
328 5688 561 5744 Delicatw
606 5688 892 5754 mollesque
929 5686 1074 5741 linere
1109 5695 1264 5740 vestes
1303 5684 1444 5751 apud
1486 5684 1745 5738 Atrebates

176 5765 229 5828 et
262 5755 584 5816 Laodicenses
614 5760 802 5827 fiebant
824 5772 976 5828 :Aqua
999 5760 1165 5828 gloria
1193 5758 1412 5827 insignes
1441 5765 1560 5828 sunt
1594 5757 1745 5810 etiam

177 5823 339 5886 hodie
362 5833 510 5888 alios!
544 5823 808 5901 inferioris
831 5823 1120 5888 Germania:
1148 5823 1361 5901 populi,
1392 5838 1447 5885 ut
1472 5827 1623 5885 Lillw
1650 5844 1747 5901 0p-

446 5925 726 6019 PATBOL.
776 5922 1003 5983 XLIX.

1851 3637 2033 3691 vocat,
2058 3626 2158 3680 hoc
2189 3637 2290 3692 est,
2318 3625 2542 3695 penulas
2575 3625 2851 3692 pelliceas,
2872 3624 3422 3695 seurlncernas'sc'or-

1851 3704 1964 3750 teas
2005 3708 2058 3751 et
2099 3694 2354 3759 villosas;
2402 3695 2665 3762 huiusque
2694 3694 2990 3746 indumenti
3009 3702 3285 3762 rationem
3318 3710 3420 3747 ex-

1848 3769 2002 3835 ponit
2030 3769 2111 3822 his
2140 3767 2322 3821 verbis
2351 3784 2363 3817 ε
2421 3760 2518 3816 Isti
2566 3760 2645 3835 ad?
2684 3763 2968 3835 exemplum
2988 3760 3131 3835 -Elia:
3167 3763 3422 3819 Thesbitis

1847 3830 2058 3908 pellibus
2085 3855 2137 3891 se
2162 3836 2472 3897 induebant,
2514 3842 2567 3908 ut
2604 3832 2795 3901 singuli
2822 3848 2893 3908 ea:-
2916 3830 3048 3903 pelle
3093 3835 3294 3908 corpori
3319 3838 3422 3889 cir-

1848 3903 2096 3972 cumiecta
2116 3909 2353 3961 virtutem
2382 3904 2639 3975 prapltette
2661 3918 2857 3975 semper
2877 3903 2929 3955 in
2952 3904 3247 3958 memoriam
3271 3922 3422 3961 revo-

1846 3992 2019 4051 gantes
2045 3985 2451 4051 strenuecontra
2475 3973 2789 4051 cupiditates
2806 3990 3037 4051 venereas
3060 3978 3416 4051 conﬂigerent.

1849 4049 1977 4105 Hiec
2007 4052 2118 4104 ille.
2153 4050 2209 4103 ln
2238 4047 2437 4117 Regula
2484 4048 2644 4100 etiam
2671 4045 3029 4117 SsPacliomti
3069 4045 3418 4116 apud'Palla-

1846 4121 1992 4175 dium
2022 4123 2221 4191 legitur
2253 4116 2338 4174 hic
2368 4119 2623 4191 articulus
2651 4136 2664 4169 :
2701 4116 2899 4171 Habeat
2932 4121 3273 4188 unusquisque
3304 4124 3418 4190 pel-

1846 4192 1944 4247 lem
1972 4189 2180 4246 ovillam
2207 4190 2380 4244 albam
2408 4189 2723 4250 laboratam,
2779 4190 2963 4257 absque
3003 4205 3061 4243 ea
3097 4206 3257 4255 neque
3281 4189 3423 4247 crom-

1844 4264 2032 4327 edant,
2077 4280 2237 4332 neque
2268 4261 2525 4315 dormiant
2557 4259 2648 4329 (In
2691 4259 2901 4314 Lausia.
2932 4279 2977 4314 ε.
3005 4260 3117 4331 53).
3166 4263 3422 4331 Idemque

1843 4336 2131 4388 confirmat
2160 4334 2224 4386 D.
2248 4332 2604 4403 Hieronymus
2629 4332 2940 4403 [tralatione
2969 4334 3018 4384 in
3048 4334 3290 4388 eamdem
3320 4336 3422 4391 Re-

1842 4407 2045 4474 gulam.
2079 4405 2321 4473 Denique
2361 4400 2520 4457 etiam
2546 4401 2604 4455 P.
2649 4400 2714 4455 N.
2744 4400 2803 4457 S.
2831 4403 3188 4474 benedictum
3222 4410 3420 4463 melote

1845 4472 2000 4529 usum
2028 4476 2193 4529 fuisse
2227 4472 2382 4542 plane
2425 4474 2699 4545 colligitur
2732 4487 2800 4545 ex
2830 4472 3048 4543 Dialogo
3083 4475 3143 4527 Ι).
3175 4474 3422 4545 Gregorii

1841 4545 2018 4616 Magni
2044 4545 2181 4613 (Lib.
2212 4561 2248 4599 ιι
2280 4562 2396 4617 cap.
2428 4544 2507 4617 7_),
2538 4543 2626 4598 ubi
2658 4543 2826 4597 refert
2853 4546 2995 4613 quod
3020 4559 3141 4599 cum
3170 4546 3230 4601 S.
3262 4543 3417 4605 Mati-

1840 4615 1944 4673 rus
1967 4617 2030 4671 ad
2053 4615 2353 4688 iussionem
2373 4615 2582 4670 abbatis
2603 4629 2766 4682 super
2788 4631 2952 4688 aquas
2984 4618 3333 4678 ambulasset.
3358 4631 3418 4677 ut

1844 4687 2069 4757 puerum
2103 4702 2172 4742 ex
2201 4690 2357 4756 aquis
2383 4689 2616 4755 eriperet
2638 4726 2652 4748 ,
2676 4696 2734 4740 et
2762 4689 2860 4740 hoc
2881 4687 3199 4741 miraculum
3225 4690 3279 4742 S.
3308 4691 3418 4746 Be-

1843 4761 2092 4815 nedictus
2116 4776 2222 4814 non
2254 4761 2365 4814 suis
2393 4759 2635 4823 meritis,
2665 4757 2758 4813 sed
2796 4758 2938 4812 illius
2962 4757 3284 4814 obcdientia:
3323 4763 3418 4817 de-

1847 4842 2089 4899 putaret,
2141 4830 2197 4885 in
2238 4830 2340 4885 hac
2384 4841 2582 4885 mutua:
2632 4829 2947 4884 humilitatis
2981 4831 3150 4884 antica
3192 4842 3418 4888 conten-

1846 4904 2013 4969 tione,
2038 4918 2263 4973 puerum
2290 4903 2439 4958 illum
2461 4901 2630 4956 veluti
2652 4901 2914 4973 arbitrum
2937 4901 3332 4969 intercessi>se,
3356 4921 3419 4959 ac

1841 4971 2077 5030 dixisse:
2100 4971 2216 5045 Ego
2248 4990 2366 5026 cum
2393 4988 2456 5045 ea:
2475 4988 2604 5045 aqua
2627 4972 2874 5045 traherer,
2896 4988 3048 5041 super
3074 4984 3227 5038 eaput
3249 4990 3419 5029 meum

1841 5046 2073 5101 melotem
2122 5042 2321 5114 abbatis
2357 5042 2616 5114 uidebant,
2666 5057 2828 5114 atque
2859 5044 3030 5110 ipsum
3064 5059 3141 5096 me
3181 5061 3246 5097 ex
3271 5047 3419 5114 aquis
3472 5058 3480 5107 ξ

1839 5118 2055 5171 educere
2084 5112 2490 5183 considerabam.
2523 5112 2649 5183 Haac
2674 5113 2769 5166 ibi.
2815 5113 2985 5167 Porro
3007 5116 3197 5167 mirum
3245 5112 3419 5169 videri
3476 5114 3483 5183 ζ

1840 5194 2019 5257 potest
2046 5182 2189 5257 quod
2214 5180 2500 5257 Cassianus
2523 5182 2773 5257 m_elotem
2803 5197 2907 5236 n0n
2937 5183 3111 5257 solum
3141 5184 3243 5257 hoc
3271 5186 3415 5247 loco,

1839 5246 1935 5312 sed
1977 5264 2031 5310 et
2062 5246 2256 5307 Collat.
2285 5250 2347 5305 ll
2399 5265 2517 5319 cap.
2558 5253 2592 5305 5
2618 5266 2798 5319 peram
2824 5255 3122 5321 appellasse
3156 5255 3367 5308 videtur
3400 5246 3412 5307 ε
3477 5246 3480 5265 λ

1841 5326 1971 5382 Cum
2000 5326 2399 5397 accepissemus,
2439 5322 2642 5397 inquit,
2672 5338 2847 5397 peram
2874 5333 2922 5375 et
2950 5324 3219 5397 baculum,
3258 5336 3313 5379 ut
3344 5326 3418 5379 ibi

1840 5400 1999 5452 moris
2022 5394 2127 5461 est,
2146 5395 2405 5450 monachis
2426 5394 2672 5448 universis
2692 5394 2785 5445 iter
2807 5394 3088 5458 agentibus.
3118 5394 3220 5448 Sed
3245 5405 3299 5450 et
3324 5396 3415 5451 lsi-

1841 5470 2007 5525 dorus
2037 5469 2224 5523 eodem
2248 5468 2407 5523 modo
2430 5482 2614 5535 peram
2645 5481 2741 5534 pro
2760 5465 2956 5517 ntelote
2982 5465 3372 5533 interpretatur
3398 5488 3414 5523 :

1842 5539 2079 5608 Melotes,
2103 5541 2297 5609 inquit,
2324 5554 2438 5610 qua
2460 5540 2613 5593 etiam
2632 5551 2768 5610 pera
2796 5545 3025 5610 vocatur,
3050 5537 3198 5610 pellis
3224 5550 3299 5592 est
3329 5557 3416 5594 ca.

1841 5616 1995 5684 prina
2024 5604 2213 5684 a'colll'o
2234 5604 2457 5684 pendens
2490 5609 2763 5684 praecincta
2786 5620 2940 5684 itaque
2957 5605 3025 5657 ad
3052 5604 3274 5675 lumbos,
3304 5621 3413 5673 etc.

1846 5675 1985 5754 (Lib.
2036 5700 2122 5738 xix
2155 5675 2380 5752 Etymol.
2410 5675 2525 5754 cap.
2555 5678 2673 5751 54).
2718 5675 2924 5754 Quibus
2952 5685 3128 5737 tamen
3161 5697 3270 5737 non
3319 5687 3413 5740 οὓς

1844 5748 2112 5813 stantibus
2140 5755 2193 5808 in
2220 5748 2344 5817 eam
2361 5748 2666 5823 Opinionem
2689 5748 3019 5824 propendeo,
3044 5762 3294 5821 utperam
3312 5774 3411 5824 pro

1846 5826 2043 5899 penula
2086 5829 2175 5885 hic
2201 5837 2255 5884 et
2284 5820 2412 5883 alibi
2433 5826 2659 5898 positam
2681 5820 3005 5890 existimem,
3033 5820 3164 5882 vitio
3186 5820 3409 5901 scripto-

2873 5915 2911 5974 3
