4026 6212
591 316 661 373 75
1925 306 2208 366 JOANNIS
2246 306 2560 365 cassum

3808 318 3889 375 70

590 458 706 510 mp.
737 436 813 505 Ξ).
843 436 917 491 De
939 435 1137 506 quibus
1158 431 1453 502 Apostolus
1480 447 1491 482 :
1519 429 1895 484 Circumierunt
1922 432 1939 502 (
1966 432 2173 505 inquit)
2205 436 2256 496 Α
2283 451 2414 503 pone
2444 450 2560 488 eum
2595 450 2749 505 super
2777 435 2959 505 faciem
2987 438 3132 507 pueri
3155 476 3170 502 ,
3209 445 3265 492 ut
3294 439 3427 493 vivat
3468 438 3561 509 (IV
3599 440 3725 511 Reg.
3773 443 3882 511 tv).

589 535 640 587 in
670 533 871 587 metatis
899 544 945 585 et
976 532 1029 583 in
1061 530 1281 599 pellibus
1308 526 1537 592 caprinis
1577 534 1777 597 egentes
1797 567 1811 590 ,
1855 527 2139 595 angustiati
2160 567 2175 591 ,

589 626 785 696 aﬂlicti,
809 622 991 693 quibus
1007 622 1194 693 dignus
1213 635 1315 673 non
1343 627 1450 671 erat
1477 618 1717 681 mundus,
1736 618 1789 670 in
1813 618 2179 673 solitudinibus

590 724 919 781 errantes,,et
942 715 995 767 in
1017 713 1298 776 montibus,
1324 720 1371 763 et
1401 711 1452 763 in
1484 708 1762 779 speluncis,
1796 720 1843 764 et
1868 710 1920 763 in
1950 711 2180 765 cavernis

588 820 740 863 terra:
768 807 953 875 (Hebr.
985 804 1213 873 xr.)Qui
1256 813 1433 857 tamen
1472 801 1691 855 habitus
1734 800 1899 871 pellis
1945 802 2179 871 caprina

591 900 863 969 significat
892 896 1210 953 mortiﬁcata
1237 896 1382 951 omni
1418 894 1708 965 petulantia
1732 893 2028 950 carnalium
2053 910 2179 962 pas-

586 997 801 1054 sionum
858 995 1052 1049 debere
1104 1006 1201 1048 eos
1221 992 1301 1045 'in
1348 1005 1558 1046 summa
1609 990 1871 1045 virtutum
1907 990 2175 1058 gravitate

589 1089 915 1157 consistere,
949 1103 1047 1144 nec
1077 1086 1368 1157 quidquam
1414 1085 1684 1154 petulcum
1712 1084 1797 1139 vel
1827 1084 2057 1138 calidum
2092 1082 2179 1152 ju-

586 1183 826 1240 ventutis
865 1197 929 1238 ac
975 1179 1287 1239 mobilitatis
1317 1178 1556 1250 antiqua:
1602 1178 1656 1234 in
1703 1192 1890 1234 eorum
1941 1190 2176 1248 corpore

582 1276 843 1333 residere.

1194 1384 1424 1443 CAPUT
1463 1383 1554 1443 IX.

1228 1480 1308 1534 De
1329 1477 1532 1534 baculo.

653 1574 784 1629 Nam
817 1580 874 1628 et
897 1582 923 1612 ι
954 1572 1207 1627 baculum
1261 1583 1510 1641 gestasse
1538 1570 1755 1626 eosdem
1795 1571 1963 1635 viros,
2008 1570 2174 1624 etiam

581 1668 814 1723 Eliszcus
841 1719 854 1734 ,
888 1668 977 1738 qui
1026 1681 1161 1722 unus
1192 1681 1259 1720 ex
1287 1664 1419 1735 ipsis
1447 1673 1551 1726 est,
1585 1663 1767 1729 docet,
1795 1677 1917 1717 cum
1949 1660 2081 1716 dicit
2104 1661 2173 1718 ad

582 1758 735 1817 Giezi
763 1774 991 1829 puerum
1014 1774 1193 1824 suum,
1217 1757 1439 1813 mittens
1468 1771 1590 1811 eum
1620 1755 1687 1812 ad
1720 1754 2088 1812 suscitandum
2110 1753 2173 1808 li-

2286 527 2456 594 Quem
2490 528 2674 595 utique
2720 541 2826 582 non
2873 528 3117 585 dedisset
3143 531 3191 585 ei
3223 530 3485 600 prapheta
3508 532 3838 602 gestandum
3862 578 3878 601 ,

2282 621 2388 675 nisi
2411 636 2536 675 eum
2566 636 2725 676 manu
2751 636 2851 677 sua
2882 624 3071 679 solitus
3102 634 3252 680 esset
3277 626 3476 694 iugiter
3496 625 3882 683 circumferre.
3940 646 3957 683 τ

2283 710 2451 780 Cujus
2480 714 2715 785 gestatio
2736 715 3097 785 spiritualiter
3120 727 3323 783 monet,
3356 733 3647 788 numquam
3672 719 3882 776 debere
3935 702 3949 721 ’⁷

2282 820 2377 860 eos
2407 807 2545 859 inter
2578 813 2655 859 tot
2678 806 3012 861 oblatrantes
3036 806 3289 863 vitiorum
3319 824 3505 874 canes,
3533 821 3588 865 et
3628 811 3879 867 invisibi-

2283 898 2361 953 les
2391 900 2753 968 nequitiarum
2782 900 3140 970 spiritualium
3187 902 3409 970 bestias,
3441 906 3881 994 inermes‘ince-

2280 990 2412 1048 dere
2442 992 2534 1060 (de
2568 992 2767 1059 quibus
2791 992 2984 1049 beatus
3018 993 3183 1050 David
3221 995 3442 1052 liberari
3472 990 3759 1066 postulans
3786 998 3877 1055 di-

2279 1084 2387 1137 cit:
2423 1082 2505 1135 Ne
2528 1084 2706 1136 tradas
2729 1125 2743 1149 ,
2788 1083 3009 1138 Domine
3030 1127 3045 1149 ,
3089 1084 3260 1139 bestiis
3288 1086 3516 1141 animam
3544 1089 3878 1155 conﬁtentem

2280 1174 2371 1227 tibi
2392 1172 2564 1245 (Psal.
2594 1176 2799 1243 Limn),
2824 1175 2919 1230 sed
2946 1176 3215 1231 irruentes
3250 1192 3343 1253 eas
3373 1179 3660 1235 retundere
3688 1184 3878 1239 crucis

2278 1265 2578 1337 signaculo,
2606 1281 2668 1321 ac
2695 1266 2910 1337 longius
2942 1268 3266 1339 propulsare
3286 1311 3301 1336 ,
3333 1280 3496 1342 atque
3520 1316 3535 1341 ,
3578 1272 3877 1330 adversum

2278 1374 2336 1414 se
2366 1358 2673 1425 saevientes,
2703 1359 2818 1429 jugi
2841 1361 3101 1415 memoria
3131 1360 3429 1417 Dominicis
3475 1364 3779 1433 passionis,
3814 1375 3875 1422 et

2276 1451 2582 1507 imitatione
2609 1451 2756 1507 illius
2785 1452 3230 1509 mortiﬁcationis
3254 1455 3617 1525 exstinguere.

2893 1568 3122 1627 CAPUT
3161 1570 3229 1626 Χ.

2716 1662 2793 1717 De
2830 1661 3188 1716 calceamentis
3225 1678 3422 1717 eorum.

2344 1753 2720 1811 Calceamenta
2744 1769 2871 1811 vero
2887 1755 3027 1809 velut
3050 1755 3333 1810 interdicta
3353 1753 3706 1828 evangelico‘t
3724 1771 3869 1828 pra:-

581 1850 714 1908 liuin
743 1852 1018 1907 mulieris:
1054 1851 1199 1906 Tolle
1236 1852 1479 1905 baculum
1498 1866 1694 1918 meum,
1722 1860 1770 1903 et
1796 1866 2008 1903 currens
2025 1848 2171 1914 vade,
2206 1841 2255 1901 B
2279 1857 2438 1918 cepto
2506 1856 2859 1915 recusantes,
2932 1862 3055 1905 cum
3123 1846 3413 1905 inﬁrmitas
3433 1850 3677 1919 corporis
3704 1891 3719 1916 ,
3777 1851 3867 1907 vel

1656 2010 1912 2068 ALARDI
1950 2008 2181 2066 GAZEI
2218 2002 2787 2065 COMMENTARIUS.

582 2170 701 2210 rum
753 2162 845 2209 aut
874 2153 1251 2218 librariorum;
1295 2166 1358 2207 ac
1393 2150 1623 2222 proinde
1664 2149 1959 2222 legendum
1995 2161 2116 2222 esse
2148 2163 2162 2199 :

582 2227 789 2281 melotes
809 2269 822 2291 ,
852 2241 969 2294 qua:
992 2228 1180 2297 penula
1210 2220 1505 2297 appellatur
1528 2222 1677 2297 (Cap.
1710 2222 1822 2290 Ill).
1863 2221 1993 2286 Quis
2020 2220 2165 2297 enim

581 2298 765 2353 credat
795 2291 1088 2352 monachos
1122 2291 1253 2349 illos'
1275 2291 1381 2349 iam
1412 2291 1665 2363 religiose
1707 2301 1799 2346 aut
1846 2291 2164 2363 scrupulose

581 2384 610 2423 a
639 2369 1024 2423 calceamentis
1046 2367 1393 2428 abstinuiSse,
1427 2362 1567 2435 qimd
1594 2375 1841 2435 putarent
1868 2363 1952 2417 illa
1980 2362 2165 2416 Domi-

580 2441 701 2493 nico
726 2448 999 2507 praecepto
1029 2439 1191 2492 luisse
1215 2434 1521 2499 interdicta,
1555 2444 1612 2489 ιιι
1638 2434 1773 2488 infra
1799 2434 2040 2488 dicetur:
2073 2448 2164 2555 pe-

580 2526 695 2555 ram
736 2526 866 2555 vero
910 2524 1006 2555 nm
1048 2508 1243 2555 malum
1300 2519 1353 2555 et
1402 2506 1654 2555 familiari
1707 2507 2023 2555 indumento
2108 2520 2164 2555 a-

579 2526 695 2563 ram
730 2506 866 2564 vero
910 2506 1006 2577 pro
1048 2508 1243 2563 nielote
1300 2519 1353 2561 et
1402 2506 1655 2561 familiari
1707 2507 2023 2559 indumento
2050 2506 2166 2577 rha-

576 2579 790 2646 buisse;
840 2576 959 2636 cum
994 2580 1183 2634 iisdem
1214 2579 1348 2633 locis
1393 2593 1455 2632 ac
1500 2578 1781 2631 sententiis
1825 2576 2163 2644 Evangelicis

578 2666 711 2720 pera
735 2653 891 2706 simul
926 2666 1045 2705 cuni
1075 2652 1457 2705 calceamentis
1475 2650 1823 2717 prohrbeatur
1848 2647 1867 2716 (
1890 2647 2055 2700 Matth
2105 2662 2159 2713 ι,

577 2733 624 2776 et
656 2721 806 2778 Luca:
838 2722 929 2791 tt)?
956 2722 1262 2778 Praesertim
1288 2738 1409 2776 cum
1447 2721 1587 2790 apud
1621 2720 1875 2791 probatos
1916 2728 2163 2791 auctores

579 2804 691 2847 tum
720 2789 927 2857 sacros,
954 2800 1064 2847 tum
1098 2793 1353 2864 profanos
1385 2789 1511 2862 pera
1556 2790 1688 2864 nihil
1720 2789 1866 2844 aliud
1898 2790 2164 2859 signiticet

577 2879 735 2934 quam
786 2866 1021 2919 loculum
1056 2861 1147 2919 aut
1191 2861 1502 2925 sacculum,
1556 2861 1610 2916 in
1642 2876 1748 2931 quo
1780 2871 2021 2931 pastores
2073 2870 2163 2914 aut

575 2940 811 2991 viatores
842 2936 1019 2990 cibum
1060 2938 1310 2991 diurnum
1341 2950 1434 2991 seu
1461 2936 1706 2989 viaticum
1750 2934 2045 2987 recnudere
2075 2946 2162 2986 so-

575 3006 719 3077 lent:
743 3008 1021 3077 quoetiam
1043 3008 1202 3062 modo
1223 3008 1487 3070 accipitur
1511 3005 1565 3059 in
1597 3005 1887 3077 Evangelio
1911 3004 2066 3058 Luca:
2095 3018 2160 3057 xz

576 3075 983 3149 Nolite'portare
1010 3081 1289 3143 sacculum,
1318 3094 1476 3147 neque
1507 3093 1701 3143 perant.
1744 3075 1992 3149 Elimea:
2016 3090 2160 3129 χχιιι

578 3146 795 3216 Quando
818 3151 932 3203 misi
958 3167 1044 3203 vos
1073 3152 1185 3203 sine
1216 3167 1337 3218 pera
1374 3146 1421 3202 et
1456 3149 1659 3211 baculo,
1691 3156 1745 3202 et
1770 3147 1914 3201 alibi.
1963 3146 2037 3199 De
2067 3160 2161 3218 pe-

574 3221 700 3273 nula
736 3236 861 3279 vero
894 3224 1008 3273 hmc
1039 3216 1352 3274 habetiNic.
1388 3220 1661 3284 Perouus,
1694 3229 1747 3273 et
1776 3233 1839 3271 ex
1872 3233 1937 3271 eo
1971 3216 2158 3270 Ambr.

572 3290 882 3357 Calepiuus,
916 3306 1034 3357 quae
1057 3294 1191 3344 satis
1219 3291 1509 3345 ostendunt
1534 3290 1784 3355 penulam
1808 3303 1930 3343 cum
1962 3288 2159 3342 inelote

574 3364 867 3418 canvetiire
894 3384 904 3415 :
934 3360 1158 3427 Penula,
1190 3363 1394 3430 inquit,
1430 3363 1579 3415 vestis
1606 3362 1763 3413 densa
1803 3376 1862 3411 ac
1891 3360 2023 3421 uilis,
2047 3373 2162 3425 qua

574 3433 825 3520 pebulosg
850 3449 912 3486 ac
935 3434 1165 3520 pluvioso
1189 3443 1415 3520 tempore
1437 3449 1592 3502 supra
1618 3433 1845 3520 tunicam
1882 3432 2162 3520 qssumitur
2190 3456 2236 3520 C

574 3504 686 3558 loco
715 3505 895 3570 pallii,
925 3505 991 3559 ad
1027 3506 1276 3558 arcendas
1301 3522 1331 3557 α
1359 3520 1576 3574 corpore
1607 3504 1852 3574 pluvias;
1892 3502 1999 3555 luet:
2029 3503 2163 3574 siem

573 3576 791 3643 pellibus
826 3586 962 3642 erat,
995 3585 1195 3630 scortea
1235 3572 1531 3630 vocabatur.
1567 3574 1642 3627 De
1658 3590 1757 3645 qua
1782 3572 2045 3628 Martialis
2071 3572 2163 3627 lib.

572 3662 663 3704 XIV
688 3665 702 3701 2

698 3740 987 3802 Ingrediare
1012 3742 1135 3791 viam
1153 3740 1279 3791 caelo
1296 3742 1415 3791 licet
1440 3754 1597 3802 usque
1623 3752 1832 3801 sereno;

802 3805 833 3855 d
854 3807 1038 3855 subitas
1059 3818 1319 3867 numquam
1341 3810 1532 3854 scortea
1548 3802 1677 3852 desit
1701 3815 1867 3866 aquas.

574 3927 723 3988 Ilaec.
755 3937 808 3981 et
836 3928 936 3981 alia
967 3929 1106 3993 apud
1136 3930 1302 3995 ipsos,
1334 3938 1386 3981 et
1409 3928 1541 3982 alios
1574 3937 1848 3982 auctores.

651 4008 677 4035 α
698 3998 986 4052 Monathos
1008 3998 1299 4052 Thebaidis
1329 3999 1575 4053 baculum
1608 3999 1819 4052 itineris
1847 3998 2051 4052 socium
2068 3998 2163 4051 ha-

574 4071 757 4125 buisse
790 4080 1015 4123 testatur
1040 4069 1101 4121 D.
1148 4069 1505 4139 Hieronymus
1547 4070 1857 4131 przelatione
1891 4071 1941 4120 in
1976 4069 2157 4137 Regu-

572 4144 681 4197 lam
727 4142 785 4195 S.
832 4138 1107 4192 Pachumii
1140 4137 1229 4208 (In
1272 4137 1390 4191 Vita
1422 4139 1763 4210 Hilarionis).
1808 4141 1873 4192 Et
1900 4140 1958 4194 S.
1991 4140 2158 4192 Auto-

573 4215 720 4281 nius,
753 4210 943 4265 eodem
980 4212 1153 4281 llierot
1176 4225 1303 4279 ymo
1334 4219 1503 4277 teste,
1541 4210 1786 4281 baculum
1819 4222 2032 4279 gesmre
2069 4225 2158 4265 so-

572 4280 735 4339 litus:
766 4283 910 4336 unde
931 4291 986 4333 et
1019 4280 1212 4334 baculo
1244 4281 1539 4333 instructus
1565 4280 1704 4349 pingi
1738 4281 1894 4335 solet.
1924 4281 2076 4348 Quod
2108 4283 2156 4337 si

573 4354 797 4410 moralia
819 4352 1251 4422 requiritlectur,
1286 4354 1447 4405 multa
1483 4351 1811 4420 hujusmodi,
1832 4362 1886 4406 et
1911 4350 2155 4407 Cassiani

570 4424 732 4481 dictis
776 4423 1061 4477 admodum
1104 4438 1339 4476 eimsmia
1394 4436 1577 4489 petere
1635 4427 1831 4492 poterit
1875 4440 1941 4476 ex
1992 4423 2154 4479 Petro

571 4496 889 4561 Bercborto,
916 4494 1004 4562 qui
1036 4494 1385 4563 multiplicem
1419 4495 1593 4549 baculi
1644 4495 1860 4551 moralis
1912 4495 2152 4559 Specith

568 4583 637 4623 ex
684 4568 909 4622 diversis
944 4564 1235 4636 Scriptura:
1269 4565 1400 4619 locis
1453 4569 1584 4622 satis
1626 4567 1885 4636 apposite
1916 4577 1969 4619 et
2003 4566 2153 4633 inge-

571 4640 744 4707 niose,
769 4637 887 4691 rudi
920 4635 1045 4690 licet
1069 4634 1232 4707 'stylo,
1263 4636 1467 4707 colligit
1496 4648 1548 4691 et
1579 4638 1802 4706 exponit
1832 4634 1919 4703 (In
1954 4636 2153 4690 Diclio-

570 4714 738 4778 nario,
763 4709 910 4763 verbo
942 4708 1208 4775 Baculus).
1257 4707 1374 4761 Alia
1406 4710 1589 4763 itidem
1629 4709 1757 4761 satis
1785 4720 2147 4763 consentanea

568 4782 636 4836 de
669 4782 856 4837 baculo
885 4779 1109 4851 ejusque
1149 4780 1628 4851 signiﬁcationibus
1674 4780 1836 4835 habet
1877 4780 2149 4851 Pagniuus

566 4853 621 4908 in
652 4854 869 4922 lsagoge
901 4850 995 4904 lib.
1025 4866 1041 4903 ι
1068 4866 1184 4920 cap.
1220 4849 1304 4905 18.

637 4922 665 4962 ⁵
706 4921 799 4977 Illo
830 4924 1083 4976 nimirum
1107 4962 1121 4982 ,
1153 4922 1297 4991 quod
1351 4921 1489 4991 apud
1517 4921 1826 4976 Matthaaum
1865 4933 1917 4977 et
1948 4922 2148 4979 Lucam

565 5010 626 5051 ex
638 4994 887 5065 prituitur
906 4993 988 5047 his
1006 4993 1218 5048 verbis:
1249 4991 1428 5065 Nolite
1442 5004 1656 5065 portare
1684 4997 1966 5059 sacculum,
1992 5010 2152 5063 neque

566 5011 626 5051 ex
638 5011 887 5065 primitur
907 5011 988 5047 uis
1006 5011 1218 5048 vernis:
1249 5011 1292 5046 ιι
1306 5011 1656 5117 οιιιῇρονιαιτ
1684 5011 1966 5059 saccutum,
1992 5011 2150 5063 neque

566 5083 760 5135 peram,
794 5081 955 5134 neque
978 5065 1331 5135 calceamentis
1376 5063 1397 5135 (
1463 5066 1590 5119 atth.
1624 5083 1688 5130 ιι,
1718 5064 1846 5118 Luc.
1890 5066 1984 5133 ix).
2020 5066 2150 5132 Qua

564 5134 729 5193 verba
778 5134 1026 5191 monachi
1054 5135 1130 5188 illi
1178 5137 1255 5189 sic
1291 5134 1645 5203 accipiebant,
1689 5149 1743 5191 ιιι
1773 5137 1895 5191 inde
1926 5137 2151 5206 collige-

565 5219 688 5265 rent
714 5208 1203 5278 caIceamentorum
1221 5222 1376 5261 usum
1400 5211 1655 5278 apostolis
1681 5217 1733 5261 et
1759 5225 1947 5263 eorum
1973 5217 2151 5262 secta-

565 5282 776 5335 toribus
797 5322 811 5343 ,
847 5276 898 5332 id
923 5286 1038 5343 est,
1071 5278 1349 5332 monachis
1380 5276 1447 5333 eti
1467 5280 1801 5348 perfecdoris
1831 5279 1953 5332 vitm
1980 5284 2152 5333 culto-

563 5353 713 5406 ribus
737 5350 899 5405 luis<e
932 5349 1310 5414 interdictum;
1344 5359 1398 5404 et
1421 5350 1647 5419 proinde
1679 5350 1838 5403 undis
1868 5360 1921 5403 et
1952 5351 2147 5405 discal-

564 5422 734 5477 ceatis
763 5422 989 5492 pedibus
1021 5421 1374 5492 incedendum
1420 5436 1558 5475 esse.
1616 5421 1687 5473 Ita
1723 5420 1795 5472 illi
1833 5436 1934 5475 suo
1960 5438 2140 5487 more,

564 5504 618 5547 et
642 5508 740 5563 pro
761 5491 859 5548 Suo
882 5502 1062 5562 captu,
1087 5502 1140 5548 et
1163 5491 1446 5562 simplicita
1459 5502 1507 5546 te
1538 5495 1699 5544 verba
1733 5493 2028 5563 Scriptura:
2060 5493 2144 5548 ni-

565 5562 669 5618 mis
690 5565 860 5632 rigide
898 5574 955 5620 et
998 5565 1296 5619 secundum
1328 5564 1565 5630 litteram
1602 5605 1615 5627 ,
1663 5571 1719 5615 ut
1769 5562 1999 5627 dicitur,
2048 5580 2146 5619 seu

558 5638 849 5691 verborum
880 5651 1070 5704 sonum
1094 5634 1434 5704 interpretari
1465 5635 1637 5688 soliti:
1672 5649 1824 5690 more
1852 5638 2010 5689 etiam
2040 5638 2147 5702 pri-

560 5722 771 5760 morum
822 5698 1254 5762 Cliristianoruni
1277 5746 1290 5772 ,
1325 5708 1417 5775 qui
1458 5706 1712 5776 quidquid
1741 5722 1810 5761 ex
1854 5698 2146 5773 Evangelia

559 5776 930 5841 audirent,vel
952 5793 1019 5831 ex
1048 5776 1282 5848 (crvore,
1310 5778 1393 5831 vel
1414 5792 1477 5832 ex
1508 5778 1855 5847 simplicitate
1878 5787 2144 5848 tamquam

557 5857 888 5915 prmeeptum
940 5844 1433 5918 amplectebantur,
1488 5844 1629 5907 nihil
1675 5848 1743 5906 de
1797 5844 2146 5909 consiliorum

2270 2152 2326 2199 et
2352 2150 2744 2213 praeceptorum
2775 2142 3123 2213 distinctione
3150 2142 3473 2212 cogitantes.
3506 2144 3702 2201 Verum
3736 2150 3868 2205 aliis

2268 2212 2711 2285 prudentioribus
2764 2229 2949 2282 parum
2992 2212 3163 2267 solida
3218 2223 3269 2267 et
3299 2215 3594 2283 probabilis
3632 2218 3743 2274 visa
3772 2231 3866 2276 est

2268 2284 2371 2341 ista
2400 2287 2689 2340 sententia.
2710 2284 2842 2339 Nam
2869 2295 2926 2338 ut
2949 2300 3076 2339 vere
3101 2284 3377 2339 diceretur
3405 2287 3507 2341 hoc
3525 2303 3863 2355 prmcepium

2266 2359 2525 2426 apostolis
2570 2372 2665 2423 pro
2694 2366 2959 2425 tempore,
2995 2356 3096 2409 hoc
3125 2366 3232 2422 est,
3268 2357 3422 2412 initio
3452 2360 3865 2426 praedicationis

2268 2431 2432 2483 fuisse
2456 2428 2768 2500 impositum
2789 2470 2801 2487 .
2832 2444 2940 2481 non
2974 2437 3153 2500 tamen
3184 2439 3501 2497 sequeretur
3531 2428 3695 2486 fuisse
3732 2449 3865 2500 per-

2268 2512 2516 2570 petuum;
2551 2499 2789 2554 maxime
2815 2514 2935 2553 cum
2965 2514 2993 2551 a
3026 2497 3244 2553 Christo
3276 2500 3523 2556 videatur
3550 2497 3744 2570 postea
3768 2521 3863 2561 re-

2268 2584 2515 2627 vocatum
2550 2572 2604 2624 in
2638 2580 2795 2625 nocte
2822 2585 3025 2635 conte;
3054 2570 3271 2639 quando
3299 2570 3442 2626 dixit
3471 2573 3549 2627 eis
3576 2591 3588 2626 :
3635 2574 3863 2640 Quando

2266 2644 2380 2696 misi
2409 2660 2495 2696 vos
2522 2644 2631 2717 sine
2662 2659 2787 2717 pera
2816 2651 2862 2695 et
2890 2642 3310 2717 calceamentis,
3340 2650 3464 2717 etc.
3494 2640 3651 2717 (Luc.
3680 2646 3817 2717 xxu)
3840 2691 3860 2717 ,

2269 2724 2325 2766 ut
2354 2723 2505 2769 notat
2550 2714 2611 2767 Ι).
2665 2712 3082 2783 Chrysostomus
3132 2714 3345 2766 homilia
3380 2714 3412 2769 9
3453 2712 3513 2768 in
3559 2716 3726 2782 Epist.
3785 2712 3862 2775 ad

2268 2786 2673 2854 Philippenses:
2709 2786 2877 2839 multo
2908 2785 3085 2837 minus
3113 2785 3180 2839 ad
3212 2784 3348 2857 alios
3378 2786 3596 2842 extendi
3625 2788 3858 2857 debere,
3904 2813 3913 2819 ·

2268 2866 2537 2925 tamquam
2569 2858 2875 2927 universale
2912 2866 3263 2923 praceptum.
3296 2856 3485 2927 Neque
3513 2875 3638 2915 vero
3664 2856 3857 2915 credi-4

2268 2928 2375 2981 bile
2396 2939 2475 2981 est
2507 2940 2600 2980 aut
2619 2926 2892 2980 Christum
2919 2930 3090 2994 ipsum
3114 2938 3201 2981 aut
3234 2930 3512 2995 apostolos
3540 2929 3701 2984 nudis
3732 2948 3862 2988 om-

2268 3001 2395 3053 nino
2419 2999 2642 3064 pedibus
2665 2999 2982 3051 incessisse:
3007 3013 3127 3052 cum
3155 2999 3221 3051 de
3239 3000 3458 3053 Christo
3471 3000 3859 3058 dixeritJoan-

2266 3085 2363 3125 nes
2395 3070 2632 3139 Baptista
2684 3070 2871 3123 Matth.
2906 3085 2963 3123 ιιι
2993 3087 3005 3121 :
3042 3068 3254 3123 Fortior
3288 3086 3367 3125 me
3395 3082 3505 3136 est;
3551 3074 3703 3133 cuius
3752 3092 3862 3131 non

2266 3158 2380 3194 sum
2408 3142 2594 3213 dignus
2627 3141 2967 3213 procumbens
3001 3140 3196 3195 solvere
3211 3144 3488 3210 corrigiam
3532 3146 3861 3203 calceatum-

2268 3222 2436 3266 torum
2460 3210 2593 3282 ejus.
2620 3210 2725 3265 Sed
2757 3222 2812 3266 et
2839 3213 3045 3266 Marcus
3064 3256 3077 3279 ,
3133 3214 3298 3267 veluti
3326 3229 3631 3281 prmvere
3663 3218 3859 3275 volens

2268 3299 2335 3337 ne
2362 3284 2508 3357 quod,
2537 3284 3176 3357 Matthaaus_scripserat,
3211 3299 3490 3357 perperam
3523 3286 3858 3357 intelligere-

2269 3363 2375 3417 tur,
2408 3356 2625 3420 scripsit
2653 3354 2889 3408 sandalia
2922 3357 3182 3424 apostolis
3212 3354 3380 3410 fuisse
3424 3354 3721 3412 concessa:
3742 3360 3857 3416 Sed

2267 3426 2541 3487 calceatus,
2588 3428 2683 3486 ait,
2716 3427 2983 3482 sandaliis.
3012 3426 3219 3493 Quibus
3248 3428 3429 3481 verbis
3466 3430 3670 3484 indicat
3693 3430 3858 3488 Chri-

2266 3508 2409 3553 stum
2437 3497 2697 3560 voluisse,
2736 3508 2827 3552 aut
2854 3510 3000 3551 certe
3025 3498 3340 3567 permisisse
3364 3502 3622 3568 apostolis
3644 3501 3858 3557 calcea-

2268 3577 2351 3623 tos
2382 3584 2502 3625 esse
2531 3568 2803 3621 sandaliis.
2854 3569 3008 3623 Unde
3032 3583 3087 3621 et
3128 3569 3290 3623 Petro
3312 3571 3557 3637 apostolo
3588 3570 3723 3625 dixit
3754 3588 3858 3629 an-

2265 3640 2420 3710 gelus
2442 3641 2564 3694 Act.
2593 3654 2693 3693 ιιιιτ
2722 3638 2905 3693 Calcea
2926 3650 2972 3693 te
2993 3640 3186 3710 caligas
3202 3652 3335 3704 tuas,
3357 3641 3447 3696 ubi
3469 3641 3657 3698 Gmce
3685 3644 3858 3701 babe-

2265 3721 2353 3765 tur
2378 3711 2644 3768 σανδάλια.
2674 3711 2804 3764 Hinc
2829 3710 2893 3763 Ι).
2919 3713 3251 3780 Augusunus
3279 3711 3374 3765 lib.
3407 3728 3444 3768 ιι
3472 3714 3541 3767 de
3564 3714 3856 3773 Couseusu

2268 3782 2520 3852 Evangel.
2539 3798 2658 3852 cap.
2677 3783 2748 3838 50
2778 3791 2831 3835 et
2860 3783 2948 3835 alii
2974 3794 3198 3837 censent
3221 3782 3306 3836 illa
3334 3785 3708 3841 tantummodo
3735 3789 3856 3844 cal-

2262 3866 2544 3909 ceameuta
2572 3853 2832 3923 apostolis
2860 3853 3023 3907 luisse
3053 3853 3322 3921 prohibita
3348 3896 3360 3917 ,
3389 3872 3509 3923 quin
3540 3865 3712 3911 totum
3755 3874 3857 3925 pe-

2263 3925 2384 3980 dem
2406 3935 2672 3997 tegerent,
2702 3939 2927 3995 quzeque
2958 3926 3175 3998 proprie
3216 3926 3558 3998 ὑποδήματα,
3590 3930 3707 3983 sive
3728 3931 3853 3986 cal-

2262 3996 2540 4052 ceameuta
2567 4005 2887 4051 vocarentur
2912 4013 2927 4051 :
2967 3996 3209 4051 sandalia
3239 4014 3367 4052 vero
3387 3996 3489 4065 pro
3518 4015 3669 4054 more
3697 4000 3851 4057 illius

2261 4070 2499 4135 regionis
2522 4070 2628 4122 illis
2656 4069 2821 4121 fuisse
2840 4082 3120 4132 concessa,
3135 4068 3329 4137 quibus
3351 4071 3465 4123 sola
3494 4073 3642 4140 pedis
3658 4072 3849 4138 planta

2261 4141 2573 4207 tegebatur,
2620 4142 2897 4207 superiore
2927 4149 3077 4206 parte
3130 4141 3268 4193 nuda
3300 4150 3351 4195 et
3381 4140 3613 4196 detecta.
3646 4142 3853 4210 Hujus~

2259 4210 2400 4263 modi
2447 4211 2590 4264 enim
2645 4210 3000 4263 calceamenti
3050 4216 3218 4278 genus
3268 4212 3449 4267 vocari
3497 4214 3737 4267 saudalia
3793 4226 3852 4271 et

2259 4281 2695 4354 soleasiudicat
2740 4282 3094 4354 Augustinus.
3145 4282 3281 4348 Quia
3332 4298 3462 4354 ergo
3516 4283 3763 4339 Christus
3790 4296 3850 4342 et

2259 4353 2516 4425 apostoli,
2562 4361 2623 4407 ut
2672 4360 2757 4406 est
2782 4352 3102 4425 verisimile,
3137 4370 3237 4422 pro
3275 4352 3428 4409 more
3474 4356 3616 4410 illius
3666 4361 3851 4425 gentis

2259 4423 2492 4496 maxime
2516 4439 2543 4475 a
2575 4423 2902 4493 pauperibus
2932 4437 3153 4496 recepto
3177 4466 3192 4491 ,
3229 4426 3517 4481 utebantur
3546 4423 3845 4496 sand'aliis,

2259 4494 2431 4548 noluit
2470 4496 2729 4549 Dominus
2781 4510 2907 4550 suos
2962 4495 3255 4564 discipulos
3304 4499 3355 4550 in
3404 4494 3848 4563 praedicationem

2258 4568 2427 4619 ituros
2460 4582 2669 4621 imitare
2697 4566 2941 4619 sandalia
2964 4611 2977 4631 ,
3013 4576 3105 4621 aut
3129 4568 3195 4622 de
3225 4568 3428 4621 calceis
3455 4571 3848 4636 comparandis

2256 4650 2378 4691 esse
2400 4638 2688 4703 sollicitos;
2713 4650 2771 4691 ut
2794 4640 2895 4692 hoc
2922 4638 3085 4692 etiam
3113 4638 3293 4693 habitu
3315 4637 3700 4705 humilitatem,
3730 4657 3848 4709 pm-

2255 4710 2561 4775 nitentiam,
2594 4721 2646 4763 et
2676 4725 2855 4763 rerum
2889 4709 3244 4764 humanarum
3282 4719 3651 4779 contemptum
3687 4714 3849 4768 exhi-

2256 4780 2461 4835 berem.
2488 4781 2601 4835 Hoc
2626 4781 2788 4850 igitur
2815 4784 3062 4850 exemplo
3092 4792 3147 4837 et
3173 4782 3380 4835 ratione
3408 4781 3626 4838 adducti
3648 4799 3846 4838 mona-

2176 4840 2230 4901 Β
2254 4853 2339 4905 chi
2376 4852 2471 4915 illi,
2502 4868 2621 4906 cum
2644 4840 2707 4905 in
2736 4840 3028 4921 Evangelia
3058 4852 3294 4921 legerent
3319 4856 3681 4908 calceamenta
3705 4869 3849 4921 apo-

2253 4924 2407 4977 stolis
2442 4924 2605 4978 fuisse
2639 4925 2929 4989 prohibita.
2955 4924 3195 4979 sandalia
3224 4939 3354 4979 vero
3388 4925 3625 4989 minime,
3657 4927 3847 4983 verbis

2250 4994 2548 5063 Scriptura:
2579 4994 2897 5063 simpliciter
2926 4995 3281 5061 iulia-rentes,
3336 5006 3391 5051 et
3439 4996 3639 5066 aliquid
3669 4997 3845 5053 etiam

2252 5067 2560 5133 spirituale,
2596 5082 2690 5121 seu
2717 5066 2941 5128 morale,
2971 5068 3110 5135 quod
3154 5066 3240 5121 liic
3272 5070 3531 5136 tangitur,
3562 5068 3616 5122 in
3648 5069 3730 5122 eis
3755 5081 3844 5124 at.

2254 5136 2559 5209 tendentes,
2594 5153 2622 5189 a
2652 5139 3033 5209 calceamentis
3060 5137 3205 5190 velut
3258 5140 3556 5194 interdictis
3588 5139 3843 5209 Evange-

2254 5205 2360 5260 lico
2388 5217 2679 5277 praecepto,
2709 5210 2959 5277 religivse
2988 5208 3336 5264 abstinebant
3356 5252 3371 5274 ,
3422 5221 3475 5264 et
3518 5225 3705 5265 eorum
3739 5205 3844 5266 usu

2250 5278 2533 5347 repudiato
2552 5281 2810 5333 sandaliis
2836 5279 3148 5343 utebantur,
3163 5280 3332 5341 vel,ut
3349 5280 3642 5336 Cassianus
3665 5282 3846 5347 loqui-

2250 5358 2361 5418 tur,
2416 5351 2597 5420 caligis
2626 5368 2743 5405 suos
2770 5350 3063 5402 muniebant
3094 5350 3279 5419 pedes;
3309 5353 3504 5420 quibus
3550 5351 3730 5407 verbis
3787 5363 3845 5410 et

2252 5424 2603 5491 sequentibus
2642 5429 2828 5489 aperte
2877 5420 3077 5473 iudicat
3106 5436 3163 5474 se
3193 5424 3392 5493 caligas
3420 5439 3518 5493 pro
3547 5423 3840 5492 sandaliis,

2254 5493 2356 5547 hoc
2383 5503 2488 5560 est,
2524 5508 2621 5564 pro
2644 5493 2856 5564 pedum.
2889 5507 2991 5564 non
3026 5492 3281 5547 tibiarum
3309 5492 3654 5563 tegumentis,
3689 5495 3844 5550 acci-

2250 5578 2384 5636 pere
2409 5560 2559 5632 juxta
2585 5560 2896 5636 priedictum
2919 5563 3226 5636 ﬁeriptura:
3252 5560 3615 5636 loculeide
3636 5560 3841 5623 Horon.

2253 5630 2290 5687 t.
2323 5634 2339 5689 Ι
2372 5630 2563 5708 danai.
2587 5630 2679 5688 an.
2714 5634 2804 5699 57,
2835 5646 2879 5708 et
2909 5630 3177 5708 Nolanum
3199 5636 3290 5689 lib.
3321 5637 3387 5690 de
3415 5630 3553 5690 Pict.
3582 5649 3628 5690 et
3656 5654 3840 5708 ιωασ.

2252 5722 2299 5759 c.
2332 5705 2443 5779 8‘2).
2471 5707 2670 5779 Eadem
2690 5720 2818 5779 vero
2844 5705 3148 5779 imitatione
3174 5710 3521 5765 consuevisse
3548 5705 3841 5778 plerosque

2253 5777 2545 5833 monachos
2572 5777 2701 5833 olim
2732 5777 2850 5832 sine
2879 5777 3076 5833 calceis
3103 5821 3116 5849 ,
3146 5792 3245 5833 seu
3272 5779 3429 5834 nudis
3454 5779 3715 5847 pedibus,
3748 5777 3841 5839 vel

2252 5859 2460 5904 tantum
2488 5849 2651 5905 soleis
2673 5848 2941 5906 incedere.
2964 5858 3192 5907 testatur
3208 5852 3269 5909 D.
3282 5851 3578 5913 Gronorius
3597 5850 3844 5909 Nazianc
