4026 6212
573 342 643 400 79
1895 338 2176 397 JOANNIS
2213 338 2526 397 CASSIANI
3058 310 3062 314 “
3112 300 3133 307 θ’
3770 341 3839 399 so

572 459 831 530 Nonaque
861 457 915 513 id
941 473 1115 514 visum
1139 468 1243 525 est,
1268 469 1328 514 ut
1359 469 1385 496 ι
1411 458 1706 514 secundum
1748 458 2006 513 horarum
2040 472 2157 512 mo-
2181 461 2233 523 Α
2258 476 2385 515 num
2417 457 2638 513 modum
2667 458 2721 512 in
2748 455 3460 527 vespertinis-conventibus
3489 472 3585 514 seu
3613 466 3836 513 noctur-

571 555 700 610 dum
741 553 798 609 in
837 552 1032 624 quibus
1073 553 1189 609 haec
1234 554 1461 609 Domino
1504 553 1804 609 redduntur
1850 552 2111 621 obsequia
2137 592 2151 614 ,

572 650 909 720 psalmorum
952 648 1113 704 etiam
1143 658 1198 704 et
1232 649 1539 703 orationum
1575 657 1831 717 putarent
1868 662 2153 702 numerum

571 744 959 814 cozequandum
993 743 1307 798 :nonnullis
1337 742 1537 810 placuit
1564 744 1837 799 senarium
1870 756 2153 797 numerum

573 838 802 908 singulis
840 836 950 892 diei
976 837 1330 893 conventibus
1370 836 1639 906 deputari.
1674 838 2017 906 QuaprOpter
2056 850 2153 891 ne-

573 932 875 986 cessarium
924 945 1048 985 reor
1076 930 1512 1000 antiquissimam
1561 939 1774 1001 patrum
1808 928 2053 997 proferre
2099 929 2153 983 in

577 1026 814 1079 medium
842 1023 1309 1091 constitutionem,
1344 1038 1464 1094 qua:
1490 1039 1635 1079 nunc
1654 1039 1825 1093 usque
1854 1038 1950 1093 per
1980 1032 2150 1077 totam

572 1115 866 1187 Egyptum
898 1132 927 1169 a
958 1116 1051 1170 Dei
1099 1115 1320 1170 famulis
1367 1116 1687 1181 custoditur,
1743 1130 1851 1187 quo
1896 1113 1924 1153 δ
1956 1114 2153 1170 novelli

570 1205 881 1263 monasterii
909 1206 963 1261 in
984 1204 1204 1265 Christo
1227 1206 1377 1261 rudis
1402 1206 1625 1262 infantia
1651 1206 2149 1275 antiquissimorum

571 1301 751 1371 potius
782 1311 994 1372 patrum
1030 1299 1417 1357 vetusdssimis
1466 1300 1898 1357 institutionibus
1942 1300 2153 1355 imbua-

572 1402 682 1457 tur.

1169 1505 1397 1563 CAPUT
1436 1504 1524 1561 Ill.

570 1640 652 1696 De
679 1639 953 1712 uniformis
979 1639 1172 1711 regula:
1200 1657 1292 1712 per
1320 1650 1483 1694 totam
1500 1639 1800 1712 V/Eggptum
1822 1639 2076 1710 custodia,
2101 1648 2149 1694 et

640 1711 703 1766 de
728 1710 971 1767 electione
1000 1710 1175 1766 eorum
1201 1710 1297 1781 qui
1333 1710 2004 1783 fratribus’prwponuntur.

2260 554 2341 607 nis
2385 551 2583 623 vigiliis
2629 550 2862 605 vidimus
2892 554 3167 606 retentari.
3212 550 3328 605 Non
3377 549 3521 605 enim
3552 548 3834 621 quisquam

2254 645 2639 701 conventiculo
2666 642 2914 711 fratrum,
2948 643 3043 698 sed
3074 659 3141 699 ne
3177 643 3281 699 sibi
3308 642 3526 715 quidem
3558 642 3663 711 ipsi
3692 659 3823 713 prae-

2255 753 2377 794 esse
2423 736 2763 806 conceditur,
2816 737 3130 807 priusquam
3178 752 3285 791 non
3334 736 3514 791 solum
3566 735 3832 793 universis

2254 831 2601 886 facultatibus
2623 831 2739 886 suis
2766 830 3024 886 reddatur
3050 841 3329 897 externus,
3378 830 3476 886 sed
3505 846 3574 886 ne
3601 832 3684 886 sui
3721 832 3836 902 qui-

2254 923 2376 979 dem
2409 923 2578 994 ipsitis
2604 938 2663 979 se
2684 938 2808 979 esse
2834 922 3139 990 dominum,
3169 923 3254 977 vel
3284 931 3606 994 potestatem
3634 922 3834 980 habere

2254 1024 2565 1085 cognoscat.
2618 1014 2692 1069 lta
2732 1031 2966 1084 namque
3017 1016 3415 1072 renuntiantem
3462 1016 3585 1071 huic
3633 1017 3833 1072 mundo

2252 1108 2581 1179 quibuslibet
2608 1108 2949 1163 facultatibus
2970 1123 3034 1164 ac
3055 1108 3259 1164 divitiis
3290 1108 3585 1179 praeditum
3612 1126 3837 1167 necesse

2256 1208 2339 1254 est
2368 1200 2601 1255 ctenobii
2635 1201 3118 1257 commorationem
3161 1214 3443 1271 expetere,
3497 1213 3557 1258 ut
3595 1202 3646 1258 in
3686 1204 3837 1260 nullo

2252 1291 2356 1346 sibi
2402 1307 2474 1347 ex
2517 1292 2600 1348 his
2631 1308 2751 1363 qum
2795 1294 3036 1364 reliquit,
3090 1304 3184 1349 aut
3234 1296 3417 1351 intulit
3464 1298 3833 1364 monasterio,

2252 1383 2560 1439 blandiatur
2590 1404 2603 1438 :
2629 1384 2710 1440 sic
2740 1385 2964 1442 obedire
2993 1388 3225 1453 cunctis,
3258 1398 3317 1442 ut
3354 1388 3687 1444 redeundum
3730 1391 3836 1447 sibi

2252 1474 2551 1531 secundum
2603 1478 2927 1532 sententiam
2975 1477 3188 1533 Domini
3216 1478 3433 1551 (Matth.
3474 1482 3633 1552 xvm)
3655 1481 3720 1537 ad
3752 1483 3837 1538 in-

2250 1566 2475 1622 fantiam
2532 1568 2821 1639 pristinam
2874 1571 3127 1638 noverit,
3189 1572 3325 1628 nihil
3373 1573 3475 1629 sibi
3525 1575 3834 1631 considera-

2252 1658 2396 1715 tione
2436 1661 2534 1715 aevi
2563 1662 2650 1716 vel
2696 1676 2964 1717 annorum
3012 1664 3409 1722 numerositate
3457 1682 3835 1738 praesumens,

2251 1770 2415 1825 quam
2464 1755 2518 1810 in
2562 1757 2763 1811 saeculo
2807 1756 3047 1813 inaniter
3095 1769 3473 1829 consumptam
3524 1776 3584 1817 se
3620 1772 3838 1832 reputat

638 1844 824 1914 Itaque
853 1860 951 1916 per
971 1845 1284 1900 universam
1329 1855 1351 1884 ο
1380 1845 1677 1917 Egyptum
1709 1856 1762 1903 et
1787 1846 2144 1915 Thebaidem,
2178 1850 2227 1911 B
2253 1848 2583 1917 perdidisse;
2612 1849 2705 1905 sed
2724 1857 2832 1919 pro
2858 1851 3290 1907 rudimentorum
3324 1852 3520 1908 merito
3549 1864 3600 1910 et
3632 1858 3835 1927 tyroci—

568 1940 659 1997 ubi
692 1940 1017 1996 monasteria
1052 1955 1159 1994 non
1204 1953 1302 2009 pro
1333 1941 1755 2009 uniuscujusque
1786 1940 2147 1996 renuntiantis

566 2033 923 2088 instituuntur
951 2033 1197 2099 arbitrio,
1229 2032 1325 2087 sed
1362 2048 1458 2102 per
1482 2033 1857 2089 successiones
1883 2048 1947 2087 ac
1974 2032 2148 2087 tradi-

568 2126 746 2181 tiones
774 2125 1060 2195 majorum,
1091 2140 1261 2197 usque
1290 2126 1343 2179 in
1380 2125 1704 2180 hodiernum
1745 2125 1887 2179 diem
1918 2125 2003 2179 vel
2028 2139 2150 2193 per-

566 2228 787 2277 manent
826 2219 908 2276 vel
940 2234 1196 2275 mansura
1240 2217 1558 2285 fundantur,
1593 2218 1890 2290 legitimum
1942 2219 2146 2275 oratio-

2253 1941 2326 1995 nii
2359 1941 2624 2011 novitate,
2653 1957 2815 2011 quam
2843 1958 2902 1998 se
2929 1958 3120 2014 gerere
3143 1946 3196 1999 in
3228 1944 3431 2004 Christi
3463 1948 3651 2003 militia
3680 1965 3838 2006 reco-

2251 2034 2485 2105 gnoscit,
2529 2034 2765 2092 subdere
2788 2051 2848 2091 se
2877 2038 3042 2092 etiam
3079 2038 3386 2108 junioribus
3418 2056 3524 2097 non
3569 2054 3834 2099 moretur.

2252 2126 2451 2191 Operis
2502 2142 2715 2198 quoque
2760 2135 2817 2184 et
2842 2129 3059 2186 sudoris
3100 2131 3501 2189 assuetudinem
3544 2134 3617 2188 ita
3649 2135 3836 2193 subire

2252 2218 2620 2288 compellitur,
2650 2226 2713 2275 ut
2740 2215 2770 2261 ἀ
2795 2221 3032 2291 propriis
3074 2222 3356 2293 manibus,
3403 2223 3556 2295 juxta
3584 2226 3836 2298 Apostoli

1624 2377 1882 2434 ALARDI
1918 2377 2150 2435 GAZIEI
2187 2377 2753 2438 COMMENTARIUS.

536 2573 537 2576 η
563 2518 951 2591 supputatione
979 2514 1332 2591 reSpondent.
1378 2514 1531 2581 Quod
1560 2513 1728 2591 nullo
1758 2514 1977 2584 negotio
2007 2512 2132 2579 ﬂet,

562 2594 608 2649 si
638 2586 759 2659 quis
785 2589 1030 2645 advertat
1060 2590 1111 2643 in
1141 2603 1273 2651 quas
1306 2588 1468 2659 horas
1495 2586 1627 2659 solis
1667 2593 1843 2659 ortus,
1875 2597 1932 2638 et
1963 2599 2135 2659 occa-

563 2654 681 2727 sus,
704 2669 760 2717 et
780 2661 1031 2716 meridies
1058 2658 1313 2714 incidant.
1341 2658 1471 2712 Nam
1498 2657 1628 2711 hora
1657 2666 1805 2710 sexta
1835 2654 2134 2725 iomqualis,

563 2750 684 2805 quae
705 2744 787 2788 est
808 2734 947 2805 hora
979 2731 1243 2805 orationis
1269 2738 1443 2805 sexta,
1472 2743 1686 2797 semper
1709 2728 1903 2805 incidit
1925 2729 1980 2805 in
2009 2741 2133 2805 ine:

562 2796 780 2859 ridiem.
804 2804 944 2858 Hora
968 2802 1126 2857 tertia
1150 2800 1431 2855 inmortalis
1459 2796 1675 2865 semper
1709 2798 1894 2852 incidit
1925 2800 1977 2852 in
2007 2796 2137 2851 illud

466 2912 477 2919 ς
559 2885 794 2945 tempus,
818 2873 961 2940 quod
990 2885 1069 2929 est
1098 2872 1333 2945 medium
1358 2872 1507 2945 inter
1523 2871 1655 2945 solis
1677 2878 1862 2945 ortum
1895 2879 1949 2924 et
1974 2868 2139 2945 meri:-

561 2939 726 3003 diem.
775 2944 918 3000 Hora
950 2960 1092 2999 noua
1141 2943 1422 3011 iumqualis
1466 2940 1520 2995 in
1561 2941 1691 2996 illud
1738 2950 1967 3007 tempus,
1998 2939 2139 3009 quod

560 3027 648 3074 est
673 3016 910 3073 medium
944 3017 1084 3071 inter
1126 3014 1407 3069 meridiem
1452 3023 1503 3067 et
1537 3014 1669 3067 solis
1716 3026 1992 3076 occasum,
2036 3012 2139 3065 hoc

562 3089 721 3144 estin
762 3088 947 3142 horam
974 3088 1186 3142 tertiam
1235 3083 1687 3153 pomeridianam.
1744 3083 1953 3137 Dicitur
2006 3098 2139 3152 ergo

556 3158 694 3216 hora
726 3158 933 3223 Tertia,
965 3158 1078 3212 sive
1104 3156 1345 3210 officium
1378 3154 1595 3219 Tertim,
1629 3153 1751 3223 quia
1798 3155 1930 3208 hora
1976 3156 2136 3208 tertia

559 3230 631 3284 ab
658 3238 782 3283 ortu
812 3229 974 3293 solis;
1018 3239 1072 3282 et
1113 3226 1349 3280 officium
1380 3224 1583 3286 Sexta,
1615 3224 1739 3294 quia
1772 3225 1903 3279 hora
1934 3224 2135 3288 Sexta;

560 3300 798 3355 officium
827 3298 1017 3364 Nonae,
1042 3298 1163 3365 quia
1189 3300 1318 3350 hora
1343 3310 1482 3348 nona
1507 3295 1775 3349 celebrari
1802 3296 1983 3349 debet.
2013 3295 2137 3350 Ter-

562 3372 699 3425 tium
731 3370 1141 3434 documentum,
1165 3376 1380 3433 tempus
1410 3369 1731 3419 canonicum
1757 3373 1812 3421 et
1838 3365 2133 3433 legitimum

557 3440 904 3512 persolvendi
923 3438 1099 3495 officia
1129 3438 1319 3492 harum
1343 3436 1596 3490 horarum
1624 3453 1728 3490 non
1752 3450 1899 3512 esse,
1924 3446 2140 3506 postea-

560 3507 722 3583 quam
754 3513 881 3583 ipsa:
907 3513 1053 3565 horae
1082 3511 1248 3563 finitae
1277 3516 1424 3583 sunt,
1456 3519 1508 3561 et
1538 3518 1775 3583 exactze;
1807 3507 1901 3583 sed
1929 3520 2141 3573 postea-

560 3578 726 3654 quam
772 3578 874 3637 labi
922 3591 1224 3650 cceperunt,
1258 3588 1313 3634 et
1341 3578 1515 3654 adhuc
1545 3578 1838 3654 labuntur;
1871 3578 1973 3632 hoc
1998 3587 2097 3654 est
2122 3624 2137 3646 ,

557 3649 669 3710 non
711 3668 833 3709 esse
860 3653 913 3707 in
947 3649 1198 3717 termino,
1236 3666 1331 3706 seu
1360 3649 1485 3715 ﬁne,
1519 3650 1617 3704 sed
1650 3650 1700 3703 in
1733 3660 1845 3704 toto
1874 3650 2048 3718 spatio
2089 3659 2143 3705 et

557 3725 737 3794 lapsu,
762 3726 877 3780 sive
898 3725 1124 3779 decursu
1148 3721 1499 3794 earumdem.
1514 3720 1668 3794 Quod
1690 3736 1756 3775 ex
1772 3737 1835 3775 eo
1852 3722 2137 3791 probatur,

561 3797 685 3867 quia
712 3792 929 3852 constat
954 3796 1189 3867 officium
1214 3793 1455 3867 Laudum
1484 3792 1865 3867 Matutinarum
1891 3809 1994 3867 non
2020 3807 2142 3867 esse

558 3864 951 3923 celebrandum
1003 3866 1133 3920 hora
1180 3866 1358 3920 noctis
1400 3864 1719 3918 duodecima
1764 3864 2055 3933 completa,
2101 3864 2137 3917 i.

561 3946 683 3993 orto
704 3938 812 4004 jam
835 3938 969 4000 sole,
1000 3938 1092 3991 sed
1117 3938 1249 3989 hora
1279 3934 1594 3990 duodecima
1629 3944 1684 3988 et
1709 3945 1981 4004 postrema
2019 3950 2144 3989 cur-

563 4016 761 4063 rente:
793 4023 855 4062 ac
897 4022 990 4076 per
1035 4008 1139 4061 hoc
1180 4008 1232 4059 in
1263 4020 1501 4076 aurora;
1528 4014 1587 4058 ut
1627 4004 1771 4076 infra
1806 4004 2139 4076 docebimus.

560 4077 687 4133 Pari
733 4094 863 4149 ergo
891 4074 1107 4133 ratione
1136 4077 1373 4131 officium
1418 4074 1609 4149 Primae
1640 4074 2023 4149 celebrandum
2056 4085 2143 4149 est

562 4165 676 4206 non
704 4145 835 4204 hora
888 4150 1057 4218 prima
1083 4156 1295 4209 exacta,
1342 4145 1436 4199 sed
1483 4146 1733 4218 labente,
1767 4145 1815 4198 id
1848 4157 1952 4218 est,
1985 4147 2143 4218 paulo

564 4232 689 4290 post
719 4214 899 4274 ortum
926 4218 1054 4273 solis
1083 4236 1096 4272 :
1125 4228 1179 4290 et
1206 4233 1271 4271 ex
1298 4217 1651 4290 consequenti
1678 4214 1826 4290 idem
1855 4216 2142 4290 dicendum

565 4285 637 4347 de
662 4291 857 4346 officiis
878 4290 1094 4352 Tertiae,
1116 4289 1316 4351 Sextae,
1340 4286 1528 4353 Nonae,
1551 4285 1803 4341 videlicet
1821 4287 2142 4342 celebranda

564 4376 688 4418 esse
716 4363 865 4416 horis
895 4361 1002 4414 illis
1032 4360 1363 4423 labentibus,
1400 4357 1632 4413 necdum
1679 4358 1982 4425 completis.
2018 4359 2145 4415 Haec

566 4431 682 4487 fere
704 4431 1080 4487 Bellarminus.
1109 4428 1218 4486 Cur
1245 4445 1423 4485 autem
1447 4429 1596 4483 horae
1625 4428 1740 4482 ista
1773 4428 1953 4498 potius
1984 4445 2143 4497 quam

563 4502 708 4569 alim,
737 4504 933 4558 divinis
957 4502 1149 4557 officiis
1173 4502 1284 4557 sint
1315 4499 1610 4571 deputatae,
1642 4499 1855 4555 dicetur
1883 4499 2019 4555 infra
2042 4516 2144 4557 suo

566 4575 690 4630 loco
713 4574 863 4645 (Lib.
894 4589 952 4628 tn
979 4590 1025 4627 c.
1057 4573 1150 4641 2).

637 4655 665 4682 ι
702 4641 759 4700 Id
787 4656 893 4708 est,
926 4655 986 4700 ut
1012 4646 1167 4700 tertia
1206 4658 1420 4712 quaque
1449 4641 1579 4697 hora
1617 4643 1685 4697 ab
1716 4651 1838 4697 ortu
1867 4642 1999 4699 solis
2030 4652 2141 4699 tres

2161 3331 2208 3399 (ἶ

2242 2513 2456 2587 videtur
2486 2524 2674 2570 auctor
2702 2514 2918 2587 Ευριί
2950 2515 3170 2572 nomine
3198 2514 3514 2587 designare,
3551 2531 3672 2572 cum
3708 2534 3833 2575 eam

2242 2601 2271 2640 a
2314 2586 2590 2661 Thebaide
2631 2587 2943 2661 distinguat,
2975 2586 3393 2661 quaausuperior
3435 2586 3701 2661 Egypjus
3747 2606 3841 2661 ap-

2241 2658 2492 2728 pellatur.
2524 2658 2695 2713 Porro
2720 2658 2789 2731 de
2821 2658 3160 2713 monasteriis
3189 2668 3243 2731 et
3266 2661 3544 2731 monachis
3574 2658 3830 2731 Egypti,

2243 2744 2476 2798 quorum
2516 2731 2653 2784 ritus
2681 2729 3197 2799 observationesque
3220 2730 3272 2782 in
3297 2730 3495 2784 divinis
3525 2729 3743 2798 ofﬁciis,
3775 2729 3836 2789 et

2245 2801 2521 2874 canonicis
2538 2802 2873 2855 orationibus
2889 2815 3159 2874 exponere
3180 2801 3492 2870 aggreditur
3511 2799 3833 2874 Cassianus,

2244 2871 2524 2926 sciendum
2550 2883 2638 2927 est
2674 2882 2917 2926 sanctum
2951 2873 3241 2926 Antonium
3286 2880 3531 2939 tempore
3563 2871 3840 2930 Consum;

2244 2943 2343 2997 tini
2384 2944 2558 3012 Magni
2592 2943 2966 3010 imperatoris,
2997 2955 3050 2997 et
3081 2942 3233 2996 initio
3259 2943 3435 3012 quarti
3469 2944 3682 3010 sa-culi,
3717 2962 3840 3002 mo-

2242 3015 2506 3071 nasticam
2538 3014 2879 3085 disciplinam
2911 3016 2963 3068 in
3005 3014 3221 3085 Aigypti
3258 3015 3501 3080 partibus
3531 3015 3762 3084 primum
3796 3034 3832 3074 a

2240 3096 2429 3141 sancto
2481 3086 2659 3140 Marco
2686 3083 3033 3154 evangelista
3085 3083 3362 3139 fundatam
3392 3096 3445 3140 et
3482 3083 3782 3142 institutam
3816 3131 3834 3155 ,

2239 3157 2333 3210 sed
2367 3168 2548 3222 postea
2573 3157 2913 3225 gravioribus
2938 3157 3373 3223 persecutionum
3397 3157 3651 3225 praeellis
3677 3174 3836 3214 exor-

2241 3227 2311 3280 tis
2342 3227 2719 3282 labefactatam
2766 3243 2829 3282 ac
2861 3242 2999 3292 pene
3028 3228 3345 3283 exstinctam
3365 3268 3381 3292 ,
3432 3228 3738 3284 restituisse
3768 3246 3838 3287 ac

2240 3309 2597 3369 restauraSse,
2628 3308 2787 3366 atque
2813 3300 2946 3353 adeo
2979 3299 3312 3353 cmunbitica:
3343 3300 3463 3354 vita:
3493 3303 3659 3367 prima
3695 3316 3835 3369 quo-
3923 3356 3933 3367 ,

2238 3367 2531 3424 dammodo
2548 3369 2748 3436 jecisse
2790 3370 3169 3435 fundamenta;
3198 3379 3507 3439 tantamque
3534 3367 3835 3428 monacho-

2240 3455 2371 3511 rum,
2407 3439 2801 3511 nmltitudinent
2836 3440 2985 3496 brevi
3018 3451 3260 3509 tempore
3312 3456 3653 3511 aggregasse,
3687 3452 3832 3499 utet

2243 3510 2535 3565 Thebaidis
2588 3520 2643 3566 et
2692 3513 2858 3568 totius
2908 3512 3123 3582 Egypti
3185 3510 3403 3567 deserta
3482 3516 3835 3570 monasteriis

2239 3582 2660 3649 complerentur.
2698 3584 2772 3638 De
2810 3583 3008 3647 quibus
3057 3586 3171 3638 haec
3203 3584 3344 3636 inter
3370 3584 3472 3637 alia
3519 3585 3707 3639 seribit
3754 3586 3828 3642 D.

2240 3652 2571 3707 Athanasius
2596 3672 2607 3704 :
2633 3652 2799 3708 Erant
2826 3656 2877 3707 in
2906 3664 3075 3707 monte
3095 3655 3427 3717 monasteria,
3460 3666 3716 3721 tamquam
3744 3667 3832 3709 ια-
3871 3663 3874 3667 ’

2244 3724 2523 3778 bernacula
2546 3723 2700 3796 plena
2724 3725 2911 3779 divinis
2940 3725 3111 3779 choris
3142 3726 3496 3792 psallentium.
3527 3728 3832 3796 legentium,
3922 3728 3937 3740 ⁴

2244 3796 2525 3857 orantium,
2549 3795 2855 3869 tantumque
2884 3795 3167 3869 jejunandi
3194 3813 3257 3869 ac
3276 3795 3838 3869 vigiliarum’ardorem

2244 3876 2548 3921 cunctorum
2577 3862 2829 3922 mentibus
2872 3862 3038 3939 sermo
3081 3870 3195 3938 ejus
3226 3862 3472 3937 (Antonii
3492 3867 3510 3930 )
3534 3869 3791 3939 efﬂaverat
3817 3912 3833 3935 ,

2244 3948 2300 3990 ut
2337 3942 2531 4005 futura:
2554 3940 2663 4007 spei
2690 3940 2933 3994 aviditate
2953 3938 3022 3991 ad
3052 3950 3279 3990 mutuam
3304 3938 3625 4003 charitatem,
3653 3950 3701 3994 et
3726 3944 3837 3993 mi-

2243 4009 2579 4062 sericordiam
2606 4010 2952 4081 indigentibus
2978 4009 3311 4064 exhibendam
3337 4009 3448 4081 iugi
3475 4012 3643 4063 studio
3686 4011 3837 4065 laba-

2244 4088 2443 4151 rarent,
2472 4094 2574 4146 quo
2600 4079 2861 4148 inﬁnitam
2905 4084 3161 4151 regionem
3190 4096 3221 4131 a
3264 4080 3529 4133 mundana
3556 4098 3836 4136 conversa-

2246 4149 2381 4223 tione
2410 4149 3183 4223 seju'nctam,_plenam'pietatis
3210 4161 3253 4204 et
3281 4153 3501 4223 justitia:
3522 4154 3837 4208 videbantur

2244 4219 2464 4272 incolere
2489 4263 2504 4284 ,
2556 4228 2661 4274 etc.
2711 4220 2840 4287 Quae
2866 4219 3026 4289 plane
3068 4219 3372 4276 consonant
3397 4222 3463 4275 iis
3491 4239 3608 4290 quae
3638 4225 3690 4277 in
3727 4227 3836 4281 hoc

2244 4290 2421 4367 capite
2450 4290 2516 4347 de
2557 4293 2810 4367 operibus
2850 4301 2904 4367 et
2933 4293 3217 4367 exercitiis,
3236 4293 3621 4367 monachorum
3655 4294 3835 4367 {Egy-

2245 4363 2479 4430 ptiorum
2512 4380 2541 4416 a
2573 4362 2833 4419 Cassiano
2864 4364 3133 4419 dicuntur.
3188 4365 3355 4429 Quam
3387 4380 3516 4419 vero
3550 4362 3829 4421 illustraia

2245 4442 2393 4506 esset
2434 4432 2650 4506 Egypti
2699 4450 2913 4489 eremus
2962 4436 3068 4489 illis
3094 4448 3402 4506 sanctorum
3433 4437 3835 4493 monachorum

2244 4503 2477 4579 cretibus
2501 4503 3017 4579 D._Chrysostomus
3046 4506 3214 4579 refert
3242 4505 3325 4560 his
3353 4508 3537 4579 verbis
3562 4525 3574 4560 :
3607 4508 3667 4562 Si
3713 4512 3839 4579 quis

2245 4589 2383 4626 nunc
2409 4576 2743 4649 aduliggpti
2786 4578 2953 4630 veniat
2984 4578 3310 4649 solitudines,
3358 4578 3600 4644 paradiso
3646 4576 3839 4649 quovis

2246 4660 2448 4720 omnem
2477 4647 2623 4720 illam
2640 4664 2865 4701 eremum
2892 4648 3077 4701 videbit
3109 4648 3434 4720 digniorem,
3459 4658 3503 4700 et
3534 4647 3840 4705 innumera-

562 4716 753 4791 itidem
798 4717 1033 4787 psalmos
1064 4717 1115 4769 in
1162 4714 1390 4783 singulis
1421 4713 1614 4791 ofiiciis
1659 4714 1867 4767 diurnis
1915 4714 2143 4791 Domino
2171 4717 2224 4779 Ι)
2250 4714 2373 4791 biles
2403 4717 2715 4791 angelorum
2746 4726 2902 4773 cactus
2937 4720 2990 4772 in
3029 4713 3329 4787 corporibus
3360 4719 3555 4791 fulgere
3578 4722 3834 4774 mortali-

564 4785 847 4852 offerrent,
866 4791 1052 4857 sicque
1071 4801 1353 4842 numerum
1383 4785 1712 4853 psalmorum
1742 4800 1968 4840 numero
1989 4786 2146 4840 hora-

564 4875 687 4915 rum
726 4856 1106 4928 exaaquarent:
1139 4856 1248 4925 vel,
1281 4865 1339 4910 ut
1366 4857 1657 4909 secundum
1681 4871 2003 4928 numerum,
2046 4872 2144 4913 seu

496 4970 507 5001 ,Α
566 4927 914 5001 augmentum
959 4931 1234 5001 horarum.
1275 4941 1557 5001 numerum
1596 4927 2143 5001 itidem_psalm9rum

516 5006 521 5007 '
566 4997 849 5072 augerent,
884 5000 986 5057 hoc
1014 5010 1118 5061 est,
1154 5000 1284 5052 liora
1314 4998 1501 5072 Tertia
1535 5008 1642 5053 tres
1683 4997 1942 5072 psalmos,
1970 4998 2142 5072 Sexta

564 5069 686 5138 sei,
720 5071 868 5128 Nona
919 5085 1112 5125 novem
1157 5071 1550 5136 persolverent,
1603 5069 1744 5138 quod
1803 5070 2018 5140 proprie
2061 5079 2144 5126 est

562 5143 827 5200 horarum
866 5152 920 5197 et
959 5141 1289 5211 psalmorum
1321 5155 1602 5195 numerum
1635 5155 1943 5211 exmqiiare.

638 5214 667 5253 δ
707 5210 995 5269 Novellum
1040 5212 1422 5267 monasterium
1484 5223 1643 5265 vocat
1692 5210 1819 5264 illud
1869 5222 2144 5267 monaste-

563 5286 729 5351 rium,
754 5286 895 5357 quod
922 5286 1112 5357 castor
1136 5283 1422 5357 episcopus
1444 5282 1464 5352 (
1485 5284 1569 5357 cui
1600 5284 1696 5335 hos
1720 5282 1889 5357 libros
1920 5284 2140 5357 dicavit)

566 5352 787 5421 recens,
813 5372 877 5412 ac
906 5356 1139 5426 primum
1170 5352 1491 5426 fundaverat
1516 5354 1567 5406 in
1596 5366 1691 5405 sua
1705 5353 1997 5426 provincia
2040 5352 2135 5408 an?

564 5440 654 5483 tea
686 5420 1029 5483 monasteriis
1054 5434 1111 5481 et
1136 5425 1403 5481 ccenobiis
1438 5436 1639 5489 vacua,
1688 5420 1757 5476 de
1786 5436 1893 5492 quo
1920 5425 1972 5477 in
2003 5438 2143 5493 prae-

568 5499 797 5555 fatione.
1429 5529 1448 5547 ς

643 5582 673 5643 (ξ
693 5570 958 5643 Egyptns
987 5567 1207 5643 Africae,
1231 5568 1336 5635 vel,
1365 5574 1423 5643 ut
1448 5564 1572 5643 aliis
1598 5562 1808 5643 placet,_
1828 5564 1969 5643 Asiae.
1996 5565 2144 5643 regio

566 5643 623 5698 in
653 5635 947 5709 Scriptor-is
987 5641 1289 5703 notissima,
1320 5638 1385 5693 ad
1419 5636 1750 5709 occidentem
1781 5635 1980 5691 Judzeae
2019 5639 2141 5704 sita,

569 5707 827 5768 dividitur
867 5713 918 5764 in
952 5710 1088 5765 duas
1142 5719 1321 5775 partes
1350 5727 1365 5764 :
1395 5711 1561 5764 altera
1615 5707 1857 5773 inferior,
1926 5711 2047 5777 qua:
2089 5719 2143 5763 et

570 5782 722 5838 Delta
754 5798 781 5833 a
811 5781 980 5849 ﬁgura
1009 5781 1341 5847 triangulari,
1375 5796 1535 5849 quam
1577 5780 1724 5834 Nilus
1751 5780 1941 5835 dextra
1984 5779 2143 5835 la'va-
2192 5825 2198 5828 Α

561 5867 677 5923 que
714 5851 919 5908 divisus
963 5865 1062 5907 suo
1108 5852 1309 5905 ambitu
1356 5851 1541 5921 efficit,
1596 5862 1958 5922 nuncupatur.
1996 5852 2140 5909 Hanc

2252 4788 2363 4862 bus.
2399 4787 2518 4843 Non
2548 4792 2621 4843 ita
2652 4790 2808 4843 variis
2836 4799 3091 4851 astrorum
3120 4791 3287 4862 choris
3307 4787 3485 4843 calum
3508 4793 3747 4862 refulget,
3775 4804 3840 4845 ut

2253 4858 2473 4930 enggpti
2521 4878 2718 4915 eremus
2756 4861 3038 4916 innumeris
3081 4859 3447 4915 monachorum
3489 4879 3548 4915 ac
3566 4858 3841 4930 uirginum

2251 4928 2585 5002 distinguitur
2601 4943 2766 5004 atque
2797 4930 3088 5004 illustratur
3114 4932 3475 5004 tabernaculis.
3509 4933 3629 4985 Haec
3650 4928 3842 5004 Chry-

2251 5000 2521 5074 sostomus
2552 5000 2785 5074 (Homil.
2807 5008 2838 5074 ti
2863 5004 2915 5057 in
2948 5000 3189 5074 dfatim).
3222 5001 3489 5059 Caterum
3518 5000 3840 5074 ιιυλιιειῑιοδί

2250 5072 2637 5127 monachorum
2683 5074 2733 5129 in
2781 5073 3017 5145 Egypto
3049 5072 3354 5142 degentium
3406 5090 3509 5130 non
3553 5077 3691 5128 idem
3726 5073 3840 5130 fuit

2248 5146 2712 5214 genusomnium,
2741 5154 2796 5199 et
2822 5145 3113 5207 institutio,
3148 5159 3249 5198 nec
3279 5149 3464 5200 eadem
3497 5146 3619 5200 vitae
3647 5146 3838 5214 perfe-

2246 5213 2377 5267 Clio.
2407 5212 2537 5277 Nam
2570 5217 2814 5271 nonnulli
2847 5215 3182 5271 declinantes
3224 5215 3292 5269 ab
3318 5216 3537 5272 Antonii
3570 5212 3839 5272 institutis

2245 5285 2408 5358 aliam
2438 5285 2678 5342 inierunt
2707 5289 2831 5342 vitae
2861 5288 3145 5358 rationem.
3178 5284 3332 5340 Unde
3363 5288 3424 5340 D.
3466 5288 3840 5358 Hieronymus

2246 5355 2315 5409 de
2347 5360 2430 5409 Itis
2459 5372 2626 5423 agens
2668 5358 2720 5412 in
2764 5357 2928 5424 epist.
2976 5357 3041 5412 ad
3093 5357 3440 5413 Eustochium
3494 5355 3686 5413 scribit
3729 5376 3841 5416 suo

2250 5434 2491 5492 tempore
2520 5430 2619 5483 tria
2645 5428 2808 5482 fuisse
2831 5427 2883 5481 iu
2907 5426 3141 5552 IEgdypto
3167 5443 3364 5497 genera
3392 5434 3789 5486 monachorum
3823 5451 3838 5485 :

2250 5497 2479 5552 primum
2512 5499 2927 5552 cmnobitarum.
2979 5500 2994 5552 i
3062 5510 3166 5552 est.
3216 5500 3269 5552 in
3319 5504 3592 5552 communi
3644 5503 3838 5552 viven-

2246 5497 2479 5565 primum
2512 5499 2927 5559 cmnobitarum,
2979 5497 3028 5553 id
3062 5510 3166 5563 est,
3216 5500 3269 5553 in
3319 5504 3592 5555 communi
3644 5503 3841 5557 viven-

2249 5569 2384 5622 tium
2411 5586 2425 5634 ;
2458 5570 2753 5626 secundum
2780 5569 3266 5633 anachoretarum;
3296 5577 3534 5638 tertium,
3562 5574 3704 5639 quod
3741 5589 3842 5629 vo-

2252 5648 2338 5712 cat
2370 5640 2749 5707 deterrimum,
2781 5642 2922 5695 haud
2954 5642 3201 5697 absimile
3231 5641 3329 5708 illi,
3385 5646 3525 5712 quod
3560 5644 3621 5698 D.
3660 5646 3843 5701 Bene-

2244 5711 2423 5785 ‘dietus
2446 5712 3147 5785 nominatSarabaitarutn.
3185 5712 3288 5768 Sed
3323 5711 3502 5769 deliis
3531 5721 3686 5785 plura
3722 5719 3840 5774 alio

2249 5783 2369 5839 loco
2396 5790 2411 5846 (
2444 5783 2569 5835 Vide
2590 5781 2783 5837 Collat.
2814 5785 2878 5839 18
2904 5801 3020 5849 cap.
3048 5784 3082 5837 4
3104 5795 3152 5838 et
3178 5800 3283 5851 seq.
3301 5785 3341 5853 ).

2319 5854 2345 5892 (1
2387 5853 2511 5908 Fuit
2537 5854 2653 5910 haec
2683 5855 2949 5913 institutio
2978 5865 3033 5911 et
3065 5857 3398 5913 consuetudo
3428 5856 3540 5914 fere
3586 5860 3844 5923 omnium
