4036 6218
198 257 261 315 85
716 257 804 315 DE
839 255 1319 316 C(ENOBIORUM
1354 252 1602 313 INSTIT.
1647 250 1783 309 LIB.
1823 250 1886 310 ll.
1915 282 1986 294 ——
2013 251 2100 308 DE
2138 249 2531 307 NOCTURNIS
2567 248 3056 309 ORATIONIBUS.
3282 212 3289 217 θ
3443 257 3512 310 80

205 388 324 429 mus
366 374 771 447 Alexandrina;
808 373 928 430 urbi
971 372 1216 444 pontifex
1269 371 1513 440 praefuit,
1565 383 1814 424 normam
1840 384 1895 447 Α
1918 367 2129 438 aliaque
2158 367 2244 422 his
2274 366 2444 422 multo
2474 365 2789 421 sublimiora
2821 366 3165 435 perﬁcerent.
3206 367 3284 422 De
3311 368 3511 437 quibus

213 483 517 541 suscepere
548 466 797 535 vivendi,
828 482 933 523 non
961 467 1140 523 solum
1176 466 1264 521 illa
1297 464 1578 538 magniﬁca
1610 464 1813 518 retine-

217 561 376 626 bant,
410 580 538 635 quae
566 564 808 635 primitus
837 558 1138 639 Ecclesium
1167 562 1250 616 vel
1277 561 1607 616 credentium
1634 557 1817 613 turbas

222 656 279 712 in
305 657 536 713 Actibus
563 652 934 726 Apostolorum
968 652 1121 727 (Cap.
1153 655 1229 726 tv)
1258 655 1487 726 legimus
1510 652 1816 743 celebrasse

229 748 615 821 (Multitudinis
657 750 845 804 scilicet
885 749 1208 804 credentium
1252 758 1361 801 erat
1407 764 1493 801 cor
1530 764 1723 812 unum,
1768 753 1818 801 et

230 843 409 896 anima
437 859 538 896 una
560 858 579 896 :
610 857 701 896 nec
727 844 1000 914 quisquam
1026 856 1204 895 eorum
1232 856 1349 911 qua:
1376 840 1689 911 possidebat,
1722 838 1818 892 ali-

232 934 357 1005 quid
385 951 531 989 suum
558 950 669 989 esse
691 934 927 999 dicebat,
958 934 1050 989 sed
1079 945 1221 988 erant
1247 933 1356 987 illis
1385 934 1561 986 omnia
1586 947 1816 985 commu-

232 1028 320 1081 nia
336 1045 356 1094 ;
381 1036 623 1099 quotquot
650 1028 786 1084 enim
812 1043 1129 1099 possessores
1156 1044 1407 1099 agrorum
1429 1035 1524 1081 aut
1548 1026 1816 1081 domorum

228 1132 406 1191 erant,
445 1122 716 1177 uendentes
752 1121 1033 1190 offerebant
1072 1122 1241 1191 pretia
1271 1136 1450 1175 eorum
1489 1136 1607 1190 qua:
1634 1118 1819 1173 vende-

227 1214 384 1280 bant,
418 1225 464 1269 et
499 1214 758 1287 ponebant
782 1222 902 1269 ante
928 1214 1082 1288 pedes
1118 1212 1471 1285 apostolorum
1500 1228 1520 1268 .'
1551 1211 1818 1266 divideba-

230 1317 315 1361 tur
332 1317 501 1362 autem
520 1307 738 1381 singulis
756 1316 907 1379 prout
923 1308 1107 1375 cuique
1124 1323 1251 1379 apus
1267 1304 1426 1377 erat);
1448 1321 1637 1361 verum
1653 1307 1817 1363 etiam

228 1399 314 1455 bis
357 1401 531 1455 multo
570 1399 887 1455 sublimiora
927 1399 1354 1454 cumulaverant.
1403 1398 1620 1453 Etenim
1666 1412 1814 1453 sece-

227 1493 421 1548 dentes
452 1494 505 1547 in
538 1493 835 1548 secretiora
869 1493 1254 1547 suburbiorum
1284 1492 1405 1547 loca
1426 1533 1439 1557 ,
1485 1490 1721 1564 agebant
1743 1490 1820 1546 vi-

227 1590 336 1640 tam
363 1594 517 1641 tanto
537 1584 882 1641 abStinentiae
905 1585 1086 1655 rigore
1106 1584 1433 1649 districtam,
1460 1591 1519 1639 ut
1547 1583 1705 1639 etiam
1735 1584 1820 1643 his

224 1678 320 1747 qui
348 1688 512 1732 erant
537 1676 821 1747 religionis
846 1688 1111 1744 externae,
1142 1677 1346 1745 stupori
1386 1686 1532 1733 esset
1575 1687 1681 1734 tam
1723 1694 1819 1734 ar-

1924 463 2089 519 etiam
2112 461 2157 518 is
2178 462 2270 531 qui
2301 462 2480 517 minus
2507 460 2885 531 indigenarum
2928 461 3195 516 relatione
3217 463 3471 531 cognovit
3490 498 3510 530 ,

1922 557 2286 614 ecclesiastica
2340 556 2563 612 historia
2615 562 2642 592 ι
2696 552 2897 624 poterit
2926 554 3166 610 edoceri.
3224 555 3301 611 Ea
3351 556 3513 625 igitur

1925 658 2247 723 tempestate
2280 666 2404 707 cum
2436 648 2697 706 Ecclesia;
2732 647 2874 704 illius
2904 648 3193 718 primitivae
3246 649 3513 720 perfectio

1882 780 1891 787 -
1920 761 2091 818 penes
2118 758 2608 802 successoressuos
2625 742 2801 798 adhuc
2813 744 3020 798 recenti
3042 744 3310 800 memoria
3338 744 3514 800 invio-

1921 840 2027 895 lata
2055 839 2313 903 duraret.
2343 838 2669 907 fervensque
2701 850 3002 908 paucorum
3038 834 3173 892 ﬁdes
3200 837 3426 893 necdum
3452 837 3514 894 in

1920 933 2326 990 multitudinem
2359 933 2608 1003 dispersa
2639 930 2941 1000 tepuisset;
2971 929 3309 985 venerabiles
3328 941 3513 999 patres

1923 1027 2174 1099 pervigili
2212 1042 2342 1083 cura
2385 1025 2623 1097 posteris
2659 1024 3041 1091 consulentes,
3072 1024 3289 1093 quinam
3318 1024 3512 1080 modus

1923 1122 2244 1194 quotidiano
2270 1121 2440 1177 cultui
2466 1136 2564 1191 per
2592 1120 2911 1174 universum
2942 1117 3298 1173 fraternitatis
3325 1116 3353 1156 ι)
3385 1132 3514 1173 cor-

1923 1228 2025 1283 pus
2048 1212 2268 1269 decerni
2296 1212 2540 1278 deberet,
2568 1211 2849 1266 tractaturi
2873 1209 3229 1276 conveniunt,
3259 1220 3313 1264 ut
3341 1210 3514 1265 bare-

1924 1308 2150 1363 ditatem
2192 1306 2415 1377 pietatis
2458 1320 2523 1361 ac
2558 1304 2707 1374 pacis
2738 1305 2903 1359 etiam
2942 1302 3353 1359 successoribus
3398 1301 3515 1358 suis

1923 1399 2225 1454 absolutam
2256 1398 2325 1452 ab
2349 1398 2495 1452 omni
2525 1396 2889 1452 dissensionis
2918 1396 3009 1450 lite
3040 1394 3469 1450 transmitterent
3494 1412 3511 1449 :

1924 1499 2176 1548 verentes
2220 1491 2434 1546 scilicet
2472 1506 2539 1546 ne
2566 1504 2674 1561 qua
2702 1491 2753 1545 in
2786 1488 3118 1561 quotidianis
3144 1488 3515 1544 solemnitati-

1927 1586 2029 1641 bus
2058 1586 2199 1641 inter
2226 1585 2370 1639 viros
2400 1583 2643 1654 ejusdem
2670 1585 2895 1638 culturae
2921 1593 3207 1639 consortes
3231 1583 3516 1638 dissonan-

1927 1682 2025 1746 tia,
2058 1681 2144 1736 vel
2170 1677 2406 1735 varietas
2431 1686 2649 1745 exorta,
2676 1678 3002 1749 quandoque
3033 1680 3086 1733 in
3118 1684 3393 1748 posterum
3422 1693 3515 1732 er-

227 1770 339 1823 dna
361 1770 803 1843 conversationis
824 1784 1010 1825 eorum
1035 1770 1319 1840 professio.
1344 1771 1421 1827 Eo
1437 1773 1579 1827 enim
1602 1771 1819 1831 fervore
1848 1787 1899 1849 Β
1923 1774 2064 1828 roris
2085 1818 2100 1841 ,
2131 1772 2218 1827 vel
2247 1770 2635 1834 aemulationis,
2668 1784 2765 1825 seu
2792 1768 3101 1825 schismatis
3131 1769 3350 1823 noxium
3384 1782 3512 1838 ger-

232 1861 647 1931 Scripturarum
679 1862 978 1918 divinarum
1010 1862 1349 1931 lectionibus,
1384 1866 1724 1939 orationique
1767 1877 1824 1924 et

229 1956 389 2024 operi
416 1969 667 2009 manuum
696 1952 891 2011 diebus
912 1971 973 2010 ac
996 1956 1613 2028 noctibusincubabant,
1640 1972 1698 2017 ut
1719 1976 1821 2018 nec

226 2062 481 2103 escarum
537 2048 752 2118 quidem
802 2051 1071 2118 appetitus
1105 2051 1192 2104 vel
1230 2053 1523 2119 memoria,
1565 2055 1673 2109 nisi
1713 2054 1820 2111 alio

224 2143 462 2198 tertiove
491 2141 580 2198 die
609 2144 853 2207 corporis
884 2142 1258 2214 interpellaret
1290 2144 1562 2215 inediam,
1610 2147 1820 2206 cibum-

222 2253 332 2307 que
361 2252 425 2291 ac
457 2247 641 2307 potum
675 2252 783 2293 non
813 2246 920 2292 tam
945 2238 1311 2297 desideratum
1366 2258 1530 2313 quam
1561 2260 1819 2303 necessa-

222 2331 368 2385 rium
400 2339 705 2395 sumerent,
738 2340 794 2385 et
825 2346 891 2415 ηρ
916 2331 1059 2387 hunc
1088 2333 1307 2403 quidem
1338 2345 1464 2390 ante
1493 2338 1630 2392 solis
1661 2351 1821 2393 occa-

226 2436 373 2485 sum,
402 2430 462 2475 ut
483 2431 695 2491 tempus
720 2422 854 2477 lucis
875 2437 994 2477 cum
1018 2425 1378 2491 spiritualium
1408 2430 1821 2488 meditationum

228 2513 453 2582 studiis,
488 2528 674 2571 curam
712 2530 846 2571 vero
880 2517 1125 2589 corporis
1164 2532 1284 2574 cum
1328 2529 1493 2578 nocte
1517 2522 1818 2591 sociarent,

1926 1883 2048 1924 men
2072 1866 2367 1923 emitteret.
2390 1865 2632 1934 Cumque
2659 1880 2755 1934 pro
2779 1879 2878 1919 suo
2904 1861 3276 1933 unusquisque
3298 1860 3517 1917 fervore

1926 1961 2259 2019 infirmitatis
2283 1963 2568 2016 immemor
2599 1959 2796 2014 alienat
2824 1958 2877 2013 id
2908 1959 3070 2012 statui
3100 1955 3303 2011 debere
3329 1968 3517 2009 cense-

1923 2064 2029 2122 ret,
2061 2055 2203 2126 quod
2232 2054 2687 2123 contemplatione
2714 2052 2841 2107 ﬁdei
2872 2067 2935 2107 ac
2960 2050 3176 2106 roboris
3207 2051 3290 2105 sui
3323 2048 3518 2104 facilli-

1925 2168 2071 2207 mum
2099 2148 2376 2220 judicabat
2400 2194 2416 2218 ,
2449 2163 2641 2218 parum
2681 2146 2981 2201 discutiens
3021 2144 3149 2215 quid
3194 2132 3517 2214 generaliter

1926 2243 2257 2315 plenitudini
2296 2243 2522 2297 fratrum
2566 2238 2826 2309 possibile
2866 2244 3044 2301 esset,
3076 2237 3129 2290 in
3153 2251 3258 2307 qua
3291 2250 3518 2292 necesse

1928 2347 2012 2393 est
2052 2336 2393 2392 inﬁrmorum
2436 2349 2651 2405 quoque
2690 2343 2899 2403 partem
2945 2330 3233 2385 maximam
3264 2328 3516 2398 reperiri,

1927 2429 2255 2499 diversoque
2299 2427 2463 2483 modo
2510 2441 2791 2483 enormem
2845 2424 3172 2495 psalmorum
3230 2435 3516 2477 numerum

1930 2522 2220 2582 instituere
2258 2540 2355 2596 pro
2396 2524 2564 2580 animi
2601 2523 2684 2578 sui
2716 2522 2919 2578 virtute
2946 2526 3223 2577 certarent
3254 2529 3310 2590 ο,
3336 2525 3393 2574 et
3422 2516 3518 2573 alii

1316 2681 1578 2738 ALARDI
1614 2681 1850 2741 GAZEI
1887 2684 2449 2744 COMMENTARIUS.

228 2790 436 2846 laudem
461 2788 624 2863 gentis
650 2803 759 2863 sua:
781 2829 814 2863 ,Α
832 2787 1021 2844 librum
1047 2808 1203 2862 super
1239 2809 1415 2848 eorum
1437 2798 1823 2851 conversatione

222 2860 748 2935 scripsitfllgecibi:
789 2860 866 2935 ᾼο
898 2878 1091 2915 rursus
1114 2860 1188 2918 de
1218 2864 1446 2935 Philone
1474 2875 1657 2935 postea
1708 2868 1821 2928 bzec

227 2930 440 2989 addidit
474 2949 486 2987 :
524 2932 676 3010 Philo
706 2930 928 3010 iudieiis
963 2930 1599 3010 natione-Alexandr'inus
1637 2939 1698 2993 de
1736 2959 1820 3010 ge-

225 3022 349 3060 nere
372 3004 699 3059 sacerdotum
726 3004 921 3057 idcirco
950 3020 982 3056 a
1005 3004 1152 3058 nobis
1184 3005 1318 3058 inter
1357 3010 1632 3074 scriptores
1665 3004 1822 3067 eccle-

222 3079 467 3155 siasticos
499 3076 700 3155 ponitur
718 3116 732 3140 ,
762 3075 882 3155 quia
916 3074 1108 3155 librum.
1131 3077 1191 3127 de
1216 3078 1381 3155 prima
1412 3078 1579 3155 Marci
1606 3098 1819 3155 et'ange-

224 3150 370 3202 (ista?
392 3147 532 3216 apud
572 3145 939 3199 Alexandriam
986 3146 1212 3201 scribens
1244 3147 1505 3215 Ecclesia,
1538 3152 1589 3205 in
1617 3145 1822 3209 nostro—

220 3235 345 3273 rwn
364 3219 519 3273 laude
542 3225 767 3271 versatus
790 3227 902 3283 est;
935 3233 1037 3270 non
1069 3221 1236 3272 solum
1259 3236 1345 3274 eos
1370 3222 1456 3289 ibi,
1493 3223 1584 3277 sed
1610 3225 1663 3278 in
1687 3228 1822 3280 mul-

224 3293 294 3345 tis
321 3307 525 3363 quoque
553 3289 973 3363 provinciisesse
989 3303 1301 3357 memorans,
1332 3304 1378 3345 et
1405 3294 1705 3350 habitacula
1734 3315 1827 3351 eo-

224 3357 340 3437 r_uni
365 3357 901 3437 dicens'rnonaster‘ia.
928 3357 1137 3437 Exi/uo
1164 3373 1379 3437 apparet
1407 3367 1565 3419 talem
1595 3370 1825 3437 primum

225 3434 433 3489 Christo
457 3432 777 3487 credentium
807 3431 965 3499 fuisse
998 3428 1288 3505 Ecclesium
1308 3476 1321 3499 ,
1346 3440 1525 3505 quales
1547 3428 1682 3491 nunc
1716 3457 1825 3492 mo-

225 3508 525 3581 nachiAessc
570 3505 831 3581 nituntur,
862 3510 906 3581 et
952 3502 1166 3573 cupiunt
1184 3517 1300 3581 ;_ut
1342 3502 1489 3581 nihil
1516 3512 1825 3581 cujusquam

222 3578 502 3651 prapriunt
536 3577 643 3637 sit,
679 3571 857 3651 nullus
881 3571 1025 3651 inter
1061 3590 1144 3627 eos
1182 3577 1344 3638 dives,
1375 3577 1554 3635 nullus
1572 3571 1822 3651 "pauper;

221 3644 538 3720 patrimonia
569 3646 832 3720 egentibus
877 3644 1213 3712 dividantur;
1258 3650 1481 3704 orationi
1507 3644 1735 3718 vocetur,
1773 3644 1823 3706 et

222 3716 477 3790 psalmis;
506 3716 759 3790 doctrina:
800 3730 1029 3790 quoque,
1069 3725 1114 3769 et
1151 3720 1532 3790 continentiae,
1568 3716 1745 3790 quales
1777 3733 1825 3778 et

223 3783 392 3846 Lucas
438 3791 603 3861 refert
639 3788 866 3913 lp'rimum
912 3783 1292 3859 Hierosolyma:
1328 3793 1488 3859 fuisse
1518 3783 1815 3850 credentes.

223 3860 501 3913 Hactenus
533 3860 597 3913 Ι).
690 3859 1015 3913 iurauimus.
1053 3857 1107 3910 In
1136 3860 1381 3913 eamdem
1406 3865 1730 3913 sententiam
1758 3865 1815 3913 D-

220 3857 509 3918 Hactenus
533 3860 597 3915 ἱ).
639 3857 1015 3924 Ηίρνοιιγηιυε.
1053 3857 1107 3910 In
1136 3857 1381 3914 eamdem
1406 3865 1730 3917 sententiam
1757 3865 1817 3919 D.

217 3932 569 4002 Epiphanius
590 3929 792 3985 Hau-esi
814 3927 970 4002 29_de
998 3930 1099 4002 hoc
1115 3930 1271 4002 libro
1287 3932 1530 3988 Philonis
1549 3934 1815 4002 loquens:

221 3996 553 4060 Monasteria
580 4004 815 4072 ipsorum
841 4041 854 4063 ,
885 3996 1078 4072 inquit,
1105 4001 1158 4072 in
1202 4002 1391 4057 vicinia
1416 4006 1553 4058 circa
1584 3996 1820 4061 Murcum

218 4075 471 4141 paludem
515 4069 965 4147 recensenstnon
996 4069 1057 4122 de
1096 4069 1218 4147 aliis
1250 4077 1519 4147 narravit,
1557 4094 1712 4147 quam
1754 4080 1819 4135 de

218 4148 557 4202 Christianis.
592 4141 699 4217 ξω
731 4150 787 4195 et
816 4142 1101 4217 cassianus
1132 4142 1235 4198 hoc
1262 4146 1382 4200 loco
1415 4141 1643 4217 idipsum
1673 4147 1817 4206 haud

216 4219 454 4274 obscure
485 4214 801 4289 conﬁrmat,
835 4210 963 4265 dum
997 4218 1385 4289 monachorum
1410 4210 1650 4286 illorum,
1680 4236 1816 4289 quos

214 4306 246 4342 a
275 4291 332 4344 S.
361 4288 546 4348 Marco
575 4285 855 4341 institutos
882 4282 1078 4337 asserit
1104 4330 1118 4353 ,
1151 4290 1524 4345 austeritatem
1558 4282 1818 4347 sanciita-

216 4371 444 4430 temque
491 4365 930 4430 commemorat,
973 4358 1298 4430 e_t_ex_tollit.
1326 4360 1474 4415 Unde
1507 4364 1647 4417 enim
1699 4361 1815 4419 hate

216 4424 399 4499 potuit
432 4424 690 4504 didicisse
720 4469 733 4490 ,
767 4424 871 4480 nisi
901 4438 969 4479 ex
1004 4426 1261 4504 illo_libro
1289 4429 1528 4504 Philonis
1553 4475 1569 4499 ,
1598 4450 1663 4488 ex
1706 4450 1815 4504 quo

216 4496 497 4558 Eusebius
518 4545 532 4565 ,
569 4496 963 4568 Hieronymus,
989 4510 1041 4550 et
1069 4497 1159 4550 alii
1207 4502 1394 4555 eadem
1430 4496 1814 4565 desc'rinsere?

215 4574 376 4640 Quod
410 4580 589 4629 autem
619 4564 853 4641 Philo'itt
883 4564 992 4641 illis
1015 4569 1250 4641 ascetis(
1280 4588 1416 4641 quos
1445 4575 1548 4631 sub
1579 4578 1813 4633 Essem).

1928 2799 2053 2855 inde
2082 2800 2251 2868 accipi
2300 2799 2435 2855 satis
2468 2808 2654 2856 notum
2687 2807 2769 2854 est
2790 2839 2806 2864 ,
2850 2797 3130 2867 frequens,
3161 2813 3228 2856 ac
3256 2797 3520 2855 familiare

1929 2868 2268 2926 Tertulliano
2308 2875 2361 2925 in
2386 2871 2739 2940 Apologetico
2776 2886 2890 2937 cap.
2939 2871 3029 2935 59,
3062 2880 3117 2926 et
3146 2871 3242 2925 lib.
3272 2870 3340 2925 de
3374 2869 3522 2925 Prae-

1929 2944 2096 3009 scrip.
2150 2943 2414 2997 adversus
2461 2941 2651 2996 haeret.
2701 2958 2749 2996 c.
2808 2945 2861 2997 5.
2910 2942 3017 2997 Nec
3047 2943 3243 2997 mirum
3299 2957 3420 2997 cum
3466 2950 3521 2999 et

1931 3012 2225 3082 Apostolus
2270 3013 2411 3068 dicat
2450 3031 2460 3065 :
2495 3011 2648 3066 Multi
2687 3030 2847 3067 unum
2878 3030 3065 3081 corpus
3108 3029 3279 3068 sumus
3309 3055 3325 3078 ,
3372 3023 3420 3066 et
3464 3015 3521 3069 in

1930 3102 2094 3138 unum
2123 3101 2309 3156 corpus
2337 3084 2580 3155 baptizati
2600 3101 2773 3139 sumus
2803 3102 2822 3139 :
2848 3084 3076 3140 ICorin.
3110 3101 3139 3139 ι
3173 3096 3225 3139 et
3253 3102 3345 3142 xu.
3380 3085 3521 3139 Gor-

1934 3173 2031 3224 pns
2062 3155 2586 3227 ergnfraternitatis
2638 3156 2725 3212 hic
2767 3159 2963 3213 dicitur
3011 3158 3372 3221 universitas,
3422 3172 3520 3214 seu

1853 3256 1898 3319 C
1934 3227 2221 3319 universus
2274 3228 2919 3319 emtus‘m-onacbornm,‘
2970 3228 3281 3319 fraternitas
3328 3230 3519 3319 dicta;

1935 3301 2075 3365 quod
2116 3316 2174 3353 se
2208 3310 2397 3353 mutuo
2444 3299 2646 3354 fratres
2669 3311 2962 3366 vocarent,
2993 3309 3047 3355 et
3072 3302 3306 3355 fraterna
3338 3301 3520 3354 citari-

1928 3380 2040 3495 qate
2079 3370 2386 3441 diligerent.
2419 3370 2569 3426 Hanc
2599 3373 2761 3441 paulo
2786 3383 2911 3444 post
2938 3381 3093 3428 vocat
3120 3373 3516 3440 plenitudinem

1952 3457 2006 3495 ra
2036 3459 2177 3495 ιὐιη.
2272 3475 2289 3487 -

1952 3457 2006 3495 ra
2016 3452 2177 3496 trum.
2272 3475 2289 3487 -

2002 3523 2025 3551 ε
2063 3513 2421 3570 l’salmodiam
2448 3555 2465 3581 ,
2513 3528 2610 3569 seu
2643 3515 2975 3583 psalmorum
3008 3522 3225 3571 cantum
3276 3513 3345 3569 ab
3397 3513 3518 3581 ipso

1930 3587 2208 3639 nascentis
2252 3585 2509 3641 Ecclesiae
2537 3587 2773 3640 exordio
2798 3630 2812 3652 ,
2863 3589 2915 3641 in
2947 3586 3308 3641 conventibus
3343 3587 3517 3641 eccle-

1926 3656 2163 3727 siasticis
2194 3658 2399 3727 primas
2447 3668 2632 3727 partes
2664 3658 2966 3727 obtinuisse
2990 3656 3261 3727 colligitur
3286 3656 3518 3719 primum

1927 3726 2336 3797 ex’Scriptura,
2382 3725 2401 3779 l
2434 3724 2621 3797 Corin.
2658 3742 2745 3780 xw
2796 3745 2808 3797 _:
2852 3726 2981 3797 Cum
3010 3725 3517 3797 convenitis,_unus-

1960 3794 2382 3866 nisque—vestrum
2427 3795 2683 3865 psalmum
2719 3795 2882 3849 habet.
2925 3796 2991 3849 Et
3028 3796 3093 3847 ad
3128 3794 3407 3866 Ephesios
3436 3811 3465 3850 v
3501 3816 3517 3853 :

1960 3814 2135 3866 nisque
2165 3813 2382 3851 vestrum
2427 3813 2683 3865 psalmum
2719 3813 2882 3849 navet.
2925 3813 2991 3849 ut
3028 3813 3093 3847 au
3141 3813 3407 3860 npnesws
3436 3813 3465 3850 ν
3501 3816 3517 3853 :

1925 3813 2225 3937 implemini
2273 3866 2475 3936 Spiritu
2513 3874 2686 3917 sancto
2713 3906 2727 3929 ,
2774 3867 3036 3933 loquentes
3053 3864 3424 3932 nobismetipsis
3462 3869 3517 3926 in

1926 3940 2160 4008 psalmis,
2189 3938 2416 4008 hymnis,
2449 3946 2493 4008 et
2523 3937 2753 3991 canticis.
2782 3939 2936 4004 Quod
2970 3939 3189 3992 tetidem
3224 3939 3409 3993 verbis
3429 3956 3518 3995 re-

1927 4007 2061 4079 petit
2089 4007 2380 4079 Apostolus
2409 4007 2477 4062 ad
2516 4008 2727 4064 Coloss.
2759 4024 2837 4065 Ill.
2872 4009 2928 4064 In
2961 4009 3157 4075 quibus
3185 4010 3367 4065 verbis
3413 4014 3514 4066 ob-

1925 4096 2093 4146 serva
2123 4083 2221 4135 tria
2251 4079 2542 4145 contineri,
2574 4095 2694 4148 qua:
2738 4082 3074 4151 potissimum
3106 4081 3159 4137 in
3206 4082 3389 4136 olllcio
3424 4082 3512 4137 di-

1921 4156 2048 4206 vino
2096 4154 2481 4213 continentur;
2535 4151 2785 4207 videlicet
2831 4154 3091 4221 psalmos,
3141 4153 3425 4219 lectiones,
3460 4163 3516 4209 et

1921 4235 2112 4295 cantus
2137 4264 2152 4288 ,
2183 4233 2241 4277 ut
2270 4238 2333 4295 ex
2365 4222 2687 4295 quihusdam
2714 4225 2873 4279 dictis
2907 4224 2966 4278 Β.
3001 4224 3312 4295 Hieronymi
3348 4225 3514 4281 tradit

1922 4294 2224 4347 Amalarius
2252 4293 2320 4348 de
2349 4294 2556 4349 Otﬁciis
2600 4294 2807 4351 Eccles.
2845 4296 2939 4350 lib.
2972 4312 3023 4351 tv
3054 4314 3067 4350 :
3101 4294 3167 4350 1η
3208 4293 3514 4352 lectionibus

1919 4366 2055 4418 enim
2080 4373 2183 4440 tam
2210 4365 2511 4440 majoribus,
2541 4382 2655 4440 qua:
2678 4367 2727 4419 in
2752 4368 2941 4439 vigiliis
2970 4370 3230 4440 nocturnis
3252 4369 3513 4440 leguntur,

1919 4451 2073 4511 quam
2101 4435 2402 4511 minoribus,
2436 4453 2552 4511 qua;
2573 4435 2818 4511 dicuntur
2840 4439 2905 4511 ad
2931 4439 3062 4493 alias
3094 4441 3267 4505 horas,
3296 4435 3343 4495 ct
3366 4435 3513 4511 capi-

1921 4505 2031 4583 tula
2053 4505 2401 4583 appellantur,
2429 4508 2638 4583 laudent,
2655 4507 2753 4561 Dei
2774 4510 2995 4583 agimus,
3015 4520 3062 4583 et
3093 4505 3507 4577 pronuntiamus.

1922 4574 2104 4652 Omnis
2126 4574 2306 4632 autem
2347 4580 2462 4632 laus
2500 4579 2599 4631 Dei
2624 4581 2765 4651 largo
2806 4574 3009 4642 nomine
3039 4574 3261 4652 hymnus
3296 4583 3509 4639 dicitur.

219 4636 347 4724 r:urn
379 4645 601 4700 nomine
625 4636 884 4724 describit
911 4636 939 4724 )⁸
958 4639 1119 4719 eliatn
1150 4636 1253 4724 diei
1299 4636 1513 4724 sabbati
1548 4649 1809 4724 observa-
1838 4640 1893 4702 Ι)
1919 4649 2225 4724 ᾼηιὶρὴοηω
2254 4658 2446 4715 autem,
2473 4636 2821 4724 respoustiria,
2846 4662 2894 4705 et
2914 4636 3107 4706 metrici
3138 4636 3313 4724 hymni
3342 4636 3511 4708 muni;

216 4717 431 4785 lium-nt
467 4712 849 4785 commendet,
880 4712 1301 4785 nountirabitnr
1332 4717 1522 4785 lector,
1554 4720 1599 4771 si
1629 4730 1807 4773 atten-

210 4786 313 4840 dat
358 4784 520 4840 initio
567 4781 834 4837 nascentis
880 4777 1137 4835 Ecclesiae
1175 4784 1370 4841 multas
1399 4777 1810 4848 observationes

205 4858 472 4914 Jutluicas
497 4856 640 4913 inter
667 4850 1394 4929 Christianos.__imrnt)inter
1424 4862 1722 4929 apostolos,
1756 4871 1812 4918 ut

206 4946 404 4985 eorum
456 4931 590 4984 Acta
646 4923 1313 4994 testantur,ﬁ_aliquamdiu
1360 4923 1716 4994 obtinuisse,
1750 4948 1813 4990 ac

203 4999 588 5075 perduras_se_(
612 4994 876 5075 Iosephus
897 4991 995 5075 tibi
1028 5008 1083 5075 11A
1091 4994 1152 5047 de
1180 4995 1321 5075 Bello
1359 4998 1485 5057 Jud.
1531 5021 1645 5075 cap.
1677 4991 1733 5070 7,
1765 5013 1814 5061 et

200 5062 298 5127 iib.
326 5088 415 5129 vnt
444 5062 699 5145 4ntiqult.
736 5062 851 5133 cap.
896 5063 931 5117 Ξ
955 5062 995 5135 ).
1043 5065 1212 5145 gnam
1247 5072 1560 5145 o_b_cansam
1592 5062 1813 5144 provide

198 5147 423 5217 scripsn
459 5143 545 5217 ο,
576 5142 943 5217 Hieronymus
988 5152 1001 5187 :
1048 5135 1411 5217 Vidensi’hilo
1456 5135 1675 5217 primam
1707 5146 1813 5202 Ec-

198 5216 411 5270 clesiam
452 5216 626 5286 adhuc
644 5210 1048 5286 judajsontem.
1097 5219 1209 5286 etc._
1243 5210 1506 5286 Caeterum
1549 5234 1615 5271 an
1645 5219 1809 5275 iidem

198 5292 311 5342 sint
340 5284 535 5344 Esseni
566 5277 709 5359 apud
771 5277 1519 5359 Philqttqm'er_Joseplium_,
1570 5306 1674 5359 non
1726 5300 1811 5346 est

198 5360 361 5427 hujus
388 5360 495 5416 loci
524 5346 847 5426 disquirere
877 5346 1036 5417 (Vide
1056 5347 1252 5406 Bellar.
1283 5346 1371 5408 lib.
1402 5371 1439 5409 tt
1464 5346 1526 5411 de
1562 5357 1806 5416 Monach.

196 5448 301 5487 can
344 5434 424 5487 5).

266 5428 532 5572 Εξεξιήρε
564 5490 794 5572 Euseb“
831 5486 1194 5572 Cﬁsafifesii
1212 5495 1303 5572 lib-
1328 5509 1514 5572 neer-
1548 5497 1612 5572 15
1637 5511 1688 5572 et
1713 5501 1803 5566 t6.

188 5557 483 5634 saxosas:
508 5557 619 5630 lib.
654 5584 672 5626 ι
703 5577 836 5634 cap.
870 5557 938 5613 te
959 5560 1124 5634 ags,
1156 5562 1384 5623 Palladii
1410 5557 1645 5627 UiStoria
1670 5557 1807 5627 Lau;

188 5577 483 5634 Sozomeni
518 5577 619 5630 lib.
654 5584 672 5626 ι
703 5577 836 5690 corp.
870 5577 938 5613 η
959 5577 1013 5613 et
1037 5577 1124 5625 to,
1156 5577 1384 5623 Palladii
1410 5577 1645 5627 utsmria
1670 5577 1804 5627 Lau-

187 5649 357 5715 siaca,
386 5638 714 5706 Cassiodori
802 5628 1221 5715 1§I0T:_TF§P3I‘I-
1256 5638 1347 5693 lib.
1384 5656 1441 5715 ut
1477 5654 1597 5712 cap.
1630 5643 1683 5709 1,
1711 5644 1804 5698 Ni-

185 5700 599 5785 éébiiériiitifr
633 5702 886 5785 (τερ-,ωε
938 5712 990 5754 ει
1022 5700 1115 5756 ηδ·
1148 5722 1199 5761 ιι
1227 5723 1345 5779 οθυ·
1374 5708 1465 5785 “-

254 5740 406 5833 gnari
440 5740 541 5778 ιιι).
581 5740 598 5770 ι
633 5740 757 5778 cap.
802 5740 886 5785 .u,
939 5740 990 5754 υ.
1149 5740 1199 5761 ,λ
1227 5740 1345 5779 ΜΨ.
1380 5740 1465 5768 νηο

312 5793 524 5863 corpus
552 5801 661 5859 pro
691 5778 954 5847 coneg'ot
990 5785 1155 5845 θωιυ,
1176 5792 1269 5836 seu
1294 5783 1644 5841 universitate
1672 5784 1803 5841 sub-

1914 4721 2041 4793 {este
2068 4723 2271 4793 cantica
2294 4734 2408 4793 sunt
2441 4738 2458 4774 .'
2489 4726 2613 4791 quia
2633 4723 2807 4776 altiori
2834 4739 2952 4776 voce
2980 4740 3069 4789 per
3098 4721 3301 4779 noiulas
3342 4726 3511 4779 diver-

1914 4791 2202 4868 si/icantur.
2240 4792 2301 4848 Si
2338 4792 2496 4863 igitur
2527 4794 2580 4868 in
2617 4795 2769 4868 dictis
2812 4796 2972 4848 verbis
3009 4796 3242 4866 Apostoli
3283 4813 3374 4868 per
3416 4802 3511 4867 hy-

1915 4879 2082 4938 mnos.
2099 4865 2337 4919 lectiones
2361 4875 2407 4918 et
2426 4865 2674 4933 capitula,
2692 4874 2843 4932 atque
2861 4865 3151 4938 orationes;
3180 4885 3266 4936 per
3282 4865 3506 4933 cantica,

1916 4936 2249 5004 antiphonas,
2278 4938 2635 5003 responsoria,
2669 4947 2716 4991 et
2744 4938 2922 4991 laudes
2964 4936 3061 4991 Dei
3092 4941 3343 4999 metricas,
3380 4955 3509 5007 quas

1916 5007 2198 5079 uulgariter
2218 5008 2470 5079 ΔΙιρμηηοδΔ
2491 5008 2818 5079 appellamus
2838 5046 2852 5071 ,
2910 5010 3190 5079 intelligere
3226 5011 3463 5063 volumus
3488 5052 3506 5077 ,

1919 5074 2415 5148 ornitia_divinarum
2453 5074 2672 5148 laudum
2700 5079 2865 5148 ofﬁcia
2902 5074 3165 5133 habemus.
3197 5079 3272 5133 Ita
3307 5074 3507 5134 Baduh-

1920 5145 2444 5217 phusATungrensis.
2476 5144 2931 5217 Secundomultis
2952 5152 3217 5217 exctttplis
3240 5162 3295 5203 et
3317 5161 3506 5205 aucto-

1918 5215 2171 5269 ritatibus
2199 5216 2432 5285 Patrum,
2453 5213 2670 5282 probari
2700 5226 2879 5285 potest
2904 5213 3233 5285 psalmorum
3268 5221 3505 5275 recitan.

1918 5286 2110 5339 dorum
2144 5293 2201 5341 et
2230 5284 2597 5338 cauendorum
2629 5284 2785 5341 usum
2817 5288 2869 5341 in
2903 5284 3146 5343 Ecclesia
3181 5300 3503 5355 perpetuum
3528 5324 3544 5341 πη

1916 5357 2081 5414 fuisse
2114 5376 2127 5413 :
2160 5374 2188 5412 e
2215 5355 2409 5427 quibus
2454 5371 2619 5425 pauca
2644 5355 2913 5413 delibasse
2962 5359 3255 5413 suffecerit.
3287 5360 3503 5426 Teraul~
3528 5356 3545 5381 ν’

1915 5432 2089 5485 lianus
2129 5429 2223 5485 lib.
2257 5429 2323 5482 de
2355 5428 2609 5482 Velandis
2638 5428 2948 5498 Virginibus
2985 5440 3229 5483 extremo
3264 5450 3277 5486 :
3323 5432 3503 5496 Quart.

1915 5512 2044 5567 tam,
2070 5500 2264 5571 inquit,
2295 5500 3037 5571 castigationeminterebuntur
3064 5499 3169 5553 illte
3186 5540 3199 5563 ,
3225 5518 3339 5569 qua
3364 5506 3500 5566 inter

1910 5570 2217 5643 psalmoset
2243 5573 2295 5624 in
2321 5570 2639 5643 quacumque
2670 5570 2768 5643 Dei
2799 5571 3053 5624 mentione
3087 5584 3289 5627 retecta!
3325 5590 3500 5643 perae-

1908 5641 2124 5699 rerant!
2174 5642 2441 5695 Eusebius
2474 5643 2566 5695 lib.
2600 5658 2637 5696 tt
2667 5641 2870 5697 Hister.
2903 5656 3023 5711 cap.
3060 5643 3123 5697 17
3156 5658 3222 5699 ex
3263 5641 3497 5704 Philone

1909 5716 2066 5790 docet
2124 5712 2326 5790 primos
2391 5713 2516 5767 illos
2574 5714 2913 5790 monachos,
2991 5730 3085 5769 seu
3144 5718 3490 5790 therapentas

1906 5782 2338 5850 Alexandrinos,
2398 5799 2534 5854 quos
2585 5785 2641 5842 S.
2700 5782 2912 5845 Marcus
2956 5782 3314 5860 evangelista
3346 5795 3497 5864 apud
