4026 6212
480 283 549 340 87
1146 272 1150 277 ’
1794 300 2074 358 JOANNIS

2193 302 2423 359 .S’SIANI
3254 258 3257 259 ί
3676 295 3750 355 se

476 404 908 477 quinquagenos,
934 408 1023 464 alii
1049 422 1352 480 sexagenos
1378 414 1637 480 psalmos,
1662 416 1909 471 nonnulli
1932 432 2060 472 vero
2087 425 2137 486 Α
2164 419 2314 473 sibus
2348 417 2503 488 parili
2548 418 2987 487 pronuntiatione
3027 423 3297 473 cantasset
3318 458 3333 483 ,
3366 413 3749 471 duodecimum

478 512 551 553 ne
577 499 679 553 hoc
719 501 936 568 quidem
968 519 1197 559 numero
1225 507 1468 561 contenti
1497 509 1684 563 excedi
1714 524 1837 564 eum
1870 510 2071 566 debere

478 603 801 663 censerent,
834 606 1087 667 essetque
1127 598 1268 653 inter
1308 614 1404 655 eos
1448 614 1546 670 pro
1574 601 1851 672 religionis
1881 605 2068 673 regula

477 688 583 757 pice
628 689 996 743 contentionis
1042 700 1225 744 sancta
1269 691 1593 763 diversitas,
1643 694 1715 749 ita
1754 704 1817 751 ut
1854 706 2066 767 tempus

475 781 841 836 solemnitatis
853 783 1182 852 vespertina:
1201 786 1582 841 sacratissima:
1597 788 1915 843 succederet
1930 804 2069 858 quae-

476 874 671 940 stioni,
698 874 1042 944 quotidianos
1074 877 1379 932 orationum
1409 878 1550 934 ritus
1570 880 1882 935 volentibus
1911 881 2058 936 cele-

474 966 662 1031 brare,
689 976 715 1003 ι
746 982 884 1022 unus
920 968 971 1021 in
1013 968 1249 1023 medium
1294 970 1528 1038 psalmos
1560 972 1787 1027 Domino
1816 983 2064 1028 cantatu-

474 1073 572 1114 rus
599 1060 857 1129 exsurgit.
882 1057 1129 1131 Cumque
1150 1062 1463 1118 sedentibus
1492 1065 1704 1120 cunctis
1735 1064 1815 1134 (ut
1849 1076 2067 1121 estmo-

472 1150 553 1204 ris
579 1166 722 1205 nunc
754 1166 923 1222 usque
966 1153 1021 1206 in
1050 1152 1264 1225 Egypti
1297 1156 1561 1225 partibus)
1608 1166 1662 1212 et
1695 1157 1747 1211 in
1782 1158 2064 1227 psallentis

473 1243 639 1299 verba
666 1244 815 1299 omni
845 1246 1026 1300 cordis
1054 1246 1357 1303 intentione
1388 1249 1579 1304 defixis
1598 1290 1613 1315 ,
1643 1252 1892 1307 undecim
1920 1252 2062 1322 psal-

472 1352 597 1393 mos
618 1342 922 1394 orationum
946 1341 1322 1411 interjectione
1343 1343 1628 1401 distinctos
1650 1348 1917 1416 contiguis
1939 1362 2063 1402 ver-

2174 510 2277 565 sub
2301 510 2527 564 Alleluia
2556 510 2912 580 responsione
2936 523 3341 576 consummatis,
3372 508 3438 562 ab
3463 508 3753 564 universo-

2174 619 2293 659 rum
2322 605 2493 658 oculis
2522 613 2746 674 repente
2772 604 3102 669 subtractus,
3131 599 3417 674 quastioni
3442 600 3668 671 pariter,
3693 612 3753 659 et

2170 696 2509 754 caeremoniis
2544 695 2705 752 ﬁnem
2735 696 3011 767 imposuit.

2772 829 3005 888 CAPUT
3063 828 3155 885 Vl.

2404 948 2479 1003 De
2502 945 2865 1002 consuetudine
2893 943 3167 999 duodecim
3192 940 3520 996 Gratianum.

2243 1063 2322 1119 Ex
2350 1062 2479 1117 hinc
2496 1060 2825 1117 venerabilis
2846 1069 3057 1129 patrum
3073 1065 3296 1114 senatus
3323 1056 3628 1126 intelligens
3653 1070 3757 1110 an-

2168 1155 2276 1228 geli
2309 1155 2621 1225 magisterio
2646 1151 3160 1222 congregationibus
3188 1150 3415 1204 fratrum
3448 1149 3757 1220 generalem

2171 1264 2435 1307 canonem
2458 1263 2567 1303 non
2590 1249 2708 1302 sine
2728 1245 3134 1318 dispensatione
3153 1245 3367 1300 Domini
3383 1245 3755 1313 constitutum,

2170 1342 2199 1382 b
2228 1342 2470 1399 decrevit
2505 1340 2647 1395 hunc
2677 1355 2961 1395 numerum
2985 1348 3095 1394 tam
3121 1339 3179 1394 in
3202 1336 3523 1409 vespertinis
3549 1378 3567 1407 ,
3595 1351 3761 1408 quam

1548 1460 1807 1515 ALARDI
1847 1460 2084 1519 GAZAL'I
2121 1454 2687 1516 COMMENTARIUS.

476 1546 862 1621 alexandriam
892 1548 1221 1615 instituerat,
1244 1552 1297 1606 in
1324 1552 1582 1608 canendis
1612 1553 1719 1608 Deo
1746 1554 1972 1621 psalmis
2002 1563 2058 1607 et

476 1619 697 1689 hymnis
737 1620 823 1671 die
879 1630 1147 1688 noctuque
1173 1636 1231 1675 se
1259 1626 1594 1678 exercuisse.
1640 1624 1697 1679 S.
1726 1619 2057 1678 Athanasius

484 1692 541 1762 i_n
574 1690 833 1758 Apologia
857 1690 924 1743 de
962 1695 1080 1761 fuga
1120 1708 1213 1745 sua
1262 1697 1361 1747 sub
1410 1696 1570 1749 tinem
1604 1696 1957 1762 psalmodiam
2004 1697 2056 1749 in

478 1759 721 1818 Ecclesia
791 1759 1056 1816 celebrari
1115 1774 1428 1819 consuetam
1496 1759 1777 1820 manifeste
1833 1766 2056 1821 indicat.

480 1830 754 1906 Enarrans
769 1832 929 1906 _eni_m
959 1836 1231 1904 quomodo
1263 1836 1562 1906 irruptione
1594 1836 1917 1891 Arianorum
1959 1839 2061 1891 itii-

480 1902 637 1976 litum
673 1903 724 1955 in
767 1902 1065 1976 Ecclesiam
1097 1907 1233 1959 facta
1264 1947 1277 1969 ,
1310 1902 1703 1976 ut-caperetur.
1732 1924 1923 1962 manus
1955 1908 2061 1962 itii—

480 1974 746 2028 micorum
784 1973 1059 2045 el'fugisset
1094 1994 1105 2028 :
1144 1977 1417 2031 Manebam
1446 1973 1475 2041 ,’
1525 1980 1599 2032 ait
1628 2020 1640 2039 ,
1674 1979 1728 2031 in
1772 1979 2017 2032 cathedra
2045 1997 2064 2033 :

482 2046 700 2099 diacono
721 2048 991 2126 jusso,_ut
1020 2050 1274 2126 psalmum
1300 2052 1560 2126 recitaret,
1593 2060 1784 2126 etpost
1808 2052 2066 2103 recitatio-

482 2134 595 2192 nem
629 2119 858 2192 ‘qui‘sq‘ue
900 2121 1106 2172 domum
1147 2120 1306 2174 abiret
1333 2163 1348 2187 ,
1386 2133 1490 2177 etc.
1521 2122 1577 2177 S.
1609 2119 2028 2192 Chtysostomus
2051 2162 2066 2185 ,

483 2187 683 2243 Homil.
713 2187 745 2240 6
775 2188 839 2261 de
891 2192 1202 2257 poenitentia
1244 2193 1437 2260 quterit
1483 2201 1538 2247 et
1578 2187 1875 2247 admiratur
1902 2207 2070 2261 quare

486 2274 600 2334 pra:
653 2260 863 2334 ueteris
896 2264 1093 2317 veteris
1120 2264 1467 2334 Instrumenti
1512 2264 1744 2334 novique
1776 2260 2070 2333 Scripturis

485 2324 684 2386 librum
712 2330 1047 2387 Psalmorum
1086 2324 1255 2388 David
1279 2378 1291 2393 .
1326 2334 1621 2390 Christiani
1654 2324 1844 2405 omnes
1871 2324 1949 2390 sic
1971 2335 2071 2389 ad-

487 2412 765 2464 amarnnt,
799 2415 963 2471 atque
989 2406 1131 2458 hunc
1181 2406 1355 2459 Solum
1388 2423 1483 2462 ore
1512 2408 1714 2461 versari
1744 2409 2071 2462 voluerunt:

488 2471 764 2549 Ecclesiis,
786 2475 982 2541 inquit,
1014 2477 1429 2549 pernoctantibus
1462 2488 1508 2530 et
1534 2480 1750 2549 primus,
1772 2490 1818 2531 et
1848 2480 2069 2539 medius,

490 2553 543 2596 et
574 2546 878 2619 novissimus
920 2555 992 2599 est
1030 2546 1216 2619 David.
1262 2546 1504 2603 Diluculo
1525 2546 1829 2617 quwruntur
1858 2549 2075 2619 hymno-

488 2617 1051 2689 rum_modulationes?
1076 2631 1119 2672 et
1142 2620 1363 2689 primus,
1390 2629 1437 2674 et
1466 2622 1684 2684 medius,
1705 2631 1749 2672 et
1776 2617 2078 2673 novissimus

492 2694 567 2739 est
593 2683 779 2743 David.
811 2689 870 2761 Si
901 2705 1101 2760 pompa:
1129 2683 1179 2742 in
1210 2683 1529 2757 funeralibus
1561 2683 1939 2761 defunctorum,
1970 2692 2078 2758 pri-

495 2773 611 2809 mus
640 2769 687 2809 et
715 2760 938 2816 medius.
966 2772 1013 2814 et
1039 2762 1343 2814 novissimus
1376 2775 1469 2815 est.
1515 2761 1581 2815 In
1608 2760 1933 2815 monasteriis
1954 2777 2078 2814 san-

494 2830 611 2890 ctis,
641 2827 808 2904 choris
835 2833 1187 2904 angelicorum
1209 2834 1453 2895 acierum,
1472 2844 1516 2887 et
1537 2834 1754 2904 primus,
1786 2844 1832 2885 et
1859 2832 2079 2904 medias,

497 2909 545 2976 et
574 2901 883 2976 novissimus
910 2900 1108 2955 David.
1136 2900 1199 2956 In
1228 2905 1467 2959 coenobiis
1502 2900 1759 2975 virginum
1783 2921 1933 2976 grege
1967 2902 2082 2956 Ma-

496 2972 633 3023 riam
682 2972 998 3026 imitantium
1029 2983 1074 3026 et
1102 2977 1326 3041 primus,
1354 2986 1400 3029 et
1430 2972 1627 3029 medius
1648 3016 1664 3041 ,
1703 2984 1749 3028 et
1783 2972 2085 3029 novissimus

499 3054 602 3116 est,
634 3053 739 3097 etc.
770 3046 826 3099 S.
858 3045 1219 3116 Hieronymus
1247 3047 1296 3099 in
1322 3046 1610 3115 Epitaphio
1641 3048 1821 3101 Paula:
1855 3065 1867 3099 ε
1905 3045 2082 3109 Mane,

500 3112 633 3190 hora
663 3117 842 3190 tertia,
861 3125 1029 3179 sexta,
1055 3112 1210 3177 nona,
1230 3112 1452 3190 vespere,
1484 3112 1645 3171 noctis
1674 3119 1863 3184 medio,
1893 3134 1982 3190 per
2004 3133 2089 3170 or-

508 3182 683 3258 dinem
730 3185 1032 3256 psalterium
1072 3182 1367 3258 cantabant.
1414 3182 1471 3243 S.
1523 3182 1857 3258 Augustinus
1893 3182 2087 3243 'tib.1x

2236 1560 2262 1587 ι
2294 1549 2545 1604 Psalmos
2573 1547 2863 1602 Davidicos
2896 1547 2947 1601 in
2972 1546 3169 1601 officiis
3196 1547 3396 1602 divinis
3422 1588 3437 1610 ,
3468 1560 3564 1601 seu
3611 1545 3763 1601 horis

2165 1621 2441 1677 canonicis
2492 1635 2597 1673 non
2647 1618 2930 1683 sedendo,
2974 1628 3032 1673 ut
3086 1618 3329 1685 plerique
3378 1618 3602 1682 solent;
3660 1617 3761 1672 sed

2167 1693 2361 1746 stando
2388 1690 2662 1744 decantari
2693 1692 2821 1745 olim
2872 1690 3053 1745 solere
3081 1689 3345 1743 discimus
3379 1698 3494 1744 tum
3539 1704 3609 1743 ex
3656 1689 3762 1743 hoc

2169 1765 2293 1818 loco
2318 1804 2331 1825 ,
2363 1772 2475 1815 tum
2507 1778 2573 1814 ex
2614 1761 2735 1815 aliis
2761 1777 2922 1829 quam
2954 1761 3200 1830 plurimis
3231 1760 3569 1829 antiquitatis
3607 1761 3765 1814 testi-

2169 1834 2367 1889 moniis
2392 1874 2405 1897 ,
2450 1841 2505 1887 et
2548 1831 2644 1887 SS.
2676 1833 2901 1887 Patrum
2947 1842 3000 1887 et
3031 1833 3423 1888 monachorum
3452 1832 3719 1899 exemplis
3744 1872 3762 1895 ,

2095 1875 2141 1934 Β
2169 1875 2405 1977 quoruni
2426 1904 2677 1977 nonnulla
2704 1904 2805 1977 liic_
2822 1906 2873 1977 in
2902 1903 3139 1977 medium
3165 1904 3364 1959 afferre
3392 1875 3758 1977 opportn'ituni

2171 1973 2404 2030 videtur.
2453 1974 2509 2028 In
2560 1973 2747 2043 primis
2778 1974 2937 2029 Philo
2985 1975 3054 2029 de
3096 1975 3431 2043 therapeutis
3465 1974 3612 2039 illis,
3659 1988 3761 2027 seu

2174 2047 2453 2102 monachis
2486 2046 2863 2099 Alexandrinis
2893 2062 2921 2100 a
2956 2046 3009 2101 S.
3031 2046 3212 2101 Marco
3240 2046 3504 2102 institutis
3535 2045 3762 2109 loquens

2176 2118 2314 2190 (Lib.
2340 2118 2403 2169 de
2431 2116 2551 2190 Vita
2572 2116 2851 2190 contemp.)
2875 2136 2888 2172 :
2922 2115 3169 2190 Exstant,
3206 2120 3396 2190 inquit,
3426 2116 3601 2187 hymni
3629 2117 3764 2190 inter

2173 2188 2320 2243 sacra
2345 2189 2560 2241 canendi
2581 2189 2901 2243 astantibus.
2933 2189 2997 2241 Et
3029 2191 3221 2243 iterum
3258 2208 3270 2242 :
3306 2188 3474 2243 Nocte
3516 2188 3767 2241 canebant

2176 2262 2392 2331 hymnos
2422 2260 2489 2312 ad
2530 2276 2771 2313 auroram
2817 2268 3039 2326 stantes;
3086 2262 3175 2315 ubi
3208 2261 3445 2331 psalmus
3478 2258 3768 2331 voc:tt_liy-

2179 2328 2359 2394 ttinos,
2394 2340 2451 2385 ut
2480 2343 2534 2385 et
2562 2332 2849 2385 Cassianus
2876 2330 3035 2395 infra,
3063 2328 3393 2395 Athanasius
3424 2332 3516 2384 lib.
3546 2330 3615 2385 de
3642 2328 3770 2382 Vtr-

2179 2390 2405 2473 ginita’te
2432 2420 2444 2454 :
2474 2400 2648 2455 Media
2680 2411 2825 2473 nocte
2847 2390 3042 2472 surgito
3063 2412 3114 2455 et
3138 2390 3368 2471 psalmos
3389 2401 3564 2465 dicito,
3597 2416 3769 2471 quan-

2181 2472 2290 2527 tum
2326 2482 2677 2544 potes,_stans.
2716 2472 2777 2526 D.
2814 2473 3050 2527 Basilius
3090 2477 3142 2527 in
3183 2476 3341 2541 epist.
3370 2474 3437 2526 ad
3480 2473 3769 2527 Neocaesa-

2179 2542 2393 2614 rienses
2425 2561 2438 2597 :
2465 2542 2655 2607 Facta,
2689 2546 2891 2610 inquit,
2920 2545 2991 2597 ad
3026 2545 3183 2597 Deum
3215 2547 3534 2613 confessione
3559 2545 3772 2597 tandem

2180 2634 2212 2670 a
2250 2616 2680 2687 contemplatione
2710 2623 2976 2687 surgentes
3002 2618 3075 2687 α’(
3109 2616 3453 2686 psalmodiam
3485 2614 3771 2687 instituun-

2183 2701 2287 2741 tur.
2332 2685 2755 2755 Chrysostomus
2795 2685 2983 2741 hontil.
3018 2686 3084 2740 M
3112 2685 3167 2741 in
3202 2688 3429 2755 primam
3474 2690 3541 2742 ad
3586 2685 3775 2741 Timo-

2183 2758 2372 2813 theum
2403 2757 2571 2811 :Cum
2610 2766 2730 2810 ante
2756 2757 2919 2810 lucem
2960 2760 3133 2828 gallus
3161 2760 3339 2812 emittit
3361 2774 3552 2823 vocem,
3596 2772 3775 2828 omnes

2186 2846 2301 2883 cum
2328 2830 2637 2895 reverentia,
2671 2830 2905 2883 discusso
2935 2827 3120 2899 sopore
3145 2841 3462 2901 consurgunt
3488 2848 3519 2884 a
3551 2827 3776 2895 prwsule

2187 2902 2401 2955 excitati
2430 2918 2560 2967 suo;
2601 2909 2869 2971 astantque
2907 2918 3057 2955 sacro
3102 2902 3259 2955 choro
3280 2944 3295 2967 ,
3325 2902 3777 2973 protinusque”-

2187 2974 2366 3043 pausis
2407 2973 2645 3026 manibus
2670 2982 2887 3043 sanctos
2934 2973 3209 3026 concinunt
3238 2971 3477 3043 hymnos.
3514 2971 3775 3041 Loquitur

2189 3042 2258 3097 de
2280 3043 2450 3115 Syriae
2470 3042 2753 3115 monachis
2772 3084 2785 3107 ,
2827 3045 2916 3111 qui
2947 3060 3054 3098 non
3085 3044 3245 3115 modo
3272 3042 3477 3099 stantes
3500 3055 3555 3098 et
3582 3042 3773 3115 erecti,

2191 3115 2287 3184 sed
2322 3112 2569 3168 inanibus
2597 3115 2761 3169 etiam
2795 3117 3050 3183 expansis
3079 3114 3383 3184 psallebant
3412 3157 3425 3179 ,
3455 3115 3593 3184 quod
3624 3120 3678 3167 et
3706 3112 3777 3166 de

2194 3181 2763 3257 {Egyptiismonachis
2785 3181 3012 3239 testatur
3032 3181 3323 3241 cassianus
3349 3181 3486 3241 infra
3510 3184 3664 3257 (Cap.
3692 3183 3774 3257 7).

504 3254 755 3328 confess.
806 3272 926 3323 cap.
972 3259 1002 3310 7
1061 3257 1251 3311 scribit
1303 3260 1369 3312 ab
1433 3254 1722 3313 Ambrosio
1789 3260 2089 3313 institutum
2118 3261 2164 3323 C
2199 3254 2442 3324 Denique
2468 3256 2612 3311 hunc
2641 3258 2813 3328 ipsum
2841 3258 3019 3313 standi
3044 3260 3202 3312 ritum
3229 3259 3484 3321 servavit,
3513 3254 3565 3311 et
3592 3256 3780 3309 docuit

504 3326 692 3392 fuisse,
721 3338 799 3391 ut,
824 3328 977 3397 juxta
1006 3344 1209 3382 morem
1241 3328 1597 3384 Orientalium
1630 3330 1870 3392 Patrum,
1901 3331 2088 3398 psalmi

506 3407 672 3467 atque
704 3400 883 3470 hymni
931 3403 980 3453 in
1022 3400 1263 3454 Ecclesia
1301 3401 1688 3455 Mediolanensi
1718 3411 2043 3456 canerentur
2078 3420 2092 3455 :

508 3482 674 3537 atque
701 3470 842 3523 hunc
874 3487 1029 3524 usum
1065 3472 1189 3525 inde
1216 3470 1281 3524 ad
1323 3472 1457 3526 alias
1482 3472 1788 3528 Occidentis
1823 3474 2094 3528 Ecclesias

507 3541 843 3596 dimanasse.
895 3542 1047 3608 Quod
1082 3560 1189 3598 non
1240 3543 1317 3597 sic
1347 3545 1716 3610 accipiendum
1746 3546 1904 3599 docet
1942 3544 2089 3598 card.

509 3610 870 3685 Bellarminus
902 3613 919 3685 (
947 3613 1059 3668 Lib.
1094 3631 1112 3668 1
1140 3614 1203 3667 de
1243 3613 1378 3667 Bon.
1428 3615 1585 3684 Oper.
1628 3631 1749 3682 cap.
1786 3615 1849 3669 16
1877 3616 1914 3681 ),
1939 3615 2097 3680 quasi

512 3682 811 3747 psalmotlia
860 3682 952 3739 aut
1002 3698 1193 3740 cantus
1233 3682 1635 3741 ecclesiasticus
1662 3696 1789 3741 ante
1818 3686 2095 3740 Ambrosii

508 3762 753 3824 tempora
791 3758 1007 3824 ignotus
1042 3757 1223 3811 fuerit.
1268 3754 1607 3812 Contrarium
1639 3758 1785 3813 enim
1828 3766 2096 3811 testantur

508 3822 699 3899 Patres
728 3822 852 3881 ante
876 3831 1023 3882 citati
1062 3848 1074 3881 :
1103 3828 1209 3883 Sed
1236 3833 1479 3898 fortasse,
1510 3831 1700 3899 inquit.
1727 3830 1955 3898 loquitur
1985 3828 2096 3880 Au-

511 3898 780 3964 gustinus,
828 3915 930 3951 non
961 3901 1023 3952 de
1051 3910 1204 3952 cantu
1250 3901 1511 3963 absolute,
1544 3898 1633 3954 sed
1660 3902 1724 3954 de
1752 3911 1906 3953 cantu
1942 3902 2097 3953 totius

514 3968 715 4036 populi.
745 3968 904 4019 Antea
949 3972 1203 4037 siquidem
1238 3968 1509 4025 Psalmum
1540 3973 1779 4024 cantabat
1818 3988 1951 4023 unus
1986 3980 2099 4023 tan-

517 4045 651 4107 tum,
686 4038 1007 4107 audientibus
1032 4042 1169 4103 aliis,
1199 4051 1253 4091 ut
1285 4053 1421 4107 patet
1443 4058 1505 4094 ea:
1532 4041 1801 4095 Cassiano.
1840 4041 1989 4098 Unde
2025 4050 2099 4094 est

514 4106 654 4159 illud
684 4106 981 4179 Hieronymi
1013 4111 1065 4161 in
1082 4112 1233 4176 epist.
1258 4106 1324 4162 ad
1352 4112 1617 4163 Rusticum
1641 4114 1982 4163 monachum:
2007 4111 2101 4163 Di—

517 4194 605 4230 cas
630 4180 887 4245 psalmum
914 4182 965 4232 in
988 4180 1169 4232 ordine
1192 4189 1294 4232 tuo.
1329 4180 1579 4233 Fortasse
1597 4183 1748 4233 etiam
1777 4182 1874 4235 soli
1901 4182 2098 4247 clerici,

512 4258 571 4301 ut
600 4267 736 4302 nunc
765 4250 876 4317 ﬁeri
905 4251 1150 4313 ridemus,
1179 4252 1472 4304 cantabant.
1522 4253 1817 4306 Ambrosius
1846 4262 2013 4305 autent
2035 4252 2102 4304 ad

516 4321 809 4392 leniendum
850 4338 1115 4375 niterorem
1152 4322 1328 4388 papuli
1371 4323 1426 4375 in
1469 4324 1817 4392 persecutione
1843 4322 2097 4388 Justinte,

516 4390 741 4463 instituit
782 4401 839 4444 ut
871 4402 1006 4446 totus
1048 4394 1272 4462 papulas
1320 4390 1541 4446 caneret.
1598 4395 1745 4455 Quod
1789 4396 1942 4447 etiam
1982 4395 2103 4463 fecit

516 4459 911 4535 Qhrysostomus
942 4465 995 4535 in
1024 4459 1181 4516 simili
1222 4466 1487 4535 occasione
1507 4464 1647 4532 apud
1673 4459 2103 4535 Constantinopo-

518 4532 642 4604 lim,
673 4548 723 4586 ut
756 4540 911 4604 refert
955 4534 1193 4590 Socrates
1234 4537 1323 4588 lib.
1359 4551 1406 4589 vt
1447 4534 1589 4590 Hist.
1624 4551 1741 4603 cap.
1775 4538 1827 4590 8.
1863 4532 2102 4603 Denique

520 4601 822 4659 Cassianus
847 4607 945 4659 hoc
970 4608 1110 4673 loco,
1142 4616 1196 4661 et
1221 4605 1333 4662 fere
1355 4616 1467 4661 tato
1493 4610 1594 4661 hoc
1620 4601 1759 4661 lib—ro
1781 4617 1835 4660 et
1856 4601 2099 4675 sequenti

521 4679 812 4747 permulta
845 4679 1079 4744 capitula
1109 4678 1271 4733 docet
1299 4680 1551 4747 antiquos
1582 4678 1772 4734 Patres
1806 4680 1856 4733 in
1881 4678 2100 4734 Oriente

519 4745 760 4815 psalmos
822 4748 1161 4815 p0tissitnum
1232 4749 1286 4803 in
1343 4745 1537 4804 officiis
1594 4750 1795 4805 divinis
1852 4752 2102 4819 frequen-

522 4826 689 4892 tasse,
717 4829 771 4874 et
801 4831 1008 4892 certum
1039 4836 1319 4892 numerum
1351 4821 1402 4875 in
1431 4822 1656 4892 Singulis
1679 4822 1872 4876 officiis
1897 4824 2102 4891 persol-

521 4890 691 4953 visse,
723 4898 779 4943 et
808 4890 941 4943 alios
969 4891 1181 4959 quidem
1210 4894 1405 4959 plures,
1429 4890 1564 4946 alitis
1592 4890 1907 4961 pauciores,
1930 4893 2104 4947 donec

518 4961 741 5014 cmlitus
773 4962 946 5030 angeli
978 4962 1289 5030 magisterio
1321 4977 1579 5017 numerus
1630 4962 1997 5019 duodenarins
2047 4965 2101 5018 in

520 5034 806 5087 nocturnis
857 5042 913 5087 et
945 5033 1272 5099 vespertinis
1314 5034 1506 5088 ofticiis
1550 5036 1997 5103 praescriberetur
2037 5036 2104 5090 ab

490 5094 1193 5175 'gmnihusiobservandus.
1225 5105 1374 5171 Quod
1403 5094 1580 5159 autem
1612 5105 1776 5175 aliqui
1809 5108 2103 5159 scribunta

524 5172 1092 5247 Damasoinstitntnm
1119 5214 1135 5241 ,
1195 5188 1249 5228 ut
1278 5176 1464 5245 psalmi
1495 5177 1581 5231 die
1629 5172 1898 5247 noctuque
1941 5192 2105 5232 cane-

520 5252 735 5317 rentur,
772 5246 1030 5317 Baronius
1062 5245 1253 5300 falsum
1302 5261 1425 5301 esse
1454 5248 1647 5303 asserit
1684 5249 1701 5317 (
1734 5245 1930 5302 Bai-on.
1979 5259 2099 5303 tant.

525 5312 598 5389 l_V
630 5332 753 5387 pag.
782 5315 944 5386 ‘29);
976 5331 1096 5370 cum
1132 5326 1349 5389 constet
1378 5320 1445 5371 ab
1470 5319 1624 5372 initio
1655 5312 1888 5389 viguisse
1918 5320 1971 5373 in
2004 5321 2103 5373 Ec-

524 5384 858 5458 clesia'cnm
892 5384 1062 5441 cantu
1109 5388 1355 5442 diurnam
1399 5384 1827 5456 nocturnamque
1873 5391 2107 5458 psalmo-

524 5454 669 5529 diam
706 5474 719 5509 :
748 5458 841 5512 sed
872 5458 1101 5513 fortasse
1129 5460 1360 5529 aliquam
1390 5458 1617 5529 formam
1648 5475 1674 5510 a
1708 5454 1937 5513 Damaso
1971 5476 2107 5529 prte-

524 5528 813 5600 scriptam;
844 5529 928 5582 vel
974 5527 1320 5585 emendatum
1361 5546 1387 5581 a
1432 5527 1490 5583 S.
1535 5529 1863 5600 Hieronymo
1898 5527 2105 5587 Psalte-

525 5597 671 5671 rium
697 5598 947 5668 Septuag.
982 5600 1337 5671 lnterpretum
1362 5616 1389 5654 a
1419 5602 1644 5655 Damaso
1672 5597 1972 5656 canendum
2007 5602 2106 5657 Ec-

525 5668 707 5722 clesiis
736 5668 1171 5725 Occidentalibus
1199 5674 1475 5726 traditum.
1506 5675 1577 5727 De
1609 5673 1925 5728 utilitatibus
1958 5675 2103 5738 psal-

525 5740 723 5793 modite
755 5743 813 5815 in
842 5740 1087 5815 Ecclesia
1120 5743 1412 5815 institutae,
1436 5745 1558 5801 vide
1585 5744 1928 5815 Radulpbum
1959 5745 2103 5801 Tun-

525 5822 681 5876 gren.
705 5820 760 5867 et
778 5810 1165 5868 Bellarminum
1196 5813 1331 5870 locis
1356 5830 1517 5886 supra
1546 5810 1764 5874 notatis.

2130 4650 2183 4709 D

2196 3330 2421 3398 angelus
2451 3328 2562 3393 ille,
2587 3329 2654 3382 de
2679 3344 2785 3397 quo
2811 3330 2897 3384 hic
2924 3333 3121 3395 agitur,
3145 3328 3237 3397 qui
3267 3328 3531 3397 psallendi
3558 3330 3778 3398 modum

2198 3396 2296 3472 suo
2345 3400 2593 3472 exemplo
2637 3396 2885 3472 Ratribus
2930 3402 3039 3455 illis
3090 3396 3361 3472 Egyptiis
3402 3396 3779 3472 praescripsit,

2171 3470 2324 3535 _dum
2370 3471 2422 3523 in
2455 3471 2632 3524 medio
2657 3468 2877 3524 fratrum
2906 3512 2920 3536 ,
2951 3468 3273 3541 quibuscum
3301 3468 3604 3531 residebat,
3637 3469 3781 3541 psal-

2197 3556 2315 3617 mos
2360 3540 2747 3617 decantaturus
2786 3540 3123 3617 exsurrexit.
3144 3542 3297 3609 Quod
3328 3542 3373 3617 si
3413 3540 3783 3617 qnisobjiciat

2198 3626 2269 3667 ex
2301 3615 2404 3666 hoc
2454 3611 2645 3665 eodem
2683 3612 2801 3665 loco
2833 3623 2887 3667 et
2914 3628 3039 3682 cap.
3067 3615 3129 3668 11
3163 3615 3457 3667 monachos
3502 3612 3624 3665 illos
3674 3611 3784 3666 non

2198 3692 2408 3737 stantes
2435 3728 2448 3750 ,
2482 3682 2577 3736 sed
2608 3682 2861 3737 sedentes
2895 3686 3254 3754 psalmodiam
3284 3685 3594 3739 celebrasse
3622 3699 3636 3748 ;
3688 3697 3782 3736 re-

2199 3755 2423 3827 sponsio
2450 3768 2517 3808 ex
2543 3755 2734 3827 eodem
2764 3754 2817 3807 in
2847 3766 3097 3827 promptu
3130 3765 3217 3810 est
3243 3797 3257 3819 ,
3288 3754 3487 3827 Patres
3522 3754 3645 3809 illos
3675 3769 3784 3808 non

2198 3826 2458 3880 recitasse
2499 3826 2713 3895 quidem
2760 3826 3036 3894 psalmos,
3068 3827 3163 3882 sed
3189 3826 3532 3881 solummodo
3562 3828 3783 3879 unicum

2200 3896 2520 3967 psallentem
2555 3899 2910 3961 auscultasse,
2940 3908 3014 3961 et,
3050 3908 3109 3953 ut
3146 3900 3231 3953 ltic
3262 3899 3512 3960 habetur,
3561 3899 3615 3949 in
3641 3896 3788 3968 psal-

2202 3970 2352 4039 lentis
2394 3968 2547 4022 verba
2592 3969 2731 4021 omni
2775 3970 2949 4023 cordis
2992 3971 3276 4023 intentione
3317 3970 3516 4039 defixos
3567 3969 3787 4021 tacuisse

2203 4038 2355 4108 (Cap.
2403 4040 2463 4093 ll
2498 4051 2546 4091 et
2574 4040 2682 4108 12).
2717 4040 2792 4093 lta
2818 4056 2882 4094 ex
2912 4039 3015 4095 hoc
3047 4042 3167 4096 loco
3194 4038 3483 4110 utrumque
3511 4039 3741 4093 habetur
3762 4078 3783 4104 ,

2201 4122 2255 4182 et
2289 4111 2605 4182 psallentem
2638 4111 2876 4182 Stetisse,
2902 4122 2957 4165 et
2983 4129 3090 4167 non
3124 4113 3415 4182 psallentes
3442 4111 3783 4165 consedisse.

2203 4178 2358 4234 Unde
2384 4189 2503 4253 orta
2527 4181 2905 4253 consuetudo,
2937 4198 3056 4253 quae
3108 4178 3401 4238 etiamnum
3434 4183 3783 4243 observatur.

2205 4264 2261 4303 ιιι
2305 4251 2395 4318 qui
2427 4252 2554 4323 legit.
2602 4266 2813 4306 sacram
2857 4251 3189 4323 Scripturam
3219 4297 3233 4319 ,
3266 4264 3573 4308 sanct0rutu
3594 4253 3735 4323 vitas
3764 4292 3781 4315 ,

2205 4321 2646 4390 martyrologinm
2672 4367 2685 4387 ,
2710 4325 2940 4391 capitula
2967 4321 3058 4379 aut
3089 4325 3349 4380 lectiones
3383 4333 3438 4378 et
3466 4326 3568 4378 alta
3593 4321 3785 4391 hujus-

2205 4391 2372 4458 modi,
2402 4392 2517 4465 ipse
2544 4394 2959 4465 quidemlector
2989 4398 3182 4451 stando
3215 4398 3355 4465 legat
3385 4413 3398 4449 :
3428 4396 3621 4463 reliqui
3663 4408 3787 4446 om-

2204 4463 2580 4542 nes_sedentes
2609 4463 2909 4519 auscultent
2942 4485 2953 4518 :
2994 4471 3135 4542 unde
3165 4463 3449 4542 μεσόχοροὶ
3474 4465 3623 4542 dicti,
3661 4465 3697 4517 i.
3727 4465 3784 4518 in

2206 4534 2385 4607 medio
2410 4534 2576 4607 choro
2608 4546 2811 4607 stantes
2834 4577 2847 4597 ,
2896 4538 3037 4607 apud
3081 4534 3380 4595 Sidonium
3409 4536 3779 4607 Apollinarem

2208 4606 2395 4680 (1451).}
2421 4606 2573 4674 epist.
2620 4606 2714 4680 2)._
2738 4608 2812 4662 lix
2848 4606 2939 4663 his
2960 4609 3313 4680 intelligimus
3351 4608 3597 4680 angelum
3631 4606 3788 4680 illum

2207 4679 2313 4731 duo
2342 4677 2667 4733 documenta
2702 4677 2806 4733 hoc
2853 4695 2950 4734 suo
2993 4677 3408 4735 facto'Patribus
3452 4678 3741 4747 reliquisse
3767 4696 3787 4733 :

2211 4752 2443 4819 primum
2478 4761 2534 4804 ut
2576 4750 2859 4806 duodecim
2916 4753 3152 4820 psalmos
3193 4761 3299 4805 tam
3350 4754 3402 4806 iit
3458 4750 3787 4820 vespertinis

2209 4818 2368 4891 quam
2404 4821 2454 4876 in
2485 4824 2763 4876 nocturnis
2782 4818 2977 4877 officiis
2993 4823 3365 4885 decantarent,
3394 4822 3462 4877 de
3492 4818 3597 4891 quo
3619 4818 3783 4891 infra.

2211 4890 2544 4957 Secundum,
2576 4903 2634 4945 ut
2662 4903 2887 4957 stantes,
2921 4904 2976 4949 et
3003 4894 3171 4948 erecti
3198 4890 3530 4963 psallerent,
3562 4901 3615 4945 et
3640 4890 3789 4963 psal-

2212 4963 2390 5016 lentes
2438 4973 2645 5016 starent
2692 4980 2707 5020 :
2757 4982 2916 5033 quem
2965 4980 3171 5019 morem
3200 4961 3269 5019 'et
3322 4966 3485 5021 ritum
3535 4961 3787 5017 monachi

2213 5034 2471 5101 deinceps
2520 5036 2859 5091 retinendum
2896 5043 2952 5090 et
2981 5036 3376 5091 observandum
3401 5035 3786 5091 decreverunt.

2284 5102 2311 5141 δ
2337 5103 2731 5160 Dnodenarium
2764 5122 3045 5161 numerum
3076 5106 3405 5175 psalmorum
3431 5109 3485 5161 in
3507 5104 3791 5161 noeturnis

2213 5176 2453 5248 vigiliis,
2485 5192 2640 5245 quem
2677 5178 2751 5232 illi
2782 5179 2882 5235 SS.
2922 5178 3109 5232 Patres
3148 5180 3216 5231 ab
3241 5178 3436 5248 angelo
3467 5176 3644 5232 edocti
3669 5217 3685 5239 ,
3729 5185 3790 5230 et

2214 5247 2411 5315 insigni
2442 5248 2733 5315 miraculo,
2772 5249 2913 5320 quod
2941 5249 3192 5320 superius
3224 5247 3453 5303 relatum
3485 5257 3569 5320 est
3592 5289 3605 5311 .
3637 5264 3789 5320 com-

2215 5322 2404 5401 moniti
2434 5319 2801 5401 receperunt,
2821 5320 2880 5373 D.
2910 5319 3089 5401 .etiam
3114 5319 3448 5401 Benedictus“
3489 5319 3560 5401 _ad
3609 5319 3791 5401 quoti:

2214 5390 2402 5470 dianas
2423 5390 2850 5470 noctis.vigilias,
2874 5390 2991 5470 sive
3014 5401 3338 5470 nocturnum
3360 5391 3621 5453 officium,
3641 5390 3789 5470 quod

2213 5462 2436 5532 abusive
2461 5464 2781 5515 matutinum
2812 5461 3064 5515 vocamus
3088 5503 3103 5525 ,
3150 5463 3343 5532 quovis
3380 5471 3628 5531 tempore
3658 5461 3793 5532 reti-

2215 5531 2449 5586 nendum
2476 5574 2491 5595 ,
2541 5541 2597 5587 et
2622 5548 2649 5584 a
2683 5534 2799 5586 suis
2823 5533 3109 5588 cmnobitis
3154 5530 3545 5589 decantandnm
3574 5530 3794 5586 censuit

2212 5603 2457 5730 (quibus
2475 5612 2652 5658 tamen
2675 5607 2881 5657 cantica
2920 5618 3016 5673 pro
3046 5604 3205 5659 tertio
3230 5616 3497 5658 nocturno
3524 5603 3793 5670 superad-

2254 5674 2351 5728 idit
2378 5674 2572 5730 diebus
2594 5675 2893 5729 Dominicis
2918 5686 2970 5729 et
2992 5673 3246 5730 festivisl.
3273 5685 3332 5730 ut
3354 5674 3540 5730 videre
3561 5684 3641 5727 est
3663 5689 3787 5730 can.

2254 5674 2351 5747 idit
2378 5674 2572 5730 diebus
2594 5675 2970 5747 Dominiciset
2992 5673 3246 5747 festivis),
3273 5685 3332 5730 ut
3354 5674 3540 5747 videre
3561 5684 3641 5747 est
3663 5689 3787 5743 cap.

2214 5747 2278 5801 18
2310 5745 2551 5817 Regulae,
2586 5746 2679 5800 ubi
2712 5746 2972 5817 disposito
2997 5747 3185 5802 ordine
3205 5744 3529 5817 'psalmodite
3550 5744 3784 5813 diurna,

2212 5819 2421 5885 statuit,
2452 5816 2521 5871 Ut
2545 5819 2733 5889 reliqui
2754 5816 2925 5873 omnes
2948 5818 3158 5889 psalmi,
3184 5816 3272 5889 qui
3298 5826 3589 5890 supersunt,
3611 5830 3791 5875 tenua-
