4036 6218
203 305 265 362 89
648 304 742 361 DE
778 303 1257 363 C(ENOBIORUM
1293 301 1548 361 lNSTlT.
1592 298 1723 357 LIB.
1761 299 1823 357 ll.
1846 245 2036 354 —HDE
2074 296 2469 355 NOCTURNIS
2512 293 2990 354 ORATIONIBUS.

3395 296 3474 360 90

200 425 252 481 in
297 432 579 484 nocturnis
632 424 1019 481 conventiculis
1059 423 1323 480 custodiri
1352 465 1369 491 ,
1403 434 1432 459 ιι
1463 422 1662 494 quibus
1700 420 1777 476 le-
1800 427 1849 489 Α
1876 419 2091 474 sabbati
2122 419 2205 473 vel
2232 417 2514 472 Dominico
2557 424 2812 487 utrasque
2833 415 2901 471 de
2930 428 3073 470 novo
3103 412 3335 470 recitant
3360 414 3472 472 Te-

199 516 401 572 ctiones
425 517 662 588 geminas
683 518 1056 589 adjungentes,
1089 518 1141 573 id
1166 525 1253 573 est
1272 559 1289 583 ,
1332 531 1497 572 unam
1527 516 1727 571 veteris
1751 554 1768 580 ,

197 617 251 666 et
269 611 435 665 aliam
457 612 581 667 novi
600 612 946 679 Testamenti,
973 621 1249 682 tamquam
1278 627 1307 665 a
1338 625 1401 666 se
1428 624 1523 667 eas
1544 608 1770 665 traditas

199 711 256 758 et
282 705 431 760 velut
458 706 904 762 extraordinariae
935 747 953 773 ,
984 706 1300 762 volentibus
1330 716 1561 772 tantum,
1595 720 1658 759 ac
1687 704 1770 758 di-

200 795 448 853 vinarum
484 796 875 868 Scripturarum
903 799 1219 853 memoriam
1249 796 1534 868 possidere
1557 796 1770 851 assidua

200 888 543 946 meditatione
572 890 917 947 studentibus
960 889 1310 946 addiderunt.
1344 889 1371 929 δ
1401 889 1459 944 In
1512 888 1599 943 die
1643 901 1772 942 vero

1879 520 2188 578 stamento,
2222 511 2277 565 id
2324 518 2448 575 est,
2496 525 2655 565 unam
2701 510 2767 564 de
2816 508 3099 579 Apostolo,
3129 506 3214 562 vel
3242 506 3468 565 Actibus

1878 606 2249 677 apostolorum
2276 647 2292 672 ,
2343 615 2399 659 et
2445 588 2605 658 aliam
2648 603 2718 658 de
2748 601 3070 672 Evangeliis.
3104 600 3260 669 Quod
3297 601 3462 656 etiam

1880 700 2008 754 totis
2041 708 2063 736 ο
2096 697 2571 768 Quiuquagesimae
2599 696 2793 751 diebus
2824 694 3030 750 faciunt
3062 694 3116 748 bi
3154 694 3350 764 quibus
3380 693 3463 750 le-

1878 791 1986 846 ctio
2014 804 2158 845 curat
2186 798 2275 846 est
2292 830 2307 856 ,
2339 804 2438 845 seu
2463 789 2727 847 memoria
2757 787 3177 858 Scripturarutu.

1247 1024 1507 1081 ALARDI
1548 1023 1785 1081 ϐΑΖιΕΙ
1822 1021 2368 1081 COMMENTARIUS

195 1138 307 1215 liter
329 1139 624 1215 dividantur
644 1142 704 1215 in
719 1148 909 1211 septem
944 1143 1167 1198 noctium
1196 1143 1401 1215 vigilias
1424 1142 1645 1215 (nempe
1674 1150 1758 1195 to-

194 1210 295 1263 tius
333 1211 715 1282 liebdomadze)
758 1210 1025 1281 partiendo
1066 1210 1275 1279 omnes]
1322 1215 1409 1282 qui
1432 1210 1763 1280 prolixiores

191 1293 307 1334 sunt
339 1280 457 1353 (uti
502 1285 640 1351 apud
671 1280 772 1337 nos
803 1286 916 1357 ﬁeri
949 1285 1159 1357 solet),
1192 1293 1240 1338 et
1276 1280 1547 1337 duodecim
1574 1285 1763 1353 psalmi

192 1368 279 1425 per
305 1368 712 1425 unamquamque
733 1354 1114 1409 constituantur
1140 1365 1369 1419 noctem;
1400 1366 1553 1424 atque
1595 1357 1763 1408 omni-

193 1423 281 1496 bus
306 1423 481 1478 modis
513 1426 566 1476 id
588 1423 912 1491 attendatur,
954 1438 1011 1479 ut
1049 1428 1190 1480 omni
1221 1426 1547 1479 hebdomada
1577 1426 1766 1496 psalte-

124 1546 127 1549 η
190 1494 318 1547 rium
347 1511 410 1548 ea:
435 1496 631 1563 inteqro
672 1513 884 1550 numero
907 1508 1108 1550 centum
1133 1498 1510 1567 quinquaginta
1542 1494 1765 1565 psalmo-

191 1582 299 1618 rum
324 1568 615 1637 psailatur;
643 1577 687 1619 et
713 1568 989 1620 Dominico
1030 1569 1113 1622 die
1153 1584 1355 1635 semper
1384 1584 1416 1619 a
1438 1568 1601 1634 capite
1629 1584 1768 1638 repe-

191 1646 323 1690 tatur
350 1638 418 1689 ad
448 1639 687 1708 vigilias;
715 1640 863 1707 quia.
897 1639 1074 1705 inquit
1101 1681 1115 1698 ,
1143 1640 1295 1693 nimis
1324 1641 1460 1691 iners
1488 1640 1764 1692 devotionis

186 1723 291 1762 sate
311 1710 579 1762 serritium
607 1710 880 1761 ostendunt
914 1708 1149 1762 monachi
1172 1751 1187 1773 ,
1220 1712 1305 1774 qui
1328 1709 1494 1763 minus
1515 1710 1765 1778 psalterio

187 1795 305 1851 cum
318 1780 550 1851 canticis
581 1780 1045 1851 consuetudinariis
1073 1795 1162 1851 per
1186 1786 1480 1850 septimanis
1511 1781 1764 1833 circulum

189 1848 457 1916 psallunt;
500 1866 613 1902 cum
635 1849 862 1920 legamus
887 1848 1088 1904 sanctos
1116 1848 1297 1904 Patres
1328 1861 1529 1904 nostros
1552 1867 1658 1904 uno
1681 1852 1765 1903 die

186 1930 400 1992 strenue
426 1922 741 1988 implevisse.
774 1922 911 1992 quod
941 1938 1031 1975 nos
1057 1924 1213 1991 tepidi
1246 1924 1443 1975 utinam
1472 1924 1765 1987 septimana

185 1991 391 2059 integra
416 1993 782 2062 persolt'amtts.
819 1992 1019 2059 Quibus
1047 1994 1229 2047 verbis
1270 2004 1486 2047 sanctos
1515 1993 1638 2046 illos
1664 1992 1762 2046 Pa-

185 2069 295 2114 tres
325 2070 380 2115 et
410 2061 702 2116 monachos
744 2065 971 2117 innuere
1002 2064 1249 2128 videtur,
1290 2064 1357 2117 de
1397 2065 1591 2134 quibus
1631 2063 1764 2117 Cas-

179 2134 363 2186 sianus
383 2133 573 2186 scribit
609 2148 729 2202 cap.
759 2136 792 2187 '2
822 2135 977 2197 hujus
1005 2135 1150 2199 libri,
1178 2152 1261 2189 eos
1291 2136 1353 2188 de
1381 2133 1594 2189 numero
1623 2134 1765 2202 psal-

180 2220 377 2255 morum
404 2205 456 2255 in
495 2206 811 2275 quotidianis
849 2206 1038 2275 ofﬁciis
1060 2249 1074 2271 ,
1107 2209 1209 2261 sive
1238 2205 1681 2271 solemnitatibus,
1709 2214 1765 2257 ut

180 2286 337 2339 vocat,
373 2275 692 2329 instituendo
736 2279 821 2348 pia
850 2280 1170 2332 contentione
1210 2288 1427 2331 certasse
1449 2316 1465 2340 ,
1501 2277 1640 2348 dum,
1672 2276 1767 2348 alii

178 2348 565 2415 quinquagenos
592 2389 607 2411 ,
639 2347 743 2400 alii
760 2362 1059 2418 sexagenos,
1086 2350 1177 2402 alii
1200 2366 1317 2403 vero
1349 2365 1411 2402 ne
1440 2350 1535 2401 hoc
1555 2347 1765 2418 quidem

180 2433 385 2470 numero
408 2418 645 2471 contenti
672 2420 844 2472 excedi
880 2417 993 2472 eum
1023 2419 1202 2473 debere
1244 2429 1531 2474 censerent.
1565 2417 1763 2472 Verum

176 2487 328 2559 aliam
359 2491 636 2542 rationem
669 2491 1056 2559 tropologicum
1092 2492 1248 2545 istius
1290 2489 1653 2545 institutionis
1697 2489 1761 2541 D.

178 2558 469 2624 Benedicti,
494 2560 577 2615 de
604 2576 828 2631 numero
850 2558 1058 2616 scilicet
1079 2566 1405 2631 psalmorum
1428 2562 1764 2616 duodenario

179 2631 227 2703 in
260 2634 548 2686 nocturnis
592 2630 969 2703 decantaudo,
1000 2630 1135 2688 scite
1165 2634 1433 2703 expressit
1482 2632 1766 2686 Dnraudus

176 2700 495 2757 Mimatensis
550 2704 634 2756 bis
661 2706 843 2758 verbis
877 2722 889 2756 :
923 2702 1113 2758 Beatus
1137 2700 1440 2758 Benedictus
1468 2704 1619 2757 aliter
1644 2703 1767 2773 ofﬁ-

176 2773 302 2824 cium
332 2775 496 2827 noctis
559 2774 855 2841 ordinavit;
894 2792 996 2828 non
1027 2786 1200 2830 tamen
1239 2778 1545 2829 dissentiens
1572 2792 1603 2826 a
1634 2790 1777 2842 prte-‘

178 2844 323 2897 missa
350 2843 612 2899 Ecclesia
639 2848 961 2899 ordinatione
983 2889 997 2911 ,
1023 2846 1099 2899 vel
1128 2849 1210 2901 illi
1230 2848 1284 2899 in
1308 2846 1484 2916 aliquo
1506 2846 1767 2899 contradi-

177 2930 320 2987 cens;
364 2917 452 2969 sed
489 2917 673 2970 ordini
718 2934 809 2971 suo
846 2917 1090 2987 quiddam
1132 2920 1391 2987 peculiare
1430 2918 1762 2970 constituens.

179 2983 291 3054 Ipse
310 3004 536 3054 namque
568 2990 790 3059 instituit
823 2983 981 3043 semel
1005 2983 1145 3042 dici}
1177 2988 1337 3049 Deus,
1362 2989 1417 3041 in
1446 2988 1768 3059 adjutoriutn

178 3073 335 3111 meum
360 3059 596 3111 intende.
623 3057 685 3112 Et
708 3071 781 3112 ter
807 3076 823 3112 :
853 3060 1090 3119 Domine.
1111 3059 1253 3113 labia
1276 3076 1386 3112 mea
1407 3057 1625 3129 aperias,
1655 3073 1769 3129 pro-

180 3139 284 3196 pter
329 3131 674 3184 reverentiam
708 3130 939 3185 Unitatis
985 3140 1035 3183 et
1066 3129 1354 3184 Trinitatis.
1391 3130 1582 3184 Deinde
1608 3129 1766 3182 Psal-

178 3215 350 3252 mum:
384 3202 645 3267 Domine,
693 3204 818 3273 quid
857 3202 1217 3272 multiplicati,
1270 3219 1329 3254 eo
1358 3206 1491 3273 quod
1522 3219 1553 3253 a
1591 3216 1767 3256 somno

178 3287 382 3345 surgens
409 3275 544 3345 dicit
576 3274 629 3345 in
656 3290 713 3326 eo
727 3290 749 3345 :A
771 3271 881 3343 Ego
909 3271 1146 3338 dormivi,
1168 3284 1214 3328 et
1243 3271 1478 3327 somnum
1506 3275 1635 3345 cepi,
1656 3286 1761 3327 etc.

181 3340 389 3411 (Psalm.
427 3344 535 3416 ιιι).
581 3342 779 3397 Deinde
799 3340 852 3397 in
882 3347 1044 3416 primo
1074 3357 1322 3399 nocturno
1349 3362 1439 3399 sea:
1470 3340 1695 3414 psalmos
1721 3355 1768 3396 et

180 3424 389 3488 quatuor
416 3416 673 3488 lectiones
700 3431 813 3468 cum
850 3415 1057 3488 totidem
1086 3419 1422 3488 responsoriis
1458 3418 1658 3470 cantari
1684 3418 1773 3471 in-

180 3486 331 3559 stituit
364 3498 447 3540 :et
478 3486 707 3540 totidem
742 3488 793 3538 in
817 3486 1042 3540 secundo
1066 3504 1084 3553 ;
1130 3486 1218 3559 per
1247 3488 1340 3541 hoc
1364 3490 1517 3542 vitam
1544 3499 1771 3543 contem-

182 3554 412 3622 plativam
448 3560 708 3620 inﬂuens,
740 3567 785 3610 et
805 3560 1041 3611 activam.
1075 3554 1327 3613 Senarius
1366 3562 1502 3614 enim
1544 3564 1774 3628 psalmo-

181 3641 285 3704 rum
316 3645 572 3704 numerus
598 3630 752 3680 vitam
779 3629 1016 3704 designat
1046 3631 1283 3704 activam,
1306 3632 1361 3684 in
1389 3648 1490 3704 qua
1511 3648 1601 3685 sex
1616 3650 1773 3704 Opera

181 3700 549 3755 misericordiae
579 3702 811 3752 convenit
843 3702 1064 3753 exerceri
1090 3744 1105 3769 ,
1134 3701 1175 3753 si
1202 3706 1315 3770 quis
1357 3702 1425 3754 ad
1456 3700 1775 3770 contempla-

185 3772 286 3820 tivte
315 3774 430 3844 vine
456 3771 837 3844 perfectionem
859 3773 1070 3825 voluerit
1099 3775 1379 3844 pervenire,
1400 3790 1515 3843 qua:
1535 3790 1623 3842 per
1644 3792 1777 3844 qua-

183 3840 630 3915 tuorEvangelia
675 3842 977 3915 designatur
1002 3882 1018 3907 ,
1063 3840 1109 3897 et
1158 3860 1246 3913 per
1281 3840 1501 3912 quatuor
1536 3840 1775 3901 lectiones

181 3911 406 3986 similiter
433 3911 720 3986 figuratur.
750 3912 1114 3979 Quaternarius
1142 3911 1609 3986 quidemjnumerus
1638 3920 1777 3984 apud

186 3983 453 4037 monachos
475 3983 817 4050 'quadratam
845 3983 1208 4050 stabilitatem,
1240 3996 1286 4038 et
1317 3983 1681 4054 Evangelicam
1723 3990 1778 4044 in

181 4057 362 4108 sanctis
384 4057 635 4127 exprimit
673 4073 691 4109 :
718 4072 808 4129 seu
831 4058 1219 4129 quadruplicem
1244 4073 1448 4129 sensum
1479 4056 1779 4125 Scriptura-

182 4140 312 4198 rum,
342 4142 558 4197 propter
588 4127 869 4198 quadrigas
899 4127 1180 4182 Aminadab
1198 4169 1213 4193 ,
1244 4128 1299 4181 id
1320 4138 1390 4182 est
1420 4129 1734 4184 historialem
1759 4173 1774 4197 ,

184 4196 517 4266 allegoricum
542 4240 557 4261 ,
590 4196 963 4273 tropologicum
990 4241 1005 4263 ,
1041 4210 1086 4253 et
1117 4200 1481 4273 anagogicum.
1526 4201 1591 4253 In
1630 4196 1776 4258 tertio

183 4282 299 4320 vero
324 4278 579 4322 nocturno
606 4271 706 4323 tria
733 4268 947 4325 Cantica
986 4274 1184 4324 cantari
1207 4268 1428 4324 insiituit
1452 4313 1465 4332 ,
1496 4273 1547 4325 in
1573 4274 1777 4327 laudem

184 4335 541 4413 Trinitatis,a
563 4358 667 4410 qua
689 4341 833 4394 nobis
852 4344 967 4395 vitw
987 4342 1351 4413 perfectionem
1372 4342 1490 4396 dari
1514 4360 1628 4396 cum
1650 4346 1777 4399 cha-

184 4410 336 4484 ritate
376 4412 637 4465 credimus
680 4424 727 4484 et
770 4428 1056 4483 speramus,
1080 4410 1202 4470 vetc.
1248 4413 1410 4484 (Lib.
1440 4429 1473 4467 ν
1510 4415 1774 4470 Rational.

185 4497 306 4556 cap.
327 4483 386 4556 1"),
419 4494 469 4536 et
499 4499 565 4556 ea:
592 4499 649 4537 eo
670 4480 829 4537 Jcan.
864 4480 1108 4539 Selethus
1138 4488 1188 4537 in
1216 4480 1402 4556 eirplic.
1456 4485 1611 4556 Ofﬁc.
1656 4504 1773 4555 cap.

186 4551 471 4624 23).,Hazc
501 4554 608 4609 ille.
642 4556 810 4621 Quem
841 4567 895 4610 et
925 4558 1042 4624 ejus
1071 4551 1415 4611 abbreviator
1445 4551 1597 4612 Ju'an.
1629 4551 1782 4610 Sele-

188 4623 321 4675 tbus
353 4637 577 4679 secutus
606 4638 708 4681 est.
737 4626 909 4681 Porro
939 4623 1037 4681 cur
1078 4629 1129 4679 in
1162 4626 1433 4696 Vesperis,
1466 4642 1559 4681 seu
1587 4628 1779 4689 Ofﬁcio

194 4696 510 4756 Vespertino
542 4712 645 4767 non
670 4698 953 4753 duodecim
988 4698 1203 4767 psalmi,
1236 4698 1485 4753 similiter
1513 4708 1571 4753 ut
1602 4701 1654 4751 in
1682 4715 1777 4751 nu-

190 4770 394 4817 cturno
422 4803 438 4827 ,
474 4766 565 4820 sed
608 4769 887 4835 pauciores
933 4785 961 4823 a
1006 4770 1068 4823 Β.
1110 4770 1403 4823 Benedicto
1428 4810 1443 4832 ,
1476 4778 1529 4823 et
1560 4772 1627 4822 ab
1656 4770 1775 4823 aliis

189 4836 505 4908 praescripti
554 4836 667 4891 sint
691 4882 706 4903 ,
734 4855 892 4895 causa
925 4840 1092 4895 fuisse
1123 4841 1357 4905 videtur,
1388 4841 1527 4908 quod
1556 4840 1773 4894 illorum

190 4908 310 4981 loco
342 4907 769 4981 Completorium
816 4923 938 4981 post
968 4911 1230 4981 Vesperas
1268 4907 1567 4966 institutum
1611 4922 1666 4965 et
1698 4914 1779 4964 in-

190 4978 504 5053 traductum
530 4980 707 5036 fuerit.
736 4978 869 5037 Nam
896 4978 1129 5036 ol'liciuin
1154 4982 1501 5053 Completorii
1525 4998 1630 5037 non
1654 4998 1776 5038 esse

189 5063 343 5123 aque
375 5051 657 5120 antiquum
688 5098 702 5119 ,
743 5070 807 5107 ac
846 5054 1075 5108 aliarum
1106 5051 1359 5108 horarum
1392 5055 1564 5109 ofﬁcia
1587 5100 1600 5123 ,
1629 5065 1775 5110 recte

191 5122 506 5177 observavit
555 5123 873 5192 Radulpbus
903 5125 1234 5190 Tungrensis
1264 5126 1312 5176 in
1349 5127 1482 5180 libro
1504 5127 1568 5179 de
1590 5122 1775 5182 Cano-

190 5207 317 5267 nunt
342 5193 726 5267 observatione
749 5210 965 5265 propos.
983 5197 1007 5250 1
1023 5202 1069 5249 t.
1099 5195 1305 5267 Iudicat
1325 5197 1536 5263 quidem
1563 5207 1774 5267 tempus

191 5262 544 5331 Completorii
598 5262 936 5323 subobscure
979 5268 1037 5319 S.
1086 5262 1407 5320 Ambrosius
1453 5269 1549 5323 lib.
1601 5262 1777 5323 ιιιήο

192 5331 529 5407 Virginibus.
571 5338 678 5392 Sed
709 5353 967 5407 expre-sa
1013 5342 1213 5391 mentio
1255 5338 1521 5391 invenitur
1546 5341 1776 5407 primum

191 5406 345 5483 apud
365 5402 592 5483 Grlteco‘s
628 5411 683 5483 i_n
710 5402 929 5477 [tegulis
974 5408 1249 5483 D.,Basilii
1284 5410 1450 5461 fusius
1490 5402 1779 5477 disputatis

190 5488 246 5549 ιι..
276 5475 381 5549 37.
424 5476 580 5548 Apud
632 5475 856 5534 Latinos
896 5475 1076 5534 autem
1126 5490 1179 5534 et
1228 5494 1421 5533 nomen
1469 5490 1524 5533 et
1570 5475 1781 5549 tempus

193 5546 552 5621 (gompleto‘rii
582 5551 821 5619 primum
860 5550 1129 5605 invenitur
1159 5552 1212 5605 in
1242 5551 1447 5621 Regula
1498 5550 1558 5603 Ι).
1610 5546 1782 5606 Bene-

192 5616 320 5671 dicti
351 5634 480 5687 cap.
512 5616 600 5676 16'.
1326 5616 1349 5621 ⁷
1766 5646 1769 5647 ν

264 5697 291 5724 ⁸
326 5690 806 5749 Usumlectionum
830 5693 1257 5763 antiquissimum
1281 5710 1400 5750 esse
1426 5694 1475 5748 in
1494 5692 1671 5748 ofﬁcio
1693 5708 1781 5748 ec-

192 5760 535 5837 clesiasnco,
557 5767 866 5834 praesertim
896 5760 1177 5837 nocturno,
1198 5769 1540 5837 perspicuum
1564 5774 1646 5837 est
1674 5780 1778 5818 non

193 5845 265 5887 ex
298 5832 413 5888 hoc
447 5832 646 5893 tantum
672 5838 815 5902 loco,
849 5836 944 5891 sed
968 5852 1034 5896 ex
1059 5832 1243 5895 multis
1284 5832 1404 5894 aliis
1436 5836 1777 5906 antiquitatis

1796 1964 1844 2023 B

1874 1141 2222 1196 testimoniis.
2269 1142 2513 1213 Justinus
2562 1140 2765 1213 Martyr
2814 1140 2866 1196 in
2917 1139 3181 1212 Apologia
3225 1140 3460 1213 secunda

1867 1213 1972 1285 sub
2004 1213 2161 1267 linem
2190 1212 2322 1285 dicit
2346 1230 2371 1285 ί
2402 1212 2671 1285 Lectiones
2700 1211 2779 1285 :ex
2821 1213 3091 1285 apostolis,
3124 1221 3171 1265 et
3199 1211 3461 1285 prapltetis
3486 1232 3491 1241 λ

1868 1284 1921 1336 in
1953 1294 2202 1337 conventu
2229 1283 2599 1355 [idaliumdlegi
2630 1282 2831 1337 solitas.
2855 1282 3168 1339 L‘oncillum
3201 1282 3463 1338 Laudice-

1870 1369 1999 1408 num
2030 1364 2154 1408 ante
2181 1368 2354 1407 annos
2388 1353 2843 1409 mille'ducentos
2874 1355 3207 1409 celebratum
3241 1355 3455 1419 statuit,

1868 1436 1923 1478 ut
1955 1425 2169 1493 psalmis
2220 1424 2464 1496 lectiones
2497 1425 2974 1496 (interponerentur.
3021 1425 3080 1481 S.
3122 1425 3457 1494 Augnsﬁnus

1870 1497 2027 1551 initio
2075 1495 2430 1564 expositionis
2493 1494 2544 1548 in
2590 1494 2818 1564 primam
2862 1496 3085 1551 Joannis
3136 1496 3455 1566 Epistulam,

1869 1570 2123 1621 meminit
2173 1566 2466 1621 leCtionum
2521 1581 2641 1635 qua:
2685 1568 2736 1620 in
2787 1568 3015 1623 ecclesia
3063 1569 3226 1624 certis
3265 1567 3457 1621 diebus

1869 1638 2089 1691 recitari
2134 1638 2433 1692 solebant:
2467 1637 2614 1703 Qua,
2652 1639 2843 1707 inquit,
2891 1639 2964 1691 ita
3002 1650 3118 1693 sunt
3159 1654 3367 1703 annuae,
3399 1647 3458 1692 ut

1869 1710 1987 1763 alite
2017 1726 2129 1763 esse
2155 1726 2256 1763 non
2297 1709 2509 1777 possint.
2560 1708 2735 1763 Porro
2784 1710 2835 1763 in
2871 1720 3135 1765 nocturno
3166 1708 3346 1763 ofﬁcio
3377 1711 3457 1764 le-

1869 1792 2075 1847 guntnr
2130 1780 2391 1835 lectiones
2437 1781 2520 1835 vel
2571 1796 2636 1835 ex
2683 1781 2852 1835 sacris
2898 1781 3054 1835 libris
3094 1782 3318 1847 veteris,
3363 1790 3457 1837 aut

1870 1850 1997 1904 novi
2027 1851 2382 1913 Testameuti,
2419 1859 2477 1904 ut
2522 1850 2609 1905 hic
2655 1853 2923 1906 habetur:
2966 1853 3052 1907 vel
3104 1868 3168 1906 ex
3204 1852 3443 1906 homiliis

1872 1921 2115 1985 Patrum,
2152 1923 2237 1976 vel
2267 1938 2332 1975 ex
2368 1921 2506 1976 Vitis
2548 1935 2603 1976 et
2638 1924 2805 1991 gestis
2838 1933 3167 1978 sanctorum.
3203 1922 3356 1979 Unde
3396 1922 3453 1979 itt

1870 1993 2105 2047 concilio
2148 1993 2562 2060 Carthaginensi
2606 1993 2670 2048 Ill
2722 1995 3146 2060 praescribuntur
3190 1996 3452 2051 lectiones

1869 2078 1976 2118 non
2011 2072 2215 2118 tantum
2248 2080 2315 2118 ex
2350 2065 2669 2133 Scripturis,
2700 2067 2795 2119 sed
2828 2081 2891 2120 ex
2918 2068 3065 2121 Actis
3091 2074 3146 2120 et.
3174 2066 3446 2120 Passioni-

1866 2135 1966 2190 bus
1991 2148 2310 2207 martyrum,
2340 2151 2462 2189 cuin
2507 2136 2865 2189 anniversarii
2914 2136 3032 2190 dies
3072 2152 3257 2191 eorum
3304 2137 3455 2192 cele-

1869 2207 2114 2262 brantur.
2151 2207 2229 2261 De
2260 2207 2590 2260 lectionibus
2635 2221 2769 2261 vero
2812 2223 2875 2261 ex
2924 2207 3158 2261 homiliis
3204 2207 3448 2273 Patrum,

1866 2285 2095 2349 testatur
2116 2277 2179 2331 D.
2198 2278 2561 2349 Hieronymus
2584 2278 2635 2331 in
2662 2278 2799 2331 libro
2827 2280 2892 2330 de
2914 2277 3180 2349 Scriptor.
3207 2278 3442 2349 Eccles.,

1866 2348 1961 2403 ubi
1992 2350 2123 2402 dicit
2164 2347 2446 2404 sermones
2481 2349 2538 2403 Β.
2578 2349 2808 2418 Ephrem
2843 2348 2945 2419 legi
2993 2347 3344 2419 consuevisse
3391 2349 3445 2402 in

1869 2420 2104 2474 ecclesia
2133 2432 2254 2490 post
2286 2421 2549 2475 lectiones
2570 2421 2932 2483 apostolorum
2957 2428 3014 2475 et
3039 2418 3444 2490 prOphetarum.

1870 2490 1937 2545 Et
1965 2492 2019 2544 [).
2060 2489 2382 2545 Benedictus
2423 2506 2542 2560 cap.
2588 2494 2620 2547 9
2647 2492 2868 2560 Regulae
2904 2510 2915 2545 :
2956 2491 3202 2554 Codices,
3246 2489 3442 2558 iuqttit,

1869 2562 2105 2631 legantur
2126 2564 2177 2614 in
2205 2564 2395 2631 vigiliis
2412 2603 2427 2627 ,
2453 2572 2556 2616 tant
2584 2565 2762 2618 veteris
2787 2562 3095 2617 Testamenti
3118 2578 3270 2631 quam
3296 2564 3412 2614 novi
3430 2602 3445 2624 ,

1868 2633 2061 2688 divina:
2089 2635 2413 2689 auctoritatis
2444 2650 2462 2687 :
2488 2634 2579 2687 sed
2604 2646 2649 2687 et
2674 2635 3017 2705 expositiones
3045 2650 3241 2696 earum,
3274 2649 3392 2705 qua:
3418 2651 3450 2686 a

1868 2706 2293 2760 nominatissimis
2360 2706 2660 2759 doctoribus
2713 2703 3013 2759 orthodoxis
3082 2713 3129 2759 et
3179 2703 3449 2759 catholicis

1872 2776 2115 2830 Patribus
2146 2777 2283 2847 facta
2303 2787 2442 2830 sunt.
2467 2776 2543 2829 De
2572 2779 2765 2847 ordine
2796 2791 2945 2842 vero,
2985 2792 3208 2830 numero
3232 2785 3286 2829 et
3312 2785 3452 2847 tem-

1871 2861 2003 2916 pore
2048 2845 2341 2901 lectionum
2392 2850 2541 2915 plura
2590 2846 2837 2902 Gelasius
2870 2850 3105 2915 pontifex
3137 2847 3279 2911 apud
3313 2845 3449 2901 Gra-

1870 2920 2095 2983 tianum,
2131 2918 2256 2971 dist.
2291 2917 2378 2983 15,
2409 2932 2533 2973 can.
2561 2916 2753 2972 Sancta
2780 2918 3041 2986 Romana,
3072 2931 3123 2973 et
3151 2916 3449 2987 Gregorius

1870 2992 2133 3056 septimus
2164 2990 2215 3041 in
2248 2990 2483 3041 CttthliltI
2515 2990 2773 3055 generali.
2809 2988 2957 3044 Unde
2989 2998 3166 3044 exstat
3195 3004 3366 3044 canon
3397 2991 3451 3045 in

1870 3058 1989 3113 haec
2018 3060 2177 3113 verba
2214 3077 2225 3111 :
2258 3059 2323 3113 In
2352 3060 2436 3113 die
2464 3059 2872 3113 Resurrectionis
2900 3077 3060 3125 usque
3086 3063 3154 3115 ad
3184 3062 3451 3116 sabbatum

1869 3132 1925 3184 in
1974 3129 2138 3204 Albis,
2187 3141 2231 3184 et
2276 3134 2329 3184 in
2383 3132 2463 3184 die
2512 3131 2833 3186 Pentecostes
2868 3149 3024 3204 usque
3078 3134 3129 3186 in
3185 3133 3451 3187 sabbatum

1871 3202 2125 3274 ejusdem,
2160 3213 2261 3256 tres
2295 3204 2520 3269 psalmos
2560 3212 2757 3256 tantum
2801 3206 2866 3258 ad
2913 3202 3210 3268 nocturnos,
3254 3215 3452 3273 tresque

1871 3274 2113 3348 lectiones
2137 3276 2345 3348 antiquo
2378 3290 2515 3328 more
2543 3289 2809 3329 cantamus
2848 3286 2895 3329 et
2936 3277 3167 3348 legimus.
3200 3275 3451 3330 Uinnibus

1797 3354 1843 3417 ρ
1875 3344 2051 3398 diebus
2080 3347 2197 3399 aliis
2225 3362 2313 3418 per
2337 3355 2498 3400 totum
2536 3364 2751 3411 annum,
2783 3349 2827 3401 si
2853 3344 3098 3417 festivitas
3138 3358 3235 3413 est,
3276 3363 3451 3400 novem

1875 3420 2099 3486 psalmos
2122 3428 2169 3471 et
2212 3435 2387 3471 novem
2426 3418 2666 3473 lectiones
2692 3419 2928 3473 dicimus.
2958 3421 3088 3475 Aliis
3116 3436 3231 3472 vero
3271 3418 3451 3486 diebus

1876 3485 2148 3541 duodecim
2175 3488 2403 3559 psalmos
2427 3499 2475 3543 et
2504 3502 2604 3543 tres
2632 3492 2871 3544 lectiones
2902 3495 3192 3545 recitamus.
3237 3486 3304 3559 In
3341 3485 3451 3559 Do-

1874 3560 2074 3633 minicis
2103 3558 2279 3614 diebus
2303 3560 2577 3614 octodecim
2606 3562 2829 3632 psalmos
2868 3562 3107 3633 (excepto
3130 3558 3451 3633 disponito:

1875 3640 1925 3683 et
1957 3628 2300 3701 Pentecostes)
2325 3642 2372 3685 et
2406 3648 2583 3684 novem
2607 3627 3125 3685 "lectiones'dicin'ius.
3158 3627 3248 3681 Illi
3279 3640 3450 3681 autem

1875 3702 1962 3769 qui
1999 3702 2051 3753 in
2079 3705 2390 3770 quotidianis
2430 3702 2610 3754 diebus
2637 3712 2736 3754 tres
2779 3711 2979 3753 tantum
3008 3702 3232 3770 psalmos
3269 3709 3316 3749 et
3347 3707 3450 3749 tres

1877 3774 2119 3825 lectiones
2160 3774 2414 3826 celebrare
2450 3771 2653 3837 volunt,
2692 3786 2795 3822 non
2825 3785 2887 3822 ea:
2934 3770 3112 3839 regula
3137 3776 3450 3839 sanctorum

1876 3840 2118 3909 Patrum,
2161 3845 2249 3896 sed
2285 3860 2347 3896 ex
2372 3841 2580 3911 fastidio
2607 3849 2653 3893 et
2682 3838 3003 3909 negligentia
3032 3838 3311 3910 probantur
3356 3838 3449 3891 hoc

1875 3914 2062 3983 facere.
2089 3913 2213 3967 Huic
2245 3914 2339 3967 ibi.

1946 3984 1974 4023 δ
2000 3985 2271 4053 Suspicari
2302 3982 2423 4054 quis
2450 3990 2634 4053 posset
2678 3981 2819 4037 diem
2852 3982 3060 4038 sabbati
3096 3997 3191 4046 pro
3230 3980 3447 4046 eodem,

1881 4071 2077 4123 nempe
2099 4058 2187 4110 die
2214 4056 2494 4111 Dominico
2519 4069 2852 4127 synonymos
2878 4055 2965 4109 ltic
2998 4054 3193 4123 accipi.
3218 4054 3291 4106 ob
3320 4056 3453 4107 (ξοη-

1875 4128 2213 4194 iunctionem
2247 4127 2380 4200 (vel)
2407 4144 2507 4197 qua
2538 4126 2766 4200 alterum
2794 4126 2863 4180 ab
2906 4127 3077 4200 altero
3118 4127 3327 4200 videtur
3348 4140 3452 4200 eit-

1879 4201 2043 4267 poni.
2065 4201 2127 4252 Et
2157 4196 2282 4267 quia
2308 4196 2600 4254 sabbatum
2622 4198 2931 4255 Iudaeorum
2968 4200 3019 4251 in
3046 4199 3185 4251 diem
3215 4196 3451 4250 domini-

1879 4283 2001 4323 cum
2032 4270 2170 4335 apud
2200 4268 2538 4325 Christianos
2564 4278 2825 4325 mutatum
2858 4272 2945 4324 sit.
2990 4275 3056 4323 At
3090 4284 3194 4323 non
3228 4271 3297 4321 ita
3325 4281 3447 4321 esse

1879 4342 2011 4412 satis
2033 4352 2216 4409 aperte
2245 4343 2513 4412 colligitur
2533 4357 2597 4395 ex
2618 4341 2741 4395 aliis
2768 4341 3009 4396 Cassiani
3041 4341 3173 4395 locis
3197 4355 3319 4393 cum
3348 4340 3450 4412 hoc

1881 4411 2125 4473 collatis,
2178 4411 2390 4478 quibus
2424 4412 2704 4467 sabbatum
2754 4427 2877 4467 cum
2924 4414 3009 4466 die
3054 4411 3332 4466 Dominico
3381 4411 3449 4464 ita

1881 4484 2263 4549 conjungitur,
2313 4493 2369 4538 ut
2419 4494 2593 4538 tamen
2642 4486 2775 4537 duos
2834 4483 3080 4537 diversos
3136 4481 3294 4550 dies,
3345 4497 3449 4535 non

1885 4568 2067 4625 unum,
2099 4554 2264 4608 luisse
2291 4556 2631 4625 signiﬁcetur
2662 4573 2674 4607 :
2707 4564 2761 4608 et
2799 4569 3087 4619 uirumque
3118 4554 3262 4608 diem
3306 4552 3450 4623 apud

1883 4622 2168 4695 Egyjitios
2194 4622 2487 4682 monachos
2528 4627 2580 4680 in
2611 4630 2723 4695 pari
2754 4627 2959 4680 honore
3000 4640 3064 4679 ac
3100 4625 3451 4679 veneratione

1886 4694 2127 4748 habitum
2185 4706 2241 4750 et
2296 4698 2411 4754 fere
2468 4694 2669 4753 eisdem
2724 4697 3060 4753 czcremoniis
3106 4696 3451 4750 observatum

1805 4737 1858 4796 D
1881 4766 2049 4820 fuisse
2080 4783 2094 4822 :
2121 4779 2347 4836 utroque
2373 4774 2514 4824 enim
2545 4770 2804 4824 lectiones
2836 4784 2904 4822 ex
2932 4784 3071 4822 novo
3101 4768 3450 4836 Testamento

1881 4838 2203 4910 recitabant,
2235 4835 2489 4896 videlicet
2533 4841 2582 4894 in
2631 4845 2842 4910 signum
2893 4840 3225 4909 Evangelicse
3254 4835 3455 4907 praedi-

1878 4909 2134 4981 cationis,
2160 4921 2215 4963 ut
2245 4911 2331 4965 hic
2366 4913 2624 4966 habetur:
2656 4909 2880 4981 utroque
2904 4911 3111 4979 jejunia
3145 4910 3450 4963 solvebant.

1880 4980 1998 5036 Lib.
2029 4998 2086 5037 ιιι
2132 4997 2250 5049 cap.
2295 4984 2349 5036 9.
2388 4984 2625 5051 Utroque
2662 4980 2910 5038 similiter
2954 4982 3019 5036 ad
3068 4981 3448 5051 refectionem,

1878 5054 1994 5106 sine
2035 5051 2333 5122 psalinodia
2373 5050 2722 5107 accedebant.
2756 5055 2870 5107 Lib.
2904 5069 2961 5107 ιιι
2992 5069 3114 5121 cap.
3147 5053 3242 5106 ult.
3277 5050 3443 5106 Utro-

1878 5138 1984 5191 que
2036 5120 2375 5191 ‘solemniter
2413 5123 2479 5171 ad
2510 5124 2823 5191 (ecclesiam
2896 5123 3289 5178 conveniebant
3316 5161 3329 5181 ,
3385 5121 3451 5171 ad

1885 5188 2171 5314 orantlgum,
2206 5188 2652 5257 sacriﬁcandum,
2686 5194 3211 5248 communicandum.
3243 5192 3361 5245 Lib.
3398 5204 3454 5243 ιιι

1885 5278 1998 5314 cao.
2073 5302 2084 5313 .

1876 5278 1998 5317 C30.
2031 5278 2084 5314 Ζ.

1986 5303 1998 5315 .
2031 5278 2084 5314 Ζ.

1945 5278 1977 5371 ’ἰ
2023 5333 2533 5403 Quinquagesimam
2558 5331 2643 5387 hic
2667 5343 2821 5388 vocat
2853 5345 3061 5395 auctor,
3095 5348 3254 5402 quam
3280 5330 3453 5386 Graeci

1882 5406 2263 5472 Pentecosten,
2303 5405 2536 5475 spatium
2584 5404 2711 5459 illud
2755 5406 3142 5473 quinquaginta
3177 5403 3388 5457 dierum
3422 5419 3451 5456 a

1882 5478 2286 5533 resurrectione
2312 5474 2561 5539 Domini,
2595 5490 2763 5545 usque
2799 5474 2864 5528 ad
2900 5478 3189 5529 adventum
3217 5475 3457 5544 Spiritus

1885 5554 2086 5614 sancti;
2120 5551 2393 5619 utiturque
2419 5550 2519 5603 hac
2549 5563 2676 5619 voce
2709 5560 2926 5610 rursus,
2962 5555 3016 5600 et
3045 5548 3237 5619 eodem
3282 5548 3453 5619 signi-

1886 5620 2046 5675 ﬁcatu
2078 5621 2171 5675 lib.
2207 5637 2241 5674 n
2270 5616 2390 5691 cap.
2424 5622 2509 5685 l8,
2546 5633 2596 5675 et
2632 5616 2828 5691 Collat.
2854 5620 2917 5672 21
2954 5631 3073 5691 cap.
3111 5618 3163 5671 8.
3203 5616 3457 5691 Rabanus

1888 5692 2028 5746 hanc
2058 5702 2215 5746 vocat
2242 5689 2749 5763 Quinquagesimam
2786 5689 3127 5753 Pascitalem,
3154 5694 3218 5745 ad
3265 5689 3458 5745 distin-

1887 5763 2125 5818 ctionetn
2158 5765 2378 5817 alterius
2408 5764 2899 5833 Quinquagesimw,
2928 5778 3044 5829 qum
3064 5773 3147 5818 est
3171 5777 3294 5819 ante
3316 5763 3454 5833 Qua-

1887 5834 2240 5904 dragesimam
2279 5855 2288 5889 :
2325 5843 2379 5889 et
2409 5835 2479 5890 de
2504 5832 2730 5906 utraque
2767 5832 2882 5893 hinc
2910 5837 3018 5893 alio
3049 5835 3171 5893 loco
3194 5838 3455 5894 subnota-
