4036 6218
1195 414 1425 474 CAPUT
1466 414 1574 473 VII.

1077 544 1157 605 De
1180 547 1456 619 disciplina
1486 550 1692 607 orandi;

668 685 779 743 llas
820 686 985 758 igitur
1028 686 1319 756 praedictas
1360 687 1643 746 orationes
1686 686 1788 745 boc
1835 687 1999 746 modo
2044 688 2182 746 inci-

595 790 776 853 piunt,
836 791 1000 852 atque
1043 788 1447 846 consummant.
1494 791 1558 839 ut
1598 781 1748 839 ﬁnito
1794 784 2020 852 psalmo,
2068 798 2179 843 non

594 876 774 929 statim
806 873 871 928 ad
900 875 1324 929 incurvationem
1347 889 1584 945 genuum
1612 884 1892 942 corruant,
1917 875 2176 944 quemad-

594 970 810 1025 modum
840 968 1069 1024 facimus
1093 970 1143 1023 in
1170 969 1269 1025 hac
1290 971 1509 1041 regione
1538 970 1802 1038 nonnulli,
1827 972 1918 1040 qui
1942 971 2172 1031 necdum

593 1064 735 1119 bene
770 1064 922 1119 ﬁnito
952 1063 1183 1133 psalmo,
1217 1065 1269 1121 in
1302 1067 1603 1120 orationem
1632 1062 1993 1134 procumbere
2022 1065 2175 1121 lesti-

593 1170 782 1211 namus
827 1156 896 1211 ad
932 1162 959 1194 ⁸
995 1156 1335 1212 celeritatem
1385 1160 1565 1214 missae
1610 1160 1935 1228 quantocius
1976 1174 2177 1233 prope-

592 1256 793 1305 rantes.
823 1246 991 1321 Cujus
1034 1250 1161 1308 dum
1208 1251 1458 1309 volumus
1501 1252 1768 1309 excedere
1812 1253 2033 1311 modum
2077 1254 2170 1327 qui

1907 302 2023 363 JDA
2036 301 2174 361 ΝΝΙΕ

2275 302 2541 362 Αειιιριιιι
3010 314 3013 317 ί
3127 286 3133 293 ’
3755 300 3821 360 sa

2207 419 2259 484 Α
2283 417 2579 486 antiquitus
2599 432 2629 472 a
2660 416 2953 489 majoribus
2984 422 3220 475 statutus
3242 425 3348 486 est,
3380 424 3727 488 supputsates
3752 433 3828 474 re-

2286 511 2575 569 siduorum
2602 512 2933 582 psalmorum
2960 528 3270 579 numerum,
3314 511 3385 568 ad
3428 511 3588 568 ﬁnem
3635 511 3829 569 tendere

2285 618 2660 676 perurgemus,
2690 605 2761 662 de
2788 604 3085 663 reiectione
3123 606 3302 675 potius
3327 604 3457 661 lassi
3493 606 3729 673 corporis
3751 618 3828 660 eo—

2280 699 2543 768 gitantes,
2574 712 2736 768 quam
2767 698 3034 756 orationis
3062 699 3355 755 utilitatem
3386 707 3440 752 et
3462 696 3737 753 commoda
3756 712 3827 753 re-

2278 790 2584 860 quirentes.
2627 790 2784 859 Apud
2830 790 2952 848 illos
2999 805 3131 860 ergo
3158 804 3266 847 non
3296 790 3367 846 ita
3411 799 3517 855 est,
3563 790 3657 847 sed
3696 801 3828 845 aute-

2273 898 2436 954 qnsm
2467 882 2689 939 ﬂectant
2712 898 2906 953 genua,
2941 884 3219 955 pulisper
3255 890 3433 949 orant,
3466 890 3521 940 et
3560 893 3753 939 stantes
3777 883 3823 939 in

2272 975 2672 1048 supplicatione
2703 962 2963 1047 majorem
2988 977 3253 1045 temporis
3277 984 3483 1046 partem
3514 976 3822 1047 expendunt.

2271 1067 2459 1139 Itaque
2517 1078 2641 1136 post
2688 1068 2807 1126 btec
2878 1080 3081 1140 puncto
3135 1070 3461 1126 brevissimo
3510 1070 3825 1140 procidentes

2275 1163 2450 1231 humi,
2478 1161 2630 1217 velut
2650 1161 2943 1218 adorantes
2967 1171 3176 1219 tantum
3205 1162 3442 1218 divinam
3473 1162 3823 1227 clementiam,

2276 1269 2486 1310 summa
2535 1254 2827 1311 velocitate
2873 1264 3226 1328 consurgunt.
3270 1269 3334 1313 ac
3377 1252 3406 1293 δ
3450 1270 3641 1311 rursus
3680 1252 3827 1312 erecti

1648 1412 1912 1511 Διιιιῐιιιι
1950 1410 2183 1471 GAZ/El
2218 1409 2795 1470 COMMENTARIUS.

588 1549 665 1604 vit
680 1568 692 1602 :
706 1550 754 1624 Ν
759 1549 1006 1624 {tundunt
1019 1552 1155 1624 quod
1168 1569 1200 1605 a
1218 1551 1651 1623 Ouinquagesima
1660 1553 1927 1624 jejunium
1938 1551 2163 1619 incipere

589 1623 730 1689 apud
761 1621 1019 1676 Romanos
1050 1621 1391 1693 Telesphorus
1447 1621 1582 1691 papa
1634 1621 1933 1683 constituit,
1978 1631 2032 1675 ut
2073 1637 2165 1693 per

589 1704 783 1763 septem
821 1692 1165 1747 hebdomadas
1192 1692 1307 1747 ante
1338 1693 1541 1749 Pascha
1569 1708 1755 1759 corpus
1772 1693 1989 1763 jejuniis
2014 1692 2167 1747 casti-

536 1822 548 1834 ,
589 1762 803 1833 genius;
834 1773 881 1836 et
907 1763 1036 1819 alias
1078 1773 1265 1835 septem
1294 1776 1405 1836 post
1439 1765 1614 1819 Par/ta
1641 1780 1798 1831 usque
1830 1765 1884 1817 in
1919 1762 2168 1817 Penteco-

589 1845 700 1917 δέοιμι
742 1836 795 1887 in
831 1834 1013 1917 laetitia
1051 1851 1084 1889 a
1116 1834 1337 1917 jejuniis
1370 1837 1598 1917 relaxari
1646 1835 1831 1897 voluit,
1863 1846 1917 1887 ut
1946 1836 2167 1902 priorem

594 1905 1082 1977 Quinquagesimam
1109 1905 1161 1959 in
1187 1907 1499 1976 plenitudine
1531 1917 1851 1973 peccatorum
1878 1914 2167 1960 nostrorum

590 1976 876 2045 exigamus,
909 1978 977 2031 ad
1012 1980 1401 2043 promerendam
1448 1978 1885 2040 misericordiam;
1914 1988 1959 2029 et
1987 1978 2041 2029 in
2084 1994 2166 2031 sc-

593 2049 762 2101 cunda
785 2048 1023 2103 laudibus
1045 2058 1095 2103 et
1117 2050 1432 2103 orationibus
1451 2065 1657 2119 cperam
1675 2046 1853 2103 dantes
1874 2048 2171 2103 studeamus

592 2120 853 2249 plqrveuire
875 2122 941 2175 ad
988 2121 1290 2189 promissam
1333 2120 1557 2191 Spiritus
1582 2120 1744 2174 sancti
1769 2120 2009 2188 gratiam.
2048 2119 2181 2175 Hasc'

592 2205 606 2242 ι
653 2207 704 2245 e.

592 2192 704 2245 ille.

664 2270 689 2298 ⁸
718 2260 831 2317 Hoc
855 2272 955 2327 est,
983 2263 1050 2317 ad
1080 2262 1237 2317 ﬁnem
1260 2300 1274 2325 ,
1301 2278 1396 2317 seu
1426 2262 1870 2318 acceleratiouem
1901 2258 2066 2317 ofﬁcii
2092 2261 2174 2316 di-

592 2330 699 2386 vini
732 2334 1065 2397 festinantes,
1097 2347 1189 2388 aut
1222 2334 1521 2398 tendentes,
1552 2343 1610 2388 ut
1640 2335 1771 2387 intra
1801 2334 1909 2393 ait;
1946 2348 2073 2395 non,
2105 2332 2171 2387 ad

591 2405 959 2461 celebritatem
987 2408 1183 2465 missae.
1230 2414 1289 2460 ut
1333 2405 1489 2459 habet
1522 2405 1821 2475 Dionysius.
1848 2402 1980 2457 Nam
2012 2404 2172 2458 missa

594 2476 696 2529 hoc
745 2475 864 2529 loco
912 2488 966 2530 et
998 2479 1192 2544 passim
1242 2477 1378 2545 apud
1407 2477 1719 2530 Cassianum
1768 2490 1873 2529 non
1914 2476 2175 2543 accipitur

593 2561 692 2615 pro
716 2548 981 2603 sacriﬁcio
1032 2546 1294 2616 Iiturgico,
1327 2546 1467 2616 quod
1499 2548 1817 2601 sacriﬁcium
1858 2545 2033 2600 Missae
2075 2561 2170 2613 ap-

631 2617 853 2681 ellatur;
885 2618 980 2674 sed
1009 2633 1106 2684 pro
1137 2618 1412 2687 missione,
1442 2632 1540 2673 seu
1562 2618 1897 2683 dimissione,
1929 2632 2047 2686 qua:
2080 2619 2175 2669 tie-

632 2697 687 2741 at
718 2700 938 2755 peracto
983 2688 1162 2742 ofﬁcio
1191 2689 1392 2749 divino.
1429 2690 1755 2755 psalmodia,
1791 2687 1879 2741 vel
1908 2689 2171 2753 oratione,

596 2758 661 2811 ad
690 2774 845 2821 quam
889 2760 1133 2814 monachi
1179 2770 1580 2826 convenerant,
1607 2760 1723 2817 sive
1769 2757 2031 2823 interdiu,
2059 2759 2176 2812 sive

598 2839 800 2884 noctu:
844 2832 1290 2900 quemadmodum
1336 2833 1618 2886 collectam
1666 2829 1801 2884 dixit
1851 2827 2038 2883 Cicero
2078 2844 2176 2896 pro

596 2901 916 2972 collectione
946 2902 1129 2971 stipis;
1161 2903 1438 2958 remissam
1462 2902 1520 2957 S.
1546 2902 1844 2972 Cyprianus
1865 2914 1961 2967 pro
1990 2902 2179 2972 remis-7

598 2971 752 3026 sione
781 2970 1151 3039 peccatorum;
1185 2975 1403 3038 probam
1430 2974 1519 3028 alii
1550 2970 1646 3042 pro
1676 2972 2009 3041 probatione,
2041 2979 2095 3024 et
2111 2970 2176 3042 id

598 3056 764 3110 genus
793 3044 917 3098 alia.
950 3045 1056 3101 Sed
1086 3053 1142 3099 et
1162 3046 1399 3107 mittere,
1428 3053 1483 3098 et
1510 3041 1729 3098 missum
1757 3044 1931 3099 facere
1964 3058 2057 3110 pro
2090 3041 2175 3096 di-

601 3117 815 3170 mittere
841 3115 970 3169 aetis
991 3117 1261 3185 vulgatum
1292 3125 1393 3171 est.
1424 3116 1607 3183 itaque
1629 3116 1784 3169 missa
1816 3122 2083 3177 nocturna,
2111 3114 2179 3185 de

597 3200 700 3251 qua
744 3186 795 3238 in
822 3184 1141 3255 argumento
1161 3187 1348 3255 capitis
1376 3187 1463 3250 t5,
1492 3202 1601 3241 non
1623 3186 1769 3240 aliud
1802 3196 1883 3241 est
1911 3200 2069 3253 quam
2094 3184 2175 3238 di-

600 3256 786 3310 missio
810 3255 929 3324 illa,
970 3272 1091 3326 quae
1121 3270 1279 3312 noetu
1328 3271 1542 3322 peracta
1574 3259 1818 3311 oratione
1850 3258 2059 3326 publica
2087 3256 2180 3310 ﬁe-

598 3326 711 3391 bat,
734 3328 947 3396 quando
976 3330 1202 3397 quisque
1227 3331 1616 3382 monachorum
1642 3328 1767 3381 dato
1800 3330 1956 3393 signo
1979 3325 2044 3378 ad
2072 3326 2179 3397 cel-

599 3396 760 3453 lulam
790 3412 943 3453 suam
968 3396 1027 3455 se
1048 3398 1361 3466 recipiebat.
1390 3399 1451 3455 Et
1478 3401 1528 3455 in
1555 3401 1729 3460 titulo,
1753 3412 1872 3467 cap.
1904 3396 1992 3462 15,
2017 3396 2179 3453 missa

598 3473 906 3525 orationum
956 3481 1040 3526 est
1086 3470 1199 3535 ipsa
1255 3469 1501 3525 dimissio
1545 3471 1612 3524 ab
1658 3468 1924 3524 oratione.
1952 3467 2179 3532 Rursus,

599 3540 693 3597 lib.
726 3556 785 3597 ιιι
814 3558 934 3610 cap.
968 3542 1022 3607 7,
1045 3541 1090 3596 is
1120 3542 1207 3599 «iui
1239 3542 1564 3597 tardiuscule
1593 3540 1657 3595 ad
1687 3541 1980 3595 oratorium
2020 3553 2179 3594 acce-

598 3613 706 3675 dit,
722 3614 961 3685 iubetur,
976 3628 1078 3683 pro
1098 3611 1488 3685 foribns_totius
1521 3612 1934 3685 congregationis
1967 3613 2181 3685 missam

598 3684 907 3753 praestolari.
934 3682 1003 3741 Et
1030 3699 1147 3753 cap.
1183 3685 1215 3740 8
1248 3702 1260 3737 :
1294 3683 1530 3739 Contenti
1557 3682 1736 3739 somno
1758 3684 1845 3753 qui
1890 3682 2034 3736 nobis
2066 3692 2180 3749 post

598 3756 885 3826 vigiliarum
906 3758 1110 3811 missam
1131 3773 1289 3827 usque
1318 3756 1384 3810 ad
1412 3754 1545 3811 lucis
1561 3760 1833 3809 aduentum
1857 3754 2176 3827 indulgetur.

602 3825 802 3889 Quibus
835 3830 968 3883 locis
991 3831 1152 3883 missa
1187 3825 1483 3897 vigiliarum
1517 3840 1609 3883 aut
1636 3825 2069 3897 congregationis
2096 3831 2181 3879 est

602 3898 716 3964 ipsa
750 3898 990 3953 ditnissio
1013 3916 1039 3951 a
1067 3896 1261 3965 vigiliis
1283 3908 1338 3953 et
1368 3902 1806 3968 congregatione,
1836 3897 1963 3951 dum
1998 3896 2178 3968 iisab-

601 3968 793 4022 solutis
821 3970 1014 4034 cuique
1061 3970 1126 4023 ad
1153 3986 1247 4024 sua
1296 3966 1493 4024 reverti
1542 3970 1758 4024 licebat.
1790 3968 1997 4021 Rur~us
2042 3966 2177 4018 libro

601 4036 899 4095 undecimo.
936 4040 1109 4105 capite
1138 4041 1349 4093 decimo
1377 4042 1586 4105 quinto,
1607 4038 1767 4093 Missa
1792 4037 2181 4091 catechumeno-

599 4125 714 4161 rum
742 4116 824 4162 est
852 4110 965 4179 ipsa
1005 4108 1267 4174 dimissio,
1294 4125 1395 4176 qua
1423 4110 1685 4162 diaconus
1721 4112 1857 4179 lecto
1887 4106 2179 4179 Evangolto

604 4184 657 4234 in
708 4175 886 4235 Miseni
928 4180 1196 4234 sacriﬁcio
1259 4175 1679 4233 catechumenos
1728 4177 1878 4232 exire
1921 4175 2176 4244 jubebat,

639 4251 913 4319 riusquam
930 4250 1182 4305 sacerdos
1200 4249 1475 4305 tremenda
1497 4250 1748 4317 mysteria
1770 4248 2177 4319 aggrederetur.

643 4316 830 4375 auctus
859 4334 1073 4389 quoque
1100 4320 1420 4376 Benedictus
1451 4319 1503 4375 in
1536 4316 1738 4388 Regula
1767 4316 1863 4374 sua
1891 4316 2054 4388 (Cap.
2086 4318 2177 4389 l7)

602 4392 823 4446 missam
853 4392 932 4446 sic
976 4389 1273 4457 intellexit,
1301 4406 1423 4446 cum
1470 4404 1589 4461 post
1628 4392 2002 4460 praescriptum
2034 4389 2176 4461 Δοηί-

600 4465 739 4516 cium
756 4462 1027 4532 subiungit
1046 4481 1057 4516 :
1079 4461 1143 4517 Et
1167 4465 1333 4517 missis
1346 4458 1496 4530 ﬁant,
1520 4463 1631 4530 vel,
1652 4464 1821 4517 missa:
1846 4458 1968 4529 sint,
1998 4458 2048 4515 id
2070 4473 2175 4526 est,

603 4533 774 4587 Oﬁcio
818 4536 1067 4589 absoluto
1101 4534 1441 4589 dimittantur
1469 4537 1676 4589 fratres.
1710 4533 1852 4587 Hinc
1880 4534 2033 4586 etiam
2062 4534 2178 4602 (ait

598 4604 870 4677 Cotiychius
895 4603 915 4677 )
944 4623 974 4657 α
998 4607 1201 4677 gemina
1236 4606 1474 4660 missione
1494 4648 1509 4673 ,
1556 4622 1670 4676 quae
1698 4606 1751 4660 in
1788 4605 2044 4677 sacriﬁcio
2091 4621 2178 4677 eu-

599 4675 870 4731 charistico
896 4675 1024 4733 olim
1065 4677 1237 4745 ﬁebat,
1271 4680 1323 4733 in
1349 4675 1575 4745 quorum
1610 4678 1779 4747 priore
1805 4676 2173 4741 catecltumeni,

2270 1550 2520 1625 generalis
2546 1558 2817 1625 conventus
2860 1551 3106 1625 celebrari
3130 1553 3277 1625 solet,
3319 1552 3409 1623 qui
3438 1570 3528 1621 per
3558 1553 3828 1625 hujusmodi

2271 1622 2703 1676 denuntiationem
2734 1623 2990 1676 licentiam
3021 1624 3315 1679 discedendi
3343 1627 3577 1691 accipere
3598 1622 3738 1679 solet.
3760 1625 3827 1679 Ad

2272 1692 2572 1768 quotidiana
2600 1701 2773 1768 autem
2800 1692 3079 1768 Missurum
3123 1696 3375 1750 solemnia
3413 1712 3519 1750 non
3548 1697 3827 1768 generaliter

2272 1762 2333 1814 ab
2372 1763 2624 1836 omnibus,
2655 1766 2744 1818 sed
2770 1780 2804 1818 a
2826 1766 3078 1836 religiosis
3105 1768 3422 1834 convenitur,
3452 1762 3680 1835 qui'plus
3701 1767 3831 1835 spiri-

2274 1834 2498 1921 tualibus'
2515 1836 2727 1921 negotiis
2743 1851 2899 1921 quom
2918 1834 3250 1921 iaeeularibus
3267 1834 3674 1921 invigilant,qui
3698 1834 3738 1891 et
3766 1854 3831 1891 re-

2276 1904 2434 1980 liqua,
2464 1904 2591 1980 dunt
2604 1904 2933 1980 Δζίεειίοῆξιῂιι
2956 1908 3183 1975 quotidie
3206 1904 3553 1980 frequentant.
3572 1904 3708 1978 Ergo
3730 1925 3833 1962 con-

2197 1968 2246 2035 Β
2273 1968 2529 2047 veniente}
2556 1977 2658 2029 illis
2684 1968 3060 2047 padfblissdrn,
3095 1989 3151 2031 ut
3186 1968 3305 2033 non.
3329 1982 3502 2035 statim
3554 1968 3829 2042 disiedant,

2273 2047 2361 2101 sed
2383 2055 2437 2099 ut
2470 2045 2745 2100 Dominum
2773 2047 3089 2112 benedicunt,
3117 2050 3467 2105 denuntiatur.
3515 2052 3654 2105 Huic
3692 2066 3833 2104 asser-

2274 2118 2399 2171 tioni
2430 2126 2479 2170 et
2508 2120 2845 2190 ecclesiastica
2866 2120 3179 2173 consuetudo
3206 2123 3404 2176 videtur
3422 2123 3711 2190 astipulari,
3732 2123 3834 2190 quia

2274 2205 2391 2242 cum
2433 2190 2544 2261 Ire.
2578 2188 2739 2261 Missa
2784 2205 2900 2255 ss'r,
2933 2191 3170 2256 dicimus,
3196 2192 3264 2244 ad
3310 2188 3561 2261 pupulum
3600 2188 3833 2257 vertimur,

2273 2276 2418 2323 quem
2467 2259 2726 2315 discedere
2764 2261 3006 2329 jubentus
3044 2278 3061 2315 :
3102 2278 3217 2314 cum
3268 2259 3434 2317 autem
3485 2264 3835 2319 BBNEDICAIUI

2274 2330 2523 2403 DormioL
2551 2332 2765 2385 dicimus
2787 2373 2801 2395 ,
2834 2348 2936 2385 non
2961 2333 3029 2385 ad
3056 2333 3329 2403 populum,
3376 2334 3464 2391 sed
3494 2336 3567 2388 ad
3596 2336 3766 2397 altare,
3791 2334 3833 2387 id

2274 2412 2367 2475 est,
2400 2404 2466 2475 ad
2494 2401 2765 2475 Dominum
2793 2406 3050 2465 uertimur,
3092 2401 3282 2474 nosque
3309 2407 3441 2475 ipsos
3471 2423 3575 2459 non
3605 2412 3668 2460 ad
3688 2406 3834 2458 disce-

2276 2471 2531 2534 dendum,
2562 2474 2649 2526 sed
2679 2474 2747 2525 ad
2791 2471 3206 2527 benedicendum'
3238 2471 3454 2529 Domino
3498 2478 3831 2531 adhortantur.

2278 2542 2401 2596 Haec
2433 2544 2777 2610 Mtcrologus,
2802 2544 2866 2597 ad
2917 2546 3075 2610 hujus
3117 2546 3215 2599 loci
3244 2547 3584 2614 aliorumque
3624 2547 3835 2602 elucida-

2277 2614 2500 2679 tionem,
2531 2624 2585 2670 et
2620 2615 2684 2669 ad
2715 2614 2959 2669 vocabuli
3002 2615 3177 2670 Missas
3222 2616 3635 2683 intelligentiam
3668 2632 3835 2685 perop-

2278 2697 2527 2809 Ezrlusttza.
2574 2686 2725 2754 Vide,
2755 2686 2802 2741 si
2830 2686 2998 2751 lubet,
3026 2686 3336 2742 Durandum
3376 2687 3470 2745 lib.
3513 2706 3569 2746 tv
3614 2690 3836 2746 Rationa.

2346 2771 2397 2809 ο.
2498 2796 2511 2809 .

2276 2770 2397 2809 030.
2422 2770 2511 2809 Ol.

2345 2771 2638 2884 gnidiierte
2667 2828 2911 2901 diversos
2940 2838 3123 2901 gestus
3167 2838 3221 2887 et
3255 2832 3500 2901 corporis
3553 2834 3684 2890 situs
3710 2840 3839 2888 vete-

2277 2913 2395 2953 rum
2429 2901 2815 2956 monachorum
2844 2900 2899 2956 in
2948 2900 3142 2956 divinis
3192 2900 3385 2958 ofﬁciis
3414 2904 3770 2967 celebrandis,
3794 2908 3839 2955 et

2278 2971 2532 3037 precibus
2578 2971 2885 3037 lundendis,
2937 2987 3167 3041 quorum
3196 3044 3199 3045 ν
3224 2975 3477 3043 pra-cipui
3518 2985 3743 3045 quatuor
3770 2974 3843 3028 hic

2278 3053 2553 3099 notantur.
2586 3046 2717 3098 Nam
2751 3053 2966 3099 orantes
2995 3054 3049 3099 et
3074 3044 3365 3114 psallentes
3415 3044 3582 3102 modo
3619 3048 3839 3106 stetisse,

2280 3114 2447 3168 erecti
2479 3114 2729 3167 nimirum
2777 3116 2829 3168 in
2880 3113 3066 3183 pedes,
3115 3116 3359 3169 manibus
3404 3120 3573 3172 etiam
3613 3119 3664 3174 in
3694 3118 3840 3172 altum

2280 3184 2502 3240 sublatis
2528 3194 2582 3239 et
2608 3186 2892 3255 expansis;
2936 3186 3096 3240 modo
3121 3202 3291 3254 genua
3323 3186 3580 3255 ﬂexisse;
3624 3190 3773 3243 modo
3798 3190 3841 3239 in

2282 3263 2478 3328 terram
2510 3257 2880 3328 procubuisse,
2903 3267 2957 3311 et
2978 3258 3130 3324 proni
3156 3257 3421 3323 jacuisse;
3449 3265 3616 3315 modo
3636 3260 3843 3328 denique

2282 3325 2337 3379 in
2391 3326 2712 3398 humillimis
2750 3326 2966 3382 sedibus
3008 3329 3324 3384 consedisse
3378 3325 3842 3398 perhibenturfl-It

2282 3397 2497 3467 quidem
2540 3398 2605 3451 ad
2638 3397 2868 3465 primum
2903 3398 3048 3452 illum
3076 3410 3129 3452 et
3155 3397 3449 3454 secundum
3480 3403 3672 3458 orandi
3701 3402 3842 3457 ritutu

2284 3468 2426 3539 quod
2466 3470 2679 3533 attinet,
2719 3478 3004 3539 utrumque
3046 3468 3153 3537 jam
3206 3471 3329 3525 inde
3384 3472 3451 3525 ab
3497 3476 3841 3540 apostolorum

2285 3541 2617 3608 temporibus
2643 3541 2695 3593 iu
2716 3540 2950 3595 Ecclesia
2970 3542 3222 3594 usitatum
3250 3541 3433 3605 fuisse,
3452 3553 3506 3597 et
3526 3544 3845 3599 Christianos

2284 3611 2443 3667 tuodo
2474 3620 2696 3674 stantes,
2746 3612 2904 3664 modo
2930 3609 3084 3665 ilexis
3110 3614 3340 3680 genibus
3364 3615 3597 3671 adorare
3632 3627 3845 3670 consue-

2281 3686 2427 3739 visse
2450 3698 2515 3739 ex
2544 3693 2782 3737 veterum
2814 3682 3099 3738 traditione
3124 3694 3335 3737 constat
3378 3700 3392 3737 :
3435 3696 3650 3740 servata
3686 3696 3844 3740 tamen

2283 3754 2629 3810 disdnctione
2653 3761 2953 3823 tenipurum
2983 3768 3077 3822 pro
3106 3764 3312 3809 rattune
3336 3755 3644 3826 divinorum
3669 3765 3847 3826 myste-

2284 3828 2485 3881 riorum
2525 3841 2644 3892 ulla:
2679 3827 2881 3880 eisdem
2908 3835 3417 3881 Cumtuetnorantur.
3453 3825 3587 3882 Nam
3614 3825 3746 3883 sicut
3771 3825 3848 3880 die

2283 3897 2575 3956 dominico.
2599 3898 2686 3963 qui
2719 3896 3118 3953 Resurrcctioni
3153 3895 3361 3951 Domtni
3386 3909 3467 3953 est
3492 3909 3848 3961 consecratus,

2283 3967 2353 4023 ita
2385 3983 2437 4022 et
2467 3969 2931 4037 Quinquagesima:
2966 3980 3225 4037 tempore,
3258 3968 3398 4035 quod
3427 3985 3456 4022 ιι
3484 3969 3746 4025 Pascbate
3774 3982 3848 4021 us-

2283 4054 2389 4108 que
2433 4044 2498 4091 ad
2542 4037 2895 4093 Pentecosten
2949 4040 3305 4107 protenditur,
3355 4055 3460 4095 non
3509 4043 3614 4096 nisi
3665 4049 3850 4095 stantes

2284 4109 2471 4182 ﬁdeles
2499 4109 2557 4182 in
2580 4109 2794 4182 publico
2824 4123 2999 4182 «irare,
3027 4112 3147 4165 aliis
3176 4125 3305 4182 vero
3329 4112 3664 4182 temporibus
3691 4122 3849 4182 genua

2280 4178 2710 4251 llecteredocuit
2738 4180 3053 4251 antiquitas,
3088 4188 3145 4233 ut
3175 4180 3312 4235 infra
3351 4178 3565 4238 dicetur
3595 4178 3845 4251 pluribus.

2282 4250 2419 4306 Sunt
2442 4248 2532 4318 qui
2573 4257 2765 4315 putent
2801 4247 3107 4303 .Iudaaorum
3139 4252 3299 4304 etiam
3332 4268 3537 4308 morem
3568 4247 3763 4316 fuisse,
3804 4258 3851 4304 ιιι

2280 4331 2482 4378 stantes
2525 4333 2779 4390 orarent,
2805 4321 2946 4388 quod
2996 4321 3240 4390 pluribus
3286 4322 3338 4375 in
3379 4322 3514 4378 locis
3543 4326 3633 4390 qui
3681 4330 3849 4385 orant,

2280 4391 2522 4445 dicantur
2541 4401 2706 4445 stare.
2738 4386 2897 4444 Marci
2925 4386 3016 4443 xl}
3042 4386 3110 4441 Et
3139 4407 3252 4444 cum
3273 4392 3473 4447 stabilis
3499 4386 3848 4455 adorandum,

2281 4462 2517 4516 dimittite
2556 4462 2601 4516 si
2628 4460 2750 4529 quid
2787 4458 2984 4514 habetis
3028 4460 3268 4516 adversus
3315 4461 3555 4531 aliquem.
3601 4465 3666 4518 Et
3708 4466 3853 4520 Luca:

2282 4549 2440 4589 svnt:
2468 4531 2765 4585 Pharisazus
2792 4542 2933 4595 stans
2963 4533 3066 4587 lucc
3094 4532 3233 4601 apud
3258 4550 3309 4587 se
3340 4533 3542 4586 orabat.
3568 4533 3770 4588 Verum
3801 4547 3853 4588 ex

2282 4605 2401 4659 aliis
2428 4604 2558 4658 locis
2582 4604 2919 4672 perapicuum
2959 4614 3041 4658 e~t
3090 4604 3140 4655 in
3174 4618 3323 4657 more
3363 4604 3537 4669 potius
3578 4602 3777 4669 fuisse,
3808 4612 3856 4658 ut

2282 4674 2436 4729 ﬂexis
2457 4677 2685 4743 genibus
2713 4684 2952 4729 orarent.
2982 4672 3115 4729 Nam
3145 4673 3213 4728 de
3242 4674 3531 4731 Salomone
3555 4672 3685 4728 dicit
3715 4678 3854 4732 Scri-

597 4758 643 4826 et
672 4749 759 4826 qui
789 4749 995 4826 reisue,
1017 4739 1094 4826 uel
1120 4739 1371 4826 Ecclesia!
1374 4750 1596 4826 judicio,
1611 4739 1979 4826 communione
2000 4739 2179 4826 corqu
2202 4739 2255 4801 Ι)
2282 4758 2434 4816 ptura
2520 4743 2799 4826 Utrumque
2824 4746 3071 4826 _genu__i_n
3096 4756 3291 4826 terram
3320 4748 3537 4826 fugat,
3580 4755 3627 4799 et
3680 4758 3855 4826 manus

596 4819 668 4872 ris
696 4818 885 4876 Christi
916 4820 1249 4875 censebantur
1296 4818 1523 4889 indigni;
1553 4819 1826 4889 posteriore
1874 4826 2047 4871 autem
2075 4818 2173 4889 _di-

597 4902 739 4946 cente
768 4892 999 4947 ministro
1020 4894 1155 4962 apud
1176 4885 1568 4956 ϐτωεοσξλαοῖέ
1594 4888 1807 4963 eripiare,
1822 4896 1868 4940 et
1897 4889 2034 4963 apud
2063 4885 2170 4940 La-

597 4963 751 5037 tinos,
776 4963 886 5030 Ira,
906 4958 1066 5019 nos;
1090 4978 1211 5029 ss'r,
1229 4963 1511 5037 universus
1535 4958 1756 5031 populus
1778 4958 2171 5037 dimittebatur;

597 5034 665 5090 ab
696 5038 832 5099 hac,
867 5038 1110 5103 inquam,
1141 5035 1351 5104 gemina
1398 5029 1678 5097 missione,
1722 5046 1817 5087 seu
1858 5029 2175 5083 dimissione

597 5106 811 5161 Missam
839 5105 1163 5173 appellatalii
1194 5107 1361 5160 luisse
1380 5104 1523 5159 docti
1550 5104 1788 5174 plerique
1815 5109 2052 5174 sentiunt
2077 5113 2174 5174 Lee

596 5178 805 5251 scilicet
832 5167 1061 5239 ratione,
1094 5192 1197 5246 qua
1221 5184 1387 5251 tutum
1409 5190 1443 5251 ιι
1472 5167 2043 5251 par'tedenontinatur.
2074 5167 2175 5251 Cu-

594 5248 679 5318 jus
703 5252 778 5303 rei
804 5251 1059 5304 indicium
1086 5242 1187 5315 est,
1210 5249 1351 5317 quod
1371 5242 1497 5322 olim
1526 5250 1577 5299 in
1604 5245 1795 5322 diebus
1814 5242 2175 5322 paenitentiar,

596 5315 811 5389 quando
840 5322 992 5377 linito
1031 5315 1300 5375 sacriﬁcio
1342 5318 1517 5372 adlmc
1559 5315 1970 5389 contionabatur
2000 5315 2174 5367 oratio

598 5386 806 5462 publica
828 5433 842 5457 ,
885 5391 1082 5462 populo
1134 5392 1451 5462 assistente,
1497 5402 1602 5462 non
1634 5386 1839 5462 diceret
1866 5386 2124 5462 discentis
2157 5399 2170 5435 :

594 5450 696 5528 Ite,
727 5450 899 5518 Mirati
920 5450 1025 5530 cit;
1056 5461 1148 5518 sed
1194 5464 1311 5530 ejus
1342 5450 1499 5530 loco:
1530 5450 2173 5530 Benedicamuspomino,

594 5521 735 5601 quod
756 5535 917 5589 etiam
937 5521 1093 5591 hodie
1121 5521 1365 5606 servatur
1382 5530 1433 5583 in
1446 5527 1885 5606 Quadragrsgma,
1905 5521 2172 5606 Adventu,

593 5592 649 5658 et
679 5605 869 5677 diebus
898 5606 1121 5661 feriatis.
1150 5604 1265 5671 Qua
1298 5604 1363 5677 de
1391 5592 1785 5677 re‘iuverlchitc
1824 5592 2173 5677 Micrfuvlusum

592 5676 777 5746 audire
807 5676 919 5731 hac
948 5663 1270 5733 reiereniem
1299 5673 1436 5729 libro
1464 5663 1531 5727 de
1555 5668 1869 5746 Ecglesiast.
1894 5663 2163 5746 Observa-

592 5744 753 5822 tion.,
779 5748 961 5822 capite
984 5746 1397 5822 quadragesimo
1418 5739 1869 5822 sextotCongrue,
1893 5739 2088 5822 inquit,
2120 5746 2167 5795 et

591 5816 645 5873 in
672 5818 862 5886 (sativis
888 5817 1088 5884 diebus,
1125 5816 1235 5885 Ire,
1271 5818 1431 5877 Missa
1458 5832 1586 5887 ιη,
1630 5816 1859 5873 dicitur:
1899 5816 2019 5881 quia
2046 5822 2168 5867 tunc

2274 4815 2588 4886 expanderat
2640 4815 2940 4872 iu'ctelum.
2983 4816 3048 4874 Ill
3096 4815 3226 4887 Reg.
3257 4832 3370 4873 vttt.
3399 4816 3646 4871 Christus
3701 4818 3853 4872 etiam

2276 4889 2683 4961 ﬁexisgenibus
2726 4904 2915 4961 orasse
2960 4890 3172 4958 legitur.
3212 4887 3371 4943 Lucae
3402 4903 3527 4961 xxt.
3555 4888 3855 4961 Stephanus

2274 4958 2475 5033 positis
2499 4960 2711 5030 genibus
2741 4959 2980 5033 clamauit
3010 4976 3125 5013 uoce
3144 4975 3352 5033 magna.
3385 4958 3505 5014 Act.
3542 4972 3638 5033 vn.
3674 4958 3853 5014 Petrus

2278 5027 2468 5101 ponens
2497 5027 2673 5101 genua
2704 5031 2868 5101 oravit
2906 5032 3110 5091 dicens,
3141 5027 3355 5101 Tubitha
3395 5046 3565 5101 surge.
3611 5032 3734 5085 Act.
3776 5043 3851 5085 ts.

2277 5098 2406 5158 Cum
2434 5098 2542 5163 lucc
2570 5098 2778 5170 dixisset
2812 5099 3010 5154 Paulus
3032 5141 3048 5166 ,
3079 5100 3257 5170 positis
3301 5098 3510 5169 genibus
3551 5102 3714 5157 oravit
3746 5115 3850 5155 cum

2278 5172 2511 5227 omnibus
2540 5169 2661 5225 illis.
2686 5172 2806 5226 Act.
2839 5187 2907 5226 xx
2934 5179 2987 5227 et
3011 5167 3127 5224 xx‘t.
3160 5167 3326 5224 Porro
3346 5172 3523 5226 standi
3554 5174 3777 5229 verbum
3804 5170 3852 5224 in

2276 5243 2446 5298 sacris
2484 5240 2698 5296 Litteris
2727 5256 2831 5297 non
2859 5256 3073 5310 semper
3102 5251 3296 5295 statutn
3339 5246 3601 5310 Corporis,
3638 5244 3732 5298 sed
3761 5242 3851 5295 ali-

2276 5258 2446 5298 sacris
2484 5258 2698 5296 Litteris
2727 5258 2831 5297 non
2859 5258 3073 5310 semper
3102 5258 3296 5295 statum
3339 5258 3431 5297 eor
3473 5258 3601 5308 oris,
3638 5258 3732 5298 seu
3761 5258 3851 5295 an-

2273 5314 2490 5385 quando
2511 5312 2679 5366 solam
2710 5314 3049 5385 prmsentiam
3081 5311 3359 5381 signiﬁcat.
3396 5258 3547 5369 bﬂtt.
3580 5329 3693 5385 xvi.
3723 5312 3851 5385 Sunt

2275 5381 2486 5454 quidam
2512 5385 2575 5440 de
2599 5385 2679 5437 llic
2700 5383 2970 5446 stantibus,
2996 5381 3049 5438 id
3085 5391 3185 5447 est,
3224 5386 3595 5453 praesentibus.
3629 5383 3852 5441 Proinde

2278 5467 2424 5514 Stare
2454 5458 2519 5513 ad
2551 5454 2811 5511 orandum
2842 5468 2944 5509 non
2990 5466 3070 5510 eSt
3099 5464 3330 5510 stantem
3381 5472 3565 5521 orare;
3594 5456 3689 5509 scd
3724 5468 3851 5523 pra:-

2278 5539 2483 5583 sentetn
2515 5527 2709 5583 adesse
2737 5525 2801 5578 ad
2827 5525 3109 5590 orandum,
3142 5527 3221 5579 vel
3255 5527 3484 5581 orationi
3520 5529 3849 5579 incumbere.

2278 5597 2353 5651 Ita
2381 5598 2441 5653 S.
2489 5599 2788 5669 Cyprianus
2836 5596 2929 5650 lib.
2962 5596 3029 5650 de
3055 5595 3225 5650 0rat.:
3259 5594 3387 5649 Cum
3415 5607 3628 5669 stamus,
3663 5597 3847 5663 inquit.

2274 5670 2343 5728 ad
2380 5666 2685 5731 orationem,
2716 5668 3003 5736 invigilare,
3035 5678 3081 5722 et
3120 5670 3406 5723 incumbere
3430 5666 3498 5719 ad
3536 5682 3711 5738 prece;
3754 5672 3851 5718 toto

2275 5744 2427 5799 corda
2465 5740 2726 5796 debemus.
2763 5738 2829 5792 Et
2859 5738 2919 5791 Β.
2962 5738 3279 5793 Benedictus
3333 5737 3542 5793 eodem
3572 5737 3768 5805 spiritu
3803 5741 3850 5789 et

2276 5829 2438 5875 sensu
2465 5829 2477 5866 :
2506 5810 2593 5865 Sic
2613 5820 2799 5864 stemus
2824 5811 2889 5863 ad
2915 5810 3255 5882 psallendum,
3282 5818 3337 5864 ut
3363 5823 3503 5864 meus
3528 5815 3705 5863 nostra
3732 5820 3849 5863 catt-
