4026 6212
506 296 575 355 95
1337 335 1343 340 ι
1808 301 2089 358 JOANNIS
2130 299 2443 357 CASSIAN!
2938 320 2990 329 η’
3674 293 3755 351 96

506 407 811 467 rillcatione
833 408 1115 468 Trinitatis
1147 412 1522 470 tantummodo
1548 413 1728 470 solere
1752 422 1777 450 α
1816 415 2072 484 antipho-
2099 418 2151 478 Α
2176 412 2344 467 rimus
2377 429 2389 462 :
2425 408 2789 465 necessarium
2827 417 3008 463 tamen
3056 421 3179 462 reor
3223 420 3319 475 pro
3347 406 3759 476 opportunitate

505 518 632 559 nam
663 500 962 558 terminari.

1127 600 1352 657 CAPUT
1390 600 1480 657 1X.

926 686 1005 744 De
1041 690 1292 759 qualitate
1337 694 1646 747 orationum.

575 774 647 832 Et
671 776 799 848 quia
827 792 926 834 nos
950 778 977 816 ι’
1009 780 1076 834 ad
1106 783 1407 837 orationum
1438 785 1825 839 canonicarum
1858 782 2075 838 modum

506 881 905 941 consequenter
949 873 1317 930 institutorum
1361 878 1495 932 ordo
1542 880 1812 948 provexit,
1849 892 2075 946 quarum

507 963 801 1035 pleniorem
852 972 1135 1022 tractatum
1186 969 1310 1024 licet
1355 971 1407 1024 in
1431 970 1751 1025 collationes
1799 970 2074 1025 seniorum

505 1069 864 1124 reservemus,
884 1057 1084 1113 ibidem
1110 1060 1317 1127 plenius
1339 1061 1621 1132 digesturi,
1645 1077 1769 1117 cum
1793 1066 1860 1117 de
1886 1078 2075 1118 earum

504 1149 766 1220 qualitate
794 1165 892 1206 seu
916 1152 1149 1223 jugitate
1178 1153 1357 1209 verbis
1380 1170 1565 1210 eorum
1594 1154 1865 1210 disserere
1894 1169 2075 1225 coepe-

2180 504 2286 559 loci
2325 519 2387 559 ac
2421 504 2749 558 narrationis
2788 504 2975 572 ipsius,
3000 502 3255 572 quoniam
3289 501 3357 553 ita
3397 500 3591 553 obtulit
3626 514 3758 557 sese

2181 597 2419 662 occasio,
2446 597 2607 651 etiam
2658 594 2710 649 in
2761 594 3012 665 prmseuti
3059 606 3226 662 pauca
3283 589 3665 660 perstringere,
3691 598 3761 647 ut

2179 689 2473 744 formantes
2505 688 2724 743 interim
2758 686 3049 741 exterioris
3080 683 3312 738 hominis
3336 690 3529 747 motus,
3563 693 3617 737 et
3638 682 3757 738 vel-

2178 794 2239 838 ut
2288 782 2531 853 quaedam
2582 796 2722 836 nunc
2763 778 3026 834 orationis
3069 777 3417 833 fundamenta
3463 776 3755 847 jacientes,

2180 876 2391 930 minore
2416 884 2538 945 post
2578 874 2691 928 haec
2745 874 2931 929 labore
2956 868 3093 927 cum
3140 870 3466 940 cmperimus
3512 868 3578 924 de
3606 878 3759 924 Statu

2177 968 2452 1023 interioris
2484 968 2716 1021 hominis
2738 967 3038 1035 diaputare,
3069 965 3372 1019 orationum
3401 977 3616 1033 quoque
3632 962 3758 1030 ejus

2180 1062 2393 1130 lastigia
2421 1072 2817 1115 construamus.
2843 1058 2976 1113 Illud
3004 1066 3127 1112 ante
3167 1056 3347 1109 omnia
3382 1054 3757 1125 providentes,

2182 1166 2241 1209 ut
2270 1154 2315 1208 si
2339 1168 2439 1207 nos
2465 1154 2531 1207 ab
2554 1151 2642 1206 illa
2666 1151 2978 1207 narratione
2998 1164 3156 1219 quam
3181 1148 3425 1219 cupimus
3451 1156 3761 1218 opportune

1565 1288 1822 1344 ALARDI
1860 1288 2090 1345 GAZEI
2126 1286 2692 1346 COMMENTARIUS.

505 1404 770 1458 occasione
814 1416 987 1454 recens
1044 1402 1237 1468 accepit
1304 1400 1725 1455 additamentum.
1772 1401 1909 1455 Nam
1951 1419 2067 1455 cum

509 1474 689 1528 Ariani
713 1473 1122 1539 blasphemantes
1151 1472 1374 1525 dicerent
1404 1470 1600 1525 Filium
1627 1491 1657 1524 a
1684 1472 1841 1525 Patre
1866 1474 1918 1525 in
1951 1481 2071 1525 tem-

507 1562 629 1614 pore
659 1548 875 1612 factum,
899 1553 944 1614 et
973 1543 1128 1613 fuisse
1150 1554 1344 1610 tempus
1366 1543 1569 1608 quando
1597 1560 1695 1595 non
1722 1554 1850 1603 erat,
1877 1544 2072 1611 placuit

506 1612 694 1670 sancite
741 1612 1230 1684 synodogadversus
1268 1614 1802 1684 ejusmodihhwresim
1846 1614 1968 1665 addi
2003 1614 2072 1666 ad

511 1687 777 1754 antiquum
796 1682 1187 1754 gloriﬁcationis
1210 1682 1491 1754 hymnum:
1515 1682 1717 1737 GLoau
1740 1684 1923 1745 Puni,
1940 1694 2073 1753 etc.,

508 1753 652 1809 illam
676 1753 1028 1823 appendicem,
1060 1769 1160 1823 qua
1190 1754 1381 1806 dicitur
1412 1768 1429 1806 :
1458 1753 1617 1807 Stcur
1659 1769 1797 1807 ann
1838 1770 1886 1806 IN
1931 1770 2079 1809 pum-

2171 1412 2288 1454 ante
2317 1402 2571 1470 psalmum
2597 1417 2808 1455 sonans.
2843 1400 2969 1456 Hac
3006 1400 3313 1466 Durandus,
3341 1400 3431 1470 qui
3464 1414 3562 1465 pro
3592 1410 3709 1455 ante
3731 1442 3752 1468 ,

2173 1475 2304 1537 ἀντὶ,
2337 1483 2545 1535 contra,
2581 1488 2675 1527 seu
2706 1488 2774 1526 ex
2802 1474 3054 1536 adverso,
3084 1471 3283 1526 melius
3314 1471 3560 1526 dixisset.
3589 1472 3761 1526 Eam-

2177 1544 2297 1596 dem
2334 1559 2497 1610 porro
2520 1545 2780 1597 rationem
2821 1554 3101 1598 snectasse
3130 1556 3183 1597 et
3208 1543 3510 1597 insinuasse
3540 1543 3759 1598 videtur

2179 1614 2485 1669 Amalarius
2516 1614 2608 1667 lib.
2642 1630 2692 1667 iv
2717 1614 2784 1667 de
2811 1612 2967 1667 Ofﬁc.
2989 1614 3134 1668 Eccl.
3165 1629 3283 1681 cap.
3313 1614 3366 1678 7,
3391 1628 3616 1677 eamque
3641 1625 3755 1668 tro-

2184 1685 2425 1753 pologice
2468 1685 2628 1737 etiam
2661 1688 2880 1750 exponit
2913 1686 2963 1737 in
2996 1686 3135 1739 hunc
3165 1685 3382 1738 modum
3418 1684 3759 1750 :Antiphona

2180 1755 2370 1807 dicitur
2403 1771 2501 1807 vox
2542 1756 2806 1818 reciproca
2834 1772 2851 1808 :
2880 1755 3169 1820 antiphona
3197 1756 3335 1808 enim
3377 1753 3647 1807 inchoatur
3684 1755 3753 1808 ab

508 1816 792 1906 οιιηοηὶτ
832 1838 969 1906 nunc
1010 1816 1081 1877 21"
1116 1839 1340 1906 sufes,
1384 1839 1451 1905 er
1491 1840 1540 1906 in
1580 1838 2074 1906 'SIECPLAﬁJ-QCQLO-

2182 1841 2285 1878 uno
2312 1826 2463 1879 unius
2492 1816 2657 1906 chori,
2683 1837 2730 1906 et
2770 1827 2836 1877 ad
2858 1828 2967 1897 ejus
2992 1816 3611 1906 symphoniam‘psalmus
3631 1842 3761 1879 can-

508 1911 638 1950 nun.
670 1896 844 1951 Ausa.
890 1894 1176 1962 Hucusque
1210 1894 1469 1947 Baronius
1503 1896 1626 1948 huic
1674 1896 1912 1949 Cassiani
1961 1897 2079 1949 loco

510 1967 833 2020 elucidando
864 1972 1291 2033 peropportune,
1321 1974 1379 2018 ut
1423 1966 1554 2018 mihi
1587 1965 1893 2033 videbatur,
1928 1967 2080 2021 adhi-

512 2037 740 2092 bendus.
776 2036 907 2089 Vide
936 2037 1083 2101 plura
1108 2036 1247 2104 apud
1278 2036 1431 2089 Joan.
1459 2036 1766 2091 Durandum
1795 2036 1862 2091 de
1885 2036 2079 2094 ritibus

513 2107 769 2163 Ecclesiae
794 2106 887 2161 lib.
921 2121 976 2160 Ill
1002 2121 1117 2176 cap.
1148 2108 1234 2163 15.

586 2186 614 2214 ι
643 2178 723 2233 De
773 2176 1063 2243 autiphona
1093 2178 1200 2231 duo
1228 2188 1515 2234 occurrunt
1547 2177 1632 2233 hic
1680 2179 1929 2233 notanda.
1963 2179 2081 2236 Pri-

511 2264 681 2321 mum,
707 2248 997 2321 antiquitas
1050 2260 1098 2321 et
1147 2250 1441 2314 institutio;
1502 2259 1613 2303 tum
1670 2251 1994 2321 etymologia
2025 2262 2080 2305 et

513 2320 859 2390 signiﬁcatio.
890 2318 1318 2389 Antiphonaruin
1366 2322 1687 2386 primitivam
1727 2318 1987 2391 originem
2026 2332 2081 2377 et

516 2393 907 2447 institutionem
942 2392 1181 2444 referunt
1212 2392 1453 2461 plerique
1477 2391 1539 2445 ad
1572 2392 1632 2445 Β.
1670 2393 1930 2461 lgnatium
1966 2396 2075 2447 An-

512 2464 849 2519 tiochenam.
888 2460 1199 2527 episcopum
1242 2472 1296 2515 et
1338 2471 1648 2532 martyrem,
1681 2464 1791 2529 qui,
1827 2473 1883 2516 ut
1916 2464 2080 2519 refert

520 2532 790 2595 Socrates,
822 2533 950 2585 sidit
970 2535 1271 2601 angelorum
1292 2534 1474 2585 choros
1505 2533 1563 2586 S.
1602 2532 1901 2587 Trinitatem
1933 2536 2079 2601 Itym-

514 2604 597 2657 nis
626 2613 673 2657 et
711 2602 1011 2673 antiphonis
1055 2603 1423 2657 collaudantes.
1458 2602 1608 2658 Unde
1643 2602 1830 2666 Graeci,
1870 2604 1944 2657 ait
1971 2602 2080 2658 Du-

516 2674 1065 2745 randus,untiphonns
1109 2676 1273 2735 primo
1316 2684 1729 2741 composuerunt,
1748 2682 1796 2728 et
1837 2692 2078 2745 easicum

517 2745 733 2813 psalmis
760 2746 813 2797 in
841 2744 998 2797 choro
1025 2745 1285 2799 decantari
1331 2747 1713 2798 ordinaverunt.
1748 2745 1903 2813 Apud
1929 2744 2075 2799 Lati-

517 2831 613 2870 nos
636 2816 832 2887 primus
861 2815 1180 2887 beatissimus
1211 2815 1535 2881 Ambrosius,
1565 2826 1703 2887 teSIe
1734 2816 1957 2881 Isidoro,
1986 2834 2079 2887 an-

516 2884 757 2956 tiphonas
786 2886 1031 2955 instituit,
1061 2886 1359 2957 Graecorum
1398 2884 1687 2957 exemplum
1720 2888 1969 2942 imitatus.
1994 2886 2079 2942 Ea:

517 2957 633 3027 hinc
660 2958 922 3027 inAcunctis
944 2958 1232 3027 regionibus
1252 2956 1551 3010 Occidentis
1574 2973 1748 3010 earum
1768 2976 1891 3012 usus
1917 2960 2081 3013 incre-

519 3026 645 3079 buit.
681 3024 830 3080 Unde
857 3024 1038 3097 legitur
1059 3033 1111 3080 in
1130 3027 1395 3083 Chronicis
1425 3030 1561 3096 quod
1592 3028 1651 3083 S.
1678 3030 1976 3083 Ambrosius
2006 3032 2078 3083 ri-

523 3106 630 3149 tum
659 3098 1054 3161 antiphonarum
1088 3101 1279 3165 primus
1309 3118 1338 3151 a
1362 3099 1554 3153 ercis
1580 3101 1847 3153 transtulit
1879 3103 1946 3151 ad
1975 3101 2078 3153 La-

519 3167 675 3221 tinos.
700 3167 772 3248 lia
812 3168 923 3253 ille:
947 3170 1099 3234 Quod
1130 3171 1206 3253 ad
1238 3170 1619 3253 etymolpgiam
1649 3182 1701 3253 e_t
1728 3172 2074 3253 signilicatio-
2104 3194 2149 3253 ρ

522 3252 645 3290 nem
668 3238 879 3303 attinet,
901 3242 1142 3311 ἀντιφωνή
1170 3238 1516 3303 Graecemihil
1544 3240 1689 3294 aliud
1718 3252 1870 3293 sonat
1896 3242 2079 3296 Latine

521 3323 680 3377 quam
709 3324 894 3361 vocem
920 3325 1276 3378 reeiprocam,
1300 3326 1394 3363 seu
1425 3320 1638 3364 cantum
1664 3312 1998 3374 reciprocum
2030 3322 2085 3366 et

522 3380 813 3453 alternum.
842 3378 1201 3453 Diciturenim
1224 3380 1514 3453 antiphona
1531 3395 1561 3433 a
1581 3381 1751 3453 verbo
1768 3384 2081 3453 ἀντιφωνεῖν,

521 3450 661 3518 quod
696 3458 780 3503 est
810 3463 990 3502 contra
1020 3451 1275 3519 clamare,
1295 3465 1386 3503 seu
1420 3451 1653 3505 vicissim
1685 3460 1739 3504 et
1765 3466 1832 3505 ex
1857 3450 2084 3507 adverso

524 3519 875 3588 respondere.
908 3519 1062 3576 Unde
1100 3521 1247 3575 Echo
1297 3522 1586 3593 ἀντίφωνος,
1615 3521 1667 3575 id
1698 3531 1814 3593 est,
1846 3525 2080 3578 vicissim

528 3605 811 3656 resonans,
845 3601 936 3645 ant
958 3593 1256 3646 reclamans
1284 3592 1502 3647 dicitUr.
1537 3594 1674 3646 Hinc
1696 3592 1928 3646 Isidorus
1956 3596 2085 3648 anti-

526 3660 731 3727 plionas
755 3676 821 3716 ex
851 3677 917 3716 eo
946 3662 1119 3717 dictas
1142 3663 1356 3723 asserit.
1389 3663 1512 3729 quia
1550 3664 1649 3716 duo
1687 3661 1831 3716 chori
1861 3664 2083 3718 alterna-

525 3731 941 3798 timconcinunt,
970 3745 1019 3788 et
1064 3736 1287 3789 vicissim
1327 3733 1693 3801 reciprocando
1742 3733 2084 3789 melodiarum

525 3812 706 3855 cantus
732 3805 1003 3870 alternam,
1031 3810 1179 3872 quasi
1207 3808 1307 3858 duo
1347 3807 1627 3877 seraphim,
1658 3805 1848 3877 inquit,
1879 3806 2085 3877 duoque

524 3880 825 3947 testamenta
850 3876 1061 3927 invicem
1080 3878 1174 3930 sibi
1200 3877 1593 3941 conclamantia,
1612 3876 1828 3947 ideoque
1856 3878 1955 3941 (ait
1980 3878 2082 3931 Du-

522 3940 745 4013 randus)
770 3945 941 3996 clerici
968 3949 1276 4013 antiphonas
1297 3958 1558 4000 cantantes
1581 3940 1703 4000 non
1743 3940 1943 4000 uertunt
1981 3949 2085 4001 vul-

525 4022 606 4087 tus
634 4012 704 4087 ad
726 4013 915 4087 altare,
935 4016 1025 4087 sed
1047 4012 1098 4068 se
1118 4018 1331 4087 invicem
1351 4020 1508 4071 versis
1530 4017 1751 4069 vultibus
1779 4019 2078 4087 respiciunt.

524 4082 688 4151 Atqui
725 4084 822 4137 hac
858 4084 1063 4137 ratione
1092 4086 1383 4153 antiphona
1411 4088 1718 4150 generalem
1750 4082 1973 4139 sortitur
2002 4104 2084 4140 ac-

523 4153 848 4221 ceptionem,
880 4162 938 4207 ut
964 4162 1017 4207 et
1043 4156 1269 4224 hymnos
1290 4164 1344 4208 et
1374 4157 1505 4208 alias
1527 4155 1691 4207 officii
1732 4156 2083 4210 ecclesiastici

525 4234 706 4292 partes
732 4226 1142 4290 complectatur.
1170 4224 1301 4277 Nam
1344 4226 1506 4279 etiam
1540 4226 1843 4278 invitatoria
1876 4226 1937 4278 D.
1983 4227 2085 4281 Be-

524 4295 770 4364 nedictus
804 4295 1037 4362 appellat
1084 4296 1427 4361 antiphouas.
1459 4297 1561 4351 Sed
1612 4305 1667 4350 et
1710 4297 1903 4364 psalmi
1954 4297 2080 4364 ipsi,

524 4363 651 4419 dum
680 4379 709 4417 a
742 4366 983 4435 pluribus
1012 4368 1312 4421 alternatim
1362 4368 1655 4421 recitantur
1682 4363 1771 4420 aut
1795 4363 2080 4432 canuntur,

525 4435 833 4504 antiphonae
860 4439 1097 4505 generali
1130 4439 1390 4492 vocabulo
1417 4440 1520 4493 dici
1546 4446 1790 4506 possunt,
1820 4455 1870 4491 ιιι
1900 4455 1968 4493 ex
1992 4439 2083 4493 lsi-

524 4506 660 4560 doro
695 4508 989 4575 Colligitur.
1026 4509 1177 4564 Unde
1214 4525 1319 4563 non
1352 4512 1481 4563 satis
1506 4518 1752 4563 constare
1777 4508 1990 4564 videtur
2015 4526 2080 4564 ex

2183 1905 2318 1948 tatur
2361 1913 2448 1963 per
2490 1897 2620 1949 duos
2667 1896 2876 1960 choros;
2906 1899 3012 1967 ipsa
3040 1899 3177 1949 enim
3207 1897 3496 1967 antiphoita
3532 1910 3759 1967 conjun-

2181 1976 2373 2035 guntur
2408 1967 2564 2019 simul
2595 1968 2695 2019 duo
2725 1967 2887 2019 chori.
2928 1966 2995 2019 Et
3024 1967 3183 2036 paulo
3216 1965 3337 2035 post
3366 1987 3379 2018 :
3418 1965 3635 2019 Videtur
3659 1984 3756 2020 no-

2183 2039 2257 2090 bis
2278 2037 2435 2090 virtus
2466 2037 2757 2090 dilectionis
2774 2055 2903 2103 esse,
2924 2054 3037 2104 qum
3063 2040 3331 2107 coniungit
3353 2054 3507 2108 opera
3532 2040 3755 2091 duorum

2182 2109 2399 2178 fratrum
2421 2108 2583 2178 simul
2613 2124 2628 2159 :
2654 2108 2859 2178 psalmi
2896 2108 2962 2158 ad
2987 2124 3141 2175 Opera
3168 2111 3493 2178 referuntur;
3515 2109 3757 2176 antipho-

2181 2197 2247 2232 na
2282 2179 2349 2230 ad
2388 2177 2536 2231 illum
2584 2177 2904 2231 dilectionem
2930 2195 3033 2247 qua
3078 2177 3425 2248 unusquisque
3464 2180 3615 2249 fratri
3653 2196 3752 2233 suo

2180 2250 2396 2320 porrigit
2426 2265 2576 2301 suum
2626 2265 2772 2317 opus.
2808 2250 2929 2320 Haec
2956 2250 3065 2307 ille.
3088 2261 3140 2303 et
3180 2266 3299 2319 qu:e
3350 2261 3644 2320 sequuntur
3694 2251 3749 2305 in

2181 2319 2421 2375 eamdem
2468 2321 2811 2373 sententiam.
2848 2319 2925 2372 Ex
2957 2320 3154 2388 quibus
3197 2319 3443 2374 omnibus
3478 2320 3633 2374 facile
3662 2332 3752 2375 est

2180 2390 2432 2458 colligere
2463 2390 2737 2455 duillirem
2764 2390 3072 2455 antiphonae
3097 2392 3503 2461 etymologiam,
3529 2406 3624 2446 seu
3648 2406 3751 2445 no-

2181 2462 2339 2514 minis
2384 2464 2684 2529 analogiam
2713 2470 2766 2515 et
2807 2462 3126 2516 relationem
3165 2466 3429 2515 :alteram
3480 2463 3545 2515 ad
3596 2462 3751 2526 ipsos

2178 2539 2428 2603 cantores
2459 2531 2601 2603 inter
2622 2548 2679 2585 se
2706 2534 3039 2586 alternantes
3068 2540 3123 2584 et
3144 2534 3544 2603 reciprocantes
3574 2534 3750 2587 melo-

2178 2601 2342 2656 diam.
2377 2611 2434 2655 ut
2483 2602 2715 2655 Isidorus
2760 2611 2816 2656 et
2862 2604 2953 2656 alii
3003 2601 3359 2667 annotarunt;
3410 2604 3631 2657 alteram
3674 2604 3747 2658 ad

2179 2673 2557 2740 psalmodiam,
2602 2688 2695 2725 seu
2724 2673 3052 2739 psalmorum
3086 2674 3458 2728 Davidicorum
3504 2689 3747 2729 concen-

2179 2750 2315 2808 tum,
2346 2745 2427 2796 Clli
2471 2746 2621 2812 quasi
2663 2758 2727 2796 ex
2769 2742 2997 2797 adverso
3035 2747 3367 2813 respondent
3399 2745 3745 2812 antiphoum,

2178 2814 2328 2883 quasi
2367 2813 2589 2868 alterius
2624 2814 2840 2882 generis
2872 2829 3030 2868 voces
3057 2824 3110 2868 et
3138 2816 3451 2879 cantilenae;
3482 2816 3620 2869 sicut
3652 2832 3745 2871 re—

2178 2884 2460 2950 sponsoria
2503 2884 2834 2951 respondent
2870 2885 3131 2952 historiis,
3160 2886 3213 2940 id
3251 2896 3354 2954 est,
3389 2887 3735 2951 lectionibus,

2180 2964 2235 3009 ut
2259 2955 2479 3018 exponit
2511 2956 2811 3009 Durandus.

2247 3024 2276 3063 δ
2304 3026 2438 3080 Nota
2473 3026 2558 3080 hic
2589 3026 2851 3093 triplicem
2885 3028 3337 3082 nomenclaturam
3370 3030 3745 3097 precationum

2183 3106 2233 3151 et
2269 3097 2487 3150 laudum
2533 3097 2857 3161 divinarum,
2889 3112 3007 3162 qure
3048 3098 3261 3167 publice
3302 3098 3353 3151 in
3397 3100 3658 3162 Ecclesia,
3688 3108 3749 3153 et

2180 3167 2496 3221 solemniter
2524 3183 2550 3218 a
2583 3168 2844 3221 ministris
2878 3167 3132 3222 Ecclesiae
3171 3170 3531 3224 cizlebrantur.
3565 3169 3749 3225 Primo

2188 3238 2439 3291 dicuntur
2481 3238 2753 3291 orationes
2781 3252 3077 3306 canonicaa,
3111 3251 3171 3293 ut
3214 3241 3314 3295 hoc
3353 3242 3495 3306 loco,
3524 3250 3573 3295 et
3606 3241 3752 3296 alias

2185 3309 2402 3380 saepius,
2428 3308 2509 3362 vel
2534 3322 2719 3375 preces
2744 3307 2996 3380 liorarize,
3022 3310 3169 3365 hora:
3194 3313 3492 3378 cananicae,
3518 3322 3576 3364 ut
3603 3314 3744 3380 apud

2184 3378 2383 3432 Bedam
2421 3381 2473 3432 in
2497 3379 2975 3451 Commentaraad
3003 3396 3120 3450 cap.
3157 3398 3248 3437 vni
3293 3383 3472 3449 Lucze,
3504 3394 3556 3436 et
3607 3378 3749 3451 apud

2184 3464 2375 3504 omnes
2411 3459 2659 3503 auctores
2721 3452 2808 3518 qui
2854 3449 2922 3503 de
2969 3449 3114 3505 horis
3158 3454 3432 3506 canonicis
3481 3449 3746 3509 scribunt.

2184 3518 2443 3573 Dicuntur
2467 3530 2644 3573 autem
2666 3518 2749 3573 hae
2783 3536 2968 3588 preces
2997 3532 3051 3575 et
3075 3524 3253 3577 laudes
3272 3523 3417 3576 horae
3447 3524 3747 3588 canonicaa,

2182 3590 2508 3663 quiagcertiﬂs
2541 3591 2685 3663 horis
2716 3593 2929 3663 recitari
2975 3593 3173 3647 debent
3221 3598 3375 3663 juxta
3428 3609 3659 3648 canones
3691 3604 3752 3648 et

2182 3661 2395 3729 regulas
2426 3660 2944 3734 SS.APatrum;_sive
2971 3666 3089 3730 quia
3117 3680 3184 3719 ex
3222 3660 3538 3734 prmscripto
3583 3679 3750 3718 cano-

2183 3747 2309 3785 num
2341 3733 2503 3787 certis
2534 3731 2763 3805 horis_iu
2796 3732 3059 3797 Ecclesia,
3092 3735 3180 3789 die
3209 3731 3503 3805 noctuque,
3535 3749 3744 3788 canun-

2186 3812 2312 3875 t_ur7:
2350 3805 2453 3870 vel,
2486 3813 2542 3857 ut
2566 3805 2642 3855 ait
2676 3803 3121 3858 Turrecrematns
3162 3806 3213 3859 in
3260 3803 3402 3874 cap.‘
3425 3806 3489 3859 16
3523 3806 3742 3875 [legulae

2184 3872 2247 3926 Ι).
2284 3874 2577 3936 Benedicti,
2601 3884 2843 3927 vocantur
2869 3875 2979 3927 ista:
3008 3875 3148 3928 liora:
3175 3872 3452 3942 canonica,
3479 3872 3638 3942 idest,
3666 3894 3751 3929 re-

2183 3943 2405 4067 qjulares.
2437 3947 2557 4015 quia
2598 3962 2629 3997 a
2679 3945 2783 4001 SS.
2830 3943 3072 4000 Patribus
3104 3948 3412 4018 regulariter
3451 3947 3748 4002 observatw.

2237 4015 2337 4067 nde
2370 4016 2662 4067 secundum
2704 4017 2843 4067 hunc
2885 4016 3080 4067 librum
3127 4019 3397 4067 inscrinsil
3426 4020 3748 4067 Cassianus-

2237 4015 2337 4075 nde
2370 4016 2662 4070 secundum
2704 4017 2843 4069 hunc
2885 4016 3080 4071 librum
3127 4015 3397 4085 inscripsit
3426 4020 3748 4082 Cassianus,

2186 4083 2264 4137 De
2304 4085 2560 4138 Canonico
2601 4099 2969 4139 nocturnarum
3019 4083 3309 4141 orationum
3354 4097 3399 4141 et
3432 4088 3752 4155 psalmorum

2185 4155 2335 4208 modo
2365 4173 2382 4217 ;
2424 4158 2639 4209 tertium
2671 4172 2819 4219 vero,
2842 4156 2919 4209 De
2947 4156 3205 4212 Canonico
3229 4161 3530 4211 diurnarum
3558 4160 3752 4214 oratio-

2186 4240 2309 4276 num
2346 4225 2798 4299 modo._Secundo
2844 4229 3450 4299 appellantur-ofﬁcium
3495 4231 3748 4297 divinum,

2186 4308 2302 4371 seu,
2325 4296 2465 4365 quod
2480 4296 2629 4371 idem
2656 4297 2819 4371 es_t_in
2846 4298 3043 4371 Regula
3067 4299 3129 4352 1).
3152 4296 3449 4364 Benedicﬁ,
3481 4318 3605 4371 opus
3626 4296 3748 4355 Dei.

2188 4365 2415 4440 Denuo
2444 4368 2514 4421 ait
2546 4382 2665 4440 cap.
2696 4367 2765 4422 45
2796 4387 2805 4419 :
2834 4372 2912 4421 Ad
2935 4365 3119 4422 horam
3145 4372 3302 4423 divini
3334 4365 3522 4440 officii,
3542 4387 3661 4423 mox
3690 4382 3752 4424 ut

2185 4437 2418 4511 auditum
2449 4440 2599 4511 fuerit
2625 4439 2847 4510 signum,
2880 4441 3071 4493 relictis
3104 4437 3610 4510 omnibus.'qu(e!ibct
3636 4442 3754 4511 fac;

2186 4509 2286 4560 rint
2335 4510 2388 4581 in
2436 4509 2688 4581 manibus,
2720 4526 2919 4581 summa
2968 4527 3082 4563 cum
3123 4509 3451 4581 festinatione
3482 4509 3750 4575 curratur,

520 4568 870 4652 illaghistoria
901 4581 1071 4635 sancti
1093 4580 1302 4652 lgnatii,
1329 4580 1627 4648 cujusmodi
1662 4582 1966 4652 antiphonaa
2001 4583 2083 4635 in-
2108 4568 2159 4628 D
2185 4590 2288 4652 etc.
2312 4580 2451 4650 Ergo
2481 4580 2613 4652 nihil
2641 4568 2782 4649 operi
2810 4580 2903 4633 Dei
2927 4568 3393 4652 praeponaturllbi
3414 4583 3559 4636 vides
3593 4568 3751 4650 prius

523 4650 827 4718 telligendaa
856 4652 984 4719 sint,
1018 4650 1140 4706 cum
1173 4652 1290 4705 illas
1338 4652 1530 4706 laudes
1573 4652 1626 4705 S.
1686 4651 1966 4706 Trinitatis
2012 4652 2080 4706 ab

520 4721 722 4786 angelis
752 4721 1062 4776 decantatas
1087 4722 1245 4776 modo
1287 4722 1537 4791 hymnos,
1572 4721 1730 4775 modo
1761 4724 2079 4791 antiptionas

518 4791 840 4860 interpretes
873 4803 983 4846 tum
1014 4794 1275 4857 Socratis,
1301 4801 1411 4846 tum
1446 4792 1730 4857 Nicepliori
1768 4793 1955 4848 Latine
1985 4810 2081 4847 n0-

517 4861 741 4935 ininent.
777 4861 973 4935 Verum
994 4865 1233 4918 strictius
1260 4878 1361 4917 usu
1387 4865 1774 4927 ecclesiastico,
1789 4875 1841 4917 et
1872 4866 2077 4935 vulgari

520 4932 768 5001 loquendi
812 4933 994 5001 modo,
1022 4935 1334 5001 antiplionte
1360 4943 1622 4988 vocantur
1653 4948 1816 4987 sacra:
1862 4932 2072 4989 cantio-

516 5018 632 5068 nes,
662 5019 756 5058 seu
783 5006 1088 5068 cantilenae,
1119 5020 1241 5073 quae
1271 5005 1492 5073 psalmis
1525 5005 1877 5060 concinendis
1905 5008 1953 5060 in
1980 5007 2077 5059 ho-

516 5076 590 5146 ris
642 5076 916 5146 canonicis
979 5077 1417 5144 prteniittuntur:
1452 5092 1571 5130 nam
1627 5077 1969 5146 antipltontn,
2023 5085 2079 5130 ut

516 5144 841 5214 plurimum,
867 5161 989 5201 cum
1041 5146 1261 5215 psalmis
1307 5144 1759 5272 conjungluntur;'
1792 5149 2078 5217 aliquando

516 5225 693 5271 tamen
724 5219 885 5271 etiam
911 5232 1156 5272 seorsum
1195 5227 1482 5272 canuntur.
1563 5222 1644 5271 inc
1685 5230 1740 5272 et
1769 5219 2077 5272 Cassianus.

515 5225 693 5271 tamen
724 5219 885 5271 etiam
911 5232 1156 5273 seorsum
1195 5227 1482 5273 canuntur.
1512 5219 1644 5272 Hinc
1685 5230 1740 5273 et
1769 5219 2077 5283 Cassianus,

513 5301 698 5355 supra,
725 5288 989 5358 duplicem
1017 5289 1431 5358 antiphonarum
1463 5305 1617 5343 usiim
1651 5292 1945 5359 antiquitus
1984 5292 2079 5344 ob-

512 5370 790 5430 servatum
820 5360 1078 5425 insinuat,
1114 5361 1344 5430 primum
1370 5369 1427 5413 ut
1457 5361 1677 5423 psalmis
1721 5363 1990 5414 Davidicis
2023 5364 2074 5414 in

512 5428 696 5503 officio
726 5431 1003 5503 canonico
1050 5428 1546 5503 interponerentur.
1578 5439 1635 5485 et
1666 5445 1789 5485 cum
1834 5433 2078 5485 modula-

513 5499 661 5572 tione
687 5502 867 5572 aliqua
894 5513 947 5558 et
978 5499 1211 5557 melodia'
1241 5510 1585 5558 canerentur.
1622 5505 1798 5569 Atque
1830 5503 1950 5555 inde
1984 5516 2072 5569 pe-

512 5570 659 5645 titam
691 5570 878 5627 earum
905 5575 1171 5629 ratiooem
1193 5586 1248 5628 et
1270 5572 1645 5645 etymologiam
1680 5571 1835 5645 docet
1871 5576 2072 5626 Duran-

513 5642 611 5698 tlus
660 5644 741 5699 liis
782 5645 965 5699 verbis
993 5663 1006 5698 :
1042 5642 1542 5712 Dicunturfinquit,
1575 5642 1872 5715 antiphona:
1900 5659 2074 5709 respe-

510 5723 596 5766 ctu
626 5716 696 5768 ad
722 5716 1082 5783 psalmodiam,
1108 5717 1192 5767 cui
1230 5717 1557 5785 respondent,
1583 5714 1717 5767 sicut
1744 5717 2073 5783 responsoria

511 5796 737 5846 respectu
761 5786 829 5838 ad
855 5786 1157 5848 historiam;
1190 5787 1323 5839 unde
1364 5785 1644 5854 antiphona
1684 5786 1896 5856 dicitur,
1930 5789 2074 5859 quasi

2185 4651 2419 4722 cilicium
2462 4651 2701 4704 divinum
2751 4651 3097 4722 posmioduin
3130 4668 3264 4722 opus
3317 4654 3410 4708 Dei
3459 4656 3750 4722 appellari.

2189 4720 2355 4791 Hujus
2385 4731 2561 4776 autem
2584 4721 3001 4777 nomenclatura:
3024 4720 3292 4788 ratio‘est,
3312 4726 3431 4791 quia
3463 4720 3563 4779 hac
3585 4741 3752 4778 oran-

2186 4792 2237 4846 di
2270 4794 2495 4847 formula
2525 4793 2827 4846 continetur
2889 4794 2938 4847 id
2962 4796 3101 4864 quod
3135 4810 3261 4864 erga
3294 4795 3461 4849 Deum
3490 4806 3747 4863 praestare

2186 4865 2464 4918 debemus.
2516 4864 2789 4931 Siquidem
2845 4880 2999 4919 orare
3044 4877 3098 4919 et
3156 4867 3376 4920 laudare
3417 4866 3583 4921 Deum
3617 4880 3745 4934 pro-

2188 4935 2362 5003 prium
2389 4948 2471 4987 est
2502 4935 2736 4988 ofﬁcium
2770 4934 3193 4989 Christianorum
3216 4954 3230 4992 :
3254 4938 3347 4991 sed
3386 4939 3616 4991 maxime
3641 4934 3751 4990 cle-

2185 5010 2419 5059 riearum
2451 5016 2504 5059 et
2532 5006 2935 5060 monachorum.
2972 5007 3157 5059 Exstat
3202 5022 3366 5073 porro
3407 5008 3506 5061 hoc
3548 5021 3749 5061 nomen

2181 5075 2345 5130 ofﬁcii
2394 5077 2559 5129 divini
2599 5076 2759 5130 etiam
2805 5076 2859 5148 in
2909 5076 3135 5131 concilio
3178 5077 3596 5148 Aquisgranensi
3623 5092 3747 5143 cap.

2184 5149 2306 5215 151,
2338 5156 2389 5202 et
2437 5148 2489 5218 in
2532 5149 2764 5202 concilio
2802 5147 3175 5218 Lateranensi,
3225 5165 3293 5203 ex
3334 5147 3439 5218 quo
3470 5159 3742 5215 sumptum

2182 5227 2263 5273 est
2292 5233 2409 5284 cap.
2458 5217 2717 5283 Dotentes,
2748 5219 2839 5271 lib.
2875 5232 2931 5270 Ill
2972 5216 3262 5283 Decretal.,
3298 5216 3380 5273 tit.
3420 5219 3493 5271 De
3520 5219 3749 5273 celebra-

2181 5292 2318 5342 tione
2351 5286 2647 5342 Missurum.
2681 5290 2861 5342 Tertio
2892 5287 3142 5340 dii-untur
3167 5290 3328 5343 etiam
3377 5290 3618 5343 ofﬁcium
3654 5303 3749 5343 ec-

2180 5361 2572 5424 clesiasticum,
2607 5371 2716 5413 tum
2743 5359 2866 5426 quia
2896 5361 3211 5413 auctoritate
3237 5361 3526 5430 prmsulum
3562 5360 3751 5430 Eccle-

2182 5432 2278 5485 site
2308 5432 2641 5495 institutum,
2674 5440 2783 5483 tum
2824 5444 2945 5495 quia
2991 5429 3395 5495 ecclesiaSticis,
3424 5447 3519 5485 seu
3557 5429 3751 5485 Eccle-

2180 5504 2273 5555 siae
2304 5502 2563 5556 ministris
2590 5502 2844 5572 indictum
2885 5515 2947 5553 ac
2976 5504 3439 5572 pransoriptutnmt
3467 5504 3749 5570 prapriuiu

2178 5588 2361 5628 eorum
2386 5588 2576 5627 munus
2596 5582 2650 5626 et
2677 5571 2932 5624 ofticium.
2958 5570 3211 5626 Ufliciuni
3240 5572 3379 5626 enim
3403 5574 3470 5627 ah
3502 5573 3752 5627 eflicien-

2176 5644 2247 5699 do
2284 5645 2506 5709 dictum,
2542 5644 2615 5697 ait
2662 5641 2724 5696 D.
2762 5642 3084 5713 Ambrosius
3113 5643 3251 5713 (Lib.
3287 5660 3301 5697 I
3348 5643 3539 5713 (Μὴ),
3588 5646 3749 5712 quasi

2177 5716 2429 5779 cilicium,
2461 5714 2603 5782 quod
2648 5716 2717 5769 sit
2757 5711 2886 5786 illud
2924 5716 3064 5781 quod
3112 5711 3509 5786 quemquem-0
3554 5711 3749 5773 condi-

2178 5788 2323 5843 tione
2351 5803 2459 5843 suae
2492 5800 2733 5855 persona:
2759 5783 2934 5843 facere
2964 5788 3171 5844 deceat.
