4026 6212
240 284 302 340 97
672 279 759 335 DE
797 277 1279 337 C(ENOBIORUM
1319 276 1563 334 INSTIT.
1594 276 1733 333 "LIB.
1774 278 1930 335 ll.—-
1954 280 2060 355 DE,
2081 278 2469 337 NOCTUBNIS
2507 280 2986 339 ORATIONIBUS.
3306 342 3313 349 ,
3414 287 3483 342 98

237 400 343 455 Deo
380 398 604 453 volente
630 397 901 467 digerere,
929 396 1272 477 prteveniens
1297 400 1419 449 vitta
1450 406 1648 450 nostra:
1680 394 1799 449 linis
1827 400 1880 459 Α
1905 396 2248 449 iniiumerosa
2281 394 2509 449 fratrum
2535 396 2820 451 multitudo
2850 398 3163 462 conveniat,
3188 405 3385 467 praeter
3417 399 3486 454 il-

237 494 546 557 excluserit,
578 491 662 547 vel
688 490 838 545 initia
858 490 1016 544 vobis
1043 489 1122 544 rei
1148 488 1449 559 praesertim
1478 498 1585 542 tam
1618 502 1806 542 neces-

239 588 389 641 saria:
424 585 525 639 hoc
578 597 743 654 opere
790 583 1185 652 relinquamus,
1216 581 1413 651 quibus
1470 595 1570 650 pro
1612 579 1808 635 ardore

238 679 489 735 desiderii
548 686 717 732 totum
763 676 976 730 tardum
1006 684 1127 731 est:
1164 684 1222 729 ut
1263 673 1390 728 dum
1439 673 1595 730 nobis
1642 672 1809 741 hujus

237 770 679 827 commorationis
710 768 1018 823 tribuuntur
1050 766 1305 830 inducite,
1331 766 1517 821 saltem
1553 766 1808 833 quasdam

239 867 497 936 tantisper
524 864 831 919 orationum
862 862 1018 917 vobis
1046 861 1215 915 lineas
1248 860 1664 930 praesignemus,
1691 859 1810 929 qui-

236 962 329 1017 bus
357 960 411 1013 hi
452 960 535 1014 vel
569 958 822 1022 maxime,
850 956 941 1027 qui
993 956 1045 1010 in
1086 956 1354 1011 cmuubiis
1380 962 1809 1021 commorantur,

238 1056 445 1109 valeant
474 1054 818 1123 aliquatenus
856 1048 1161 1105 informari.
1195 1049 1367 1106 Simul
1396 1049 1560 1103 etiam
1596 1049 1810 1118 prospi-

237 1149 443 1203 cientes
476 1145 561 1200 his
588 1144 678 1216 qui
705 1143 926 1199 forsitan
961 1143 1087 1196 huic
1119 1140 1492 1196 tantummodo
1532 1138 1812 1194 occursuri

237 1239 397 1303 libro,
429 1237 498 1290 ad
530 1236 681 1290 illum
730 1234 1015 1304 pervenire
1044 1247 1149 1287 non
1188 1241 1463 1302 poterunt,
1492 1241 1552 1286 ut
1578 1233 1812 1285 instruc-

236 1331 375 1385 tione
408 1328 569 1398 hujus
613 1340 742 1397 erga
783 1326 1051 1381 orationis
1090 1324 1402 1394 qualitatem
1443 1323 1529 1378 vel
1559 1338 1627 1377 ex
1660 1331 1813 1391 parte

237 1424 580 1494 reperiantur
622 1418 836 1485 imbuti,
867 1427 923 1474 et
953 1417 1408 1487 quemadmodum
1436 1425 1561 1471 sunt
1605 1415 1673 1470 de
1719 1416 1815 1468 ha-

235 1515 339 1569 bitu
372 1524 430 1569 et
460 1512 664 1567 amictu
695 1511 986 1565 exterioris
1003 1508 1243 1562 hominis
1270 1506 1525 1570 instituti,
1558 1507 1628 1561 ita
1649 1506 1811 1560 etiam

237 1607 461 1679 qualiter
512 1619 634 1659 eum
684 1603 750 1656 ad
795 1600 1070 1656 oﬁ‘erenda
1124 1599 1386 1669 spiritalia
1414 1597 1675 1653 sacriﬁcia
1708 1596 1807 1652 de-

238 1702 396 1758 beant
419 1697 688 1754 exhibere
709 1710 815 1749 non
830 1692 1095 1748 nesciant.
1112 1690 1385 1762 Siquidem
1411 1690 1465 1745 lii
1488 1690 1650 1745 libelli
1671 1704 1808 1759 quos

1914 488 2025 542 lum
2057 487 2150 558 qui
2192 502 2534 559 consurgens
2574 488 2835 556 psalmum
2889 488 3141 544 decantat
3189 489 3242 543 in
3282 488 3483 559 medio,

1917 581 2097 635 nullus
2130 581 2411 637 hominum
2458 583 2673 651 penitus
2701 582 2892 636 adesse
2919 588 3213 638 credatur:
3246 597 3310 638 ac
3338 598 3477 655 prm-

1914 674 2075 744 cipue
2100 688 2224 728 cum
2264 684 2674 730 consummatur
2696 674 2893 738 oratio,
2926 674 3103 746 inqua
3134 690 3242 731 non
3263 683 3481 746 sputum

1912 767 2196 834 emittitur,
2215 782 2321 822 non
2354 767 2657 823 exscreatio
2685 768 2971 836 obstrepit,
2994 782 3099 821 non
3134 768 3297 823 tussis
3320 770 3491 827 inter-

1912 872 2092 928 sonat,
2127 876 2233 917 non
2276 861 2529 917 oscitatio
2577 862 2915 915 somnolenta
2961 859 3185 915 dissutis
3234 862 3390 916 malis
3432 870 3491 918 et

1914 954 2193 1009 hiantibus
2248 953 2501 1019 trahitur,
2564 952 2698 1007 nulli
2747 954 3005 1022 gemitus,
3064 952 3209 1006 nulla
3256 953 3491 1024 suspiria

1912 1049 2075 1104 etiam
2123 1058 2362 1103 astantes
2402 1047 2723 1117 impeditura
2768 1051 3127 1115 promuntur,
3162 1046 3308 1099 nulla
3357 1061 3485 1116 vox,

1913 1139 1942 1178 ἀ
1971 1142 2179 1211 absque
2205 1141 2505 1197 sacerdotis
2536 1154 2752 1209 precem
2802 1137 3199 1203 concludentis,
3248 1140 3489 1208 auditur,

1914 1236 2018 1290 nisi
2068 1236 2206 1291 forte
2236 1237 2350 1290 haec
2390 1249 2512 1304 quae
2543 1249 2637 1304 per
2675 1247 2969 1289 excessum
3015 1233 3215 1286 mentis
3261 1231 3501 1287 claustra

1914 1330 2027 1384 oris
2047 1328 2320 1399 eﬂ‘ugerit,
2341 1343 2567 1398 quaeque
2589 1326 2980 1381 insensibiliter
2994 1325 3144 1379 cordi
3166 1324 3495 1393 obrepserit,

1916 1421 2281 1477 immoderato
2316 1420 2525 1477 scilicet
2556 1429 2722 1490 atque
2759 1418 3088 1472 intolerabili
3133 1417 3359 1486 spiritus
3388 1416 3496 1473 fer-

1913 1528 2046 1569 vore
2069 1527 2352 1576 succenso,
2385 1512 2513 1567 dum
2546 1528 2608 1567 ea
2650 1527 2768 1582 quae
2798 1511 2962 1581 ignita
2996 1524 3151 1565 mens
3192 1511 3247 1564 in
3288 1519 3494 1566 semet-

1913 1607 2027 1676 ipsa
2055 1621 2158 1661 non
2194 1605 2452 1675 praevalet
2477 1606 2793 1670 continere,
2824 1619 2916 1673 per
2948 1603 3279 1659 ineﬂ‘abilem
3308 1620 3496 1672 quem-

1911 1698 2037 1752 dam
2076 1698 2337 1769 gemitum
2385 1712 2453 1751 ex
2494 1696 2697 1751 intimis
2736 1697 2973 1765 pectoris
3016 1696 3099 1751 sui
3132 1696 3492 1751 conclavibus

237 1794 280 1848 in
315 1790 583 1864 presenti
614 1788 814 1843 elidere
846 1785 1077 1840 Domino
1112 1785 1402 1855 θάἱυνθηιθ
1445 1783 1803 1853 disponimus:
1837 1802 1885 1863 Β
1913 1805 2218 1861 evaporare
2264 1799 2510 1844 conatur.
2543 1788 2697 1843 Illum
2730 1803 2863 1842 vero
2910 1790 3002 1858 qui
3054 1788 3383 1842 constitutus
3437 1788 3493 1843 in

236 1887 291 1942 ad
345 1883 648 1941 exterioris
716 1880 956 1935 hominis
1009 1879 1413 1934 observantiam
1473 1885 1529 1933 et
1581 1876 1809 1931 institu-

237 1980 434 2034 tionem
478 1973 852 2032 etenobiorum
900 1970 1296 2041 competentius
1325 1969 1692 2040 aptahuntur;
1726 1967 1807 2023 illi

237 2086 359 2126 vero
392 2069 463 2124 ad
495 2066 835 2136 disciplinam
865 2064 1140 2118 interioris
1172 2078 1234 2118 ac
1263 2062 1644 2135 perfectionem
1686 2076 1810 2116 cor-

237 2164 308 2218 dis
339 2205 357 2230 ,
412 2172 467 2219 et
509 2171 535 2198 λ
588 2162 1035 2215 anaclioretarum
1089 2157 1254 2212 vitam
1297 2166 1459 2228 atque
1507 2155 1810 2212 doctrinam

237 2256 419 2327 potius
446 2252 818 2325 pertinebunt.

834 2344 1063 2401 CAPUT
1114 2344 1185 2400 x.
1783 2408 1789 2416 ,

237 2441 434 2507 Quanto
463 2439 671 2495 silentio
700 2444 750 2490 et
781 2435 1025 2489 brevitate
1062 2434 1318 2489 orationes
1357 2434 1497 2507 apud
1528 2432 1809 2506 Egyptios

868 2527 1201 2599 colligantur.

300 2623 435 2679 Cum
466 2622 631 2693 igitur
659 2618 945 2691 praedictas
973 2618 1364 2687 solemnitates,
1394 2635 1526 2692 quas
1554 2619 1634 2675 illi
1660 2619 1689 2658 ι’
1715 2637 1807 2692 sy-

236 2729 401 2769 naxes
454 2721 673 2779 vocant,
719 2711 1043 2766 celebraturi
1089 2712 1450 2780 conveniunt,
1488 2723 1693 2769 tantum
1724 2724 1747 2752 ο
1777 2730 1809 2771 a

237 2808 438 2864 cunctis
481 2805 757 2863 silentium
805 2804 1101 2875 praebetur,
1129 2812 1188 2859 ut
1214 2820 1337 2859 cum
1378 2805 1434 2859 in
1481 2821 1651 2861 unum
1675 2785 1807 2862 'tam

1920 1895 2167 1955 tempore
2196 1884 2393 1939 mentis
2421 1898 2543 1938 cum
2576 1884 2812 1937 clamore
2842 1883 3133 1953 supplicat,
3161 1891 3258 1937 aut
3295 1881 3495 1953 aliquid

1918 1976 2111 2032 horum
2140 1990 2260 2047 qua:
2284 1975 2659 2046 praediximus,
2688 1991 2718 2030 e
2741 1974 2989 2030 faucibus
3011 1975 3124 2029 suis
3152 1975 3376 2042 emittit,
3406 1986 3497 2033 aut

1916 2069 2191 2139 praecipue
2222 2066 2636 2122 oscitationibus
2672 2066 3028 2145 praevenitur,
3055 2066 3346 2134 dupliciter
3371 2082 3496 2137 pec-

1917 2178 2042 2219 care
2072 2162 2430 2233 pronuntiant
2457 2178 2471 2216 :
2502 2160 2681 2230 primo
2711 2159 2854 2229 quod
2896 2158 3162 2213 orationis
3209 2174 3337 2234 suae
3371 2174 3497 2215 reus

1917 2257 2010 2324 sit,
2045 2254 2187 2325 quod
2218 2267 2336 2309 eam
2366 2253 2619 2308 videlicet
2650 2253 2991 2321 negligenter
3020 2250 3209 2307 offerat
3241 2250 3386 2317 Deo;
3412 2266 3498 2308 se-

1916 2345 2093 2402 cundo
2124 2346 2265 2415 quod
2293 2344 2700 2415 iudisciplinato
2729 2342 2985 2413 strepitu,
3010 2344 3235 2400 alterius
3256 2359 3496 2415 quoque,

1914 2440 2007 2511 qui
2052 2438 2283 2493 forsitan
2330 2437 2591 2493 intentius
2633 2451 2791 2492 orare
2822 2438 3025 2507 potuit,
3056 2437 3331 2507 intercipit
3365 2452 3495 2494 sen-

1916 2548 2057 2589 sum.
2090 2531 2325 2603 Ideoque
2354 2532 2679 2601 prarcipiunt
2704 2546 2826 2586 eam
2864 2529 3035 2586 celeri
3076 2530 3182 2585 line
3219 2531 3494 2598 concludi,

1914 2641 1984 2680 ne
2024 2626 2159 2681 forte
2204 2626 2628 2681 immorantibus
2668 2625 2826 2679 nobis
2859 2623 2912 2678 in
2961 2639 3021 2678 ea
3058 2664 3074 2689 ,
3131 2624 3495 2680 redundantia

1913 2718 2158 2788 quaedam
2191 2721 2332 2791 sputi
2379 2735 2476 2774 seu
2523 2717 2852 2789 phlegmatis
2894 2718 3254 2787 interrumpat
3299 2728 3498 2775 nostrai

1915 2811 2178 2866 orationis
2218 2826 2523 2868 excessum.
2571 2812 2639 2866 Et
2679 2811 2883 2867 idcirco
2914 2811 3041 2867 dum
3081 2812 3259 2868 adhuc
3293 2799 3494 2882 fervet,

1291 2966 1552 3023 ALARDI
1587 2967 1816 3025 GAZAEI
1852 2969 2429 3029 COMMENTARIUS.

302 3101 331 3129 ιι
356 3090 659 3167 ’μναχωρὸῳ
709 3087 924 3167 secedo,
954 3089 1291 3167 ἀνᾳχὼρησς
1333 3088 1591 3167 secessio
1619 3104 1633 3142 :

233 3159 581 3219 anachore'iae
610 3162 736 3215 dicti
785 3167 932 3220 sunt,
958 3161 1049 3227 qui
1086 3159 1299 3227 pietatis
1336 3159 1514 3214 studio
1544 3159 1613 3213 ab
1637 3160 1810 3215 iiomi-

234 3251 357 3289 num
403 3235 680 3287 consortio
707 3231 1057 3294 secedebaut,
1092 3240 1144 3282 et
1173 3244 1233 3283 se
1275 3231 1326 3283 in
1358 3231 1682 3286 solitudines
1712 3234 1811 3285 ab-

238 3307 458 3368 debant,
488 3314 545 3358 ut
571 3319 749 3357 rerum
780 3303 1078 3356 divinarum
1108 3301 1550 3367 contemplationi
1585 3303 1810 3357 liberius

236 3379 510 3433 vacarent.
539 3374 600 3429 D.
622 3374 976 3444 Hieronymus
999 3371 1226 3444 epistola
1246 3373 1316 3426 “22
1332 3373 1396 3426 ad
1422 3373 1805 3428 Eustochium:

238 3445 803 3511 Anachorelw,inquit,
823 3442 910 3515 qui
929 3443 1025 3515 soli
1056 3442 1285 3496 habitant
1316 3460 1405 3511 per
1434 3444 1657 3503 deserta,
1680 3453 1727 3499 et
1748 3445 1810 3497 ab

238 3538 290 3573 eo
319 3521 457 3587 quod
506 3519 688 3588 procul
732 3515 792 3568 ab
825 3513 1116 3588 hominibus
1142 3524 1482 3588 recesserunt,
1505 3532 1813 3587 nuncupan-

237 3585 338 3645 tur.
366 3592 480 3644 llos
500 3585 660 3643 etiam
683 3588 1010 3658 ἠσνχαστάς,
1037 3585 1137 3658 hoc
1164 3596 1267 3652 est,
1286 3587 1550 3658 inquieto
1570 3597 1625 3658 et
1647 3585 1814 3641 silen—

240 3664 310 3717 tio
357 3663 642 3729 degentes,
689 3656 952 3727 appellari
1002 3656 1433 3729 solitosgscribit
1475 3656 1813 3729 Justiniaiius

222 3727 454 3788 novella
498 3732 706 3800 quinta.
738 3730 842 3783 Alii
890 3730 1166 3800 eremitas,
1200 3727 1494 3800 Cassianus
1539 3727 1814 3782 solitarios

238 3806 440 3873 passim
469 3798 643 3865 vocat,
678 3812 731 3855 et
760 3801 839 3873 de
857 3814 1046 3855 eorum
1074 3798 1277 3868 origine
1308 3808 1364 3854 et
1392 3798 1636 3852 instituto
1658 3813 1814 3868 pecu-

238 3875 445 3929 liariter
472 3876 581 3942 agit
608 3872 909 3942 collat.718.

307 3944 335 3984 ι»
362 3946 475 3999 Vox
514 3940 735 4015 synaxis
784 3941 1035 4011 frequens
1072 3942 1214 4011 apud
1256 3940 1650 4015 ecclesiasticos
1680 3941 1817 4015 seri-7

238 4026 427 4081 ptores
453 4011 564 4069 tum
595 4015 834 4073 Griecos,
860 4023 969 4067 tuin
1006 4018 1226 4072 Latinos
1254 4032 1266 4067 :
1293 4022 1345 4067 et
1374 4012 1588 4082 quidem
1615 4011 1814 4079 duplici

240 4088 658 4155 significatione.
688 4086 924 4157 Primum
956 4103 1051 4157 pro
1078 4099 1369 4147 conventu,
1399 4097 1496 4157 seu
1518 4098 1813 4157 congrega-

244 4154 390 4213 tione
412 4158 669 4221 ﬁdelium,
706 4167 760 4209 ut
788 4155 875 4209 hic
896 4198 910 4219 ,
936 4154 1341 4222 monachorum,
1383 4154 1449 4207 ad
1481 4154 1812 4220 oralionem,

242 4242 335 4282 aut
364 4228 737 4298 psalmodiam,
788 4229 870 4281 vel
914 4230 982 4284 ad
1011 4234 1357 4285 sacrosancta
1391 4225 1647 4298 mysteria
1675 4230 1817 4298 cele-

242 4297 473 4364 branda,
498 4301 581 4354 vel
604 4300 669 4351 ad
697 4298 788 4353 Dei
814 4300 1033 4354 verbum
1061 4299 1385 4354 audiendum
1409 4312 1423 4349 :
1452 4297 1651 4350 dicitur
1670 4297 1813 4351 enim

241 4371 476 4442 synaxis
518 4387 546 4424 a
576 4370 743 4442 verbo
787 4372 1043 4441 συνάγειν,
1091 4370 1237 4442 quod
1281 4380 1361 4422 est
1388 4368 1648 4442 colligere
1674 4410 1688 4434 ,
1720 4382 1816 4442 seu

243 4435 573 4532 congregare
599 4457 614 4505 ;
643 4449 699 4522 et
729 4440 865 4495 lianc
898 4435 1083 4532 vocem
1108 4435 1269 4494 variis
1292 4435 1596 4494 uoininibus
1626 4435 1814 4492 Latine
1845 4470 1895 4532 Β

247 4514 487 4566 reddidit
513 4511 817 4577 Cassianus,
846 4514 1123 4568 collectam
1148 4556 1162 4578 ,
1192 4520 1516 4565 conventum
1537 4552 1550 4568 .
1582 4524 1820 4563 conven-

250 4584 498 4645 ticulum,
528 4584 987 4651 congregationem
1016 4624 1031 4649 ,
1060 4582 1374 4638 canonicum
1420 4578 1657 4633 ofﬁcium
1684 4623 1698 4645 ,
1736 4581 1820 4635 vel

251 4655 586 4717 orationem,
624 4654 1020 4708 solemnitatem
1040 4694 1054 4715 ,
1084 4653 1453 4707 celebritatem
1482 4690 1497 4715 ,
1523 4662 1577 4703 et
1608 4651 1820 4705 Missam

244 4725 600 4789 canonicam,
629 4725 744 4778 aliis
773 4738 935 4794 atque
960 4725 1080 4778 aliis
1108 4722 1560 4794 locisiapiiella‘ns.
1589 4722 1708 4794 Quo
1733 4722 1821 4775 iti.

243 4795 377 4851 dein
411 4808 569 4849 sensu
611 4794 669 4848 Ι).
703 4790 1027 4850 Benedictus
1057 4810 1179 4862 cap.
1216 4793 1278 4847 l7
1326 4791 1577 4861 Regulae:
1612 4790 1819 4861 Vesper-

243 4869 357 4920 tina
380 4910 394 4929 ,
433 4866 631 4934 inquit,
661 4869 873 4935 sgnaxis
902 4876 1124 4937 quatuor
1154 4867 1363 4937 psalmis
1391 4878 1505 4915 cum
1531 4863 1824 4931 antiplioizis

242 4939 573 5004 (trutinatur,
605 4937 653 4992 id
686 4950 791 5001 cst,
821 4936 1121 4990 solemnitas
1138 4977 1152 5001 ,
1174 4936 1250 4989 vel
1276 4950 1455 4987 cursus
1482 4950 1822 5004 vespei'arum,

242 5011 318 5063 ait
347 5009 811 5063 Turrecrematus.
841 5010 989 5065 Alias
1008 5023 1137 5063 vero
1158 5009 1376 5077 syiiaxis
1396 5004 1536 5059 dicta
1561 5012 1646 5059 est
1671 5019 1821 5059 sacra

242 5079 602 5135 Eucharistite
634 5082 969 5143 communio,
1005 5090 1059 5134 et
1092 5076 1199 5132 hoc
1219 5076 1436 5131 nomine
1464 5077 1770 5144 frequenter
1794 5092 1824 5129 a

241 5151 343 5206 SS.
383 5150 629 5205 Patrihus
660 5160 998 5218 nuncupatur
1039 5148 1230 5220 (Joan.
1276 5145 1516 5220 Damasc.
1558 5147 1645 5199 lib.
1684 5163 1735 5220 iv
1765 5148 1827 5220 de

244 5220 472 5275 Orthod.
499 5222 600 5292 fide
624 5237 758 5292 cap.
780 5220 876 5284 IL;
906 5217 1070 5275 Basil.
1094 5222 1149 5273 in
1183 5219 1310 5287 Reg.
1340 5217 1678 5292 bretio.__cap.
1708 5218 1823 5292 Π),

238 5294 357 5347 sive
386 5287 532 5362 quod
561 5287 886 5347 Christianis
916 5294 966 5345 iii
1004 5308 1172 5347 unum
1205 5288 1652 5362 convenientibus
1681 5287 1825 5362 cele-

237 5360 538 5418 hrari‘hoc
576 5370 973 5417 sacramentum
1030 5374 1081 5417 et
1132 5364 1273 5417 sumi
1318 5361 1499 5424 solet;
1555 5360 1670 5412 sive
1704 5360 1826 5427 quia

236 5436 393 5505 pacis
426 5445 480 5488 et
510 5433 1053 5505 uiiionissymbolum
1085 5445 1199 5497 est,
1229 5441 1285 5486 et
1314 5438 1731 5505 sacramentum.

312 5518 334 5545 ο
368 5505 569 5559 Mirum
586 5545 602 5569 ,
624 5516 680 5560 et
700 5500 975 5571 singulare
999 5504 1301 5573 exemplum
1336 5500 1603 5573 regularis
1628 5502 1827 5556 silentii

236 5576 289 5633 in
319 5579 530 5643 choro,
573 5587 627 5631 et
667 5578 720 5630 iu
751 5576 948 5630 ofliciis
994 5571 1191 5628 divinis
1230 5571 1554 5643 observandi
1579 5589 1591 5624 :
1615 5573 1683 5626 de
1722 5589 1828 5640 quo

234 5650 407 5704 etiam
438 5648 498 5701 D.
530 5648 856 5701 Benedictus
885 5661 1000 5714 cap.
1037 5646 1108 5701 52
1131 5646 1376 5715 Regulae,
1403 5658 1456 5699 et
1485 5642 1829 5715 Innocentius

236 5720 327 5785 ΙΙΙ,
349 5734 479 5787 cap.
513 5719 643 5772 Cum
669 5720 735 5772 ad
758 5712 1148 5782 monasterium,
1172 5712 1234 5770 de
1262 5717 1378 5772 Sta.
1404 5712 1638 5787 monaclt.
1661 5715 1829 5787 Quam

233 5784 442 5849 severa
467 5800 644 5847 autem
674 5789 951 5860 punierint
991 5797 1202 5856 veteres
1234 5790 1423 5845 Patres
1457 5786 1601 5845 sacri
1628 5784 1828 5843 silentii

1683 3088 1809 3145 inde
1836 3090 1883 3155 C
1915 3093 1967 3145 in
1996 3092 2114 3147 loco
2136 3092 2398 3149 orationis
2422 3092 2737 3160 violatores,
2763 3104 2947 3149 narrat
2970 3094 3208 3151 Joannes
3227 3096 3495 3157 Climacus

1912 3164 1996 3237 his
2025 3165 2205 3219 verbis
2234 3182 2247 3217 :
2279 3165 2363 3237 Ad
2396 3169 2681 3219 orationem
2718 3168 3018 3237 plerumque
3062 3169 3314 3224 stantibus
3357 3174 3500 3228 nobis

1912 3236 2279 3289 animadvertit
2332 3236 2491 3289 Pater
2536 3236 2744 3292 sanctus
2775 3238 3024 3308 quosdam
3073 3241 3284 3295 invicem
3332 3242 3498 3296 collo-

1912 3318 2166 3374 quentes:
2214 3324 2342 3381 qiios
2383 3316 2504 3361 ante
2535 3309 2671 3373 fores
2720 3310 2946 3364 ecclesia:
2982 3321 3211 3365 statuens
3229 3313 3393 3381 jussit
3442 3324 3497 3367 ut

1913 3394 2003 3445 per
2031 3387 2217 3448 septem
2248 3380 2354 3450 die_s
2382 3380 2576 3450 cunctis
2603 3380 2914 3435 intrantibus
2953 3390 3001 3434 et
3049 3380 3348 3437 exeuntibus
3379 3400 3498 3450 pro-

1913 3446 2255 3501 sternerentur
2281 3446 2483 3517 (Gradu
2507 3448 2586 3515 4).
2636 3450 2765 3506 Hice
2807 3454 2984 3505 minor
3014 3458 3296 3516 severitas,
3344 3446 3399 3509 et
3425 3457 3498 3509 si-

1916 3518 2066 3572 lentii
2090 3521 2358 3574 districtio
2380 3521 2518 3583 apud
2548 3521 2939 3575 Pacliomianos
2958 3526 3249 3577 monachos
3282 3538 3498 3580 servata

1914 3588 2043 3651 fuit,
2070 3590 2268 3659 Regula
2300 3591 2372 3642 ita
2401 3592 2728 3646 decernente
2758 3612 2771 3644 :
2807 3592 2865 3646 Si
2893 3593 3137 3643 acciderit
3164 3603 3217 3645 ut
3240 3592 3497 3654 psallendi

1915 3668 2156 3728 tempore,
2187 3661 2263 3713 vel
2290 3661 2505 3723 orandi,
2530 3670 2617 3731 aut
2652 3662 2707 3713 in
2749 3662 2912 3714 medio
2940 3661 3174 3715 lectionis
3206 3662 3391 3731 aliquis
3420 3664 3500 3717 lo-

1913 3741 2102 3799 quatur
2132 3740 2221 3783 aut
2247 3731 2410 3781 rideat
2434 3746 2453 3794 ;
2475 3729 2631 3783 solvet
2654 3732 2935 3793 cingulum.
2961 3744 3009 3784 et
3034 3729 3499 3789 inclinata'cervice

1914 3799 2150 3853 manibus
2179 3802 2246 3852 ad
2275 3800 2524 3866 inferiora
2552 3802 2824 3868 depressis,
2857 3803 3010 3855 stabit
3032 3811 3150 3855 ante
3172 3804 3357 3864 altare,
3388 3814 3438 3859 et
3465 3825 3497 3860 a

1914 3871 2143 3942 principe
2181 3870 2481 3956 monasterii
2501 3870 2867 3956 increpabitur.
2891 3871 3011 3956 oc
3028 3874 3162 3925 idem
3194 3876 3350 3956 faciet
3374 3886 3418 3930 et
3445 3880 3499 3933 in

1913 3952 2162 4022 conuentu
2192 3944 2442 4013 fratrum,
2478 3948 2599 3995 'cum
2626 3944 2695 3995 ad
2730 3944 3033 3997 vescendum
3088 3944 3287 4015 pariter
3315 3964 3498 4004 conve-

1916 4022 2101 4068 nermt.

1985 4082 2012 4119 ἀ
2043 4084 2241 4154 Absque
2264 4124 2278 4147 ,
2318 4083 2371 4137 id
2403 4094 2516 4148 est,
2560 4085 2697 4152 nisi,
2731 4086 2816 4139 vel
2860 4093 3215 4154 praeterquam
3243 4092 3497 4146 sacerdo-

1917 4154 1985 4209 tis
2006 4196 2020 4219 ,
2050 4165 2155 4208 etc.
2193 4156 2411 4209 Precem
2456 4165 2634 4211 autem
2659 4200 2673 4220 ,
2705 4159 2819 4211 sive
2856 4157 3091 4211 officium
3137 4160 3497 4217 concludebat

1916 4227 2194 4302 sacerdos,
2236 4240 2338 4280 seu
2396 4227 2560 4281 abbas
2612 4227 3043 4302 breviuqoadam
3086 4233 3361 4302 oratione,
3390 4247 3495 4302 qua

1916 4298 2153 4351 omnium
2204 4306 2326 4349 vota
2372 4312 2664 4365 precesque
2702 4300 2958 4366 Colligere
2995 4300 3273 4356 dicebatur
3308 4321 3321 4357 :
3352 4298 3497 4359 unde

1915 4368 2271 4424 Collectarum
2304 4381 2499 4439 nomen
2547 4378 2818 4435 sumptum
2868 4384 3031 4438 supra
3063 4373 3403 4439 monuimus,
3438 4386 3499 4430 iit.

1920 4454 2104 4493 earum
2134 4438 2426 4507 antiquitas
2455 4439 2615 4493 etiam
2648 4440 2773 4493 hinc
2804 4442 3017 4503 probari
3052 4444 3499 4509 possit.Collecta

1922 4512 2064 4565 enim
2107 4509 2284 4575 dicta,
2324 4518 2381 4562 iit
2426 4509 2669 4565 declarat
2712 4511 3031 4581 Micrologus
3081 4513 3182 4579 (de
3210 4515 3496 4573 Observat.

1925 4582 2133 4657 Eccles.
2161 4596 2279 4650 Cap.
2312 4581 2402 4657 3),
2435 4596 2492 4634 eo
2518 4582 2669 4657 quod
2699 4583 2957 4657 sacerdos,
2979 4583 3066 4657 qui
3094 4586 3348 4653 legatione
3374 4592 3498 4657 fun-

1923 4654 2062 4724 gitur
2086 4668 2179 4721 pro
2228 4653 2419 4724 populo
2460 4654 2527 4704 ad
2559 4652 2832 4705 Dominum
2854 4694 2868 4713 ,
2894 4656 3118 4724 omnium
3146 4652 3419 4721 petitiones
3440 4677 3500 4713 ea

1924 4723 2154 4776 oratione
2183 4723 2390 4792 colligat
2422 4732 2577 4793 atque
2606 4724 2896 4777 concludat.
2922 4723 3041 4778 Illte
3057 4736 3223 4779 tamen
3246 4732 3500 4783 orationes

1923 4794 2198 4861 specialius
2213 4793 2451 4847 Collectw
2471 4796 2638 4866 vocari
2666 4795 2917 4866 videntur.
2938 4812 3054 4866 quis
3076 4798 3216 4864 apud
3241 4797 3500 4855 Romanos

1924 4880 2078 4942 super
2105 4866 2565 4942 collectantpopuli
2617 4865 2706 4937 (id
2738 4870 3163 4942 est,‘cullectum
3195 4872 3448 4942 populum
3478 4873 3498 4942 )

1925 4937 2094 5004 ﬁunt;
2119 4936 2243 4987 dum
2269 4936 2549 5006 colligitur,
2607 4948 2663 4989 ut
2690 4937 2935 5001 procedat
2962 4939 3029 4993 de
3055 4957 3159 4993 una
3198 4936 3409 4997 ecclesia
3445 4936 3501 4997 in

1926 5008 2081 5060 aliaat
2107 5006 2174 5057 ad
2200 5006 2471 5059 stationem
2501 5008 2807 5074 faciendam.
2842 5010 2966 5064 Haec
3011 5011 3119 5067 ille.
3147 5011 3390 5068 Sumitur
3418 5024 3502 5069 ta-

1926 5094 2049 5131 men
2082 5078 2309 5129 collecta
2336 5078 2495 5130 etiam
2526 5093 2627 5147 pro
2655 5081 3186 5137 conventii'lidelium
3229 5101 3325 5140 seu
3382 5100 3502 5139 mo-

1926 5150 2223 5223 nachorum
2261 5148 2399 5223 apud
2430 5147 2750 5223 CaSsianum
2773 5192 2789 5217 ,
2830 5163 2883 5205 et
2932 5168 3025 5220 pro
3054 5156 3374 5209 collectione
3413 5171 3501 5223 pe~

1926 5219 2097 5273 cuniai
2127 5220 2451 5291 pauperibus
2479 5220 2767 5288 erogandae
2789 5263 2803 5282 ,
2830 5219 2947 5290 quae
2986 5223 3042 5276 in
3076 5224 3340 5291 ejusmodi
3373 5219 3501 5279 con.

1928 5302 2093 5345 ventu
2136 5289 2251 5343 fieri
2280 5290 2524 5357 solebat,
2555 5300 2617 5347 ut
2648 5296 2697 5345 in
2727 5289 2857 5347 aliis
2874 5293 3006 5347 locis
3040 5289 3269 5347 dicetur.
3295 5294 3371 5347 Ex
3402 5295 3501 5352 hoc

1926 5362 2108 5415 itidem
2160 5361 2280 5416 loco
2329 5361 2555 5417 dicimus
2598 5364 2866 5425 Abbates,
2908 5378 3004 5416 seu
3053 5363 3240 5415 Patres
3292 5365 3502 5424 illorum

1927 5432 2345 5493 monachorum,
2382 5446 2437 5484 ut
2481 5435 2767 5500 plurimum
2814 5433 2978 5486 fuisse
3014 5434 3357 5498 sacerdotes,
3388 5435 3503 5493 sive

1927 5504 2276 5574 presbyteros
2303 5521 2315 5556 :
2347 5505 2491 5572 quod
2519 5504 2680 5558 etiam
2711 5518 2775 5556 ex
2812 5501 3086 5574 plerisque
3113 5502 3502 5564 Collationihus

1930 5566 1990 5627 fit
2020 5566 2397 5640 ma'iiifestum';
2434 5578 2728 5644 praesertim
2762 5587 2825 5626 ex
2850 5566 2967 5644 Gol.
2996 5566 3031 5625 λ
3054 5590 3107 5631 e.
3135 5577 3183 5641 1,
3215 5586 3268 5629 et
3296 5578 3413 5633 Col.
3437 5586 3503 5641 18

1929 5660 1977 5699 c.
2012 5646 2095 5701 15.
2128 5646 2231 5700 Sed
2261 5649 2310 5697 id
2345 5642 2561 5711 quidem
2597 5644 2764 5698 fuisse
2794 5642 3161 5710 ordinarium.
3194 5665 3296 5701 non
3326 5660 3503 5715 tamen

1932 5731 2249 5787 perpetuum
2283 5716 2407 5771 alibi
2438 5717 2601 5771 etiam
2641 5717 2995 5787 opportunius
3026 5724 3358 5777 (incubitatus.
