4026 6212
194 240 295 301 l0l

658 264 749 320 DE
785 264 1264 326 C(ENOBIORUM
1302 269 1548 331 INS'I‘IT.
1585 270 1715 335 LIB.
1758 273 1826 331 II.
1854 302 1927 318 —
1955 275 2045 339 DE
2080 274 2466 335 NOCTURNIS
2502 275 2982 338 ORA'I'IONIBUS.

3346 280 3448 345 103

199 383 312 441 est,
347 376 563 447 cmperit
612 379 826 435 modum
865 380 1255 445 decantationis
1282 386 1575 458 excedere,
1619 389 1760 461 psal-
1784 393 1841 461 Α
1932 401 2063 467 post
2089 394 2183 451 hoc
2219 395 2390 467 studio
2416 412 2505 463 per
2546 396 2754 455 cellulas
2796 414 2917 455 suas
2966 410 3124 467 usque
3167 394 3237 449 ad
3280 395 3447 457 lucent

196 470 359 521 lentis
386 471 690 541 progressio
721 473 946 531 senioris
985 476 1329 535 interdicitur
1356 477 1549 552 [Forte
1590 480 1761 543 inter—

194 561 412 651 ciditur]
443 564 667 635 plausu,
702 582 859 639 quem
892 568 1026 624 dans
1056 586 1218 627 manu
1258 587 1356 629 sua
1390 573 1447 630 in
1474 574 1627 631 sedili
1660 592 1770 651 quo

191 635 382 723 sedet,
405 668 633 717 cunctos
680 660 805 717 facit
840 664 905 719 ad
935 665 1235 723 orationem
1265 680 1612 740 consurgere,
1639 635 1769 731 illud

191 751 443 807 omnibus
473 754 649 811 modis
672 757 991 828 providens,
1038 774 1107 817 ne
1143 761 1291 830 quod
1321 761 1632 820 sedentibus
1670 775 1768 825 lat-

190 841 335 897 dium
362 856 654 915 generetur
696 848 1007 919 prolixitate
1055 851 1410 919 psalmorum,
1442 868 1543 925 qua
1576 852 1769 929 [Forte

187 949 292 1005 quo
318 936 396 989 uel
424 935 525 1009 ne]
556 938 602 993 is
648 941 737 1009 qui
764 940 1041 1006 decantat,
1076 959 1183 1001 non
1211 946 1370 1003 modo
1402 963 1497 1017 per
1531 950 1766 1021 seipsum

190 1028 558 1099 intelligentiae
612 1032 846 1091 fructum
898 1036 1140 1104 amittat,
1171 1038 1266 1096 sed
1316 1042 1475 1096 etiam
1523 1057 1620 1113 per
1646 1042 1768 1099 illus

189 1119 386 1175 incidat
418 1122 837 1192 detrimentum,
888 1144 1024 1199 quos
1076 1130 1348 1188 fastidium
1376 1148 1645 1207 synaxeos
1682 1137 1766 1191 ni-

186 1212 405 1270 mietate
436 1232 532 1272 sua
585 1216 712 1273 fecit
746 1220 1043 1278 incurrere.
1074 1222 1208 1280 Illud
1256 1242 1470 1300 quoque
1502 1228 1641 1299 apud
1669 1242 1767 1284 eos

185 1309 326 1363 omni
364 1309 713 1368 observantia
739 1315 1065 1385 custoditur,
1106 1325 1165 1373 ut
1200 1318 1253 1376 in
1290 1321 1647 1391 reSponsione
1674 1320 1769 1376 Al-

191 1404 341 1459 leluia
373 1405 562 1462 nullus
587 1409 794 1463 dicatur
821 1410 1065 1479 psalmus
1092 1420 1142 1477 ι,
1164 1412 1267 1470 nisi
1296 1414 1378 1480 is,
1412 1429 1503 1483 qui
1531 1414 1586 1470 in
1612 1412 1769 1471 titulo

184 1508 273 1551 suo
291 1494 533 1551 Alleluia
554 1498 904 1568 inscriptione
929 1510 1279 1573 prtenotatur.
1294 1503 1617 1562 Praedictum
1639 1520 1766 1561 vero

184 1588 578 1645 duodenarium
611 1592 940 1662 psalmorum
974 1608 1259 1650 numerum
1296 1595 1370 1652 ita
1399 1596 1675 1667 dividunt,
1708 1603 1766 1651 ut

189 1681 229 1736 si
253 1680 363 1735 duo
400 1680 615 1739 fuerint
644 1682 859 1751 fratres,
888 1698 1052 1740 senos
1086 1687 1353 1758 psallant;
1382 1688 1427 1743 si
1459 1697 1599 1754 tres,
1631 1702 1763 1759 qua-

188 1780 395 1838 ternos;
441 1772 486 1828 si
532 1782 782 1844 quatuor,
834 1784 1035 1832 ιεηιος,
1078 1777 1195 1841 ουο
1220 1793 1448 1835 numero
1474 1793 1763 1850 numquam
1790 1769 1842 1835 Β
1869 1767 1963 1822 sed
1995 1766 2155 1822 etiam
2204 1765 2294 1821 illa
2324 1767 2702 1837 operationum
2748 1785 2950 1838 genera
3001 1771 3227 1845 sollicita
3270 1782 3449 1829 mente
3548 1776 3549 1779 “

132 1858 143 1869 ’
185 1864 347 1921 minus
382 1865 443 1919 in
465 1867 884 1937 congregatione
906 1867 1225 1936 decantant;
1253 1884 1317 1925 ac
1342 1869 1572 1939 proinde
1591 1884 1764 1942 quan-

187 1957 357 2015 talibet
414 1958 709 2016 multitudo
763 1962 1114 2032 convenerit,
1180 1977 1472 2035 numquam
1532 1964 1763 2038 amplius

185 2053 419 2123 psallunt
456 2054 509 2116 in
538 2054 757 2126 synaxi,
786 2070 945 2127 quam
973 2066 1209 2125 quatuor
1239 2055 1455 2115 fratres.

783 2213 1011 2271 CAPUT
1050 2211 1169 2272 XII.

187 2324 283 2383 Cur
308 2343 424 2384 uno
448 2327 729 2400 psallente,
758 2328 923 2384 cwteri
950 2329 1003 2382 in
1027 2328 1209 2399 ενγιπὶ
1237 2327 1480 2407 sedeant,
1514 2327 1591 2385 uel
1618 2328 1762 2397 quali

1944 464 2143 536 vigilias
2174 466 2467 521 extendant.

1944 557 2094 612 Hunc
2123 572 2252 612 sane
2280 558 2624 624 canonicum,
2652 573 2806 628 quem
2836 556 3209 629 praediximus,
3239 556 3445 616 duode-

1870 649 2082 705 narium
2140 650 2467 718 psalmorum
2518 664 2802 704 numerum
2844 651 2937 704 tali
2979 650 3223 721 corporis
3265 651 3447 723 quiete

1872 740 2145 808 relevant,
2174 749 2231 795 ut
2278 738 2379 796 has
2422 737 2642 796 easdem
2666 744 3147 812 congregationum
3186 743 3447 800 solemni-

1867 842 2009 891 tates
2037 850 2103 891 ex
2136 849 2285 891 more
2309 834 2645 889 celebrantes
2666 876 2683 903 ,
2716 834 2921 905 absque
2949 850 3015 891 eo
3039 878 3053 902 ,
3084 837 3177 910 qui
3206 836 3448 894 dicturus

1867 926 1922 981 in
1946 926 2183 981 medium
2212 925 2449 999 psalmos
2471 925 2797 993 surrexerit,
2821 925 3044 983 ουηειὶδ
3059 928 3319 987 sedilibus
3346 932 3449 985 bu-

1868 1019 2108 1075 millimis
2128 1018 2458 1089 insidentes,
2488 1020 2554 1074 ad
2580 1034 2765 1075 vocem
2786 1020 3071 1092 psallentis
3098 1022 3248 1078 omni
3269 1026 3449 1081 cordis

1866 1112 2171 1168 intentione
2200 1111 2563 1181 dependeant.
2604 1110 2680 1169 Ita
2724 1128 2959 1183 namque
2982 1113 3207 1185 jejuuiis
3236 1124 3291 1170 et
3320 1130 3451 1186 ope-

1867 1205 2083 1259 ratione
2134 1203 2299 1259 totius
2350 1204 2489 1273 dlei,
2544 1205 2827 1276 noctisque
2864 1204 3201 1270 iassescunt,
3241 1216 3302 1261 ut
3340 1207 3447 1265 nisi

1868 1296 2245 1367 hujuscemodi
2272 1298 2568 1354 refectione
2598 1298 2945 1371 adiuventur,
2975 1315 3045 1355 ne
3069 1299 3214 1355 hunc
3235 1299 3449 1370 quidem

1869 1407 2153 1449 numerum
2193 1399 2401 1449 etantes
2433 1392 2660 1463 implere
2691 1395 3039 1462 praevaleant.
3066 1392 3280 1450 Nullum
3309 1403 3331 1433 ε
3372 1403 3452 1449 et-

1868 1485 2011 1542 enim
2038 1495 2250 1553 tempus
2268 1483 2335 1539 ab
2357 1486 2539 1555 operis
2559 1485 2949 1541 exercitatione
2968 1501 3195 1542 vacuum
3220 1487 3449 1543 transire

1865 1562 2172 1633 concedunt
2192 1592 2207 1643 ;
2231 1577 2357 1647 quia
2381 1591 2487 1632 non
2515 1578 2689 1633 solum
2714 1594 2777 1633 ea
2800 1594 2920 1651 qua:
2945 1579 3051 1635 diei
3075 1578 3330 1651 splendor
3354 1579 3450 1636 ad-

1865 1669 2050 1738 mittit,
2076 1668 2221 1725 omni
2252 1669 2507 1724 instantia
2530 1669 2779 1725 manibus
2800 1685 3061 1729 exercere
3086 1674 3446 1729 contendunt:

1869 1859 2218 1929 perquirunt,
2246 1873 2366 1926 qua:
2389 1872 2456 1913 ne
2476 1858 2652 1925 ipsius
2670 1860 2888 1929 quidem
2912 1863 3087 1917 noctis
3114 1862 3449 1919 densissima:

1866 1951 2105 2011 tenebrae
2134 1950 2346 2007 valeant
2372 1950 2662 2021 impedire,
2697 1952 2987 2011 credentes
3013 1970 3075 2013 se
3100 1962 3252 2011 tanto
3280 1956 3449 2017 subli-

1867 2042 2099 2097 miorem
2154 2040 2511 2114 spiritualium
2576 2046 3100 2112 contemplationum
3159 2048 3446 2119 puritatem

1867 2133 2068 2189 mentis
2120 2133 2313 2189 intuitu
2360 2134 2706 2203 quaesituros,
2751 2146 2952 2203 quanto
2995 2137 3199 2193 diutius
3246 2140 3445 2195 fuerint

1868 2244 1994 2299 erga
2043 2229 2226 2300 operis
2272 2228 2506 2283 studium
2537 2242 2601 2283 ac
2646 2227 2845 2283 laboris
2888 2227 3109 2285 intenti.
3138 2231 3202 2283 Et
3246 2230 3447 2286 idcirco

1870 2323 2199 2379 mediocrem
2226 2318 2605 2379 canonicarum
2626 2320 2933 2378 orationum
2952 2318 2978 2359 ά
3005 2337 3286 2379 numerum
3303 2321 3449 2396 judi-

1243 2466 1501 2523 ΑιΑκοι
1539 2464 1777 2523 GAZIEI
1814 2460 2383 2519 COMMENTARIUS.

256 2597 280 2625 ³
304 2584 528 2651 Psalmi,
558 2587 646 2657 qui
677 2602 775 2657 pro
802 2586 956 2640 titulo
984 2585 1187 2641 habent
1217 2587 1472 2644 Alleluia.
1498 2599 1625 2643 sunt
1657 2606 1759 2641 nn-

189 2674 330 2713 mero
351 2660 538 2727 viginti
564 2674 791 2727 ;nempe
819 2673 929 2723 otv,
953 2674 1038 2719 cv.
1061 2673 1169 2723 cvt,
1194 2675 1283 2722 cx,
1307 2675 1414 2723 cxi,
1449 2676 1581 2723 ειη,
1606 2675 1754 2726 cxtn,

187 2744 318 2792 CXIV,
359 2745 493 2792 CXV,
523 2744 666 2790 CXVI.
706 2744 863 2793 CXVII.
888 2745 1076 2787 CXVIII.
1108 2744 1322 2796 CXXXIV,
1355 2746 1570 2793 CXXXV,
1595 2746 1757 2798 CXLV,

188 2814 355 2872 ngvt,
393 2814 591 2872 CXLVII,
620 2814 841 2862 CXLVIII,
872 2816 1051 2867 chtx,
1101 2816 1190 2864 CL,
1233 2816 1367 2872 quos
1412 2800 1755 2872 idcircoSS.

187 2868 365 2942 Patres
416 2870 775 2942 Hieronymus
805 2881 857 2924 et
896 2874 1224 2939 Augustinus
1252 2868 1465 2925 'vocant
1509 2870 1758 2925 Alleluia-

190 2941 341 3005 ticos;
374 2957 482 2994 nec
530 2941 685 2994 alium
734 2943 996 2995 ratiooem
1038 2942 1195 2997 istius
1236 2942 1601 3010 inscriptionis
1630 2942 1759 2997 olfe-

188 3022 325 3076 runt,
380 3027 542 3080 quam
564 3012 700 3079 quod
726 3013 920 3081 psalmi
953 3014 1036 3068 isti
1066 3014 1391 3082 singularem
1419 3028 1483 3067 ac
1510 3012 1756 3067 Instivtnn

190 3082 277 3152 Dei
310 3082 529 3152 laudent
561 3099 667 3149 prae
714 3084 833 3137 aliis
861 3086 1193 3145 contineant,
1224 3098 1380 3152 quam
1429 3084 1615 3137 titulus
1645 3084 1759 3147 ipse

188 3151 403 3208 indicat.
422 3150 649 3207 Alleluia
662 3155 802 3209 enim
824 3154 1034 3208 duobus
1050 3150 1347 3213 Vocabulis.
1367 3152 1575 3209 laudate
1597 3153 1758 3207 Deum

189 3239 295 3299 cum
315 3224 514 3299 jnbilo,
538 3224 744 3299 Iustitia,
761 3233 815 3299 et
834 3234 1013 3291 cantu,
1040 3225 1173 3291 sive,
1189 3224 1410 3299 jubilate
1424 3224 1549 3291 Deo,
1573 3233 1753 3279 sonat.

189 3293 333 3349 Unde
363 3298 417 3348 in
448 3296 609 3361 coelo,
642 3293 739 3350 ubi
761 3296 881 3349 lzeta
929 3305 1053 3351 sunt
1090 3293 1297 3361 omnia,
1330 3307 1643 3364 perpetuum
1672 3307 1760 3351 est

190 3364 423 3421 Alleluia.
441 3368 611 3434 Apoc.
631 3383 740 3421 xix.
756 3366 825 3420 Et
845 3368 895 3420 in
912 3366 1148 3421 Ecclesia
1165 3367 1307 3420 iretis
1328 3367 1601 3421 dumtaxat
1620 3378 1757 3423 tem-

1862 2584 2188 2663 Tertullianj
2218 2584 2737 2663 repre_hensio_(Lib.
2770 2588 2835 2663 de
2866 2587 3113 2663 Oratione
3136 2605 3248 2663 cap.
3280 2586 3368 2651 12,
3401 2597 3449 2645 et

1862 2658 1933 2710 ibi
1960 2667 2109 2711 notas
2141 2656 2409 2725 Pamelii),
2435 2671 2538 2725 qua
2572 2656 2716 2712 hunc
2743 2658 2968 2713 sedendi
3010 2662 3169 2715 ritum
3196 2656 3253 2713 in
3275 2664 3446 2717 choro

1858 2738 1919 2799 et
1948 2729 2141 2783 oliieiis
2184 2730 2576 2785 ecclesiasticis
2598 2729 2858 2785 damnare
2883 2740 2977 2787 ait
3013 2732 3322 2799 iltpmbare
3365 2734 3449 2791 νί-
3536 2760 3540 2764 ~

1864 2798 2041 2869 detur,
2088 2810 2145 2853 ut
2174 2800 2423 2869 superius
2452 2808 2728 2867 notatum;
2763 2800 2863 2854 nisi
2898 2800 2965 2856 ad
3008 2798 3132 2859 illos
3161 2805 3445 2867 referatur,

1864 2868 1955 2940 qui
1988 2869 2073 2940 vel
2098 2883 2165 2921 ex
2200 2868 2568 2935 irreverentia,
2623 2870 2705 2927 vel
2739 2870 2984 2925 socordia
3017 2882 3072 2928 et
3113 2874 3324 2940 ignavia
3355 2889 3447 2929 se-

1864 2938 2045 2993 dendo
2068 2948 2231 2992 orant
2256 2948 2349 2993 aut
2378 2940 2609 3007 psallunt
2643 2957 2658 2993 :
2701 2942 2782 2994 vel
2812 2942 2955 2996 illius
2979 2938 3344 3000 di~tinctionis
3391 2954 3450 3001 et

1870 3010 2217 3087 varietatisia
2242 3009 2441 3087 divinis
2460 3010 3034 3087 ofliciisobservanrlaa,
3053 3015 3119 3069 de
3141 3033 3241 3083 qua
3261 3032 3445 3087 supra,

1865 3080 2133 3155 rationem
2152 3094 2287 3155 Διιοιι
2330 3079 2547 3155 habent.
2584 3081 2633 3136 id
2661 3090 2763 3147 est,
2814 3079 3027 3155 sedent.
3051 3079 3263 3155 quando
3301 3079 3450 3143 εἱεηὲ

1864 3150 1996 3224 dum
2009 3163 2113 3224 rant
2145 3151 2466 3224 ﬂectendum
2506 3161 2654 3207 esset
2696 3171 2711 3211 :
2747 3154 2891 3223 quod
2940 3150 3154 3224 quidem
3181 3167 3336 3214 extra
3362 3158 3449 3213 di-

1862 3222 2145 3291 sciplinam
2176 3237 2317 3290 esse,
2340 3223 2445 3277 hoc
2466 3234 2569 3289 est,
2590 3224 2658 3278 ab
2684 3222 2928 3279 instituto
2950 3222 3048 3283 SS.
3076 3227 3291 3284 Patrum
3322 3230 3449 3285 alie-

1866 3308 1993 3369 num
2024 3308 2198 3369 nemo
2222 3294 2501 3369 negaverit
2538 3313 2549 3347 :
2596 3309 2717 3348 nam
2746 3306 2798 3369 et
2830 3297 2895 3369 D.
2934 3298 3259 3369 Benedictus
3294 3300 3450 3369 jubet

1865 3361 2022 3436 (Cap.
2049 3363 2118 3419 50
2158 3361 2315 3434 Reg.)
2353 3363 2545 3419 fratres
2571 3370 2733 3420 etiam
2778 3366 2832 3420 in
2887 3368 3081 3425 itinere
3121 3361 3449 3426 eonsiitutos

192 3418 794 3510 pertusas-iisan;
811 3418 1760 3510 tua;si;'ipasncsisaa‘o'3.
1788 3418 1833 3482 c
1862 3418 2142 3510 suam,
2170 3418 2354 3499 ίσσεέι,
2379 3418 2615 3510 ofﬁcium
2634 3418 3449 3510 statimaususausus}:

195 3513 407 3563 testatur
432 3508 499 3563 D.
527 3506 853 3579 Augustinus
893 3510 945 3562 in
1001 3506 1194 3578 psalm.
1241 3524 1341 3565 cvi.
1375 3506 1542 3563 Usum
1574 3506 1754 3565 autem

193 3580 407 3649 canendi
436 3581 583 3633 hanc
611 3594 797 3633 vocem
826 3580 878 3633 in
912 3579 1149 3634 Ecclesia
1178 3595 1243 3633 ex
1270 3580 1470 3649 Λεαωο
1498 3582 1756 3649 prOpheta

194 3663 451 3715 manasse,
482 3650 569 3719 qui
597 3651 802 3719 primus
830 3654 1067 3704 omnium
1100 3651 1334 3705 cantavit
1360 3650 1606 3715 Alleluia,
1636 3663 1759 3705 cum

195 3733 371 3791 novam
405 3720 599 3791 templi
630 3730 955 3775 structuram
986 3720 1152 3785 vidit,
1184 3730 1411 3776 testatur
1433 3720 1498 3791 Si
1524 3720 1760 3791 Epipha-

196 3790 303 3844 nius
330 3793 424 3845 lib.
457 3788 541 3845 de'
577 3791 849 3861 propheta:
876 3792 987 3845 vita
1036 3801 1090 3846 et
1132 3793 1357 3846 interitu
1392 3806 1440 3845 c.
1474 3788 1562 3856 20,
1600 3790 1761 3861 idque

197 3861 481 3932 secundum
503 3860 689 3916 Tobias
734 3862 1068 3932 prOphetiam
1119 3877 1167 3917 c.
1217 3876 1347 3932 χιιι,
1397 3876 1516 3916 cum
1564 3860 1761 3932 alioqui

195 3931 336 3988 multi
364 3932 587 4003 psalmi,
634 3930 769 4003 quos
817 3935 1151 3995 notavimus,
1213 3930 1635 4003 Alleluiatitulo
1666 3933 1763 4003 _in-

196 4001 533 4072 scripti,ante
555 4001 773 4072 illorum
792 4012 1033 4072 tempora
1053 4004 1379 4058 haberentur
1408 4002 1634 4071 (Concil.
1662 4001 1761 4055 Το-

198 4070 307 4145 leto.
338 4090 410 4140 tv,
444 4072 574 4127 Con.
602 4070 714 4142 10).
746 4070 1046 4129 Notandum
1074 4090 1202 4129 vero
1231 4075 1491 4144 quosdam
1523 4074 1762 4145 palmus

196 4143 380 4214 duplici
438 4145 667 4199 Alleluia
711 4146 1018 4215 prznnotari,
1047 4143 1271 4211 quorum
1315 4143 1543 4199 alterum
1573 4146 1763 4199 volunt

197 4216 425 4270 nonnulli
452 4216 519 4269 ad
552 4215 713 4269 tinem
745 4215 1039 4285 superioris
1070 4216 1258 4278 psnlmi
1286 4216 1583 4285 pertinere.
1604 4215 1760 4281 Quod

197 4286 511 4354 Augustinus
536 4285 733 4341 relellit
753 4284 968 4341 dieens:
998 4284 1334 4356 Ubicumque,
1357 4298 1469 4358 post
1492 4302 1762 4358 numerum

196 4358 371 4425 psalmi
398 4374 499 4411 sive
521 4358 698 4422 semel,
721 4360 825 4411 sive
855 4360 926 4411 bis
953 4358 1293 4425 conscriptum
1322 4357 1607 4411 inuenimus
1622 4357 1763 4410 Alle-

200 4426 328 4491 luia,
380 4427 659 4481 secundum
705 4428 1085 4483 celeberrimam
1135 4426 1383 4482 Ecclesia:
1431 4428 1766 4482 consuetudi—

200 4511 307 4549 nem
326 4538 339 4558 ,
366 4500 409 4549 ei
445 4501 645 4570 psalmo
673 4515 781 4553 esse
814 4500 1162 4562 tribuendum,
1213 4501 1300 4570 qui
1331 4499 1507 4553 eodem
1550 4515 1761 4553 numero

200 4578 521 4633 praenotatur.
540 4567 707 4623 Porro
731 4572 795 4624 ad
816 4570 971 4639 hujus
1001 4567 1356 4625 institutionis
1369 4580 1616 4624 veterum
1642 4570 1765 4622 illo-

204 4650 315 4687 rum
343 4642 718 4695 monachorum
748 4642 1104 4695 imitationem
1136 4642 1347 4694 videtur
1372 4643 1532 4695 etiam
1567 4640 1628 4693 Ι).
1664 4640 1764 4695 Be-

201 4706 441 4785 nedictus
468 4711 755 4785 instituisse
781 4709 932 4785 (Cap.
951 4712 997 4785 Δ9
1026 4722 1073 4764 et
1106 4710 1163 4765 Η
1193 4711 1371 4785 ἐξεφ),
1403 4722 1459 4763 ut
1483 4712 1765 4785 post“an-

1860 3506 2077 3581 gplvere
2107 3516 2495 3581 ettm_tre_tno_re
2543 3507 2725 3581 divino
2766 3509 3046 3581 ﬂectentes
3077 3526 3269 3581 genua.
3314 3506 3448 3568 Vide

1860 3573 2165 3630 Navarrum
2195 3577 2288 3629 lib.
2320 3578 2387 3629 de
2414 3576 2673 3631 Oratione
2701 3592 2819 3642 cap.
2854 3580 2910 3632 4.

1936 3657 1959 3683 ε
1984 3647 2123 3720 _S_nnt
2148 3648 2268 3699 haec
2291 3648 2576 3702 commode
2629 3657 2685 3720 et
2718 3648 3105 3720 hyperbolicais
3144 3651 3419 3720 intelligen
3439 3685 3451 3694 -

1867 3716 1955 3768 da.
1990 3717 2124 3770 Nam
2154 3724 2359 3769 certum
2406 3727 2489 3769 est
2550 3716 2731 3784 excipi
2766 3716 2996 3782 tempus
3055 3719 3200 3786 quod
3253 3716 3450 3779 divinis

1864 3786 2520 3861 Ofﬁciisimpendebatttr,
2571 3788 2825 3861 quodque
2856 3788 3170 3861 refectioni,
3226 3805 3441 3861 somno,

1862 3857 2096 3924 aliisque
2120 3854 2527 3909 necessitatibus
2558 3857 2962 3911 comedendum
2989 3859 3105 3912 fuit.
3158 3854 3161 3855 ⁷
3375 3908 3381 3913 .

1937 3925 1964 3964 ἀ
1989 3927 2195 3994 Nempe
2221 3925 2608 3981 dnodenarium
2635 3926 2785 3981 illum
2809 3928 3135 3995 psalmorum
3158 3947 3447 3992 numerum

1866 3999 2051 4076 tamin
2083 3996 2425 4076 vespertinis,
2457 4011 2621 4066 quam
2652 3999 2703 4076 in
2737 4000 3014 4076 nocturnis
3046 4000 3241 4076 ofﬁciis
3270 4010 3447 4076 angeli

1866 4067 2279 4145 ntagist-erio'Aet
2306 4067 2631 4145 documento
2671 4069 2991 4145 institutum,
3038 4071 3107 4145 de
3144 4090 3256 4144 quo
3286 4067 3448 4145 supra

1862 4140 2018 4213 (Cap.
2051 4139 2084 4213 5
2115 4150 2163 4193 et
2193 4138 2272 4213 6).
2308 4137 2546 4213 Viderint
2574 4139 2693 4213 haec
2720 4142 2957 4213 imperiti
2983 4137 3223 4213 quidam,
3253 4155 3307 4201 et
3347 4137 3448 4201 i'm-

1868 4210 2109 4279 portnni,
2140 4211 2231 4279 qui
2260 4218 2401 4263 totos
2425 4210 2541 4285 dies
2572 4211 2624 4263 in
2652 4211 2965 4285 psalmodia
2997 4210 3053 4268 et
3098 4210 3261 4285 cantu
3295 4219 3448 4273 insu-

1868 4287 2092 4337 mendos
2123 4292 2347 4349 putant;
2382 4282 2530 4346 quasi
2560 4294 2690 4353 vero
2715 4283 2849 4336 nihil
2900 4284 3045 4338 aliud
3093 4282 3242 4353 pensi
3288 4290 3447 4344 nobis

1868 4353 2204 4408 incumberet
2242 4366 2257 4404 :
2305 4366 2427 4420 cum
2456 4352 2996 4420 exennplgveterum
3055 4359 3445 4413 monachorum

1867 4432 1925 4477 et
1951 4422 2344 4501 nostr._etiam
2378 4419 2594 4501 Regula;
2623 4419 2869 4501 insfituto
2924 4423 3083 4501 (Cap.
3110 4428 3179 4481 ιδ
3210 4427 3448 4501 Regulae)

1868 4503 2079 4549 constet
2108 4492 2207 4546 tria
2235 4506 2376 4558 esse,
2404 4492 2459 4545 in
2482 4492 2681 4561 quibus
2702 4495 2808 4547 vita
2834 4492 3085 4551 monachi
3112 4492 3319 4553 versari
3348 4492 3450 4557 tie-'-

1867 4564 2013 4628 beat,
2070 4564 2320 4618 videlicet
2364 4566 2686 4629 orationem,
2740 4565 3053 4631 lectionem,
3101 4579 3155 4622 et
3204 4569 3447 4627 laborem

1868 4650 2124 4689 manuum
2153 4651 2169 4690 :
2202 4643 2255 4687 et
2284 4634 2508 4702 proinde
2548 4634 2715 4688 horas
2741 4635 2964 4690 diurnas
2990 4637 3068 4691 sic
3099 4653 3219 4695 esse
3250 4644 3451 4697 distin-

1869 4707 2111 4777 guendas
2137 4716 2190 4759 et
2212 4705 2632 4777 distribuendas,
2655 4714 2715 4759 ut
2739 4706 2863 4761 alite
2900 4706 3139 4773 lectioni,
3186 4711 3308 4766 aliae
3329 4727 3451 4767 οη-

199 4777 476 4859 denarium
525 4774 838 4859 psalmum,
874 4774 965 4849 qui
1022 4792 1125 4859 est_
1156 4774 1373 4835 ultimus
1392 4774 1625 4859 secundi
1664 4797 1768 4859 nu-
1792 4788 1848 4859 Ῑ)
1871 4774 2181 4859 ξὶοιιίειδῃαξ
2218 4774 2519 4859 operationi
2550 4776 2877 4859 tribuantur.
2898 4777 3067 4859 _Unde
3090 4780 3163 4859 de
3202 4782 3319 4837 istis
3346 4786 3448 4859 t_rig

198 4850 388 4921 cunni,
414 4860 632 4906 canatur
649 4852 891 4917 Alleluia,
919 4860 1069 4906 extra
1091 4850 1552 4921 Septuagesimam
1575 4850 1765 4907 diebus

200 4916 434 4991 feriatis;
470 4933 587 4991 post
614 4928 822 4977 cantica
848 4937 976 4977 vero
997 4916 1185 4976 diebus
1212 4916 1520 4977 dominicis.

270 4988 482 5063 bﬁVides
513 4994 598 5049 hic
625 4994 815 5048 sedilia
835 4995 945 5063 jam
978 5003 1090 5046 tttm
1138 4994 1188 5045 in
1223 5008 1323 5063 usu
1364 4994 1529 5047 fuisse
1578 4992 1629 5046 in
1668 5006 1764 5047 ec-

200 5059 389 5128 clesiis,
416 5077 507 5117 seu
524 5066 775 5120 oratoriis
803 5059 1207 5119 monachorum.
1237 5062 1388 5119 Unde
1415 5067 1576 5118 etiam
1607 5064 1766 5117 intel-

198 5130 374 5201 ligitur
411 5136 704 5189 monachos
732 5135 962 5190 subinde
994 5135 1049 5188 in
1092 5134 1284 5187 officiis
1331 5136 1524 5189 divinis
1570 5135 1768 5190 sedere

202 5207 555 5275 consuevisse.
606 5206 762 5270 Quod
817 5216 975 5261 etiam
1028 5221 1093 5260 ex
1145 5204 1348 5275 Regula
1390 5207 1451 5258 ι).
1491 5204 1768 5275 Benedicti

202 5273 389 5327 clarum
415 5287 514 5329 est.
544 5275 674 5329 Nam
698 5290 819 5346 cap.
861 5278 895 5333 9
921 5278 1132 5339 statuit,
1161 5273 1435 5328 ut'diebus
1465 5276 1659 5341 feriatis
1699 5274 1769 5327 ad

202 5355 460 5399 nocturnos
488 5349 775 5401 sedentibus
819 5349 1047 5401 omnibus
1072 5347 1129 5400 in
1149 5347 1392 5410 scamnis,
1429 5347 1661 5417 legantur
1680 5347 1760 5398 υἱ-

200 5417 362 5468 cissim
387 5433 418 5468 α
439 5418 685 5489 fratribus
710 5435 862 5487 super
886 5421 1188 5490 analogiunt
1210 5427 1310 5471 tres
1343 5418 1581 5490 lectiones
1598 5431 1617 5468 :
1644 5423 1760 5487 post

182 5490 397 5557 tertiam
439 5486 557 5543 vero
593 5486 858 5543 lectionem
884 5486 1104 5557 dicatur,
1148 5487 1331 5543 Gloria
1376 5486 1564 5557 Patri;
1605 5486 1763 5556 quam

203 5556 317 5609 dum
346 5557 526 5628 incipit
554 5571 731 5613 cantor
752 5556 941 5622 dicere,
969 5556 1095 5612 mox
1109 5575 1280 5615 omnes
1309 5560 1368 5613 tle
1381 5556 1626 5628 sedilibus
1652 5558 1761 5628 sujs

202 5639 407 5698 surgant
444 5622 505 5684 ob
531 5631 775 5684 honorem
804 5641 853 5685 et
896 5631 1226 5686 reverentiam
1270 5630 1332 5685 8.
1366 5626 1659 5683 Trinitatis.
1694 5622 1765 5681 Et

203 5711 315 5766 cap.
348 5699 423 5771 κη
453 5718 467 5753 :
505 5701 856 5755 Rcsidentibus
882 5703 1073 5753 cunctis
1114 5701 1378 5769 disposite,
1422 5708 1471 5753 et
1505 5715 1596 5771 per
1622 5699 1763 5752 ordi-

206 5782 309 5822 nem
340 5770 396 5821 in
423 5770 697 5839 subselliis,
723 5780 826 5829 etc.
860 5773 1037 5839 Quare
1064 5787 1169 5827 non
1197 5771 1330 5828 satis
1361 5770 1513 5842 juxta
1542 5777 1763 5842 apparet

1780 5913 1824 5933 δι

1870 4848 1971 4903 bus
2000 4849 2133 4902 dicit
2158 4846 2398 4902 Isidorus
2426 4846 2521 4901 lib.
2553 4847 2620 4902 de
2651 4849 2873 4903 Summo
2896 4850 3040 4904 bono
3064 4892 3075 4903 .
3111 4851 3327 4907 Seruum
3351 4852 3449 4909 Dei

1873 4920 1983 4998 sine
2008 4919 2383 4998 intermissione
2434 4919 2602 4998 legere
2624 4958 2640 4983 ,
2669 4934 2860 4998 _orare,
2883 4930 2957 4998 _et
2985 4925 3189 4998 operari
3220 4936 3448 4998 oportet.

1871 4991 2320 5044 'l‘nrrecrematns
2367 4988 2420 5041 in
2462 4989 2610 5042 illum
2665 4990 2839 5043 locum
2880 4989 3147 5059 Regum:
3202 4988 3451 5050 cannae-

1872 5058 2343 5144 ran_dcrnt,.inqu‘it,
2372 5059 2510 5127 quod
2537 5075 2600 5144 ea:
2627 5058 2708 5144 liis
2737 5076 2852 5142 qua
2872 5058 2999 5144 jantr
3028 5064 3187 5144 flictu
3222 5078 3341 5121 sunt
3383 5069 3451 5122 de

1876 5131 2232 5183 distributione
2262 5129 2505 5181 horarum
2530 5129 2657 5190 diei,
2674 5129 2930 5198 lectionis,
2954 5143 3001 5187 et
3023 5136 3234 5197 laboris,
3262 5146 3307 5189 et
3332 5155 3452 5191 oru-

1872 5201 2055 5263 tionis,
2087 5200 2417 5268 manifestum
2463 5210 2535 5253 est
2578 5212 2827 5271 quantum
2878 5208 3131 5271 aberrent,
3183 5216 3229 5259 et
3265 5217 3451 5261 temere

1875 5271 2159 5345 deniqth
2198 5271 2480 5345 intentione
2504 5280 2572 5345 et
2635 5275 2882 5327 institutis
2914 5276 3129 5345 Regula!
3174 5276 3451 5331 beatissimi

1873 5341 2052 5415 Patris
2089 5340 2370 5407 Benedicti,
2422 5344 2511 5415 qui
2552 5353 2751 5409 ternpus
2788 5340 3109 5415 assignatum
3153 5345 3360 5399 lectioni
3396 5358 3450 5402 et

1872 5414 2055 5488 labori,
2088 5424 2249 5488 totum
2274 5416 2325 5467 in
2355 5414 2589 5468 oratione
2626 5414 2952 5488 expendunt;
2978 5417 3111 5488 sicut
3139 5417 3346 5483 lpidam
3364 5418 3451 5488 {a-

1870 5486 2037 5541 ciunt.
2068 5486 2155 5549 qui
2184 5502 2384 5539 sensum
2407 5502 2557 5539 suum
2578 5487 2869 5539 rectitudini
2900 5484 3129 5554 Regula,
3170 5492 3213 5537 et
3243 5484 3450 5542 sancto-

1868 5571 1987 5608 rum
2023 5554 2245 5609 Patrum
2284 5557 2578 5627 prudentia:
2630 5565 3000 5627 praeponentes,
3032 5559 3099 5627 in
3145 5555 3450 5627 quibusdam

1869 5627 2192 5680 monasteriis
2230 5628 2457 5695 neglecta
2479 5627 2692 5680 lectione
2720 5626 2766 5679 et
2784 5627 2998 5680 dimisso
3014 5626 3191 5680 labore
3214 5626 3449 5684 divinum

1871 5698 2105 5768 ofﬁciunt
2125 5697 2253 5749 adeo
2272 5699 2655 5768 prolongarunt
2676 5738 2690 5759 ,
2726 5697 2861 5766 quod
2890 5698 2997 5766 fere
3026 5708 3187 5752 totum
3213 5698 3347 5750 diem
3390 5701 3448 5757 in

1832 5764 1936 5842 ξοδ
1959 5776 2232 5837 occupant.
2263 5764 2331 5820 In
2358 5764 2553 5837 qua're
2596 5764 2750 5837 quant
2800 5764 3066 5839 manifeste
3098 5776 3275 5825 contra
3296 5783 3446 5829 men.
