4036 6218
625 320 728 383 103

1933 308 2213 373 JOANNIS
2243 307 2558 371 CASSIANI
3745 309 3830 369 104

622 446 746 497 cant
779 434 1037 492 divinitus
1066 434 1456 501 moderatum;
1504 441 1561 489 ut
1612 432 2012 487 ardentioribus
2060 430 2184 496 ﬁde,
2215 431 2264 491 Α
2288 427 2435 481 illam
2463 426 2906 496 satisfactionem,
2931 442 3090 499 quam
3121 442 3218 499 pro
3239 426 3576 500 negligentiis
3595 440 3685 482 seu
3704 427 3832 497 igno-

621 532 852 604 spatium
890 543 997 601 quo
1026 544 1085 585 se
1113 528 1327 584 virtutis
1368 544 1556 584 eorum
1604 525 1950 594 infatigabilis
2004 538 2197 579 cursus

621 623 954 688 extenderet,
977 629 1308 689 servaretur,
1350 631 1404 677 et
1450 620 1797 697 nihilominus
1829 618 1984 673 fessis
2013 617 2201 686 aegris-

623 731 728 787 que
757 714 1078 784 corporibus
1124 714 1349 769 minime
1376 714 1689 785 gigneretur
1717 711 1783 767 de
1812 710 2088 765 nimietate
2116 707 2196 763 fac

622 808 866 864 stidium.
900 807 1135 877 Ideoque
1176 821 1298 862 eum
1327 807 1527 861 fuerint
1565 805 1867 859 orationum
1909 802 2198 857 cononica-

624 914 748 955 rum
799 898 1107 954 functiones
1154 913 1223 953 ex
1270 912 1425 952 more
1482 896 1668 960 ﬁnitae,
1718 893 2087 963 unusquisque
2134 891 2202 948 ad

565 976 573 985 ”
624 1008 778 1048 suam
811 1005 1103 1047 recurrens
1130 991 1380 1046 cellulam
1412 988 1597 1061 (quam
1628 995 1721 1042 aut
1758 986 1927 1053 solus,
1962 994 2056 1041 aut
2079 999 2200 1041 cum

626 1085 732 1141 alio
778 1093 986 1139 tantum
1035 1083 1348 1139 inhabitare
1380 1082 1745 1152 permittitur,
1796 1094 1956 1150 quem
1998 1078 2204 1135 scilicet

627 1177 857 1232 societas
886 1175 1241 1246 operationis,
1286 1174 1370 1230 vel
1400 1174 1773 1244 discipulatus,
1802 1182 1858 1228 et
1902 1170 2204 1241 disciplinae

627 1268 855 1324 imbutio
881 1267 1176 1338 copulavit,
1208 1265 1293 1319 vel
1321 1275 1471 1320 certe
1508 1280 1665 1336 quem
1710 1262 2007 1318 similitudo
2036 1261 2206 1315 virtu-

625 1371 738 1417 tum
758 1374 1068 1430 comparem
1091 1358 1240 1429 fecit)
1262 1356 1402 1413 idem
1426 1372 1613 1412 rursus
1639 1355 1944 1411 orationum
1966 1352 2203 1409 ofﬁcium

624 1451 773 1508 velut
798 1450 1077 1521 peculiare
1102 1449 1431 1505 sacriﬁcium
1451 1448 1745 1504 studiosius
1767 1447 2072 1511 celebrant,
2106 1460 2206 1501 nec

626 1542 857 1598 ulterius
884 1542 1171 1612 quisquam
1194 1556 1381 1596 eorum
1415 1541 1467 1595 in
1498 1540 1741 1609 requiem
1770 1539 1945 1593 somni
1977 1537 2205 1593 resolvi-

630 1645 754 1703 tur;
788 1635 959 1691 donec
985 1636 1401 1705 superveniente
1428 1633 1534 1689 diei
1570 1632 1883 1704 splendore,
1935 1643 2205 1689 nocturno

627 1726 804 1799 operi,
823 1743 887 1783 ac
913 1726 1251 1782 meditationi
1282 1726 1524 1795 operatio
1542 1724 1733 1779 diurna
1764 1723 2040 1781 succedat.

1211 1856 1437 1914 CAPUT
1469 1856 1609 1912 XIII.

633 1979 804 2046 Quare
843 1988 957 2050 post
986 1979 1197 2033 missam
1222 1988 1526 2033 nocturnam
1560 1978 1784 2032 dormire
1809 1994 1912 2033 non
1950 1986 2203 2049 oporteat.

701 2105 727 2133 λ
757 2095 926 2163 Quem
959 2095 1219 2162 laborem,
1254 2102 1451 2165 przeter
1484 2092 1628 2148 illam
1655 2092 1941 2159 rationem,
1969 2108 2072 2162 qua
2098 2102 2207 2148 tota

630 2187 892 2243 industria
917 2187 1219 2243 annitentes
1247 2186 1574 2241 sacrificium
1612 2185 1725 2240 Deo
1756 2183 1824 2240 de
1867 2184 2043 2240 fructu
2091 2200 2209 2240 ma-

629 2297 791 2336 nuum
819 2295 1036 2336 suarum
1063 2279 1258 2335 offerre
1294 2294 1354 2335 se
1396 2278 1644 2344 credunt,
1697 2277 1905 2333 duabus
1939 2293 2003 2333 ex
2033 2280 2210 2335 causis

629 2388 749 2429 cum
780 2372 926 2428 omni
964 2370 1340 2427 observatione
1381 2370 1711 2427 custodiunt.
1755 2369 1907 2438 Quod
1936 2386 2035 2426 nos
2072 2386 2209 2442 quo-

628 2482 735 2538 que
761 2467 807 2522 si
837 2464 1153 2533 perfectioni
1198 2464 1499 2532 studemus,
1551 2465 1738 2543 eadem
1779 2464 2055 2534 diligentia
2080 2480 2209 2520 con-

628 2559 777 2615 venit
818 2558 1128 2615 observare.
1185 2555 1364 2613 Prima
1418 2555 1448 2595 δ
1497 2572 1569 2613 ne
1612 2558 1749 2612 forte
1777 2556 2207 2627 puriﬁcationem

629 2661 866 2708 nostram
912 2651 1191 2707 nocturnis
1244 2649 1466 2717 pSalmis
1493 2658 1549 2704 et
1592 2648 1927 2705 orationibus
1973 2648 2210 2718 acquisi-

630 2754 760 2810 tam,
820 2743 1031 2799 invidus
1059 2742 1312 2799 inimicus
1358 2743 1531 2799 livens
1566 2742 1794 2814 puritati
1849 2751 2069 2807 nostrae,
2122 2742 2209 2798 cui

632 2837 867 2894 maxime
894 2835 1180 2893 insidiatur
1204 2851 1441 2907 semper,
1475 2844 1529 2892 et
1558 2835 1935 2892 indesinenter
1979 2835 2207 2891 infestus

630 2940 737 3001 est,
767 2929 996 3001 quadam
1023 2928 1201 2985 somni
1243 2929 1499 2987 illusione
1545 2929 1905 2985 contaminet.
1949 2927 2052 2996 Qui
2085 2936 2208 2999 post

2303 521 2599 577 rationibus
2630 522 2832 577 nostris
2861 521 3172 586 obtulimus,
3206 531 3260 578 et
3292 520 3642 577 confessionis
3660 529 3831 574 nostra:

2298 615 2510 671 veniam
2534 614 2763 683 profusis
2782 614 3070 684 gemitibus
3092 614 3451 683 imploratam,
3471 612 3829 687 sollicitusgios,

2299 707 2347 762 si
2379 715 2593 777 tempus
2621 707 2815 776 quietis
2847 705 3137 774 invenerit,
3169 705 3446 761 maculare
3475 703 3705 768 festinat,
3729 712 3833 757 tunc

2304 799 2576 869 praecipue
2606 798 2859 854 fiduciam
2893 808 3135 854 nostram
3160 798 3394 868 dejicere
3418 807 3583 868 atque
3610 808 3834 852 enervare

2300 892 2659 959 contendens,
2699 908 2821 948 cum
2850 892 3146 948 ferventius
3187 906 3287 947 nos
3326 890 3391 946 ad
3443 891 3609 945 Deum
3640 888 3833 944 tendere

2302 984 2606 1040 orationum
2656 992 2968 1040 nostrarum
3024 985 3258 1055 puritate
3312 982 3604 1052 perviderit
3642 997 3655 1034 :
3690 981 3754 1035 ita
3790 988 3837 1034 ut

2304 1092 2709 1145 nonnumquam
2755 1092 2891 1148 quos
2925 1092 3021 1147 per
3053 1087 3220 1132 totum
3270 1075 3446 1131 noctis
3478 1075 3701 1146 spatium
3731 1088 3834 1128 sau-
3874 1136 3875 1139 η

2303 1168 2451 1223 ciare
2481 1184 2587 1223 non
2617 1172 2808 1238 potuit,
2832 1168 2934 1223 sub
2958 1169 3099 1223 illius
3127 1167 3273 1223 hora:
3299 1167 3838 1234 brevissimotempore

2304 1259 2668 1315 dehonestare
2719 1270 2947 1315 conetur
2996 1260 3016 1331 (
3044 1258 3171 1313 Vide
3199 1256 3391 1314 Collat.
3431 1259 3525 1325 22,
3553 1273 3663 1329 qua
3687 1267 3754 1312 est
3792 1256 3839 1308 de

2305 1354 2563 1407 nocturnis
2595 1351 2969 1423 illusianibus).
3014 1353 3261 1407 Secunda
3292 1367 3443 1420 vero,
3489 1351 3631 1421 quod
3662 1347 3840 1405 tametsi

2307 1446 2453 1500 nulla
2486 1446 2607 1500 talis
2633 1445 2871 1501 verenda
2899 1444 3098 1501 diaboli
3135 1455 3379 1516 emergat
3422 1444 3621 1511 illusio,
3642 1442 3843 1498 interce-

2307 1540 2441 1594 dens
2468 1540 2630 1595 etiam
2664 1556 2828 1610 purus
2856 1553 3019 1609 sopor
3042 1539 3293 1594 inertiam
3326 1537 3593 1594 monacho
3630 1551 3742 1591 mox
3760 1532 3844 1590 evi-

2307 1627 2539 1701 gilaturo
2592 1633 2877 1701 parturiat,
2937 1646 3267 1703 segnemque
3318 1639 3595 1700 torporem
3640 1627 3844 1683 inferens

2308 1719 2502 1791 meriti,
2527 1742 2621 1797 per
2650 1735 2822 1782 totum
2860 1725 2967 1781 diei
2988 1726 3222 1796 spatium
3254 1725 3496 1794 vigorem
3534 1722 3651 1792 ejus
3681 1721 3843 1775 obtun-

2234 1817 2283 1878 B
2309 1817 2422 1886 dat,
2470 1818 2726 1887 illamque
2764 1818 2984 1872 hebetet
3015 1816 3407 1885 perspicaciam
3438 1829 3652 1882 sensus,
3680 1821 3728 1867 et
3752 1811 3845 1881 piu-

2307 1909 2595 1980 guedinem
2624 1908 2803 1964 cordis
2831 1909 3136 1975 exhauriat,
3161 1923 3279 1978 qua:
3308 1922 3405 1962 nos
3454 1909 3631 1977 possit
3668 1919 3757 1976 per
3780 1911 3846 1955 to-

2307 2012 2419 2058 tum
2449 2002 2594 2058 diem
2618 2003 2876 2059 adversus
2898 2017 3085 2058 omnes
3113 2002 3335 2057 insidias
3381 2000 3590 2057 inimici
3618 2000 3849 2059 cautiores

2309 2097 2751 2167 robustioresque
2779 2111 3017 2152 servare.
3054 2096 3414 2165 Quamobrem
3445 2096 3715 2151 canonicis
3740 2090 3850 2161 vigi-

2305 2188 2394 2245 liis
2417 2189 2642 2259 privatae
2663 2190 2732 2245 ab
2752 2190 2833 2244 eis
2854 2189 3256 2260 subjunguntur
3281 2199 3303 2228 ο
3323 2189 3592 2254 excubiae,
3610 2204 3669 2244 ac
3682 2185 3852 2255 majore

2313 2282 2422 2337 illis
2440 2280 2816 2337 observatione
2837 2282 3148 2348 succedunt,
3168 2289 3228 2335 ut
3250 2289 3304 2336 et
3321 2280 3411 2335 illa
3435 2279 3733 2351 puriﬁcatio
3754 2289 3853 2346 qua:

2313 2374 2532 2445 psalmis
2563 2385 2616 2429 et
2642 2375 2981 2430 orationibus
3005 2382 3091 2429 est
3115 2374 3404 2445 acquisita,
3442 2389 3552 2429 non
3588 2380 3763 2445 pereat
3782 2386 3795 2436 ;
3816 2375 3855 2423 et

2314 2468 2573 2523 intentior
2599 2467 2906 2524 sollicitudo
2930 2468 3242 2538 diligentius
3276 2482 3376 2524 nos
3409 2483 3505 2538 per
3533 2468 3677 2523 diem
3702 2473 3854 2523 custo-

2313 2558 2513 2625 ditura,
2545 2569 2879 2630 praeparetur
2919 2560 3271 2616 meditatione
3296 2568 3579 2615 nocturna.

2899 2674 3129 2731 CAPUT
3166 2674 3308 2731 XIV.

2425 2768 2881 2849 Quemadmodum
2904 2768 2956 2821 in
2984 2766 3183 2849 cellulis
3220 2767 3327 2821 suis
3358 2783 3511 2849 apusg
3540 2782 3776 2822 manuum

2668 2848 2715 2895 et
2746 2847 3003 2893 orationes
3026 2847 3221 2906 pariter
3247 2847 3530 2893 exerceant.

2387 2933 2452 2988 Et
2480 2932 2683 2990 idcirco
2709 2948 2802 2989 eas
2824 2947 2947 2988 cum
2975 2932 3277 3003 adjectione
3298 2934 3477 3003 aperis
3504 2937 3859 3005 exsequuntur,

1688 3046 1948 3104 ALARDI
1985 3045 2218 3103 GAZAEI
2254 3047 2817 3110 COMMENTARIUS.

636 3155 735 3200 tem
766 3142 1047 3225 beatissimi
1073 3140 1249 3225 Ifatris
1274 3152 1335 3225 et
1357 3144 1470 3225 ejus
1501 3142 1756 3225 Regulam
1779 3142 2005 3225 veniant,
2059 3141 2212 3210 facile
2238 3143 2285 3207 C
2315 3146 2554 3200 manibus
2601 3156 2879 3225 egerentes
2919 3147 3073 3219 facile
3112 3156 3345 3225 possunt,
3374 3154 3425 3225 et
3465 3146 3636 3225 ipsum
3674 3146 3864 3201 laborem

631 3224 705 3339 ἵε
721 3215 918 3339 .gidlere.
926 3215 1206 3339 1qnicuique
1248 3217 1336 3285 qui
1378 3212 1494 3283 ejus
1544 3212 1799 3285 Regulam
1824 3213 1976 3267 etiam
2022 3228 2206 3283 parum

682 3302 731 3339 at
760 3326 773 3339 .
829 3297 877 3338 ta
908 3300 921 3337 ι
965 3299 1017 3339 e.

635 3285 773 3341 lenit.
805 3286 877 3338 Ita
908 3285 1017 3339 ille.

682 3304 1167 3425 93"tiiiiui'fémpe,
1200 3355 1267 3410 de
1293 3369 1404 3423 quo
1433 3355 1489 3408 in
1519 3354 1625 3408 line
1655 3367 1775 3421 cap.
1813 3351 2203 3425 praecedentis:

634 3428 900 3482 Nocturna
943 3424 1093 3497 operi
1131 3443 1192 3480 ac
1233 3426 1549 3480 meditationi
1602 3424 1833 3492 operatio
1863 3424 2055 3478 diurna
2093 3442 2209 3480 suc-

637 3500 801 3553 cedat.
1588 3528 1589 3531 η

702 3567 731 3608 δ
763 3569 921 3623 Vides
954 3574 1156 3638 quanto
1195 3565 1374 3622 studio
1402 3574 1458 3623 et
1491 3564 1858 3638 sollicitudine
1882 3565 1956 3634 pii
1987 3565 2063 3620 illi
2095 3582 2211 3621 mo-

633 3640 785 3696 nachi
816 3649 868 3705 et
896 3639 1144 3708 puritatis
1173 3649 1441 3693 amatores
1468 3637 1777 3692 studuerint
1808 3646 2101 3692 nocturnas
2146 3638 2212 3693 il-

632 3712 870 3766 lusioues
894 3719 948 3764 et
989 3710 1318 3779 pollutiones
1347 3724 1510 3779 opera
1549 3708 1753 3763 diaboli
1790 3710 2071 3776 procurari
2122 3724 2213 3764 so-

634 3783 755 3837 litas
784 3796 1116 3852 praecavere:
1152 3791 1210 3836 ut
1256 3780 1393 3835 banc
1423 3781 1493 3835 ob
1520 3794 1737 3834 causam
1766 3779 2033 3849 reliquum
2055 3788 2211 3852 tem-

631 3850 910 3924 poris'post
933 3863 1240 3907 nocturnam
1268 3853 1476 3906 missam
1515 3852 1790 3924 (n_t_habet
1820 3850 2213 3924 titulusihujus

631 3922 809 3990 cap.),
847 3924 883 3980 i.
915 3938 965 3976 e.
1022 3933 1143 3990 post
1181 3934 1500 3979 nocturnum
1552 3922 1796 3978 Ofﬁcium
1826 3963 1841 3985 ,
1895 3923 2099 3977 nemini
2144 3922 2210 3976 ad

634 4008 884 4047 somnum
930 3992 1107 4047 redire
1136 3994 1350 4048 liceret:
1384 3993 1479 4048 sed
1509 3994 1762 4059 orationi,
1795 3994 1878 4046 vel
1908 3992 2212 4061 Operationi

634 4063 849 4118 assidue
875 4077 1068 4116 omnes
1092 4072 1363 4117 vacarent.
1402 4062 1555 4128 Quod
1603 4072 1767 4116 etiam
1816 4064 2100 4117 :emulatus
2145 4062 2208 4116 D.

635 4133 958 4190 Benedictus
984 4134 1172 4187 statuit
1200 4131 1354 4203 (Cap.
1384 4131 1742 4203 A8hliegulw),
1787 4141 1843 4184 ut
1867 4130 2053 4185 hiemis
2083 4142 2211 4186 tem-

636 4222 778 4276 pore,
824 4203 963 4276 quod
1012 4212 1171 4276 restat
1201 4201 1314 4271 post
1345 4201 1547 4276 vigilias
1572 4244 1587 4267 ,
1615 4201 1809 4276 i._post
1847 4212 2164 4276 nocturnum
2196 4250 2210 4272 ,

634 4271 776 4345 quod
809 4271 967 4343 vulgo
995 4272 1222 4345 dicimus
1270 4271 1592 4328 matutinum
1620 4271 1883 4335 ofﬁcium,
1915 4289 1946 4325 a
1967 4274 2213 4343 fratribus

636 4344 961 4399 meditationi
987 4344 1316 4397 inserviatur.

711 4426 735 4487 ε
772 4416 877 4469 Eas
897 4416 1173 4487 nimirum,
1197 4428 1330 4487 quas
1350 4414 1596 4483 superius
1621 4413 1772 4485 (Cap.
1805 4411 2053 4487 pt'qced.)
2078 4413 2215 4470 dixit

637 4485 878 4556 privatas
923 4485 1178 4542 excubias
1199 4526 1214 4551 ,
1248 4485 1299 4539 id
1345 4492 1454 4551 est,
1509 4487 1766 4551 privatas,
1796 4495 1851 4540 et
1882 4485 2214 4554 spontaneos

636 4531 953 4624 arationes:
982 4531 1387 4623 meditationes,
1429 4531 1852 4611 exercitationes
1880 4531 2213 4624 Quintiles",
2243 4531 2292 4591 θ

636 4643 771 4698 quas
827 4629 897 4695 pii
946 4628 1019 4682 illi
1052 4625 1943 4698 monachi,postquamabsolutis
1993 4627 2211 4696 vigiliis,

637 4697 733 4757 seu
761 4699 955 4754 ofﬁciis
976 4700 1252 4753 nocturnis
1271 4697 1338 4751 ad
1359 4712 1485 4752 suas
1506 4697 1729 4752 cellulas
1768 4711 1827 4752 se
1871 4708 2210 4765 receperant,

636 4772 893 4842 privatim
924 4785 990 4842 ex
1021 4767 1524 4842 devotione__s_imul
1578 4782 1701 4842 cum
1735 4782 1902 4833 Opere
1952 4769 2210 4842 manuali,

638 4837 898 4911 quantum
951 4840 1182 4894 humana
1212 4837 1471 4911 fragilitas
1501 4838 1825 4911 patiebatur,
1848 4840 2211 4911 exercebant;

639 4907 710 4968 ne
742 4913 868 4981 quid
899 4912 1004 4967 sibi
1039 4910 1298 4981 temporis
1324 4908 1550 4981 absque
1585 4907 1762 4962 fructu
1791 4919 2033 4981 etdgustu
2058 4910 2217 4978 spiri-

642 4978 772 5038 tuali
803 4983 1101 5052 deperiret,
1135 4978 1224 5034 vel
1254 4978 1454 5052 ,0tiosis
1504 4986 1596 5034 aut
1643 4979 1958 5035 vacantibus
1990 4994 2218 5052 somnus

639 5049 947 5123 obreperet.
997 5052 1082 5106 Ita
1128 5066 1345 5121 namque
1387 5049 1463 5123 ab
1507 5052 1580 5105 eis
1634 5053 1948 5105 incessanter
1988 5051 2217 5123 Operatio

640 5120 887 5180 manuum
917 5123 1153 5193 privatim
1178 5139 1277 5193 per
1320 5120 1954 5193 cellulasiexercebatur,
1989 5131 2044 5176 ut
2067 5121 2226 5193 (psal-

640 5213 843 5251 morum
865 5191 1083 5267 quoque,
1109 5192 1185 5246 vel
1214 5202 1510 5267 ceterarum
1539 5192 1933 5261 Scripturarum
1961 5191 2222 5267 meditatio

640 5264 921 5337 numquam
959 5265 1163 5337 penitus
1202 5266 1655 5337 omitteretur;__ut
1694 5272 1881 5317 aut-tor
1922 5264 2146 5337 repetit_
2169 5272 2225 5318 et

639 5333 877 5395 inculcat
908 5333 1004 5393 lib.
1052 5351 1110 5391 III
1154 5351 1272 5406 cap.
1302 5335 1361 5399 2,
1390 5344 1445 5406 et
1466 5334 1924 5406 D._llieronymus
1964 5334 2014 5387 in
2059 5333 2219 5403 epist.

642 5410 711 5465 i8
732 5411 798 5465 de
823 5408 1152 5471 monasterio
1164 5402 1515 5462 et'mouachis
1535 5402 1958 5459 Bethleemiticis
1975 5402 2219 5472 loquens:

640 5477 712 5534 In
741 5480 951 5545 Christi,
972 5478 1166 5549 inquit,
1191 5479 1314 5532 villa
1344 5486 1452 5531 tota
1478 5475 1739 5528 rusticitas
1771 5484 1843 5527 est
1868 5491 1885 5526 :
1908 5485 2051 5527 extra
2074 5474 2220 5549 psal-

640 5567 752 5605 mos
775 5547 1168 5605 silentium—est:
1196 5562 1510 5620 quocumque
1541 5556 1588 5620 te
1616 5556 1802 5609 vertas,
1835 5555 2009 5598 arator
2038 5547 2221 5600 stivam

644 5631 821 5675 tenens
862 5621 1084 5675 Alteluia
1137 5616 1415 5685 decantat;
1454 5616 1651 5671 sudans
1687 5632 1881 5670 messor
1921 5619 2130 5683 psalmis
2167 5634 2221 5672 se

644 5704 843 5757 avocat,
875 5700 923 5745 et
962 5706 1120 5745 curva
1147 5691 1415 5744 attondens
1452 5689 1575 5742 vites
1611 5686 1750 5813 {aloe
1792 5687 1979 5741 vinitor
2016 5688 2219 5758 aliquid

646 5758 951 5813 Davidicum
977 5762 1136 5813 canit.
1167 5759 1231 5812 D.
1265 5763 1590 5813 Anaustinus
1635 5760 1705 5811 ib.
1729 5758 1797 5812 de
1821 5757 1996 5813 Opere
2026 5775 2215 5813 mona-

646 5758 951 5814 Davidicum
977 5759 1231 5828 canit._D.
1265 5763 1590 5828 Augustinus
1611 5757 1705 5813 lib.
1729 5758 1797 5812 de
1821 5757 1996 5826 Opere
2026 5757 2215 5813 mana-

645 5828 867 5888 chorum
896 5844 947 5883 c.
981 5830 1046 5883 I7
1073 5845 1087 5882 :
1128 5826 1367 5895 Cantica,
1392 5828 1583 5896 inquit,
1615 5830 1789 5884 divina
1832 5840 2036 5885 cantare
2064 5833 2217 5887 etiam

2313 3230 2573 3289 tamquam
2601 3217 2772 3289 divina
2802 3217 3081 3272 celeumate
3114 3217 3412 3271 consolari.
3472 3217 3553 3271 An
3602 3220 3865 3289 ignoramus

2312 3288 2517 3359 opiﬁces
2547 3286 2731 3359 quibus
2756 3288 3088 3351 vanitatibus,
3118 3300 3167 3342 et
3202 3289 3494 3355 plerumque
3534 3286 3689 3342 etiam
3731 3287 3867 3359 turpi-

2314 3357 2579 3413 tudinibus
2631 3357 2997 3411 theatricarum
3051 3359 3342 3429 fabularum
3380 3358 3567 3413 donent
3616 3357 3867 3429 carda,‘et_

2312 3430 2517 3501 linguas
2543 3445 2685 3493 suas,
2713 3445 2829 3481 cum
2852 3446 3033 3501 manus
3053 3427 3123 3483 ab
3145 3446 3295 3500 opere
3322 3445 3423 3483 non
3455 3433 3730 3485 recedant?
3752 3427 3866 3501 Quid

2312 3500 2431 3574 ergo
2457 3501 2905 3574 intpedit‘ser‘vum
2946 3500 3040 3574 Dei
3073 3501 3643 3574 manibusAoperantem
3684 3503 3734 3556 in
3784 3500 3872 3569 lege

2313 3569 2523 3626 Domini
2554 3569 2812 3635 meditari,
2834 3581 2882 3624 et
2897 3572 3117 3640 psallere
3141 3571 3333 3624 nomini
3354 3570 3610 3625 Altissimi
3634 3588 3651 3625 :
3681 3574 3750 3625 ita
3770 3584 3873 3626 sane

2313 3652 2368 3696 ut
2399 3642 2467 3695 ad
2493 3642 2587 3695 illa
2616 3640 2879 3705 discenda,
2908 3658 3022 3709 qua:
3052 3642 3341 3695 memoriter
3367 3642 3581 3704 recolat.
3614 3644 3788 3697 habeat
3813 3655 3872 3692 see

2313 3715 2479 3785 posita
2509 3712 2781 3779 tempora?
2810 3712 2936 3785 Haec
2965 3712 3061 3767 SS.
3096 3713 3303 3785 Patres.
3357 3712 3434 3766 Ex
3465 3713 3661 3777 quibus
3707 3713 3875 3780 colligo

2314 3783 2643 3847 orationem.
2666 3784 2969 3852 praesertim
2995 3783 3308 3850 mentulem,
3341 3797 3445 3837 non
3477 3798 3699 3851 semper
3724 3786 3874 3850 impe-

2315 3855 2417 3911 diri
2456 3870 2620 3925 opere
2652 3864 2901 3919 externo,
2940 3863 2997 3909 et
3023 3854 3279 3920 manuali,
3328 3863 3386 3907 ut
3433 3867 3626 3909 vocant
3654 3872 3670 3919 ;
3703 3864 3756 3909 et
3789 3866 3877 3907 non

2315 3927 2476 3981 modo
2498 3928 2725 3991 licitum,
2753 3926 2845 3981 sed
2867 3936 2923 3981 et
2949 3927 3117 3997 pium,
3135 3940 3199 3979 ac
3214 3925 3452 3979 salutare
3473 3940 3594 3997 esse
3610 3927 3747 3982 inter
3774 3938 3879 3997 opev

2315 3999 2540 4050 randum
2574 3997 2779 4066 aliquid
2815 3998 2884 4064 pii
2911 3996 3195 4053 meditari:
3242 4006 3335 4050 aut
3379 3996 3643 4064 psalmos,
3678 4007 3733 4052 et
3767 3996 3880 4049 alias

2316 4082 2503 4135 preces
2522 4070 2782 4130 recitare;
2812 4069 2970 4121 modo
2994 4068 3104 4121 tale
3124 4082 3259 4134 opus
3282 4081 3387 4121 non
3408 4066 3503 4135 sit,
3523 4067 3666 4136 quod
3690 4079 3881 4122 omnem

2314 4136 2571 4207 geludat
2629 4138 2981 4207 attentionem
3019 4136 3341 4207 (δμΤΙιοηιΔ
3393 4152 3452 4201 II,
3483 4155 3534 4206 q.
3578 4139 3671 4207 85,
3704 4157 3754 4192 a.
3788 4137 3880 4198 ll;

2318 4196 2518 4277 Navar.
2550 4205 2863 4277 deOrat._c.
2892 4206 2958 4259 I8
2984 4196 3036 4258 et
3059 4204 3153 4277 2i)
3205 4207 3339 4259 Nam
3370 4196 3605 4262 inomni
3657 4196 3883 4263 oratione

2318 4276 2517 4340 vocali,
2566 4276 2729 4330 etiam
2761 4275 2931 4330 libera
2958 4285 3012 4329 et
3038 4275 3367 4344 spo‘ntauea,
3398 4279 3700 4342 requiritur
3729 4279 3885 4345 aliqua

2316 4350 2544 4401 attentio
2570 4354 2624 4400 et
2655 4347 2955 4417 reverentia
2990 4345 3222 4417 interna,
3286 4356 3345 4401 ut
3392 4350 3670 4417 colligitur
3701 4366 3767 4406 ex
3814 4348 3886 4402 illa

2316 4418 2520 4473 celebri
2552 4416 2836 4488 Hieremiae
2883 4416 3149 4488 sententia
3177 4416 3544 4488 :_Maledictus
3583 4422 3739 4474 homo
3764 4462 3780 4486 ,
3822 4433 3887 4488 qui

2320 4490 2443 4557 facit
2498 4504 2625 4559 opus
2680 4486 2810 4559 Dei__
2830 4487 3150 4559 negligenter
3196 4486 3376 4559 [lli‘er.
3431 4486 3520 4559 48,
3553 4506 3617 4559 ex
3653 4486 3889 4549 Hebraeo.

2323 4555 2702 4630 fraudulenter,
2732 4555 3150 4630 LXX,'o’tp.slég-,
3183 4555 3537 4630 negligenter].
3564 4557 3624 4614 Si
3648 4564 3809 4629 enim,
3834 4560 3889 4613 ait

2323 4629 2385 4682 Ι).
2423 4629 2767 4695 Benedictus,
2794 4645 2908 4682 cum
2940 4628 3548 4701 hominibus'pntentibus
3590 4629 3775 4701 aliqua
3819 4646 3891 4684 vo-

2323 4701 2492 4754 lumus
2519 4714 2813 4771 suggerere,
2849 4715 2949 4752 non
2993 4700 3374 4771 prtesumimus.
3408 4699 3510 4753 nisi
3555 4699 3893 4771 cym'humilio

2322 4781 2426 4826 tate
2450 4781 2495 4826 et
2521 4769 2808 4825 reverentia
2837 4786 2857 4826 .'
2893 4769 3082 4838 quanto
3111 4774 3276 4841 magis
3310 4770 3534 4825 Domino
3565 4769 3676 4825 Dea
3710 4776 3893 4827 univer-

2321 4858 2665 4915 sorum,‘cum
2692 4843 2844 4915 omni
2884 4842 3171 4915 humilitate
3192 4852 3237 4896 et
3259 4842 3465 4915 pietatis
3493 4844 3764 4898 devotione
3790 4858 3897 4909 sup‘

2322 4912 2632 4983 plicandum
2661 4913 2777 4966 est!
2815 4913 2969 4980 Quod
3014 4918 3057 4967 si
3092 4915 3143 4967 iu
3199 4912 3658 4984 oratinneetiam
3695 4917 3896 4984 privata

2323 4993 2379 5036 et
2410 4984 2577 5038 libera
2606 4984 2783 5037 locum
2810 4984 2991 5049 habet,
3049 4984 3215 5037 multo
3244 4983 3413 5052 magis
3459 4983 3512 5037 in
3535 4986 3784 5040 oratione
3819 4999 3898 5050 pu-

2325 5053 2464 5125 hlica
2500 5064 2554 5125 et
2582 5064 2879 5123 przecepta,
2920 5056 3128 5125 putagin
3154 5052 3299 5106 horis
3323 5054 3601 5125 canonicis
3627 5066 3689 5109 et
3716 5056 3897 5110 ofﬁciis

2329 5124 2715 5177 ecclesiasticis
2763 5123 3199 5180 observandum:
3232 5138 3333 5192 qua
3378 5124 3445 5179 de
3494 5140 3552 5180 re
3586 5128 3749 5185 infra.
3795 5127 3898 5179 loco

2328 5192 2454 5248 huic
2486 5195 2744 5263 persimili
2773 5211 2993 5264 agemus
3024 5193 3265 5265 pluribus
3288 5192 3427 5265 (Lib.
3462 5212 3517 5250 III
3546 5213 3591 5248 c.
3622 5196 3707 5265 2).
3744 5198 3899 5251 Porro

2328 5266 2556 5319 orationi
2583 5263 2825 5330 mentali,
2849 5280 2944 5319 seu
2975 5263 3307 5335 meditationi
3339 5266 3530 5321 deesse
3577 5263 3684 5319 nou
3735 5273 3899 5335 potest

2328 5336 2579 5409 attentio,
2603 5352 2728 5409 cum
2754 5333 3113 5409 ipsa_atten_t_i_o
3139 5334 3211 5409 sit
3232 5334 3496 5409 ipsissima
3522 5338 3697 5391 oratio
3727 5333 3898 5409 (Salus

2325 5406 2416 5461 lib.
2450 5423 2481 5461 ι
2506 5407 2570 5461 de
2598 5405 2737 5461 Just.
2771 5402 2822 5470 ᾇ.
2853 5404 2985 5477 5,_a.
3034 5402 3109 5475 5).
3163 5404 3393 5461 Proinde
3420 5419 3686 5477 repugnat
3729 5402 3900 5464 incute

2328 5493 2508 5543 orare,
2534 5486 2589 5533 et
2618 5492 2721 5531 non
2752 5474 3077 5541 attendere,
3103 5482 3165 5529 ut
3195 5491 3289 5543 per
3319 5492 3378 5531 se
3412 5474 3593 5531 notum
3625 5489 3713 5533 est
3740 5497 3753 5532 :
3788 5494 3900 5533 nam

2328 5564 2449 5604 cum
2479 5551 2711 5618 primum
2745 5560 2898 5618 mens
2924 5546 3104 5615 vagari
3129 5546 3339 5615 incipit,
3364 5563 3523 5602 orare
3552 5548 3775 5606 desinit.
3810 5550 3901 5602 Ila-

2329 5634 2435 5689 que
2477 5616 2590 5675 sola
2621 5616 2832 5689 vocalis
2852 5618 3030 5673 oratio
3078 5627 3182 5689 est,
3226 5633 3344 5689 quae
3368 5618 3669 5689 attentione
3720 5632 3901 5675 carere

2326 5687 2529 5760 potest,
2561 5690 2687 5744 dum
2718 5687 3044 5756 cogitatione
3063 5688 3132 5745 ad
3151 5688 3259 5745 alia
3284 5688 3579 5759 defluente,
3604 5691 3791 5763 lingua
3816 5692 3901 5749 dat

2325 5765 2444 5819 siue
2469 5770 2649 5819 mente
2677 5775 2893 5817 sonum.
