4026 6212
249 112 343 178 105

705 114 794 173 DE
827 109 1305 176 C(ENOBIORUM
1344 112 1592 171 fNSTlT.
1629 103 1760 170 LIB.
1801 105 1868 170 ll.
1898 141 1968 155 -—
1997 108 2086 170 DE
2122 108 2505 172 NOCTURNIS
2526 110 3027 174 ORATIONIBUS.

3396 121 3499 182 {06

248 247 311 289 ne
334 229 489 287 velut
527 229 720 286 otiosis
749 230 927 285 valeat
955 244 1176 285 somnus
1207 229 1464 298 irrepere.
1498 227 1649 283 Sicut
1670 227 1815 282 enim
1840 226 1899 290 Δ
1921 228 2150 282 evocati.
2181 227 2335 294 Quod
2360 229 2433 283 ita
2460 230 2677 301 explent
2704 232 2849 287 fores
2877 230 3105 301 egressi,
3133 240 3197 287 ut
3222 234 3369 290 nulla
3413 238 3505 293 in-‘

246 323 439 380 nullum
473 320 649 378 ferme
675 321 744 376 ab
770 322 848 377 eis
879 321 972 375 otii
1017 330 1229 391 tempus
1271 318 1556 389 excipitur,
1598 317 1673 373 ita
1711 330 1813 373 nec

248 415 577 472 meditationi
622 414 836 484 quidem
883 414 1115 482 spiritali
1166 414 1288 469 finis
1332 413 1647 485 imponitur.
1677 410 1813 466 Nam

246 510 439 580 pariter
482 518 799 565 exercentes
839 508 1085 578 corporis
1113 509 1414 578 animaeque
1442 508 1694 575 virtutes,
1720 521 1815 561 ex-

243 600 445 656 terioris
474 599 713 655 hominis
733 599 1003 669 stipendia
1031 613 1156 656 cum
1186 599 1568 655 emolumentis
1592 598 1817 654 interio-

243 689 311 746 ris
335 700 643 762 exaequant,
678 691 901 747 lubricis
925 691 1163 748 motibus
1188 690 1369 747 cordis
1398 699 1456 747 et
1481 691 1814 748 fluctuationi

242 784 632 855 cogitationum
709 783 992 851 instabili,
1050 798 1273 854 operum
1331 782 1607 854 pondera,
1664 782 1815 839 velut

241 876 518 946 quamdam
538 883 805 943 tenacem,
831 886 995 947 atque
1017 876 1350 932 immobilem
1364 876 1657 932 anchoram
1684 890 1816 946 pra:—

240 967 479 1039 ﬁgentes,
509 968 600 1025 cui
626 968 937 1024 volubilitas
975 983 1039 1024 ac
1068 968 1381 1040 pervagatio
1403 967 1585 1024 cordis
1616 968 1812 1024 innexa

240 1060 366 1115 intra
393 1060 551 1116 cella:
589 1060 853 1127 claustra,
886 1061 1036 1116 velut
1068 1061 1121 1115 in
1153 1071 1314 1132 portu
1343 1059 1609 1115 ﬁdissimo
1634 1059 1815 1115 valeat

238 1152 537 1217 contineri;
585 1162 747 1222 atque
782 1151 856 1207 ita
903 1151 1144 1222 spiritali
1186 1152 1534 1207 meditationi
1580 1160 1812 1218 tantum,

237 1251 285 1299 et
301 1243 564 1299 custodiat
592 1245 982 1315 cogitationum
1008 1247 1237 1311 intenta,
1267 1260 1378 1301 non
1407 1244 1571 1299 modo
1592 1244 1662 1298 ad
1691 1258 1817 1299 con-

235 1352 445 1392 sensum
506 1352 687 1407 prava:
744 1338 1006 1409 cujusque
1064 1337 1427 1410 suggestionis
1497 1336 1814 1405 pervigilem

233 1438 462 1484 mentem
493 1443 753 1486 corruere
790 1445 899 1486 non
938 1431 1104 1497 sinat,
1136 1443 1325 1485 verum
1382 1427 1546 1483 etiam
1576 1427 1644 1483 ab
1669 1426 1815 1481 omni

232 1520 523 1589 superflua,
567 1522 857 1592 otiosaque
905 1521 1235 1592 cogitatione
1281 1518 1593 1583 custodiat;
1644 1518 1717 1572 ita
1756 1526 1815 1572 ut

1920 328 2003 375 ter
2018 334 2112 375 eos
2136 322 2519 377 sermocinatio
2539 324 2752 392 penitus
2771 334 3107 382 conseratur.
3127 326 3232 383 Sed
3245 326 3323 381 sic
3342 344 3502 388 unus-

1920 411 2147 481 quisque
2166 426 2302 482 opus
2336 411 2651 482 exsequitur
2672 413 2991 486 injunctum,
3024 425 3085 473 ut
3109 419 3382 488 psalmum
3403 422 3495 477 vel

1918 502 2243 573 scripturam
2294 503 2589 574 quamlibet
2641 509 2953 564 memoriter
2978 512 3339 581 recensendo,
3382 528 3494 571 non

1920 593 2095 649 solum
2118 594 2511 666 conspirationi
2542 596 2744 663 noxiae,
2774 598 2862 653 vel
2888 600 3129 657 consiliis
3155 604 3356 673 pravis,
3398 605 3499 662 sed

1918 698 2022 740 nec
2065 685 2255 741 otiosis
2307 685 2524 756 quidem
2568 686 2890 757 colloquiis,
2932 690 3096 746 ullam
3136 696 3348 765 copiam
3405 695 3494 752 vel

1919 784 2129 846 tempus
2160 777 2463 848 impartiat,
2489 778 2605 834 oris
2653 779 2858 848 pariter
2900 788 2960 836 et
2990 784 3173 839 cordis
3224 786 3408 843 ofﬁcio
3440 787 3499 844 in

1918 867 2269 925 meditatione
2288 868 2518 939 spiritali
2542 869 2745 940 jugiter
2765 882 3052 940 occupato.
3065 872 3095 911 ιι
3110 875 3332 931 Summa
3348 893 3499 935 nam-

1917 974 2023 1031 que
2047 962 2391 1018 observantia
2420 963 2745 1031 custoditur,
2792 980 2861 1020 ne
2890 965 3169 1037 quisquam
3203 985 3326 1026 cum
3364 974 3495 1046 alio,

1918 1066 1982 1107 ac
2011 1054 2283 1125 praecipue
2324 1055 2576 1125 iuniores
2602 1055 2712 1129 [ΑΙ.
2748 1056 3010 1129 juniorej,
3034 1061 3119 1115 vel
3155 1061 3223 1115 ad
3243 1073 3500 1131 punctum

1916 1145 2180 1214 temporis
2208 1147 2412 1215 pariter
2438 1149 2772 1215 substitisse,
2804 1158 2897 1204 aut
2942 1151 3153 1221 uspiam
3178 1151 3497 1229 secessisse,

1918 1236 2003 1289 vel
2023 1252 2217 1291 manus
2243 1253 2368 1292 suas
2388 1238 2621 1295 invicem
2648 1242 2887 1298 tenuisse
2916 1242 3417 1313 deprehendantur.
3443 1250 3503 1307 Si

1921 1327 2012 1396 qui
2048 1342 2178 1383 vero
2200 1338 2389 1385 contra
2420 1331 2577 1401 hujus
2624 1336 2826 1403 regula:
2870 1336 3249 1406 disciplinam,
3297 1343 3505 1410 reperti

1919 1417 2124 1473 fuerint
2144 1420 2349 1489 aliquid
2371 1437 2437 1477 ex
2461 1423 2543 1477 his
2564 1439 2683 1493 quae
2703 1424 2994 1482 interdicta
3018 1437 3166 1494 sunt,
3186 1428 3498 1503 admisisse,

1920 1516 1977 1562 ut
2005 1518 2374 1582 contumaces,
2397 1527 2461 1567 ac
2483 1515 2930 1583 praevaricatores
2963 1520 3365 1592 mandatorum,
3392 1539 3502 1581 non

234 1614 341 1683 quid
370 1629 446 1669 ex
466 1630 577 1685 quo
604 1615 858 1685 pendeat,
902 1614 1047 1669 haud
1089 1614 1250 1669 facile
1288 1613 1457 1681 possit
1484 1625 1513 1665 a
1541 1624 1809 1681 quoquam
1840 1606 1890 1667 B
1915 1601 2049 1658 levis
2074 1603 2247 1673 culpae
2276 1606 2353 1661 rei
2402 1609 2757 1677 pronuntiati,
2792 1594 3100 1680 suspicione
3123 1617 3288 1669 etiam
3314 1617 3501 1687 conju-

234 1703 488 1770 discerni,
523 1705 579 1761 id
611 1713 718 1769 est,
746 1713 928 1760 utrum
958 1716 1182 1775 propter
1205 1704 1611 1759 meditationem
1647 1703 1808 1772 spiri-

235 1797 375 1853 talem
457 1796 787 1852 incessabile
849 1811 1105 1851 manuum
1161 1809 1296 1865 opus
1350 1803 1670 1861 exerceant,
1736 1808 1807 1850 an

232 1900 439 1959 propter
466 1890 657 1958 operis
699 1889 983 1959 jngitatem
1034 1898 1142 1943 tam
1199 1888 1524 1958 praeclarum
1581 1888 1806 1959 spiritus

232 1981 550 2047 profectum,
582 1978 933 2049 scientiaeque
965 1978 1147 2034 lumen
1175 1978 1475 2049 acquirant.

819 2114 1051 2173 CAPUT
1082 2114 1200 2170 XV.

234 2207 333 2273 Qua
360 2209 475 2278 lege
505 2206 772 2278 modestia:
798 2218 913 2278 post
942 2208 1237 2261 orationum
1279 2206 1485 2261 missam
1526 2206 1803 2276 unusquis-

288 2295 385 2349 que
416 2277 485 2331 ad
506 2296 649 2332 suam
676 2277 917 2332 cellulam
944 2278 1143 2345 redeat,
1177 2285 1225 2331 et
1246 2279 1330 2331 cui
1359 2278 1605 2333 subdatur
1633 2279 1806 2332 incre-

292 2350 495 2419 pationi
523 2349 567 2402 is
588 2350 677 2420 qui
708 2350 863 2402 aliter
889 2350 1091 2418 fecerit.

291 2440 492 2494 Finitis
520 2440 695 2511 itaque
747 2440 1000 2511 psalmis,
1044 2450 1099 2497 et
1149 2440 1460 2511 quotidiana
1511 2455 1806 2513 congrega-

225 2531 388 2597 tione,
439 2530 579 2587 sicut
628 2532 876 2602 superius
922 2532 1489 2600 commemoravimus,
1532 2533 1800 2603 absoluta,

226 2631 250 2661 ι
266 2624 450 2679 nullus
462 2639 649 2679 eorum
675 2623 758 2679 vel
779 2623 845 2678 ad
870 2623 1136 2679 modicum
1151 2624 1469 2691 subsistere,
1484 2635 1576 2681 aut
1596 2641 1805 2684 sermo-

227 2714 385 2769 cinari
416 2714 578 2769 audet
605 2729 729 2769 cum
763 2714 964 2770 altero:
1005 2713 1101 2769 sed
1132 2731 1199 2771 ne
1236 2715 1456 2785 quidem
1489 2732 1586 2786 per
1631 2725 1803 2773 totum

227 2802 323 2859 diei
348 2805 588 2874 spatium
617 2820 649 2859 e
671 2804 805 2859 cella
837 2818 932 2860 sua
964 2805 1239 2875 progredi,
1260 2814 1356 2860 aut
1383 2806 1638 2863 deserere
1666 2822 1803 2877 opus

229 2896 355 2963 quod
384 2897 444 2951 in
476 2911 538 2951 ea
566 2895 760 2951 solitus
778 2904 863 2951 est
889 2910 1171 2963 exercere,
1195 2898 1500 2966 praesumit,
1533 2898 1638 2953 nisi
1662 2898 1804 2954 forte

1911 1696 2159 1765 rationis,
2186 1698 2447 1768 pravique
2461 1701 2677 1758 consilii
2697 1716 2887 1758 carere
2899 1720 3005 1759 non
3030 1716 3303 1773 poterunt.
3326 1709 3501 1777 Quam

1909 1787 2125 1857 culpam
2156 1789 2259 1843 nisi
2303 1790 2357 1845 in
2397 1807 2562 1848 unum
2606 1795 2816 1849 cunctis
2858 1794 3120 1853 fratribus
3156 1803 3498 1871 congregatis

1908 1878 2123 1950 publica
2148 1880 2409 1938 diluerint
2434 1885 2777 1955 pmnitentia,
2806 1890 3044 1946 orationi
3070 1890 3294 1949 fratrum
3316 1894 3496 1952 nullus

1910 1986 2099 2030 eorum
2128 1972 2398 2031 interesse
2424 1979 2781 2046 permittitur.

2500 2088 2725 2147 CAPUT
2765 2090 2905 2148 XVI.

1982 2182 2134 2249 Quod
2161 2183 2297 2239 nulli
2327 2198 2478 2239 orare
2507 2200 2623 2238 cum
2654 2184 2769 2252 illo,
2796 2188 2885 2254 qui
2913 2188 3074 2257 fuerit
3102 2192 3165 2245 ab
3194 2195 3426 2249 oratione
3518 2216 3525 2257 έ

2441 2271 2716 2326 suspensus
2741 2298 2756 2324 ,
2787 2258 2955 2313 liceat.

1980 2343 2127 2399 Sane
2169 2345 2213 2399 si
2244 2345 2363 2415 quis
2390 2360 2490 2416 pro
2527 2345 2766 2402 admisso
2810 2350 3051 2420 quolibet
3094 2354 3293 2412 delicto
3334 2358 3496 2419 fuerit

1907 2431 1977 2490 ab
2005 2439 2250 2492 oratione
2274 2451 2592 2507 suspensus,
2637 2438 2812 2494 nullus
2838 2454 2960 2497 cum
2983 2457 3048 2498 eo
3078 2460 3299 2514 prorsus
3328 2464 3493 2506 oran-

1907 2529 1966 2586 di
1996 2528 2159 2585 habet
2188 2530 2460 2587 licentiam
2479 2571 2493 2596 ,
2525 2542 2818 2602 antequam
2853 2543 2875 2571 °
2906 2534 3177 2592 submissa
3206 2540 3258 2594 in
3292 2548 3491 2601 terram

1906 2622 2252 2692 pauitantia,
2284 2623 2653 2678 reconciliatio
2680 2624 2798 2694 ejus
2819 2669 2833 2693 ,
2868 2634 2922 2680 et
2951 2626 3174 2684 admissi
3204 2634 3360 2689 venia
3400 2651 3494 2691 co-

1908 2728 2024 2768 ram
2052 2712 2310 2769 fratribus
2334 2714 2573 2783 cunctis,
2607 2714 2823 2783 publice
2852 2715 3015 2771 fuerit
3040 2718 3109 2774 ab
3138 2720 3331 2779 abbate
3362 2739 3492 2782 con-

1906 2819 2078 2861 cessa.
2128 2806 2210 2860 Ob
2242 2806 2346 2861 hoc
2392 2820 2624 2874 namque
2672 2807 2767 2861 tali
2795 2806 3133 2865 observantia
3163 2816 3493 2886 semetipsos

1907 2895 1979 2950 ab
2006 2896 2265 2951 orationis
2293 2895 2409 2965 ejus
2439 2896 2717 2952 consortio
2748 2908 3068 2970 segregant,
3113 2912 3277 2976 atque
3304 2922 3493 2964 saepe.

230 2999 343 3044 cum
379 2988 591 3073 fuerint
619 2988 687 3045 ad
715 2987 956 3045 officium
988 2989 1281 3045 necessarii
1324 2989 1589 3061 cujusque
1618 2992 1800 3062 Operis
1825 2984 2060 3058 C,nunt,
2086 2988 2230 3059 quod
2254 2985 2281 3024 ἀ
2304 2986 2533 3043 credunt
2557 3002 2680 3043 eum
2709 2989 2802 3058 qui
2834 2991 2902 3047 ab
2928 2992 3177 3051 oratione
3204 2986 3492 3071 suspendi-

1294 3146 1557 3205 ALARDI
1596 3149 1834 3208 GAZEI
1869 3146 2430 3213 COMMENTARIUS.

304 3275 327 3302 ⁸
346 3264 671 3337 Exemplum
694 3265 965 3336 religiosa:
990 3263 1270 3337 modestia:
1299 3272 1354 3320 et
1373 3264 1573 3337 silentii
1602 3265 1654 3322 in
1686 3282 1809 3322 ora—

234 3338 379 3403 torio,
406 3338 463 3392 in
499 3335 662 3407 cella,
688 3338 743 3391 in
766 3335 1027 3404 claustro,
1057 3335 1397 3401 dormitorio,
1430 3336 1496 3391 de
1518 3352 1624 3407 quo
1652 3338 1807 3406 plura

235 3408 463 3463 dicemus
499 3405 806 3463 Collatione
833 3408 920 3462 14.

292 3477 319 3516 ιι
351 3478 785 3533 Prudentissime
825 3478 877 3531 id
932 3478 1285 3533 constitutum
1317 3484 1372 3531 et
1419 3478 1803 3545 observatum;

237 3550 361 3617 quod
386 3561 443 3603 et
468 3550 709 3618 Angelus
733 3548 793 3603 S.
821 3548 1110 3603 Pacliomio
1139 3547 1363 3603 dictavit
1385 3548 1439 3602 in
1466 3548 1582 3604 haec
1609 3550 1805 3603 verba:

234 3621 527 3674 Adalterius
540 3619 934 3673 cellamintrare
956 3622 1126 3674 nullus
1138 3620 1345 3673 audeat.
1375 3619 1519 3673 idem
1548 3620 1710 3673 etiam
1741 3620 1805 3673 D.

236 3688 558 3771 Benedictus
580 3692 857 3771 observari
887 3691 1080 3752 voluit,
1111 3700 1254 3771 utine
1281 3689 1397 3771 quis
1422 3690 1583 3771 [rater
1607 3690 1675 3771 ad
1697 3691 1809 3771 [νοτ

238 3769 350 3834 trem
371 3764 636 3834 jungatur
664 3762 801 3834 noris
828 3758 1316 3834 incompetentibus:
1341 3758 1656 3834 Cujusmodi
1686 3768 1811 3814 sunt

238 3829 392 3901 horai,
429 3829 634 3901 quibus
682 3831 923 3898 lectioni,
963 3829 1056 3885 aut
1106 3831 1275 3885 labori
1310 3844 1567 3901 manuum
1616 3830 1812 3884 fratres

236 3900 427 3956 debent
446 3903 791 3967 incumbere,
816 3903 895 3955 ait
928 3901 1396 3957 Turrecrematus.
1447 3900 1653 3954 Eodem
1681 3913 1810 3954 vero

237 3983 455 4040 spectat,
482 3987 553 4026 ne
580 3974 703 4041 quis
725 3972 966 4025 officinas
989 3974 1359 4041 operariorum
1385 3969 1587 4039 ingredi
1616 3970 1813 4041 audeat

240 4043 431 4112 absque
464 4040 734 4107 licentia;
765 4040 1118 4112 praeterquam
1149 4042 1185 4096 ii
1215 4041 1306 4110 qui
1350 4041 1659 4112 hujusmodi
1692 4040 1812 4097 offi-

241 4111 390 4183 cinis,
421 4115 720 4183 operisque
750 4111 875 4183 sunt
902 4112 1162 4179 praefecti.
1205 4112 1317 4177 Qua
1349 4112 1416 4167 de
1458 4128 1517 4167 re
1558 4111 1808 4183 D.Basi-

240 4181 336 4235 lius
358 4184 429 4237 ita
460 4181 645 4237 sanxit
676 4200 689 4235 :
738 4182 800 4237 Si
847 4185 961 4251 quis
982 4184 1272 4253 importune
1314 4184 1446 4236 venit
1476 4183 1531 4236 in
1556 4182 1807 4253 culinam,

240 4266 322 4325 aut
353 4257 400 4306 in
422 4255 715 4325 cellarium,
746 4254 965 4325 exceptis
987 4252 1290 4323 designatis,
1322 4261 1411 4305 aut
1440 4253 1519 4305 Itis
1543 4252 1629 4325 qui
1658 4253 1813 4325 disci-

242 4322 391 4395 plina:
421 4325 579 4395 ltuJus
606 4324 809 4395 ordinis
819 4322 998 4395 curam
1022 4322 1223 4393 gerunt,
1248 4333 1421 4377 careat
1442 4323 1807 4395 benedictione.

243 4391 306 4463 Et
332 4394 388 4449 S.
422 4391 743 4448 Paichomius
783 4393 980 4447 Basilio
1010 4391 1149 4463 pene
1195 4403 1500 4448 comtaneus
1532 4411 1543 4444 :
1575 4394 1654 4445 Ad
1705 4392 1811 4462 ofﬁ-

245 4462 402 4535 cinas,
438 4466 632 4533 inquit,
662 4466 980 4518 diversarum
1010 4462 1200 4518 artium
1227 4464 1323 4520 soli
1354 4471 1567 4535 pergant
1610 4478 1813 4533 praepo-

240 4532 345 4596 siti,
372 4542 426 4604 ξε
454 4532 713 4603 accipiant
738 4534 875 4604 quod
906 4536 1249 4588 necessarium
1277 4532 1370 4588 est.

317 4602 575 4688 tkEadem’
608 4602 997 4688 utiturAphrasi
1028 4606 1119 4688 lib.
1164 4605 1428 4688 i1t_capite
1452 4605 1506 4657 7.
1549 4602 1617 4658 Ει
1635 4604 1812 4688 qualis

244 4683 309 4723 ea
341 4668 894 4743 fueritgpmnitentia,
943 4677 1180 4730 declarat
1229 4668 1334 4730 lib:
1374 4690 1426 4728 tv
1457 4688 1578 4741 cap.
1628 4668 1695 4727 f6
1730 4676 1813 4729 his

238 4741 467 4797 verbis:
496 4741 695 4799 cunctis
712 4747 768 4799 in
788 4746 974 4815 synaa'i
1002 4745 1246 4815 fratribus
1275 4744 1596 4814 congregatis
1618 4744 1814 4798 tamdiu

241 4823 530 4880 prostratus
556 4815 608 4868 in
637 4814 827 4870 terram
858 4816 1058 4869 veniam
1089 4814 1404 4884 postulabit,
1433 4814 1595 4868 donec
1622 4817 1816 4868 oratio-

241 4897 360 4955 num
391 4887 688 4939 solemnitas
718 4894 1124 4951 consummetur;
1150 4887 1515 4955 impetraturus
1540 4900 1675 4944 eam.
1700 4901 1818 4955 cum

236 4954 410 5028 jussus
431 4958 607 5028 fuerit
646 4957 855 5011 Abbatis
873 4956 1079 5028 judicio
1108 4956 1174 5009 de
1205 4954 1332 5028 εἰσ-ιο*
1347 4972 1573 5026 surgere.
1606 4954 1815 5012 Similia

242 5020 400 5097 habet
430 5020 496 5080 Ι).
530 5028 855 5083 Benedictus
873 5020 998 5097 'cap.
1029 5029 1101 5083 45
1129 5036 1183 5082 et
1210 5026 1279 5079 44
1305 5020 1542 5097 Regulae.

306 5092 333 5130 ά
374 5095 715 5165 Suspensum
765 5098 833 5153 ab
882 5092 1133 5153 oratione
1194 5112 1294 5167 pro
1355 5092 1819 5153 eicommunicato

241 5163 326 5219 hic
356 5163 527 5238 accipi
559 5170 693 5222 satis
727 5168 946 5225 evidens
972 5180 1074 5225 est.
1106 5163 1268 5223 Tradi
1300 5167 1441 5222 enim
1472 5167 1686 5238 Satanae
1725 5184 1816 5222 se-

240 5236 491 5310 cundum
524 5239 847 5310 sententiam
870 5308 878 5310 Α
900 5239 1142 5310 Apostoli
1170 5240 1216 5294 is
1247 5239 1442 5310 dicitur
1492 5238 1543 5308 (l
1580 5236 1700 5310 Cor.
1736 5238 1814 5310 v),

239 5307 329 5374 qui
358 5323 389 5361 a
418 5323 652 5378 corpore
680 5308 917 5371 Christi,
948 5307 999 5365 id
1026 5323 1139 5377 est,
1176 5309 1419 5365 Ecclesia
1440 5348 1456 5373 ,
1500 5307 1820 5377 przescindi-

237 5385 341 5448 tur,
390 5386 450 5433 et
482 5394 508 5432 a
538 5380 931 5435 communione
977 5381 1215 5436 ﬁdelium
1260 5378 1601 5436 excluditur:
1630 5393 1693 5433 ac
1724 5393 1819 5448 per

234 5446 337 5523 boc
366 5452 627 5523 potestati
648 5461 703 5505 et
731 5451 1005 5523 tyrannidi
1044 5453 1247 5507 diaboli
1290 5450 1689 5523 quodammodo
1724 5446 1814 5505 re-

234 5517 542 5589 linquitur;
587 5522 729 5577 sicut
756 5517 999 5576 Ecclesia
1033 5517 1324 5578 haereticos
1350 5522 1628 5577 convictos
1660 5531 1817 5581 Dote-

235 5592 362 5647 stati
387 5592 661 5665 ,saculari
710 5592 993 5662 relinquit.
1040 5593 1195 5653 Unde
1234 5593 1607 5665 Augustinus:
1641 5591 1819 5648 Omnis

692 5685 968 5748 Panos.
1014 5680 1245 5746 XLIX.

1837 4568 1892 4629 D

1913 3266 2265 3339 Christianus,
2315 3264 2521 3339 inquit,
2556 3267 2707 3338 quia
2733 3272 3089 3331 sacerdotibus
3132 3276 3491 3339 excommunia

1912 3337 2333 3413 catur,_Satanw
2363 3336 2620 3413 traditur:
2642 3342 2950 3413 quolnodo?
2978 3347 3100 3413 quia
3132 3362 3279 3405 extra
3310 3336 3491 3409 Eccle-

1911 3405 2434 3497 {iamdiabo‘l‘usestj
2722 3405 3257 3497 EcclesiahChi-istus;
3301 3405 3491 3497 ac?

1912 3478 2007 3531 hoc
2037 3478 2187 3547 quasi
2212 3478 2426 3532 Satanae
2456 3478 2698 3549 traditur,
2734 3483 2822 3549 qui
2852 3484 2913 3536 ab
2948 3478 3314 3546 Ecclesiastica
3350 3478 3493 3548 carm;-

1912 3549 2156 3630 munione
2200 3556 2503 3630 removetur.
2539 3547 2848 3630 Undelillos
2878 3570 3005 3623 quos
3038 3566 3161 3609 tunc
3206 3547 3493 3630 Apostolus

1911 3617 2127 3673 Satanae
2164 3634 2287 3679 esse,
2311 3618 2527 3670 traditos
2573 3619 2839 3687 praedicat.
2887 3617 3354 3681 excommunicatos
3382 3649 3413 3682 (ι
3442 3617 3495 3687 se

1914 3703 2022 3770 esse
2054 3690 2375 3770 demonstrat
2419 3688 2469 3753 (Ι
2504 3687 2623 3770 ςρτ.
2655 3704 2686 3770 1
2701 3699 2747 3739 et
2770 3689 2845 3757 v).
2882 3690 3005 3768 llaec
3034 3693 3364 3770 Augustinus
3395 3699 3494 3770 (De

1912 3757 2053 3810 verb.
2080 3758 2272 3829 AApost.
2312 3771 2476 3808 sermo
2503 3753 2912 3829 68)._Suspensi
2940 3753 3220 3827 itaque'ab
3247 3753 3495 3829 oratione

1914 3824 2771 3896 censebanturAcxcommunicaﬁ,
2802 3840 2865 3880 ac
2892 3824 3115 3893 proinde
3145 3832 3361 3892 Satanae
3387 3824 3493 3896 tra:

1913 3898 2032 3953 diti.
2066 3898 2183 3963 Quo
2229 3894 2391 3968 etiam
2424 3892 2584 3968 modo
2622 3895 2683 3947 D.
2715 3892 3041 3968 Benedictus
3074 3904 3212 3959 hunc
3243 3892 3492 3968 Cassiani

1913 3969 2115 4031 locum,
2146 3975 2207 4047 _ut
2228 3966 2449 4047 opinor,
2470 3964 2709 4047 imitatus
2742 3964 2892 4047 (gap.
2923 3966 3011 4035 24,
3043 3969 3112 4028 25
3132 3984 3181 4028 et
3209 3976 3325 4047 44),
3358 3964 3492 4039 ἀυάνέ

1914 4036 2283 4113 suspensionis
2306 4038 2712 4113 species_magis
2742 4036 2995 4094 distincte
3021 4036 3297 4112 expressit
3313 4036 3332 4113 ξ
3359 4036 3493 4107 alte;

1912 4105 2029 4164 ram
2063 4106 2362 4185 pro_cul_pis
2391 4105 2732 4185 gravioribus
2753 4148 2766 4171 ,
2800 4124 2903 4179 qua
2932 4105 3283 4185 suspenditur
3308 4105 3491 4185 quisa

1913 4176 2103 4235 mensa
2132 4178 2312 4241 simul,
2346 4188 2399 4231 et
2419 4176 2486 4229 ab
2507 4179 2753 4256 oratione
2778 4197 2790 4232 :
2817 4176 2973 4256 quod
2992 4176 3132 4240 idem
3162 4202 3283 4243 esse
3310 4176 3489 4247 decla;

1912 4258 2037 4315 rat,
2080 4264 2144 4304 ac
2171 4248 2638 4319 excommunicari
2666 4257 2719 4303 et
2750 4248 2891 4304 tradi
2914 4268 2920 4281 ·
2942 4252 3157 4309 Satanae
3190 4262 3490 4319 secundum

1914 4320 2237 4397 terribilem
2261 4315 2508 4387 Apostoli
2534 4320 2862 4374 sententiam
2888 4338 2902 4386 ;
2946 4323 3170 4397 alteram
3199 4344 3296 4397 pro
3325 4315 3491 4387 levio:

1913 4390 2066 4467 r_'ibus
2094 4389 2385 4467 culpis__,__a
2417 4401 2620 4467 mensa:
2651 4394 3023 4467 tantummodo
3054 4389 3488 4467 participatione.

1914 4460 2087 4515 Porro
2113 4457 2235 4514 cum
2265 4457 2559 4513 illiusmodi
2589 4461 2986 4528 snspensionis,
3032 4457 3148 4523 sive
3176 4457 3490 4529 excommu-

1916 4530 2410 4601 nicationisipaena
2448 4528 2746 4601 secundum
2794 4535 3152 4600 evangelicam
3180 4528 3488 4601 doctrinam

1918 4603 2121 4657 nemini
2154 4599 2447 4671 indigenda
2473 4600 2561 4671 sit,
2592 4599 2696 4654 nisi
2724 4602 2815 4668 qui
2850 4599 3147 4661 Ecclesiam
3180 4612 3368 4668 audire
3391 4599 3490 4670 no;

1920 4673 2082 4743 luerit
2125 4669 2339 4743 (Matth.
2374 4669 2561 4739 xvui):
2590 4683 2652 4723 ac
2681 4671 2903 4743 proinde
2932 4690 3092 4732 nemo
3120 4669 3490 4740 excommuni-

1921 4742 2223 4816 candus'ob
2248 4754 2638 4816 quamcumque
2662 4742 2871 4816 culpam
2903 4748 3233 4816 graviorem,
3265 4763 3319 4807 et
3343 4769 3489 4810 mor-
3580 4782 3583 4783 ν

1922 4812 2166 4895 tiferam,
2209 4810 2311 4866 nisi
2346 4812 2396 4893 ei
2425 4810 2769 4895 conjunctuui
2818 4810 3317 4895 sit'inobedien'tia:
3362 4840 3491 4895 pec-

1923 4892 2126 4951 catum,
2155 4882 2412 4962 quo-quis
2442 4883 2577 4962 nolit
2604 4882 3145 4962 audire_Ecclesiam,
3174 4891 3227 4948 id
3254 4882 3490 4962 est,'ob-

1922 4952 2531 5038 temperareOEcclesiae,
2563 4954 2905 5038 seu‘prtelato
2929 4952 3490 5035 ecclesiasticolégiti-
3582 4971 3586 5038 ξ

1919 5039 2007 5081 me
2036 5030 2371 5095 praecipienti
2407 5040 2420 5074 :
2466 5031 2674 5095 parest
2711 5030 3023 5095 existimare
3070 5036 3336 5090 neminem
3367 5030 3489 5092 fra-
3582 5034 3587 5039 ’

1919 5092 2065 5149 trum
2094 5095 2172 5173 sic
2193 5093 2259 5147 ab
2290 5092 2396 5147 illis
2428 5092 2676 5173 patribus
2700 5094 2875 5173 fuisse
2889 5100 2963 5173 ab
2989 5102 3230 5173 oratione
3259 5121 3488 5173 suspen-

1920 5180 2078 5244 sum,
2110 5164 2225 5244 sive
2251 5166 2773 5244 excommunicatum
2819 5166 2956 5244 (“illa
2987 5171 3239 5228 nimirum
3266 5164 3489 5230 excom-

1921 5236 2308 5301 municatione,
2339 5249 2496 5304 quam
2528 5236 2785 5303 majorem
2814 5236 3173 5297 distinctionis
3198 5256 3357 5298 causa
3386 5260 3489 5300 no-

1921 5305 2234 5375 minamus);
2261 5304 2367 5380 nisi
2392 5304 2654 5374 gravioris
2678 5309 2850 5376 culpae
2877 5325 3004 5366 reus
3030 5312 3303 5380 judicatus
3323 5354 3338 5378 ,
3367 5331 3487 5371 eam

1922 5386 2100 5432 tamen
2122 5376 2381 5447 regulari,
2403 5384 2458 5430 et
2476 5384 2671 5431 statuta
2695 5376 3491 5446 pmnitentia,'etsatisfactione

1922 5449 2151 5515 diluere,
2179 5458 2238 5502 ut
2259 5446 2334 5501 ait
2353 5450 2579 5513 Auctor,
2610 5462 2675 5501 ac
2692 5449 2985 5503 emendare
3012 5458 3305 5504 recusaret.
3340 5455 3491 5510 Tunc

1925 5520 2085 5591 enim,
2109 5518 2667 5591 demumcensebatur
2686 5518 2756 5570 ab
2781 5518 3045 5585 oratione,
3065 5530 3119 5576 et
3147 5523 3405 5591 oratorio,
3436 5536 3489 5582 et

1930 5590 2122 5649 ofliciis
2177 5589 2374 5646 divinis
2425 5599 2753 5657 suspensus;
2800 5594 2861 5642 ut
2899 5602 3001 5644 nec
3051 5591 3153 5661 ipsi
3184 5604 3306 5645 cum
3347 5589 3487 5666 aliis,

3019 5680 3061 5776 4
