4036 6218
301 368 415 427 115

312 482 528 551 ofﬁcia,
565 497 689 559 quae
718 481 941 540 Domino
995 482 1210 539 solvere
1253 497 1351 552 per
1390 480 1769 536 distinctiones
1809 479 1910 533 ho-

858 365 945 422 DE
981 360 1459 423 C(ENOBI'ORUM
1498 360 1748 420 lNS'l’lT.
1792 361 1922 418 LIB.
1962 360 2050 418 111.
2075 388 2147 400 —-
2185 346 2273 418 DE
2312 360 2590 420 DIURNIS
2626 361 3109 420 ORATIONIBUS.

2020 492 2202 533 rarum
2266 488 2321 534 et
2389 479 2646 550 temporis
2720 480 3003 536 intervalla
3059 493 3180 537 cum
3250 480 3620 548 admonitione

3512 375 3626 432 ιιι

1398 640 1659 697 ALARDI
1697 636 1934 697 GAZAEI
1968 636 2539 695 COMMENTARIUS.

333 769 419 813 tus
451 775 508 826 x,
536 776 586 829 q.
620 760 674 825 5,
704 775 753 813 a.
783 760 844 823 5;
870 758 1031 813 Leon.
1062 758 1206 812 Less.
1238 756 1329 829 lib.
1359 771 1421 823 ll,
1446 772 1490 809 c.
1520 754 1650 829 5]);
1697 766 1927 829 quarum
1954 753 2154 829 A‘quid
2184 756 2378 825 faciat,
2410 756 2565 829 quod,
2591 758 2921 811 attentionem
2948 760 3182 829 requirit.
3213 761 3387 828 Quare
3415 764 3460 818 si
3487 767 3614 822 dum

333 822 683 885 attentionum
714 844 817 883 una
834 822 1029 884 rsaltem
1054 828 1368 895 requiritur,
1395 822 1449 881 et
1471 822 1670 881 sufficit
1695 822 1749 879 in
1774 822 1921 877 omni

335 902 572 956 oratione
604 912 709 955 tam
738 909 1053 970 spontanea,
1087 914 1247 970 quam
1276 898 1481 970 debita,
1510 905 1602 949 aut
1622 904 1911 970 prmcepta.

336 973 537 1045 Rursus
567 979 751 1045 autem
771 966 1142 1045 'unaquteque'_
1167 969 1397 1045 attentio
1422 976 1629 1045 _po_test
1675 981 1794 1045 esse
1838 966 1921 1020 vel

333 1043 572 1105 actualis,
594 1042 682 1097 vel
705 1036 982 1107 virtualis;
1012 1036 1258 1107 confusa,
1290 1041 1375 1095 vel
1405 1039 1679 1093 distincta.
1709 1036 1921 1091 Virtua-

306 1112 394 1165 ‘lis
420 1113 635 1179 dicitur,
662 1128 783 1182 qua:
809 1128 872 1167 ex
900 1111 1227 1181 praecedenti
1253 1111 1553 1165 attentione
1576 1107 1793 1170 actuali,
1824 1122 1921 1162 seu

326 1184 602 1238 voluntate
628 1198 692 1237 ac
714 1185 994 1252 proposito
1022 1182 1334 1239 attendendi
1362 1183 1470 1235 vim
1498 1182 1689 1243 habet;
1731 1193 1918 1252 exem-

325 1253 402 1376 p'li
431 1255 602 1323 gratia
627 1272 641 1305 :
671 1249 857 1318 incipit
882 1255 1001 1323 quis
1028 1255 1286 1323 pSalmum
1311 1252 1561 1314 recitare,
1585 1252 1714 1305 etin
1738 1249 1921 1330 animo

370 1324 495 1376 abet
516 1324 830 1376 attendere:
859 1325 1053 1376 deinde
1089 1340 1218 1376 vero
1266 1324 1459 1376 nolens
1505 1322 1669 1375 variis
1717 1328 1921 1376 comta-

370 1324 495 1378 abet
516 1324 830 1388 attendere;
859 1322 1053 1379 deinde
1089 1340 1218 1379 vero
1266 1324 1459 1379 nolens
1505 1322 1669 1375 variis
1717 1322 1921 1388 cogita-

330 1393 568 1449 tionibus
612 1394 967 1449 distrahitur:
1021 1404 1162 1450 totus
1206 1404 1387 1449 tamen
1436 1394 1678 1463 psalmus
1719 1398 1921 1463 attente

325 1466 621 1531 recitatur,
662 1467 715 1519 vi
755 1473 811 1520 et
850 1466 1046 1520 virtute
1087 1466 1276 1535 prima:
1305 1461 1452 1519 illius
1475 1461 1785 1535 voluntatis,
1816 1474 1919 1535 qua

324 1536 499 1590 voluit
530 1545 738 1591 attento
764 1536 945 1590 animo
975 1531 1239 1605 psalmum
1272 1537 1539 1598 recitare;
1582 1532 1634 1585 in
1677 1546 1736 1585 ea
1774 1531 1915 1585 enim

323 1606 601 1676 voluntate
618 1607 909 1675 persistere
925 1617 1200 1671 censetur,
1222 1605 1475 1676 quamdiu
1495 1618 1595 1676 non
1616 1616 1708 1656 sua
1726 1612 1918 1676 sponte

324 1671 675 1746 distrahitur,
705 1692 803 1731 nec
829 1678 898 1732 ab
928 1692 990 1732 ea
1021 1692 1118 1746 per
1144 1671 1319 1730 actum
1342 1674 1661 1729 contrarium
1687 1671 1912 1725 recedit.

324 1745 518 1801 Tertio
541 1748 836 1800 notandum
860 1757 1013 1801 actus
1028 1745 1347 1812 exteriores,
1366 1759 1457 1799 seu
1479 1757 1636 1809 Opera
1662 1750 1913 1812 externa,

329 1816 403 1870 de
432 1817 636 1885 quibus
667 1817 755 1870 hic
783 1817 977 1884 agitur,
1010 1817 1225 1886 triplicis
1260 1810 1376 1870 essie
1408 1814 1640 1883 generis.
1660 1810 1913 1886 Quidam

332 1884 482 1940 enim
505 1896 810 1940 accuratam
833 1901 896 1940 ac
920 1884 1109 1940 seriam
1133 1886 1480 1940 attentionem
1506 1892 1563 1939 et
1584 1884 1750 1936 animi
1782 1898 1913 1951 prte-

331 1956 562 2009 sentiam
593 1957 888 2025 requirunt,
921 1964 976 2008 ut
1006 1956 1202 2025 legere,
1231 1956 1489 2021 scribere,
1517 1956 1763 2023 pingere,
1790 1968 1912 2025 cum

328 2025 440 2079 alio
459 2024 705 2091 colloqui,
727 2036 816 2078 aut
839 2024 1141 2095 loquentem
1163 2026 1373 2089 audire,
1390 2037 1444 2081 et
1461 2024 1913 2094 hujusmodi.Alii

321 2111 424 2151 nec
440 2110 834 2163 summam,nec
848 2098 1068 2150 omnino
1087 2097 1403 2159 nullam,sed
1419 2098 1743 2150 mediocrem
1756 2136 1768 2157 ,
1787 2104 1912 2163 puta

315 2180 546 2233 surgere
574 2166 640 2221 de
667 2168 826 2239 lecto,
862 2167 1107 2230 induere,
1130 2178 1219 2239 aut
1246 2181 1555 2239 exuere‘se,
1591 2178 1802 2239 struere
1835 2164 1915 2219 fo-

314 2251 440 2289 cum
460 2277 475 2298 ,
505 2245 642 2293 etc.:
674 2237 765 2291 alii
787 2236 1017 2306 denique
1049 2236 1329 2306 exiguam,
1361 2248 1414 2293 et
1444 2236 1556 2292 fere
1586 2236 1822 2300 nullam,
1858 2244 1917 2306 ut

313 2306 688 2377 deambulare,
704 2308 807 2363 iter
826 2305 1008 2377 agere,
1029 2305 1284 2377 colligere
1304 2309 1517 2370 ﬂorem,
1533 2305 1915 2376 prospicerein

312 2375 529 2448 hortos,
554 2387 643 2431 aut
668 2388 846 2448 prata,
865 2375 974 2433 etc.
1003 2375 1223 2445 Quinam
1249 2390 1423 2433 autem
1442 2388 1587 2431 actus
1608 2378 1710 2431 sint
1733 2378 1912 2448 hujus,

312 2447 397 2499 vel
429 2448 636 2520 alterius
661 2447 880 2520 generis,
907 2466 1008 2503 non
1032 2460 1195 2519 potest
1220 2461 1377 2510 certa,
1410 2458 1457 2503 et
1486 2448 1739 2519 generalis
1779 2447 1915 2500 tradi

315 2518 519 2599 regula,
554 2518 761 2599 ideoque
789 2519 905 2573 boni
934 2518 1037 2573 viri
1057 2520 1268 2599 arbitrio
1288 2518 1681 2599 relinquendum
1702 2559 1730 2599 ,‘
1764 2521 1912 2599 cujus

314 2596 394 2640 est
430 2604 541 2662 non
586 2598 1067 2662 tantumﬂnaturam
1113 2594 1282 2662 operis
1319 2589 1609 2655 exterioris,
1641 2589 1914 2662 sed_etiam

309 2657 527 2731 modum
557 2669 627 2731 et
673 2660 990 2713 habilitatem
1039 2657 1270 2731 persona
1319 2662 1671 2716 considerare.
1727 2659 1915 2731 Posset

310 2729 453 2780 enim
477 2730 590 2796 quis
619 2731 836 2784 induens
862 2729 1048 2785 restent
1077 2742 1180 2786 tam
1210 2749 1319 2786 esse
1358 2735 1581 2787 intentus
1620 2730 1915 2784 recitationi

310 2799 583 2861 horarum,
607 2809 664 2852 ut
690 2803 901 2855 omnino
931 2818 1030 2856 non
1057 2812 1295 2871 peccaret
1319 2819 1337 2856 :
1367 2814 1414 2855 et
1441 2811 1623 2855 contra
1649 2801 1722 2853 ita
1750 2801 1915 2853 inten-

310 2878 397 2942 tus
424 2885 531 2942 esse
556 2871 976 2937 deambulationi,
1004 2883 1094 2926 aut
1144 2873 1483 2942 profectioni,
1524 2881 1581 2925 ut
1623 2872 1696 2923 sic
1742 2871 1912 2942 inten-

310 2938 485 2991 denda
510 2944 841 3006 pronuntiare
862 2945 1018 2997 horas
1038 2938 1303 3008 peccatum
1324 2951 1472 3005 esset,
1496 2943 1675 2995 saltem
1690 2940 1906 3006 veniale,

310 3009 392 3061 ait
413 3008 695 3064 Navarrus.
721 3013 816 3067 His
851 3014 1164 3080 praemissis,
1201 3022 1262 3066 ut
1299 3014 1582 3080 quaestioni
1624 3011 1909 3080 propositae

311 3094 423 3153 pro
437 3080 634 3134 foribus
651 3081 775 3153 (Ubi
797 3099 979 3152 supra,
999 3080 1266 3153 num.50),
1295 3092 1352 3135 ut
1369 3082 1580 3147 dicitur,
1604 3095 1904 3147 occurram,

314 3148 451 3203 dico
480 3148 675 3218 primo}
716 3148 884 3207 Primi
914 3148 1128 3224 generis
1153 3148 1325 3217 acius,
1356 3168 1452 3208 seu
1481 3167 1647 3222 opera
1675 3160 1903 3224 externa

314 3229 526 3291 certum
551 3233 633 3277 est
671 3222 936 3287 orationis
970 3224 1255 3278 attentioni
1295 3238 1635 3291 repugnare:
1681 3222 1907 3291 proinde

310 3288 498 3364 officio
510 3294 876 3349 ecclesiastico
894 3295 1247 3364 persolvendo
1266 3288 1373 3349 non
1392 3288 1724 3359 satisfacere,
1741 3294 1906 3347 immo

306 3359 567 3435 lethalem
596 3365 809 3435 culpam
840 3359 1141 3431 admittere,
1173 3366 1261 3435 qui
1302 3365 1444 3419 inter
1489 3365 1770 3433 legendum
1818 3364 1902 3418 vel

305 3432 613 3505 canendum
646 3432 953 3502 hujusmodi
982 3432 1209 3502 actibus,
1243 3437 1362 3490 sive
1406 3432 1680 3505 operibus,
1728 3435 1905 3505 sciens

306 3511 369 3555 et
397 3504 587 3574 volens
606 3516 921 3574 occupatur.
951 3506 1088 3560 Nam
1129 3506 1367 3561 Ecclesia
1399 3502 1457 3560 in
1484 3506 1712 3561 concilio
1743 3504 1905 3558 Late-
1931 3502 1977 3564 C

303 3573 536 3647 ranensi
558 3573 797 3647 districte
818 3577 1081 3647 praecipit,
1104 3589 1155 3632 ut
1181 3579 1401 3647 oﬂicium
1430 3577 1660 3647 divinum
1684 3576 1910 3647 studiose

302 3645 510 3716 pariter
547 3655 593 3716 et
639 3645 834 3701 devote?
858 3646 1139 3701 celebretur
1165 3645 1302 3716 (Lib.
1333 3662 1389 3702 ιιι
1417 3645 1707 3710 Decretal.,
1738 3647 1820 3699 tit.
1847 3646 1910 3699 de

300 3712 498 3789 ἐξιών.
532 3715 711 3789 Mign,
752 3734 798 3773 c.
833 3717 1120 3789 Dolantes).
1165 3712 1263 3774 Ubi
1305 3719 1482 3789 glossa
1529 3718 1751 3772 verbum
1799 3726 1909 3769 stu-

305 3783 461 3856 diose
482 3786 546 3839 ad
572 3787 813 3842 officium
842 3789 972 3855 oris,
1006 3783 1191 3855 idest,
1220 3790 1285 3842 ad
1309 3783 1636 3843 Exteriorem
1667 3801 1906 3856 pronun-

304 3854 593 3925 tiationem
640 3858 837 3924 refert;
884 3859 1061 3914 devote
1105 3861 1171 3913 ad
1217 3858 1453 3914 officium
1492 3854 1690 3925 cordis,
1718 3857 1770 3909 id
1801 3864 1903 3921 est,

302 3924 627 3981 interiorem
656 3931 822 3982 animi
853 3930 1189 3985 affectionem
1220 3939 1277 3983 et
1321 3930 1697 3981 attentionem.
1744 3925 1906 3995 Atqui

302 4004 550 4063 constat,
581 4007 634 4051 et
658 4000 992 4065 experientia
1018 3999 1176 4055 docet
1201 3997 1507 4068 hujusmodi
1543 3997 1751 4052 actibus
1789 4013 1903 4068 om-

305 4081 440 4138 nem
474 4070 788 4123 attentionis
817 4070 1008 4125 debita:
1055 4072 1292 4138 speciem
1342 4068 1613 4138 impediri.
1658 4067 1906 4123 Secundo

306 4137 469 4211 dico:
493 4142 660 4211 Actus
688 4141 787 4204 illi,
821 4156 917 4195 seu
948 4137 1109 4210 opera
1137 4140 1359 4195 secundi
1390 4137 1761 4211 g'eneris,quae
1793 4154 1905 4195 me-

309 4207 555 4261 diocrem
584 4210 774 4264 saltem
806 4207 1324 4267 animadversionem
1350 4207 1415 4266 ei
1443 4225 1625 4265 curam
1660 4207 1901 4279 exigunt,

310 4292 383 4331 ex
428 4280 779 4348 consequenti
824 4282 984 4336 etiam
1035 4284 1284 4339 horarum
1332 4282 1610 4336 attentioni
1640 4280 1711 4333 ita
1739 4296 1902 4345 repu-

304 4360 500 4421 gnant,
531 4360 586 4402 ut
622 4365 684 4404 ea
726 4352 897 4417 salva,
931 4367 1119 4421 magna
1166 4367 1286 4407 cum
1334 4351 1647 4406 difficultate
1688 4349 1905 4404 recitari

308 4420 548 4492 possint,
582 4422 807 4489 proinde
830 4424 919 4492 qui
948 4420 1080 4477 tales
1105 4434 1256 4477 actus
1282 4424 1421 4477 inter
1463 4436 1646 4491 preces
1684 4422 1904 4473 canoni-

306 4489 698 4563 casifeceritm
727 4489 905 4563 culpa,
933 4494 1120 4548 saltem
1151 4495 1371 4560 veniali,
1406 4489 1493 4547 vis
1526 4500 1700 4560 potest
1729 4506 1899 4563 excu-

312 4562 447 4633 sari.
478 4560 611 4616 Hine
637 4560 907 4617 Antonius
935 4573 1118 4618 censet
1145 4564 1421 4631 clericum,
1456 4565 1544 4633 qui
1589 4576 1779 4631 preces
1807 4562 1904 4633 ho-

313 4632 491 4701 rarias
521 4634 707 4686 recitat
734 4633 1012 4688 vestiendo
1040 4649 1120 4701 se,
1149 4643 1242 4688 aut
1274 4632 1599 4697 calceando,
1649 4644 1741 4685 aut
1784 4632 1904 4685 aliis

316 4700 531 4773 actibus
557 4704 905 4773 exterioribus
936 4719 996 4759 se
1020 4705 1356 4772 occupando.
1387 4706 1607 4773 dignum
1655 4716 1775 4773 355‘?
1816 4717 1904 4756 τε·

309 4767 715 4842 prehensione,
755 4784 808 4828 et
847 4767 1289 4829 vixsatisfacere
1329 4767 1638 4842 praecepto:
1678 4771 1798 4840 quia
1836 4787 1902 4827 ex

305 4840 598 4925 proposito
627 4841 887 4925 immiscei
915 4860 975 4899 se
1006 4846 1213 4925 actibus
1240 4845 1307 4925 ab
1325 4840 1901 4925 attentionenavertene
1926 4866 1977 4925 ι)

306 4911 456 4983 gibus
485 4914 548 4976 (ιι
578 4923 713 4981 part.
746 4915 825 4969 tit.
857 4916 913 4980 9,
941 4930 986 4967 c.
1019 4914 1096 4983 ὅ).
1140 4918 1209 4969 At
1246 4914 1533 4983 (lajetanus
1554 4955 1568 4981 ,
1613 4912 1805 4973 Soms,
1847 4924 1901 4969 et

301 4981 576 5036 Navarrus
608 4995 805 5053 negant
832 5002 953 5040 eum
978 4981 1285 5054 quidquam,
1312 4981 1405 5040 aut
1425 5001 1531 5040 non
1559 4985 1663 5038 nisi
1687 4984 1895 5051 leviter,

297 5066 575 5121 peccare:
609 5056 755 5109 unde
792 5065 845 5110 et
892 5056 1193 5110 concedunt
1240 5064 1507 5124 prmcepto
1552 5055 1895 5121 satisfacere;

294 5125 556 5191 quoniam
583 5124 893 5193 hujusmodi
924 5142 1110 5194 Opera,
1137 5140 1258 5180 cum
1286 5126 1400 5179 sint
1430 5128 1584 5192 levia,
1619 5126 1813 5193 facilia,
1845 5135 1900 5181 et

295 5204 589 5265 consueta,
645 5210 751 5249 non
796 5211 1008 5250 omnem
1062 5209 1283 5265 prorsus
1332 5198 1492 5251 animi
1543 5196 1895 5250 attentionem

292 5263 530 5317 orationi
573 5267 938 5320 necessariam
979 5263 1280 5335 impediunt
1316 5275 1371 5320 et
1408 5268 1727 5331 excludunt;
1761 5282 1898 5335 prte-

290 5335 483 5405 sertim
513 5335 757 5405 adhibita
789 5336 995 5405 majore
1016 5351 1165 5401 cura,
1195 5335 1375 5390 studio
1398 5346 1451 5390 et
1480 5337 1671 5391 affectu
1713 5348 1892 5392 allen.

287 5402 480 5456 dendi.
504 5404 610 5475 Sed
632 5406 781 5475 juvat
812 5402 902 5461 hic
930 5408 1113 5463 Sotutn
1144 5409 1211 5461 de
1238 5407 1319 5460 his
1343 5418 1595 5461 accurate
1621 5408 1891 5460 disseren-

286 5483 407 5546 tem
430 5474 644 5543 audire,
660 5480 738 5532 ne
760 5478 880 5546 quis
900 5493 984 5532 me
1002 5487 1150 5546 putet
1169 5494 1197 5531 a
1218 5480 1539 5546 memetipso
1560 5477 1672 5531 lucc
1689 5477 1887 5532 dicere.

284 5542 487 5616 Nemo,
522 5542 717 5612 inquit,
752 5542 1035 5603 censendus
1062 5559 1135 5601 est
1159 5553 1221 5601 ab
1261 5542 1538 5601 attentione
1568 5563 1633 5600 ea:
1662 5548 1888 5616 professo

282 5614 538 5681 distrahi,
564 5620 665 5670 nisi
699 5619 811 5672 hwc
839 5630 1149 5672 concurrant
1181 5618 1476 5679 :videlicet,
1508 5628 1563 5669 ut
1586 5620 1705 5669 dum
1735 5614 1890 5670 horas

287 5687 504 5751 pendit,
561 5690 668 5741 alio
717 5689 927 5758 negotio
976 5698 1268 5757 occupetur,
1303 5689 1439 5757 quod
1480 5695 1661 5758 suapte
1706 5696 1889 5739 natura

284 5758 543 5810 orationis
567 5756 853 5811 attentioni
874 5756 1169 5813 adversetur
1197 5775 1214 5811 :
1243 5769 1296 5812 ut
1318 5756 1361 5813 si
1379 5759 1509 5827 quis,
1536 5756 1669 5810 verbi
1697 5759 1886 5827 gratia,

281 5834 419 5879 tunc
444 5829 616 5895 legat,
656 5839 748 5883 aut
773 5828 992 5896 scribat,
1027 5840 1115 5883 aut
1139 5831 1351 5899 pingat,
1394 5840 1479 5885 aut
1508 5828 1562 5883 id
1588 5843 1748 5895 genus
1792 5827 1889 5881 ali-

1992 5681 2087 5756 ji'ci
2120 5694 2338 5751 possent
2368 5681 2436 5740 de
2464 5681 3067 5756 recitationeitorarum

2024 826 2137 904 quis
2165 834 2300 904 orat,
2334 842 2519 904 manus
2550 828 2711 894 lavat,
2746 840 2835 881 aut
2861 846 2917 882 se
2938 826 3144 904 induit,
3177 826 3264 886 aut
3290 835 3437 888 aliud
3461 839 3617 904 quid.

2023 898 2348 977 piamfacit,
2382 899 2519 977 quod
2560 914 2661 951 non
2694 902 3425 977 {anianianintadvertentiam
3455 898 3616 977 expo-

2022 968 2213 1031 slulet;
2242 968 2334 1043 etsi
2367 976 2546 1043 contra
2578 971 2826 1043 orationis
2852 972 3152 1043 dignitatem
3180 975 3313 1027 male
3342 968 3534 1043 faciat,
3563 984 3612 1032 et

2024 1040 2488 1116 forsanpenialiier
2516 1049 2719 1116 peccet;
2744 1042 2885 1094 haud
2907 1040 3080 1116 tamen
3094 1054 3280 1116 contra
3299 1040 3613 1116 prwceptum

2022 1111 2312 1166 mortaliter
2342 1127 2361 1164 :
2394 1111 2613 1164 dixerim
2657 1111 2869 1183 (forsan
2910 1112 3212 1183 venialiter)
3239 1111 3481 1182 quoniam
3508 1136 3615 1171 non

2022 1198 2223 1255 semper
2249 1192 2325 1236 est
2354 1191 2621 1247 peccatum
2645 1199 2662 1236 :
2689 1183 2791 1237 imo
2820 1185 2875 1236 in
2905 1184 3083 1237 ordine
3104 1194 3278 1255 nostra
3300 1197 3611 1255 praeceptum

2022 1254 2169 1307 nobis
2196 1261 2300 1315 est,
2333 1263 2388 1305 ut
2409 1262 2671 1326 surgentes
2699 1271 2727 1308 e
2756 1255 2882 1326 lecto
2915 1255 3135 1326 officium
3166 1254 3229 1307 Β.
3270 1254 3497 1326 Virginis
3528 1259 3612 1311 di-

2022 1340 2238 1396 camus;
2265 1331 2324 1396 (et
2368 1332 2426 1396 ut
2471 1324 2683 1393 antiqua
2724 1325 2920 1378 indicat
2973 1324 3263 1396 dormitorii
3308 1324 3610 1396 dispositio,

2020 1395 2155 1448 inter
2182 1394 2499 1447 induendum
2530 1410 2583 1447 se
2613 1395 2801 1462 fratres
2826 1396 2960 1449 illud
2986 1395 3295 1450 inchoabant
3325 1412 3344 1449 :
3373 1394 3610 1452 uidelicet

2021 1475 2079 1519 ut
2110 1466 2289 1533 iniqua
2312 1468 2708 1537 phantasmata,
2746 1481 2861 1532 qua:
2906 1468 2959 1537 in
3009 1466 3123 1533 ipsa
3167 1471 3609 1537 cxpergefactione

2021 1552 2290 1609 occurrere
2321 1536 2531 1609 solent,
2583 1536 2875 1609 abigantur.
2907 1535 3127 1609 Rursus
3146 1535 3445 1604 requiritur,
3466 1540 3607 1609 quod

2019 1608 2108 1673 qui
2130 1606 2330 1671 aliquid
2359 1606 2512 1675 facit,
2546 1617 2635 1659 aut
2663 1605 2878 1676 cogitat,
2911 1606 3049 1675 quod
3076 1605 3138 1659 ab
3168 1608 3416 1661 orationis
3441 1605 3608 1663 atten-

2020 1679 2158 1729 tione
2178 1686 2478 1730 extraneum
2505 1686 2601 1740 est,
2631 1678 2858 1730 advertat
2880 1692 2972 1746 per
2992 1677 3128 1731 illud
3149 1677 3210 1730 ab
3232 1679 3411 1731 eadem
3436 1688 3607 1733 atten-

2020 1748 2157 1800 tione
2188 1764 2240 1800 ει
2260 1748 2441 1822 dilabi.
2465 1747 2645 1822 Quare
2670 1747 2763 1800 etsi
2790 1747 2928 1801 ultro
2958 1748 3320 1822 eivoluntarie
3337 1750 3445 1805 alia
3466 1751 3608 1822 cegi-

2019 1827 2088 1891 tet
2125 1821 2213 1891 (ut
2262 1817 2494 1891 beneuait
2540 1821 2593 1891 in
2620 1834 2713 1871 sua
2751 1834 2951 1871 summa
2981 1816 3317 1889 Cajetanus),
3346 1816 3607 1891 quousque

2019 1888 2263 1957 inspiciat
2289 1904 2342 1941 se
2371 1888 2625 1952 distrahi,
2671 1905 2870 1957 semper
2906 1888 3173 1955 reputatur
3226 1888 3604 1946 inadverten‘ter

2018 1956 2271 2032 divagari.
2300 1958 2427 2032 ligno
2448 1959 2540 2013 ille
2570 1956 2916 2032 (§otus,rlib.
2948 1975 2983 2032 ξ
3010 1960 3073 2013 de
3098 1960 3238 2032 Just.
3267 1978 3321 2032 ῃ.
3350 1961 3404 2032 ξ,
3434 1980 3486 2016 a.
3513 1961 3600 2032 5).

2019 2027 2225 2094 Quibus
2252 2027 2574 2097 suffragatur
2600 2030 2662 2082 D.
2699 2030 2928 2083 Basilius
2970 2028 3160 2084 homil.
3192 2031 3225 2085 5
3263 2027 3317 2085 in
3359 2027 3603 2087 Julittatn

2018 2112 2333 2170 martyrem,
2369 2101 2460 2153 ubi
2488 2099 2649 2170 docet
2677 2100 2903 2170 iniomni
2926 2099 3068 2170 loco,
3094 2108 3150 2155 et
3172 2109 3416 2168 tempore
3442 2117 3606 2157 oran-

2018 2167 2173 2237 dum,
2202 2172 2523 2240 atqueinter
2548 2169 2651 2222 alia
2684 2187 2695 2219 :
2732 2168 2946 2240 Tunica,
2970 2168 3169 2240 inquit,
3191 2167 3459 2226 indueris?
3484 2188 3604 2240 gra-

2019 2240 2115 2293 tias
2144 2237 2526 2313 agito'benigno
2570 2240 2737 2313 datgri
2771 2253 2790 2292 :
2816 2237 3055 2313 Amiciris
3094 2240 3291 2313 pallio?
3334 2242 3418 2309 fac
3456 2237 3509 2295 in
3555 2252 3603 2295 te

2017 2308 2258 2380 augescat
2288 2308 2536 2365 iittensior
2562 2312 2617 2364 in
2641 2309 2823 2382 Deum_
2841 2308 3603 2382 charitasgquiintegumenta

2018 2378 2242 2449 gratuito
2268 2383 2485 2447 largitus
2511 2390 2586 2437 est
2603 2425 2617 2449 ,
2658 2389 2765 2436 etc.
2791 2378 2899 2435 Sed
2926 2388 2981 2434 et
3006 2378 3069 2435 S.
3092 2378 3429 2446 Demitticus,
3463 2389 3603 2437 teste

2017 2448 2274 2518 Cajetano
2303 2450 2416 2520 (In.
2445 2453 2576 2519 2-2,
2604 2470 2656 2521 q.
2689 2454 2789 2513 85,
2821 2468 2874 2506 a.
2908 2450 3029 2519 15),
3063 2450 3266 2505 dixisse
3290 2449 3462 2506 fertur
3480 2466 3603 2506 ora~

2019 2521 2219 2577 tionem
2271 2530 2473 2577 attente
2519 2540 2548 2576 a
2605 2520 2860 2592 Surgente
2895 2536 2926 2577 e
2970 2520 3113 2577 lecto
3158 2522 3601 2591 pronuntiatam,

2017 2606 2391 2659 communem,
2436 2609 2498 2648 ac
2532 2594 2807 2649 salubrem
2838 2592 2906 2647 ad
2936 2592 3295 2647 resistendum
3326 2593 3599 2661 perversis

2015 2663 2429 2732 cogitationibus
2455 2680 2577 2720 esse
2607 2665 2949 2719 medicinam.
2984 2662 3138 2717 Adde
3169 2662 3310 2728 quod
3347 2663 3601 2719 sacerdo-

2017 2734 2158 2788 tibus
2188 2736 2577 2789 saeriftcaturis
2606 2734 3032 2805 perscribuntur
3058 2733 3110 2787 in
3139 2733 3444 2805 Missalibus
3466 2748 3602 2803 qua-

2014 2805 2259 2859 rumdam
2310 2821 2531 2873 precum
2580 2804 2858 2869 fermulae,
2889 2818 3023 2873 quas
3052 2804 3435 2874 pronuntient,
3468 2805 3600 2859 dum

2013 2876 2184 2928 sacris
2219 2876 2466 2929 vestibus
2511 2890 2570 2930 se
2615 2876 2872 2941 induunt;
2920 2875 3048 2929 dum
3093 2875 3148 2929 in
3196 2874 3375 2930 medio
3420 2874 3598 2930 Missa:

2014 2958 2208 3013 manus
2233 2946 2441 3011 lavant,
2475 2945 2599 3000 dum
2644 2946 2698 3000 in
2745 2944 2851 2999 fine
2889 2944 3005 3013 ejus
3041 2954 3221 3000 vestes
3262 2945 3544 3013 deponunt
3578 2964 3595 3001 :

2013 3011 2154 3067 sicut
2182 3023 2235 3085 et
2264 3016 2533 3083 episcopis
2576 3017 2628 3069 in
2677 3011 2969 3085 pontificali
3002 3011 3412 3084 praestituuntur
3438 3016 3595 3072 multi

2012 3084 2239 3169 psalmi,
2265 3102 2403 3169 quos
2420 3087 2547 3139 dum
2572 3087 2811 3169 vestibus
2838 3085 3235 3169 pontificalibus
3263 3087 3588 3169 vestiuntur,

2012 3167 2137 3228 cum
2169 3154 2434 3212 ministris
2476 3157 2725 3212 recitant.
2759 3154 2879 3228 Jam
2908 3172 2973 3213 ex
3001 3156 3158 3212 dictis
3193 3165 3341 3228 patet
3366 3157 3491 3228 quid
3523 3158 3595 3212 de

2012 3227 2171 3280 tertio
2198 3241 2398 3295 genere
2424 3239 2641 3282 actuum
2691 3227 2981 3284 dicendum
3008 3228 3114 3295 sit,
3146 3227 3236 3297 qui
3266 3238 3371 3283 tam
3395 3227 3591 3297 parum

2010 3307 2309 3366 repugnant
2336 3299 2618 3354 attentioni
2649 3300 2797 3354 horis
2834 3300 2997 3353 etiam
3045 3298 3321 3354 canonicis
3363 3298 3591 3364 debitas,

2009 3374 2069 3419 ut
2095 3370 2277 3441 etiam,
2312 3371 2454 3441 nulla
2487 3371 2880 3426 interveniente
2905 3384 3088 3441 causa,
3111 3370 3229 3441 sine
3248 3380 3468 3441 peccato
3493 3383 3591 3423 eos
3672 3435 3679 3441 δ

2011 3438 2217 3510 agendo
2248 3440 2460 3495 recitari
2507 3441 2746 3510 possint,
2794 3450 2854 3495 ut
2896 3440 3057 3496 docet
3098 3438 3288 3494 itidem
3314 3439 3589 3510 Navarrus

2012 3506 2029 3575 (
2056 3506 2164 3583 Ubi
2181 3526 2337 3578 supra
2364 3506 2521 3583 num;
2541 3513 2667 3583 50).
2701 3513 2814 3583 Sic,
2835 3512 2996 3579 igitur
3016 3509 3315 3583 deisanctis
3337 3508 3441 3564 illis
3474 3524 3589 3583 mo-

2012 3578 2199 3633 nachis
2241 3582 2580 3637 sentiendum
2624 3578 2645 3635 ἐ
2686 3578 2937 3637 nimirum
2970 3580 3146 3635 officia
3196 3580 3284 3633 illa
3327 3580 3589 3634 canonica

2010 3648 2255 3715 privatim
2305 3652 2373 3705 ab
2419 3653 2525 3706 illis
2571 3651 2736 3707 fuisse
2787 3652 3092 3710 celebrata.
3141 3658 3195 3703 et
3225 3650 3440 3714 expleta
3470 3664 3589 3701 cum

2011 3720 2178 3791 operis
2207 3722 2524 3791 adjectione,
2563 3730 2622 3775 ut
2653 3724 2737 3775 hic
2766 3721 3026 3791 habetur,
3038 3718 3121 3791 _id
3141 3726 3288 3791 __est,
3340 3716 3589 3791 manibus

2009 3788 2225 3844 interim
2256 3784 2561 3857 operando;
2599 3806 2704 3843 non
2733 3799 2909 3857 tamen
2940 3784 3285 3857 quibuslibet
3301 3785 3582 3857 operibus,

2008 3858 2103 3912 sed
2150 3853 2440 3926 ejusmodi,
2488 3872 2608 3925 quas
2656 3855 3011 3926 attentionem
3057 3853 3290 3926 orationi
3344 3854 3585 3911 debitam

2007 3924 2228 3981 tninime
2266 3928 2625 3993 impedirent;
2658 3937 2713 3982 et
2752 3925 2947 3996 quibus
2975 3925 3047 3979 ita
3074 3924 3366 3981 assuefacti
3392 3936 3583 3993 erant,

2007 4008 2066 4052 ut
2087 4000 2204 4053 sine
2227 3998 2364 4064 ulla,
2394 4008 2485 4053 aut
2513 4007 2664 4054 certe
2700 3996 2918 4052 minima
2960 3996 3288 4064 attentione,
3322 4006 3375 4054 et
3404 3998 3587 4052 consi-

2006 4068 2288 4140 deratione
2318 4079 2663 4140 peragerent;
2694 4069 2869 4139 qualia
2898 4080 3045 4135 sunt,
3076 4076 3265 4123 texere
3285 4068 3577 4140 sportulas,

2005 4138 2191 4195 fodere
2220 4138 2403 4195 hortos
2424 4181 2437 4203 ,
2456 4138 2650 4210 jacere
2678 4140 2912 4205 semina,
2960 4140 3331 4210 plantarqaut
3360 4138 3585 4205 explan-

2007 4218 2120 4264 tare
2149 4211 2374 4277 herbas,
2407 4207 2607 4266 sarrire
2636 4211 2889 4278 humum,
2940 4209 3149 4264 areolas
3177 4207 3493 4278 disponere.
3528 4218 3585 4263 et;

2005 4279 2110 4351 alia
2133 4294 2161 4333 a
2188 4282 2246 4333 Ι).
2276 4276 2605 4351 ΙΑΙῙΘιὊηγιηο
2629 4276 3048 4335 commemorata
3076 4282 3127 4333 in
3168 4276 3328 4347 epiSt.
3353 4279 3418 4332 ad
3441 4276 3584 4333 llus-

2006 4348 2165 4421 ticum
2191 4348 2510 4405 monachum
2542 4368 2557 4407 :
2592 4363 2683 4405 aut
2711 4351 2853 4421 quod
2881 4350 3229 4405 verisimilius
3262 4358 3387 4421 puto
3414 4393 3429 4417 ,
3462 4364 3583 4402 mo-

2006 4420 2206 4472 nachos
2231 4422 2352 4475 illos
2376 4421 2550 4477 officia
2573 4438 2693 4476 cum
2724 4420 2906 4490 operis
2929 4422 3234 4491 adjectione
3255 4420 3580 4482 celebrasse,

2004 4504 2067 4543 ac
2096 4493 2450 4558 persolvisse;
2499 4507 2605 4548 non
2651 4494 2794 4563 quod
2841 4493 3034 4563 simul,
3064 4502 3118 4545 et
3144 4491 3345 4563 pariter
3387 4504 3580 4563 opera-

2008 4570 2210 4623 rentur,
2244 4574 2297 4617 et
2326 4565 2560 4620 officium
2587 4561 2910 4618 recitarem:
2943 4561 3039 4615 sed
3068 4561 3189 4629 quia
3222 4561 3480 4624 vicissim,
3514 4574 3580 4614 ac

2006 4634 2338 4699 successive,
2390 4645 2442 4689 et
2486 4649 2584 4703 per
2630 4632 2910 4688 intervalla
2958 4632 3256 4703 orationem
3301 4633 3483 4703 operi,
3527 4640 3582 4683 ct

2005 4716 2138 4771 Opus
2172 4706 2401 4759 orationi
2432 4700 2849 4775 su'bjungerent;
2883 4710 2941 4756 ut
2967 4701 3139 4775 oratio
3170 4700 3495 4775 operationi,
3521 4707 3579 4775 et

2007 4769 2251 4840 operatio
2276 4777 2505 4831 orationi
2532 4769 2790 4830 conlinuo
2816 4772 3151 4829 succederet.
3182 4771 3462 4825 Postremo
3484 4769 3580 4821 ad-

2006 4853 2190 4898 monet
2213 4845 2480 4918 Navarrus
2499 4888 2513 4912 ,
2542 4848 2681 4915 quod
2726 4847 2811 4901 hic
2843 4844 3112 4913 prtBCipue
3138 4841 3428 4918 notandum
3458 4848 3576 4918 “iis

2003 4922 2055 4968 et
2105 4931 2169 4970 ex
2213 4917 2368 4973 dictis
2400 4910 2573 4971 etiam
2590 4910 2882 4985 colligitur,
2915 4922 3063 4967 tanto
3091 4912 3280 4981 majori
3308 4910 3573 4985 Iaudedi-

2000 5000 2154 5052 gnam
2182 4986 2271 5058 (et
2293 4996 2440 5058 certe
2469 4979 2923 5058 Deoigrat‘iorem,
2952 4979 3356 5058 religiosiorem,
3386 4989 3439 5034 et
3469 4979 3579 5058 frti.

2001 5054 2357 5123 ctuosidrem)
2417 5070 2536 5107 esse
2587 5056 2842 5110 horarum
2903 5056 3304 5113 recitationem,
3366 5054 3578 5123 caeteris

2000 5128 2245 5197 paribus,
2296 5119 2401 5185 quo
2441 5123 2636 5176 tninori
2678 5139 2961 5186 manuum,
3000 5124 3225 5197 pedum,
3259 5119 3575 5197 oculorum,

1998 5194 2295 5245 aliorumve
2324 5206 2580 5244 sensuum
2603 5232 2616 5254 ,
2640 5203 2863 5247 externa
2891 5194 3244 5261 occupatione
3266 5194 3575 5261 peragitur;

1999 5271 2054 5314 ut
2085 5264 2313 5330 integra,
2339 5262 2536 5330 inquit,
2571 5263 2638 5313 ad
2675 5279 2787 5314 eam
2818 5262 2978 5313 simus
3006 5256 3393 5330 menteintenti,
3417 5258 3578 5327 juxta

1996 5334 2126 5388 illud
2152 5323 2506 5403 Redemptoris
2525 5323 2532 5326 ⁷
2550 5335 2706 5386 nostri
2751 5332 2871 5385 bene
2916 5331 3231 5403 intellectum
3256 5343 3273 5380 :
3299 5323 3432 5403 Cum
3458 5341 3579 5377 ora-

1999 5408 2159 5468 veris,
2208 5397 2357 5457 intra'
2385 5405 2439 5456 in
2482 5404 2770 5456 cubiculum
2802 5410 2973 5462 tuum,
3007 5411 3054 5454 et
3086 5402 3262 5452 clauso
3308 5397 3436 5450 ostio
3485 5411 3579 5448 ora

2000 5475 2223 5547 (Matth.
2256 5476 2365 5544 Vt).
2400 5474 2537 5547 Dixit
2569 5488 2762 5544 porro,
2798 5471 2993 5547 ctcteris
3038 5469 3278 5547 paribus,
3311 5478 3421 5547 tum
3452 5480 3578 5547 pro-

1998 5536 2116 5616 pter
2145 5536 2449 5613 exemplum
2477 5536 2689 5600 illorum
2716 5536 3138 5605 monachorum,
3171 5539 3239 5593 de
3261 5537 3456 5608 quibus
3490 5536 3577 5616 h_ic

1996 5606 2192 5689 agitur,
2228 5606 2336 5670 tum
2372 5626 2587 5689 propter
2614 5616 2715 5689 alia
2746 5619 3085 5689 argumenta,
3112 5624 3240 5689 qu_a_:_
3263 5606 3450 5689 contra
3472 5606 3577 5689 ob-

3101 5677 3479 5753 p’ublica,__sive
3509 5677 3580 5734 de

1996 5747 2184 5830 ciliciis
2215 5756 2412 5830 divinis
2451 5757 2665 5824 publice
2695 5756 2751 5830 in
2783 5747 3035 5830 Ecclesia
3059 5747 3431 5830 celebrandis,
3458 5762 3579 5830 quas

1993 5826 2212 5895 quidem
2237 5821 2602 5893 potiora—sunt
2627 5821 2880 5896 privatis,
2930 5827 3152 5885 caeteris
3194 5824 3442 5897 paribus,
3474 5821 3578 5873 hoc
