4036 6218
473 330 576 389 H5

1807 316 2086 376 JOANNIS
2125 315 2434 375 CASSIANI

3644 311 3765 370 ΗΒ

470 443 867 515 Icompulsoris
888 441 1170 514 adigimur,
1204 452 1300 510 per
1316 443 1482 492 totum
1499 433 1603 490 diei
1619 433 2054 504 spatiumjugiter
2083 436 2136 496 Α
2159 429 2187 470 ἀ
2221 431 2523 486 Voluntarie
2552 431 2853 501 sacriﬁcabo
2884 429 2973 486 tibi
3002 427 3174 502 (Psal.
3209 426 3335 498 55):
3364 433 3429 493 et,
3455 427 3762 485 voluntaria

470 550 594 594 cum
606 535 786 605 operis
802 534 1105 604 adjectione
1132 541 1426 602 spontanee
1439 527 1800 582 celebrantur.
1820 525 1893 579 ita
1911 541 2060 579 nam-

473 643 578 699 que
605 627 674 681 ab
694 626 772 682 eis
792 626 1123 681 incessanter
1149 621 1388 694 Operatio
1412 634 1664 675 manuum
1690 618 1936 688 privatim
1966 631 2060 687 per

469 719 694 778 cellulas
723 725 1022 781 exercetur,
1054 725 1111 770 ut
1138 715 1468 785 psalmorum
1502 725 1740 783 quoque,
1783 710 1868 765 vel
1901 718 2062 764 caete-

467 825 656 869 rarum
707 810 1108 881 Scripturarum
1180 805 1456 862 meditatio
1503 819 1796 874 numquam
1847 803 2058 873 penitus

470 905 774 960 omittatur.
802 902 900 957 Cui
931 912 1121 972 preces
1149 905 1204 953 et
1231 897 1505 952 orationes
1547 909 1642 964 per
1682 893 1890 964 singula
1937 907 2058 947 mo-

471 1007 650 1053 menta
680 997 992 1066 miscentes,
1017 994 1067 1048 in
1097 991 1182 1048 his
1208 991 1399 1047 ofﬁciis
1427 1004 1546 1061 quae
1572 1003 1669 1044 nos
1699 994 1903 1044 statuto
1925 995 2058 1042 tem-

470 1102 602 1159 pore
613 1089 969 1157 celebramus,
990 1095 1160 1143 totum
1178 1085 1288 1140 diei
1303 1093 1511 1155 tempus
1525 1082 1835 1137 absumunt.
1860 1081 2061 1146 Quam-

471 1182 656 1239 obrem
700 1183 949 1252 exceptis
992 1177 1319 1256 vespertinis
1375 1191 1438 1231 ac
1495 1173 1781 1231 nocturnis
1834 1187 2060 1244 congre-

470 1274 770 1346 gationibus
801 1273 948 1332 nulla
977 1272 1116 1343 apud
1142 1286 1238 1328 eos
1266 1284 1364 1341 per
1390 1268 1533 1324 diem
1563 1267 1780 1337 publica
1801 1261 2062 1322 solemni-

471 1375 574 1431 tas,
603 1368 809 1436 absque
837 1364 866 1405 δ
895 1365 982 1421 die
1005 1364 1214 1421 sabbati
1243 1363 1330 1418 vel
1375 1359 1681 1426 dominica,
1731 1357 2056 1428 celebratur,

469 1457 528 1514 in
567 1458 764 1528 quibus
801 1457 934 1510 hora
977 1458 1136 1512 tertia
1182 1468 1354 1510 sacrae
1397 1452 1794 1509 communionis
1837 1450 2061 1506 obtentu

2162 525 2266 579 oris
2307 525 2404 578 mei
2451 523 2765 592 beneplacita
2807 524 2906 577 sint
2949 523 3060 587 tibi,
3090 521 3309 574 Domine
3340 519 3564 591 (Psalm.
3596 519 3758 590 “8).

2784 654 3011 711 CAPUT
3049 654 3138 709 Ili.

2166 767 2321 836 Quod
2341 784 2438 838 per
2465 783 2666 823 omnem
2693 767 2955 822 Orientem
2975 766 3271 822 solemnitas
3301 763 3517 832 Tertiae,
3551 767 3756 837 Sextus,

2237 838 2315 892 vel
2345 839 2534 904 Nonw,
2565 840 2709 893 trinis
2742 849 2940 892 tantum
2963 839 3171 907 psalmis
3193 848 3239 892 et
3267 839 3578 892 orationibus
3598 840 3761 908 ﬁnia-

2234 917 2353 962 tur:
2387 919 2434 964 ct
2457 926 2550 963 cur
2590 911 2866 981 specialius
2905 909 3020 964 istis
3047 908 3190 963 horis
3220 909 3326 964 hac
3355 908 3616 980 spiritalia
3649 911 3755 966 sint

2235 981 2401 1052 oﬂicia
2429 981 2696 1052 deputata.

2234 1075 2423 1147 Itaque
2450 1076 2506 1130 in
2533 1074 2874 1143 Palaestinae,
2914 1073 3003 1130 vel
3046 1072 3450 1144 Mesopotamiae
3480 1083 3761 1132 monaste-

2163 1165 2262 1222 riis
2289 1180 2354 1222 sc
2382 1166 2547 1220 totius
2589 1165 2862 1232 Orientis,
2901 1164 3336 1234 supradictarum
3368 1164 3624 1220 horarum
3654 1181 3759 1222 so—

2163 1259 2496 1326 lemnitates,
2528 1257 2683 1312 trinis
2705 1257 2927 1327 psalmis
2965 1257 3211 1327 quotidie
3252 1256 3546 1323 ﬁniuntur;
3599 1266 3657 1312 ut
3701 1267 3760 1314 et

2164 1351 2475 1409 orationum
2516 1349 2810 1404 assiduitas
2841 1349 3061 1404 statutis
3105 1348 3438 1420 temporibus
3473 1347 3587 1406 Deo
3617 1350 3759 1407 οσο-

2163 1453 2338 1510 ratur,
2365 1451 2423 1498 et
2452 1442 2756 1498 necessaria
2785 1441 3122 1511 operationis
3148 1442 3324 1497 ofﬁcia
3363 1443 3758 1500 consummatis

471 1549 819 1608 conveniunt.
853 1548 981 1603 Plus
1007 1550 1147 1603 enim
1178 1555 1262 1603 est
1289 1547 1342 1600 id
1372 1545 1516 1617 quod
1541 1545 1877 1600 incessanter
1901 1541 2064 1598 oder-
2159 1537 2310 1608 justo
2340 1535 2714 1592 moderamine
2743 1536 3082 1606 spiritalibus
3113 1537 3416 1616 obsequiis,
3443 1537 3760 1594 nullatenus

473 1651 583 1710 tur,
611 1657 774 1712 quam
800 1641 940 1711 quod
967 1655 1062 1709 per
1086 1639 1343 1709 temporis
1381 1637 1665 1693 intervalla
1697 1635 2058 1706 persolvitur;

472 1745 530 1792 et
552 1747 574 1774 ε
598 1736 803 1806 gratius
828 1744 911 1790 est
936 1733 1294 1788 voluntarium
1323 1745 1539 1795 munus,
1569 1743 1728 1800 quam
1757 1727 2062 1784 functiones

2163 1627 2381 1684 valeant
2428 1628 2680 1698 impediri
2729 1646 2743 1682 :
2790 1638 2814 1665 θ
2859 1629 2946 1683 his
2993 1629 3138 1684 enim
3187 1627 3365 1684 tribus
3412 1629 3758 1699 temporibus

2165 1719 2329 1777 etiam
2356 1719 2639 1774 Danielem
2667 1720 2991 1789 prophetam
3031 1719 3276 1790 quOtidie
3316 1719 3566 1775 fenestris
3593 1735 3756 1791 aper-

474 1843 593 1898 quae
622 1827 880 1882 canonica
910 1825 1276 1895 eompulsione
1298 1823 1635 1878 redduntur:
1669 1834 1770 1891 pro
1795 1819 1898 1875 hoc
1929 1832 2062 1889 quo—
2089 1821 2137 1882 Β
2168 1814 2236 1869 tis
2268 1813 2321 1868 in
2347 1814 2630 1869 cmnacuio
2660 1827 2848 1882 preces
2884 1814 3116 1868 Domino
3138 1811 3346 1869 fudisse
3373 1813 3755 1884 cognoscimus

475 1933 582 1989 que
623 1918 783 1975 David
827 1917 1112 1988 gloriosius
1141 1915 1344 1986 aliquid
1376 1914 1699 1980 exsultante,
1730 1927 1852 1968 cum
1884 1909 2015 1966 dicit
2041 1926 2054 1963 :

2167 1907 2344 1983 (Dan.
2377 1906 2482 1977 Vl).
2518 1905 2538 1944 τ
2583 1906 2694 1963 Nec
2737 1907 3011 1963 immerito
3041 1907 3157 1963 haec
3185 1906 3476 1978 specialius
3503 1915 3754 1977 tempora

1544 2053 1806 2109 ALARDI
1842 2050 2076 2108 GAZEI
2113 2047 2681 2107 COMMENTARIUS.

479 2161 557 2210 est
579 2195 593 2218 ,
626 2153 744 2223 pari
771 2152 1038 2226 existente
1062 2149 1372 2226 devotione,
1400 2154 1454 2203 et
1484 2145 1806 2226 attentione,
1831 2144 2060 2212 aliisque

479 2221 924 2287 circumstantiis;
981 2223 1108 2276 licet
1156 2221 1419 2290 majorem
1473 2221 1750 2286 requirant
1801 2229 2059 2270 sensuum

479 2294 908 2361 occupationem.

555 2375 579 2401 ι
621 2355 674 2419 id
704 2373 808 2424 est.
843 2362 1000 2430 pulsu
1024 2361 1139 2413 sive
1165 2361 1346 2413 sonitu
1371 2356 1705 2430 Superioris,
1724 2355 1808 2410 vel
1839 2355 2061 2430 alterius

481 2436 546 2490 ad
584 2447 719 2500 opus
760 2426 884 2495 Dei,
934 2445 1028 2483 seu
1069 2430 1302 2482 officium
1352 2428 1619 2500 divinum_
1641 2427 1961 2500 evocantis:
1995 2426 2062 2500 de

481 2519 587 2572 quo
616 2495 775 2557 etiam
825 2501 889 2554 D.
933 2500 1256 2572 Benedictus
1273 2539 1300 2572 ,Α
1319 2512 1439 2572 cap.
1476 2499 1544 2551 47
1587 2497 1805 2565 Regulae
1840 2514 1851 2547 :
1886 2495 2064 2572 De_si-

482 2565 780 2644 qniﬁcanda
820 2572 950 2644 hora
991 2570 1159 2644 operis
1203 2568 1323 2622 Dei.
1372 2569 1614 2644 Apparet
1660 2577 1837 2644 autem
1868 2582 1933 2622 ex
1962 2565 2064 2621 hoc

482 2637 632 2710 loco,
675 2653 729 2696 et
757 2641 925 2696 multo
957 2637 1125 2709 magis
1150 2655 1221 2695 ex
1248 2655 1366 2706 cap.
1419 2638 1488 2710 12
1533 2638 1627 2710 lib_.
1661 2653 1735 2710 tv,
1769 2637 1895 2710 loco
1919 2652 2066 2710 eam:

485 2707 636 2780 panaé
664 2727 769 2782 qua
800 2728 945 2767 nunc
972 2707 1225 2782 utimur,
1251 2725 1387 2782 usos
1413 2709 1552 2782 illos
1601 2707 1764 2782 fuisse
1808 2707 1964 2782 pulsu
1996 2707 2063 2761 ad

484 2777 616 2864 ostia
645 2777 1001 2864 singulorum.
1028 2783 1117 2838 Sic
1141 2780 1285 2864 enim
1318 2779 1391 2834 ibi
1413 2780 1607 2864 legitur
1636 2796 1653 2864 ξ
1687 2777 1814 2831 Cum
1841 2781 2064 2864 sonitum

485 2849 985 2922 pulsantisrostium,
1036 2869 1095 2906 ac
1137 2852 1450 2922 diuersorum
1495 2849 1704 2904 cellulas
1734 2851 2066 2922 percutientis

485 2920 778 2986 audierint,
824 2925 892 2976 ad
920 2925 1202 2980 orationem
1229 2937 1316 2975 eos
1343 2921 1563 2984 scilicet,
1605 2936 1691 2974 seu
1719 2920 1787 2972 ad
1815 2935 1942 2988 Opus
1970 2920 2069 2975 ali-

485 2995 626 3064 quod
645 2995 946 3074 invitantis,
977 2994 1210 3074 certatim
1239 3009 1264 3046 e
1290 2991 1541 3074 cubilibus
1571 2992 1920 3074 unusquisque
1946 3008 2067 3074 pro—

486 3063 699 3131 rumpit.
729 3068 795 3118 At
818 3063 886 3118 de
910 3064 1013 3118 hoc
1038 3064 1192 3132 pulsu
1212 3104 1226 3128 ,
1253 3074 1307 3118 et
1331 3063 1398 3117 de
1427 3063 1796 3132 instrumentis
1820 3103 1835 3123 ,
1873 3063 2064 3132 quibus

487 3135 552 3188 ad
576 3137 806 3190 ofﬁcium
827 3131 1063 3189 divinum
1089 3135 1545 3197 convocabantur,
1569 3133 1702 3186 alias
1725 3131 1880 3200 plura
1903 3131 2066 3200 (Vide

487 3205 684 3277 scitolia
709 3207 762 3259 in
785 3204 1038 3277 Regulam
1163 3203 1459 3277 Raohomii,
1490 3220 1541 3255 a.
1571 3203 1660 3277 2).

558 3275 586 3316 δ
637 3271 907 3341 δθὺὺειό,
963 3285 1018 3331 et
1071 3273 1342 3330 dominico
1404 3273 1492 3326 die
1542 3272 1716 3326 solere
1765 3271 2063 3326 monachos

488 3346 706 3417 Egypti
738 3347 1054 3417 solemniter
1073 3344 1366 3399 convenire
1382 3343 1447 3417 _in_
1479 3342 1760 3417 ecclesiam
1789 3341 1855 3396 ad
1882 3341 2062 3417 divina

487 3412 744 3486 mysteria
775 3416 1126 3486 celebranda,
1169 3423 1224 3468 et
1251 3412 1629 3486 percipienda,
1679 3421 1786 3466 tum
1829 3413 2058 3486 ex_hoc,

489 3483 598 3539 tum
631 3503 696 3539 ex
727 3487 847 3539 aliis
868 3484 1110 3539 Cassiani
1144 3486 1276 3539 locis
1307 3484 1589 3537 manifeste
1615 3491 1845 3538 constat.
1878 3483 1982 3538 Sed
2005 3493 2058 3538 et

490 3558 743 3610 omnibus
769 3556 1098 3620 christianis,
1131 3553 1428 3624 praesertim
1454 3556 1504 3608 in
1526 3552 1767 3617 Oriente,
1794 3568 1911 3608 eam
1933 3568 2062 3609 con-

490 3628 829 3682 suetudinem
861 3627 1027 3681 fuisse
1057 3625 1400 3696 perspicuum
1425 3633 1507 3680 est
1532 3639 1607 3696 ex
1633 3624 1938 3690 Clemente,
1972 3626 2062 3695 qui

490 3697 586 3752 lib.
617 3713 694 3753 vn
718 3699 947 3754 Constit.
979 3695 1098 3768 cap.
1127 3695 1197 3752 24
1219 3697 1298 3751 sic
1319 3697 1396 3751 ait
1433 3713 1446 3750 :
1482 3695 1785 3768 Sabbatum,
1817 3705 1866 3750 et
1896 3697 2063 3752 domi-

489 3769 660 3853 nicum
682 3770 818 3852 diem
837 3771 1022 3853 festum
1048 3766 1282 3853 egimus;
1313 3768 1436 3853 quiq
1454 3766 1814 3853 illud'uatlura:
1842 3770 2064 3853 conditae

490 3848 565 3890 est
604 3843 969 3894 monimentum
1001 3838 1124 3894 :hic
1151 3840 1558 3895 resurrectionis.
1594 3838 1660 3893 Et
1701 3838 1951 3895 Socrates
1983 3840 2062 3894 bi-

492 3909 736 3979 storicus
754 3909 894 3979 idem
916 3910 1195 3979 conﬁrmat
1223 3911 1305 3963 his
1334 3910 1510 3964 verbis
1536 3929 1548 3964 :
1578 3909 1705 3964 Cum
1734 3911 1864 3975 festa
1891 3912 2064 3979 cujus-

492 3976 615 4028 libet
655 3976 983 4030 hebdomadi:
1012 3979 1372 4039 occurrebant,
1404 3980 1636 4031 uidelicet
1687 3976 1984 4038 sabbatum}
2016 3989 2063 4031 et

494 4046 601 4098 dies
626 4047 939 4108 dominicus,
987 4048 1040 4098 in
1075 4047 1258 4112 quibus
1296 4056 1569 4099 conventus
1600 4046 1650 4096 in
1681 4045 1906 4098 ecclesiis
1953 4048 2063 4111 ﬁeri

491 4112 685 4181 solent,
709 4125 821 4187 etc.
841 4115 1003 4187 (Lib.
1033 4129 1193 4187 vr,_c.
1235 4113 1322 4187 8_).
1351 4113 1455 4165 Sed
1483 4113 1681 4187 denbac
1702 4125 1768 4187 re
1796 4113 1955 4187 etiuui
1987 4115 2064 4166 in-

492 4187 594 4249 tra.
630 4179 719 4241 uhi
741 4187 807 4239 de
832 4179 1038 4254 jejunio
1059 4179 1475 4254 sabbati’agetur
1500 4181 1666 4254 (Cap.
1698 4181 1729 4234 9
1756 4191 1803 4233 et
1835 4179 1954 4254 10)Ἴ

565 4266 590 4296 ο
629 4250 843 4310 Similis
863 4250 1020 4320 plane
1059 4265 1135 4305 est
1166 4252 1229 4305 D.
1263 4250 1892 4322 Hieronymiusententia
1926 4252 2017 4305 lib.
2045 4267 2062 4306 ι

491 4325 544 4378 in
571 4326 911 4379 Jovinianum
942 4340 953 4375 :
986 4322 1203 4390 Majoris
1242 4331 1313 4376 est
1345 4320 1523 4391 gratiis
1548 4320 1765 4388 o/ferre,
1797 4321 1936 4390 quod
1963 4339 2064 4377 non

491 4395 714 4460 debeas;
757 4409 912 4465 quam
957 4393 1202 4460 reddere,
1250 4391 1385 4463 quod
1416 4394 1653 4465 exigaris.
1687 4391 1861 4465 Debet
1882 4403 2060 4448 autem

493 4473 718 4533 utraque
745 4464 1012 4520 sententia
1035 4477 1140 4518 non
1163 4465 1236 4517 ita
1257 4464 1553 4532 generatim
1581 4464 1796 4531 exponi,
1825 4472 1880 4516 ut
1900 4465 2063 4520 verba

490 4545 704 4602 sonant,
737 4550 800 4590 ac
830 4549 940 4604 prae
984 4549 1044 4589 se
1084 4533 1290 4595 ferunt,
1324 4534 1417 4587 sed
1457 4534 1735 4604 speciatim
1767 4535 2060 4590 secundum

493 4613 727 4660 mentem
783 4603 1076 4660 Aitctorum
1130 4613 1184 4658 et
1227 4605 1475 4658 locorum
1542 4603 1881 4668 exigentiatn.
1945 4605 2062 4673 Quo

490 4676 653 4730 modo
679 4676 957 4746 utriusque
987 4676 1268 4730 sententiae
1299 4674 1441 4746 idem
1483 4674 1594 4730 fere
1638 4689 1833 4742 scOpus
1862 4686 1976 4741 est,
2010 4686 2063 4732 et

488 4746 864 4818 intelligentia.
891 4747 1015 4818 Agit
1039 4747 1182 4800 enim
1213 4746 1284 4799 ibi
1316 4745 1768 4818 D.7Hiet:onymus
1801 4747 1867 4802 de
1897 4748 2058 4815 virgi-

487 4818 659 4872 nitate
676 4859 689 4883 ,
713 4827 768 4872 et
787 4817 1111 4886 virginibus,
1135 4832 1268 4886 quas
1299 4816 1428 4870 dicit
1453 4832 1482 4872 a
1508 4816 1723 4871 Christo
1749 4818 1863 4884 plus
1884 4819 2052 4887 diligi,

487 4902 647 4956 quam
694 4888 979 4957 coniuges,
1008 4888 1156 4954 quia,
1191 4887 1389 4956 inquit,
1424 4898 1603 4955 sponte
1634 4889 1890 4952 tribuunt,
1918 4891 2056 4957 quod

485 4974 591 5028 non
617 4969 690 5012 est
717 4960 789 5012 eis
815 4959 1154 5027 imperatum,
1213 4959 1315 5011 hoc
1366 4967 1476 5024 est,
1520 4960 1876 5028 virginitatem
1905 4975 2057 5015 suam

486 5027 598 5083 Deo
620 5029 874 5093 oﬁerunt,
904 5039 959 5083 et
987 5037 1336 5091 consecrant;
1361 5029 1503 5096 quod
1536 5027 1637 5083 non
1670 5037 1752 5084 est
1785 5032 2052 5097 praecepti,

486 5099 582 5153 sed
613 5101 820 5154 consilii
856 5117 870 5151 :
905 5098 1125 5167 majoris
1152 5109 1332 5152 autem
1383 5100 1570 5166 gratia:
1606 5110 1660 5153 et
1713 5100 2057 5166 perfectionis

484 5178 569 5224 est
599 5184 816 5225 servare
856 5169 1082 5224 consilia
1107 5209 1121 5232 ,
1155 5168 1296 5238 quod
1320 5172 1472 5236 pauci
1497 5169 1726 5233 faciunt;
1757 5186 1913 5238 quam
1945 5173 2057 5225 sola

484 5251 773 5308 praecepta,
805 5255 927 5310 quae
955 5239 1025 5292 ab
1055 5240 1632 5310 omnibusiexiguntur.
1665 5241 1928 5295 Similiter
1953 5244 2061 5310 agit

485 5310 572 5363 hic
597 5309 916 5375 Cassianus,
947 5317 1003 5364 ut
1029 5325 1094 5364 ex
1120 5309 1549 5378 praecedentibus
1582 5310 1766 5376 liquet,
1796 5310 1861 5364 de
1885 5309 2059 5377 priva--

485 5378 554 5433 tis
585 5384 953 5446 orationibus,
997 5389 1052 5435 et
1093 5379 1560 5442 meditationibus,
1595 5380 1816 5447 aliisque
1851 5382 2060 5446 pietatis

481 5451 787 5520 exercitiis,
820 5468 941 5523 quae
968 5452 1149 5506 devoti
1193 5450 1271 5504 illi
1313 5450 1564 5504 monachi
1592 5463 1898 5523 cum‘opere
1944 5467 2059 5506 ma-

483 5536 649 5575 nuum
700 5520 898 5576 divinis
942 5523 1138 5577 ofﬁciis
1188 5523 1651 5584 intertniscentes,
1682 5520 1792 5573 sive
1824 5520 2063 5586 interpo-

484 5601 675 5645 nentes
715 5602 887 5647 totum
915 5593 1023 5648 diei
1051 5604 1261 5662 tempus
1299 5590 1502 5660 absque
1529 5591 1635 5644 ulla
1665 5591 2062 5662 intermissione

484 5669 540 5731 et
566 5664 746 5731 quiete
774 5661 1174 5728 absumebant,’
1195 5663 1334 5718 sicin
1371 5665 1527 5728 paulo
1553 5674 1678 5716 ante
1701 5661 1867 5728 dixit;
1903 5673 2060 5731 atque

483 5729 560 5782 ita
593 5729 979 5795 functionibus,
1015 5735 1066 5785 id
1089 5745 1168 5786 est
1192 5773 1206 5797 ,
1239 5733 1429 5787 ofﬁciis
1466 5735 1767 5796 canonicis,
1801 5729 2060 5790 canonica

483 5799 861 5862 eompulsione
881 5839 896 5863 ,
928 5801 1027 5854 hoc
1057 5811 1170 5864 est,
1218 5804 1447 5868 regulari
1480 5806 1722 5859 instituto
1751 5805 1946 5862 debitis
1967 5821 2060 5864 v0-

2164 2141 2395 2198 luntaria
2428 2140 2516 2194 illa
2546 2153 2805 2206 munera,
2848 2137 2901 2194 id
2947 2145 3060 2206 est,
3091 2148 3424 2208 spontanea,
3456 2148 3512 2195 et
3537 2138 3752 2208 privata

2164 2211 2504 2277 devotionis,
2555 2219 2609 2265 et
2655 2210 3152 2280 supererogationis
3182 2209 3361 2265 ofﬁcia
3409 2213 3514 2280 Deo
3557 2210 3752 2268 oﬁ'ere-

2165 2283 2331 2348 bant;
2365 2293 2422 2338 ut
2449 2297 2517 2337 ne
2541 2279 2736 2350 puncto
2765 2279 2982 2351 quidem
3023 2280 3287 2350 temporis
3327 2295 3356 2334 a
3401 2279 3497 2336 Dei
3530 2283 3751 2338 servitio

2164 2363 2448 2416 vacarent;
2503 2353 2646 2422 quod
2686 2354 2869 2421 utique
2913 2352 3138 2417 melius,
3171 2360 3226 2405 et
3253 2351 3368 2405 Deo
3395 2353 3597 2420 gratius
3624 2362 3710 2408 est
3732 2395 3746 2417 ,

2164 2439 2324 2493 quam
2354 2424 2484 2479 solis
2534 2423 2731 2478 ofﬁciis
2761 2423 2989 2487 debitis,
3036 2431 3092 2478 et
3131 2423 3461 2492 pratscriptis
3485 2438 3585 2477 suo
3614 2433 3751 2479 tem—

2165 2509 2298 2563 pore
2329 2495 2676 2551 satisfacere:
2707 2493 2848 2547 Plus
2874 2495 3010 2548 enim
3039 2502 3144 2558 est,
3189 2493 3387 2560 inquit,
3419 2494 3475 2546 id
3504 2496 3643 2563 quod
3669 2497 3751 2549 in-

2165 2576 2420 2620 cessanter
2450 2565 2686 2636 offertur,
2718 2582 2870 2636 quam
2899 2565 3034 2635 quod
3075 2565 3315 2634 temporis
3336 2564 3605 2620 intervallo
3633 2583 3751 2633 per-

2164 2637 2398 2690 solvitur.
2431 2635 2662 2690 Proinde
2703 2652 2807 2690 non
2839 2644 3118 2704 separatur
3162 2636 3248 2690 hic
3279 2649 3474 2690 munus
3498 2636 3751 2692 volunta-

2167 2707 2305 2760 rium
2345 2723 2374 2761 a
2419 2706 2784 2761 functionibus
2830 2708 3103 2762 canonicis
3145 2715 3198 2761 et
3237 2704 3464 2776 debitis;
3495 2709 3588 2762 sed
3617 2721 3751 2776 sup-

2167 2777 2388 2846 ponitur
2414 2793 2535 2832 cum
2562 2777 2664 2830 illis
2693 2779 3058 2846 conjunctutn.
3105 2777 3209 2843 Qui
3251 2777 3395 2831 enim
3424 2775 3554 2832 facit
3582 2775 3748 2846 opera

2167 2863 2273 2903 non
2297 2850 2576 2916 imperata,
2600 2862 2667 2902 ex
2690 2849 2973 2915 charitate,
2996 2848 3136 2902 sicut
3156 2855 3397 2914 oportet;
3426 2846 3552 2901 facit
3577 2849 3747 2903 etiam

2168 2933 2356 3000 opera,
2378 2934 2482 3000 seu
2505 2919 3119 3000 ofﬁcianimperatahaut
3147 2918 3330 3000 debita
3358 2917 3527 3000 (sicut
3557 2919 3746 3000 prucul

2167 2989 2332 3044 dubio
2374 2988 2642 3046 faciebant
2684 2990 2759 3044 illi
2807 2987 3092 3060 monachi)
3131 3007 3142 3043 :
3181 2987 3438 3060 atqueita
3472 2988 3591 3057 plus
3617 2988 3744 3054 dat,

2168 3075 2329 3128 quam
2365 3061 2472 3125 ille,
2505 3063 2595 3128 qui
2629 3062 2800 3116 solum
2832 3059 3117 3128 imperata,
3149 3069 3239 3113 aut
3276 3059 3455 3115 debita
3500 3062 3748 3129 exsequi-

2167 3140 2273 3184 tur.
2318 3130 2668 3186 [ncluduntur
2716 3132 2860 3186 enim
2909 3140 3170 3199 praecepta
3218 3131 3270 3184 in
3313 3129 3584 3196 consiliis,
3636 3145 3744 3186 non

2164 3209 2373 3256 contra.
2409 3205 2584 3269 Atque
2627 3199 2700 3256 ita
2749 3199 2879 3256 nihil
2932 3202 3057 3256 hinc
3105 3200 3283 3269 colligi
3331 3208 3510 3268 potest
3556 3212 3746 3258 contra

2164 3284 2504 3324 communem
2536 3270 2835 3330 doctrinam
2866 3271 2933 3328 de
2965 3283 3087 3330 veto
3137 3279 3189 3325 et
3229 3285 3394 3339 opere
3422 3271 3565 3338 quod
3596 3271 3651 3326 ﬁt
3683 3288 3748 3328 ex

2166 3349 2319 3395 voto:
2358 3341 2501 3410 quod
2534 3349 2776 3409 constat,
2811 3344 3024 3396 caneris
3069 3342 3324 3411 paribus,
3372 3342 3566 3397 melius
3595 3357 3747 3407 esse,

2169 3411 2381 3480 Deoque
2411 3413 2634 3480 gratius,
2663 3427 2726 3466 ac
2748 3413 2917 3482 magis
2949 3413 3303 3477 meritorium,
3335 3428 3497 3481 quam
3523 3414 3570 3468 si
3595 3413 3750 3468 ﬁeret

2167 3482 2283 3536 sine
2309 3491 2435 3538 voto
2467 3499 2478 3536 :
2514 3484 2671 3537 modo
2713 3499 2818 3536 non
2849 3497 3033 3538 coacte
3055 3524 3070 3549 ,
3105 3493 3197 3538 aut
3236 3499 3302 3539 ex
3333 3486 3526 3538 timore
3557 3484 3750 3539 servili

2168 3552 2259 3608 ﬁat
2291 3570 2303 3605 :
2332 3567 2440 3622 quo
2469 3568 2597 3608 casu
2627 3551 2943 3621 simpliciter
2966 3568 3094 3609 vera
3129 3564 3213 3612 est
3238 3555 3330 3611 illa
3357 3555 3597 3610 Cassiani
3623 3570 3752 3610 sen-

2168 3625 2370 3689 tentia,
2421 3622 2632 3679 Gratius
2669 3633 2743 3678 est
2791 3640 2974 3679 manus
3015 3625 3324 3691 voluntarii,
3367 3636 3471 3684 etc.
3504 3625 3609 3682 Sed
3640 3640 3749 3684 non

2164 3695 2375 3750 videtur
2431 3697 2481 3749 in
2529 3695 2672 3750 hunc
2717 3695 2934 3756 modum
2979 3695 3347 3764 intellexisse;
3386 3711 3506 3755 cum
3539 3698 3606 3754 de
3643 3697 3754 3754 illis

2167 3767 2448 3822 monachis
2467 3774 2676 3836 ageret,
2704 3766 2796 3836 qui
2826 3768 3372 3836 prompte,etdevote
3393 3768 3570 3822 omnia
3595 3782 3754 3825 exse-

2166 3839 2498 3908 quebantur,
2523 3847 2574 3893 et
2617 3839 2768 3907 plura
2809 3839 3157 3906 praestabant,
3198 3854 3358 3908 quam
3402 3838 3748 3894 tenebantur.

2238 3907 2264 3946 ἀ
2327 3908 2694 3964 Voluntarium
2741 3908 3031 3979 opponitur
3078 3907 3310 3965 tristitia
3346 3923 3400 3966 et
3440 3909 3744 3972 coactioni;

2168 3994 2273 4032 non
2307 3991 2486 4034 autem
2518 3981 2866 4046 necessitati,
2910 3995 3004 4036 seu
3032 3980 3380 4049 obligationi;
3412 3995 3532 4049 quae
3575 3981 3753 4034 nasci-

2168 4055 2264 4120 t_ur_
2284 4063 2351 4100 ex
2379 4061 2504 4120 voto
2525 4088 2539 4110 ,
2573 4059 2663 4102 aut
2694 4060 2986 4120 precepto.
3016 4052 3092 4104 De
3114 4068 3213 4118 qua
3249 4053 3308 4106 D.
3337 4050 3668 4120 Augustinus
3697 4051 3752 4104 in

2169 4115 2342 4190 Epist.
2377 4117 2440 4170 ad
2470 4115 2891 4190 Artnentarinttf
2926 4139 2940 4174 :
2990 4115 3147 4174 Feliai
3176 4115 3450 4178 necessitas
3479 4164 3494 4188 ,
3527 4136 3640 4190 qua!
3684 4121 3753 4176 ad

2167 4181 2380 4254 meliora
2408 4187 2687 4254 compellit.
2719 4187 2941 4241 Videtur
2973 4199 3148 4242 tamen
3189 4181 3754 4248 Cassianus'volunta-

2167 4253 2315 4333 rium.
2335 4253 2420 4306 hic
2445 4254 2772 4333 intelligere,
2807 4260 2948 4323 quod
2981 4269 3174 4333 sponte
3202 4262 3260 4316 ﬁt
3288 4264 3490 4333 absque
3519 4262 3623 4318 ulla
3655 4263 3754 4318 ob-

2168 4322 2426 4401 ligatione
2459 4325 2600 4392 voti,
2634 4322 2718 4401 vel
2760 4322 3240 4401 prtecepti';_quod
3289 4322 3505 4401 quidem
3557 4333 3756 4390 melius

2167 4403 2288 4475 est,
2306 4404 2358 4475 et
2387 4395 2494 4450 Deo
2519 4397 2741 4463 gratius,
2769 4395 3141 4475 quando‘alii's
3164 4395 3437 4475 operibus.
3469 4413 3526 4475 et
3554 4403 3756 4458 ofﬁciis

2165 4465 2394 4542 debitis,
2429 4475 2483 4519 et
2511 4465 2836 4522 necessariis
2884 4483 2950 4524 ex
2992 4465 3212 4542 fervore
3251 4473 3530 4542 charitatis
3559 4488 3752 4542 super-

2165 4535 2412 4608 additur,
2446 4547 2500 4591 et
2542 4547 2997 4607 supererogatur,
3047 4539 3127 4592 uti
3173 4555 3334 4608 supra
3381 4539 3583 4593 dictum
3616 4535 3703 4597 est
3737 4562 3754 4598 :

2168 4607 2257 4660 ubi
2315 4608 2491 4661 locum
2549 4607 2710 4662 habet
2765 4608 2853 4662 illa
2906 4611 3170 4666 sententia
3222 4608 3538 4677 Evangelica
3572 4628 3585 4664 :
3618 4609 3756 4668 Haec

2166 4679 2390 4747 oportuit
2405 4678 2606 4750 facem,
2635 4687 2679 4732 et
2706 4677 2799 4732 illa
2827 4695 2928 4733 non
2957 4678 3186 4750 omittere
3215 4678 3444 4748 (Matth.
3473 4683 3640 4750 xxv).

2241 4758 2262 4785 θ
2293 4750 2368 4804 Ita
2403 4747 2465 4820 D.
2512 4747 2814 4820 Cyprianus
2840 4750 2935 4805 lib.
2969 4751 3031 4804 de
3061 4747 3309 4807 Oratione
3342 4747 3618 4807 Dominicis
3646 4753 3748 4808 sub

2165 4817 2326 4874 linem
2361 4838 2371 4872 :
2407 4819 2472 4875 In
2502 4817 2844 4888 orationibus,
2885 4822 3078 4889 inquit,
3112 4822 3431 4876 celebrandis
3460 4823 3751 4879 invenimus

2165 4889 2452 4945 observasse
2482 4907 2597 4962 cum
2628 4890 2846 4945 Daniele
2874 4901 2973 4946 tres
2995 4909 3177 4962 pueros
3204 4894 3260 4948 in
3284 4893 3384 4959 [ide
3411 4896 3589 4961 fortes,
3619 4904 3666 4948 et
3697 4895 3751 4949 in

2167 4961 2460 5029 captivitate
2481 4961 2714 5028 victores,
2749 4962 2929 5017 horam
2961 4961 3180 5027 tertiam,
3209 4971 3428 5029 sextarii,
3459 4975 3509 5019 et
3537 4981 3751 5020 nonam.

2167 5032 2235 5084 Et
2257 5031 2319 5084 D.
2348 5031 2706 5104 Hieronymus
2738 5034 2790 5087 in
2817 5049 2935 5103 cap.
2963 5048 3016 5087 vr
3049 5033 3292 5088 Danielis
3323 5051 3336 5087 :
3370 5033 3516 5104 Tria,
3551 5035 3746 5104 inquit.

2166 5111 2416 5174 tempora,
2433 5102 2615 5174 quibus
2641 5103 2748 5158 Deo
2766 5102 3019 5174 ﬂectenda
3035 5111 3155 5155 sunt
3170 5119 3360 5173 genua,
3383 5102 3752 5162 Ecclesiastua

2167 5171 2372 5225 traditio
2401 5172 2660 5240 intelligit.

2241 5241 2260 5279 τ
2282 5243 2384 5318 _De_
2401 5245 2487 5318 his
2510 5245 2739 5318 aliisque
2764 5244 3021 5318 horarum
3044 5245 3428 5318 canonicgrum
3449 5247 3749 5318 mysteriis,

2168 5320 2223 5366 et
2251 5312 2750 5387 signiﬁcationibus,
2782 5328 2916 5383 quas
2942 5313 3030 5367 hic
3059 5316 3234 5382 tangit
3261 5312 3578 5382 Cassianus,
3611 5312 3739 5387 prae?

2169 5385 2526 5455 tet'_antiquos
2557 5385 2766 5450 Patres,
2800 5392 3035 5455 tractant
3067 5399 3132 5439 ex
3170 5388 3414 5454 professo
3448 5385 3746 5455 Rupcrtus,

2166 5453 2423 5521 Isidorus,
2463 5455 2613 5523 Hugo
2642 5471 2671 5508 a
2709 5455 2762 5506 S.
2798 5454 3040 5519 Victore,
3085 5465 3140 5512 et
3171 5453 3266 5513 alii
3300 5453 3656 5515 recentiores.
3701 5453 3744 5516 Α

2165 5523 2362 5592 quibus
2392 5527 2564 5598 variae,
2586 5529 2820 5598 rationes
2849 5525 3170 5598 afferuntur,
3200 5546 3291 5584 cur
3326 5531 3434 5584 htec
3463 5529 3746 5598 specialius

2167 5604 2393 5683 semper}:
2421 5595 2673 5662 religiosis
2701 5597 2803 5683 sint
2829 5597 3017 5683 officiis
3047 5600 3316 5683 depututa,
3357 5595 3602 5683 boc‘est,
3648 5616 3748 5656 cur

2168 5665 2248 5718 his
2273 5667 2452 5734 potius
2485 5665 2970 5740 temporibus,'5eu
3003 5665 3152 5726 horis
3177 5670 3351 5725 ofﬁcia
3380 5672 3556 5724 divina
3589 5687 3748 5740 pera-

2165 5746 2390 5812 gantur;
2425 5739 2518 5812 sed
2553 5747 2662 5812 tfes
2682 5737 2934 5794 videntur
2960 5746 3280 5811 praecipuae:
3311 5758 3535 5812 quarum
3568 5737 3743 5810 prima

2165 5808 2387 5876 respicit
2420 5807 2741 5864 beneﬁcium
2777 5807 3095 5882 creationis,
3129 5807 3372 5870 secunda
3413 5807 3742 5872 beneﬁcium
