4036 6218
562 301 665 355 H9

1869 287 2146 347 JOANNIS
2181 282 2492 344 CASSIANI

3718 295 3815 351 1'20

560 425 614 471 et
639 412 875 469 irridens
901 413 1110 469 diceret
1135 426 1230 469 eos
1254 416 1432 467 musto
1458 410 1726 481 repletos,
1764 415 1917 465 stans
1946 406 2139 463 Petrus
2165 407 2222 468 Α
2244 402 2445 471 occide,
2477 411 2525 455 et
2552 400 2808 455 manduca
2839 399 2987 473 (Act.
3017 398 3109 473 x).
3143 399 3297 470 Quod
3322 413 3416 457 vas
3458 407 3693 473 quatuor
3721 404 3814 460 ini-

560 506 616 561 in
648 506 825 561 medio
854 521 1044 560 eoru-m
1092 505 1168 559 ait
1216 521 1229 556 :
1272 504 1389 556 Viri
1430 499 1690 555 Israelitw
1713 508 1761 554 et
1783 500 1871 570 qui
1901 498 2143 569 habitatis

563 597 856 653 Jerusalem
885 598 1142 663 universi,
1189 596 1285 649 hoc
1313 595 1451 649 vobis
1480 602 1661 647 notum
1700 594 1797 657 sit,
1845 600 1892 646 et
1935 592 2141 645 auribus

564 690 810 760 percipite
833 690 984 741 verba
1009 703 1121 740 mea
1152 701 1169 738 :
1198 684 1319 739 Non
1351 685 1513 753 enim,
1545 685 1677 739 sicut
1704 699 1791 737 vos
1817 682 2138 749 existimatis,

562 780 619 834 hi
638 781 926 843 ebrii‘sunt,
953 794 1068 831 cum
1089 778 1155 831 sit
1178 776 1303 829 hora
1325 776 1427 831 diei
1448 778 1640 841 tertia;
1666 776 1757 831 sed
1781 777 1876 829 hoc
1905 783 1979 828 est
2007 773 2145 843 quod

563 871 761 924 dictum
802 878 877 924 est
920 886 1010 937 per
1038 868 1337 938 praphetam
1366 867 1482 924 Joel
1510 884 1528 923 .'
1554 867 1625 922 Et
1656 868 1749 922 erit
1774 867 1828 920 in
1858 865 2171 920 novissimis

565 961 774 1025 diebus,
808 961 932 1013 dicit
960 957 1211 1014 Dominus
1234 1000 1249 1025 ,
1280 959 1548 1027 e/fundam
1575 959 1637 1013 de
1658 959 1862 1029 Spiritu
1889 974 2030 1024 meo,
2055 974 2147 1011 su-

564 1070 655 1122 per
676 1069 875 1107 omnem
895 1069 1123 1121 carnem,
1148 1063 1194 1107 et
1219 1054 1594 1123 prophetabunt
1625 1054 1724 1122 ﬁlii
1752 1052 1925 1119 vestri,
1953 1060 1999 1105 et
2022 1051 2146 1120 ﬁlia!

563 1154 849 1211 vestrw;’et
889 1147 1101 1217 juvenes
1141 1147 1292 1201 vestri
1332 1147 1549 1200 visiones
1594 1144 1871 1209 videbunt,
1910 1151 1959 1196 et
2002 1158 2146 1197 senes

564 1240 718 1293 vestri
765 1242 963 1294 somnia
1004 1240 1352 1294 somniabunt.
1407 1240 1475 1293 Et
1526 1238 1734 1309 quidem
1777 1254 1931 1309 super
1974 1252 2147 1291 servos

564 1347 699 1385 meos
726 1339 774 1385 et
804 1348 959 1402 super
997 1332 1218 1387 ancillas
1263 1348 1403 1386 meas
1446 1334 1500 1384 iu
1541 1329 1722 1385 diebus
1750 1329 1855 1383 illis
1882 1328 2147 1396 e/fundam

565 1423 629 1476 de
670 1422 870 1494 Spiritu
915 1440 1059 1490 meo,
1103 1434 1152 1478 et
1194 1422 1572 1495 praphetabunt
1606 1422 1758 1492 (Act.
1792 1435 1860 1486 ιι,
1886 1416 2023 1474 Joel.
2051 1420 2144 1489 ιι).

566 1515 699 1580 Qum
728 1516 910 1569 omnia
933 1516 1071 1571 hora
1101 1518 1256 1573 tertia
1286 1518 1533 1573 videmus
1576 1515 1831 1585 impleta,
1867 1513 2150 1582 sanctique

566 1608 801 1677 Spiritus
824 1608 1174 1664 vaticinatum
1198 1624 1299 1679 per
1321 1608 1614 1678 pr0phetas
1641 1606 1932 1662 adventum
1955 1605 2149 1661 eodem

569 1710 815 1767 tempore
857 1713 1021 1768 super
1063 1699 1340 1768 apostolos
1384 1711 1720 1753 commeasse
1766 1694 1996 1769 (Coloss.
2047 1692 2145 1765 ιι).

2246 498 2336 552 tiis
2367 496 2436 552 de
2457 494 2597 551 coelo
2626 495 3005 560 summissum,
3050 510 3157 550 non
3197 494 3344 549 aliud
3374 509 3533 565 quam
3574 494 3815 568 Evange-

2248 588 2381 644 lium
2426 588 2718 658 designare
2758 586 3045 641 manifeste
3082 586 3451 656 cognoscitur.
3491 584 3642 640 Licet
3681 588 3815 644 enim

2245 682 2599 753 quadrilormi
2644 680 3106 749 evangelistarum
3154 678 3465 734 narratione
3508 678 3812 735 distinctum

2247 781 2476 845 quatuor
2516 771 2765 827 videatur
2800 770 3001 825 habere
3044 768 3313 839 principia
3367 786 3381 822 :
3430 783 3597 824 unum
3650 776 3816 826 tamen

2246 869 2529 941 Evangelii
2557 881 2757 938 corpus
2782 875 2901 933 est;
2933 864 3180 935 ejusdem
3217 863 3425 919 scilicet
3452 863 3656 919 Christi
3695 865 3817 920 nati-

2248 963 2472 1018 vitatem
2502 961 2711 1033 pariter
2737 975 2804 1015 ac
2831 959 3122 1027 deitatem,
3152 956 3409 1012 miracula
3434 973 3672 1028 quoque,
3708 974 3815 1029 pas-

2247 1054 2567 1125 sionemque
2591 1053 2982 1124 complectens.
3017 1050 3257 1106 Pulchre
3286 1059 3469 1105 autem
3491 1065 3597 1105 non
3628 1051 3707 1106 ait
3730 1053 3817 1106 lin-

2248 1155 2393 1202 teum
2416 1187 2431 1213 ,
2454 1145 2549 1201 sed
2579 1145 2733 1216 quasi
2762 1144 3015 1200 linteum.
3041 1142 3289 1199 Linteum
3316 1142 3518 1213 quippe
3542 1143 3817 1198 mortiﬁca-

2248 1237 2412 1293 tionis
2454 1235 2716 1292 indicium
2764 1245 2850 1292 est
2898 1234 3131 1305 (Psalm.
3175 1237 3306 1305 xv).
3350 1233 3620 1300 Quoniam
3668 1236 3819 1306 igitur

2250 1343 2398 1384 mors
2427 1327 2723 1383 Dominica:
2747 1327 3021 1397 passionis
3048 1340 3156 1380 non
3174 1324 3425 1380 humanae
3448 1334 3659 1381 naturae
3690 1327 3815 1396 lege,

2250 1421 2347 1478 sed
2375 1421 2609 1491 propriae
2638 1419 2938 1476 voluntatis
2976 1419 3192 1476 subitur
3230 1418 3487 1489 arbitrio,
3533 1420 3684 1489 quasi
3728 1421 3819 1475 lin-

2250 1520 2397 1568 teum
2426 1511 2648 1567 dicitur.
2683 1509 2925 1565 Mortuus
2952 1509 3097 1565 enim
3124 1508 3419 1565 secundum
3452 1522 3692 1578 carnem,
3728 1526 3822 1565 non

2251 1612 2334 1657 est
2359 1602 2660 1659 secundum
2688 1602 2939 1671 spiritum
2971 1608 3215 1656 mortuus
3249 1618 3263 1656 :
3293 1600 3420 1671 quia
3446 1615 3546 1655 nec
3575 1600 3822 1657 derelicta

2228 1720 2234 1726 -
2256 1703 2341 1749 est
2368 1696 2548 1749 anima
2577 1696 2695 1764 ejus
2720 1694 2774 1749 in
2804 1693 3038 1759 inferno,
3068 1708 3168 1748 nec
3193 1706 3323 1748 caro
3344 1694 3460 1763 ejus
3485 1693 3617 1749 vidit
3645 1709 3823 1749 corru-

569 1797 593 1824 ιι
622 1788 766 1842 Hora
804 1797 981 1845 autem
1031 1799 1182 1845 sexta
1231 1791 1572 1845 immaculata
1624 1790 1859 1867 hostia,
1886 1789 2147 1845 Dominus
2176 1785 2224 1845 B
2252 1787 2513 1856 ptionem.
2566 1785 2634 1840 Et
2673 1800 2903 1840 rursus:
2944 1784 3111 1839 Nemo
3155 1782 3395 1856 (inquit)
3443 1784 3585 1838 tollet
3613 1784 3825 1838 animam

566 1888 754 1934 noster
782 1889 943 1950 atque
965 1881 1210 1937 Salvator
1234 1882 1452 1938 oblatus
1481 1891 1564 1937 est
1595 1881 1771 1949 Patri,
1818 1894 2145 1951 crucemque

568 1984 665 2038 pro
687 1972 850 2026 totius
874 1973 1058 2028 mundi
1089 1973 1263 2029 salute
1290 1973 1663 2029 conscendens
1686 2014 1700 2040 ,
1731 1973 1953 2028 humani
1981 1988 2145 2041 gene-

566 2064 643 2117 ris
701 2072 922 2133 peccata
967 2066 1170 2122 diluit:
1206 2076 1261 2121 et
1288 2064 1317 2103 δ
1346 2065 1656 2135 exspolians
1705 2066 2040 2147 principatus
2083 2081 2154 2123 ac

566 2164 865 2223 potestates
900 2157 1143 2213 traduxit
1184 2157 1359 2228 palam
1381 2199 1395 2224 ,
1438 2156 1828 2226 universosque
1854 2170 1954 2211 nos
1978 2157 2150 2213 obno-

567 2250 686 2303 xios
707 2289 720 2313 ,
749 2259 909 2320 atque
931 2252 1260 2307 constrictos
1285 2249 1562 2305 insolubili
1588 2248 1936 2318 chirographi
1964 2248 2149 2304 debito

568 2338 849 2407 liberavit,
874 2342 1069 2397 tollens
1096 2344 1148 2396 id
1179 2342 1247 2395 de
1279 2342 1481 2406 medio,
1508 2350 1565 2395 et
1583 2340 1761 2396 crucis
1787 2355 1898 2395 suae
1926 2340 2150 2412 afﬁgens

567 2437 797 2499 tr0paeo.
825 2430 1026 2485 Eadem
1057 2447 1271 2500 quoque
1297 2433 1434 2487 hora
1462 2431 1625 2488 Petro
1662 2432 1718 2487 in
1744 2446 1973 2488 excessu
1996 2448 2149 2489 men-

570 2519 639 2573 tis
668 2520 877 2574 vocatio
900 2521 1142 2590 gentium
1167 2522 1410 2577 omnium
1438 2538 1535 2592 per
1560 2524 1984 2579 submissionem
2010 2523 2153 2578 vasis

568 2609 880 2680 Evangelici
910 2611 1075 2667 delati
1103 2613 1345 2684 caelitus,
1384 2627 1437 2671 et
1462 2616 1770 2686 puriﬁcatio
1806 2616 2154 2685 omnigenum

568 2703 923 2758 animantium
954 2706 1006 2759 in
1037 2704 1228 2761 eodem
1259 2707 1694 2774 consistentium,
1719 2706 1899 2762 delata
1930 2707 1995 2762 ad
2027 2722 2153 2762 eum

512 2840 515 2843 λ
572 2806 704 2851 “oce
734 2795 989 2853 divinitus
1014 2798 1308 2867 revelatur,
1347 2798 1562 2855 dicente
1592 2799 1643 2855 ei
1671 2816 1684 2852 :
1717 2799 1891 2870 Surge
1913 2840 1927 2864 ,
1972 2797 2150 2864 Petre,

2249 1894 2415 1933 meam
2460 1894 2493 1930 a
2536 1891 2649 1937 me;
2677 1875 2768 1930 sed
2794 1891 2885 1946 ego
2913 1892 3049 1944 pono
3079 1891 3191 1929 eam
3219 1891 3252 1926 a
3280 1876 3495 1943 meipso.
3532 1873 3824 1929 Potestatem

2253 1971 2411 2025 habeo
2442 1985 2629 2040 ponere
2673 1985 2817 2033 eam,
2852 1977 2902 2021 et
2922 1974 3221 2038 potestatem
3240 1968 3429 2020 iterum
3456 1966 3613 2020 habeo
3641 1982 3826 2020 sumere

2254 2078 2367 2118 eam
2396 2061 2592 2135 (Joan.
2635 2061 2730 2130 x).
2769 2058 2827 2114 In
2869 2058 2973 2114 hoc
3024 2058 3206 2129 itaque
3251 2057 3669 2128 Evangeliorum
3708 2070 3825 2111 vase

2254 2155 2469 2212 etelitus
2513 2153 2818 2218 destinato,
2861 2151 2914 2206 id
2943 2159 3057 2216 est,
3087 2165 3117 2203 a
3146 2147 3356 2219 Spiritu
3385 2157 3574 2204 sancto
3602 2147 3827 2217 perscri-

2248 2254 2349 2315 pto
2371 2287 2385 2313 ,
2415 2259 2606 2301 omnes
2629 2253 2821 2315 gentes
2849 2258 2969 2312 quae
2999 2241 3270 2311 quondam
3314 2250 3470 2296 extra
3496 2241 3631 2311 legis
3653 2240 3828 2295 obser-

2256 2340 2493 2395 vantiam
2521 2339 2713 2409 posita:
2737 2378 2752 2403 ,
2786 2336 3125 2392 habebantur
3154 2334 3465 2399 immundae,
3493 2349 3592 2403 per
3611 2332 3829 2388 creduli-

2258 2441 2425 2487 tatem
2455 2432 2582 2487 ﬁdei
2609 2431 2979 2495 conﬂuentes,
3010 2437 3070 2483 ut
3111 2428 3177 2483 ab
3210 2426 3478 2482 idolorum
3519 2427 3667 2482 cultu
3696 2427 3830 2481 salu-

2254 2526 2426 2581 briter
2479 2525 2829 2580 immolentur
2876 2520 3058 2596 [Fort.
3129 2518 3509 2592 avertantur],
3568 2529 3725 2590 atque
3769 2517 3831 2572 ad

2255 2618 2553 2672 salutarem
2576 2631 2758 2672 escam
2787 2613 3103 2685 proﬁciant,
3134 2611 3299 2667 Petro
3328 2611 3681 2681 puriﬁcante,
3710 2623 3833 2664 voce

2258 2708 2536 2764 Dominica
2568 2706 2902 2763 deferuntur.
2938 2716 2961 2743 ο
2996 2706 3145 2759 Hora
3172 2719 3303 2760 vero
3335 2720 3478 2759 nona
3508 2703 3719 2758 inferna
3747 2717 3834 2772 pe-

2258 2810 2478 2856 netrans
2493 2844 2507 2870 ,
2536 2797 2943 2856 inextricabiles
2966 2796 3155 2853 tartari
3183 2796 3438 2853 tenebras
3462 2795 3834 2851 coruscatione

1628 2952 1886 3013 ALARDl
1924 2953 2156 3014 GAZA‘JI
2194 2952 2763 3012 COMMENTARIUS.

643 3073 669 3101 ε
698 3063 853 3119 Horae
894 3066 1072 3123 Sextia
1100 3068 1208 3123 duo
1246 3037 1537 3138 peculiaria
1574 3070 1747 3138 tangit
1783 3076 2148 3139 sacramenta,
2176 3067 2221 3130 C
2256 3083 2492 3139 suosque
2518 3079 2767 3139 posteros
2800 3083 2893 3136 per
2923 3081 3074 3139 esum
3098 3065 3651 3139 glignigvetiti,gAdam
3682 3074 3836 3122 aeter-

571 3134 685 3189 sive
714 3139 990 3205 mysteria,
1018 3134 1455 3194 alterum'itidem
1487 3139 1553 3193 ad
1584 3134 1896 3193 Passionem
1930 3138 2145 3192 Domini

572 3215 843 3273 spectans,
904 3209 1132 3261 alterum
1181 3209 1247 3261 ad
1303 3210 1646 3263 vocationem
1693 3209 1934 3277 gentium
1982 3207 2147 3265 Petro

568 3277 817 3343 apostolo
857 3290 954 3343 per
991 3291 1085 3330 vas
1122 3291 1152 3330 e
1196 3278 1339 3333 caelo
1378 3277 1699 3341 demissum,
1739 3278 1958 3345 plenum
2002 3277 2147 3331 omni

572 3360 772 3414 genere
821 3346 1132 3399 animalium
1182 3348 1573 3411 adumbratam,
1630 3357 1681 3399 et
1732 3346 2144 3401 denuntiatum:

571 3430 801 3485 quorum
856 3426 1146 3484 utrumque
1190 3417 1349 3469 etiam
1397 3432 1427 3469 a
1475 3415 1725 3470 Patribus
1770 3418 2051 3482 astruitur,
2097 3425 2153 3471 et

573 3486 1006 3555 commendatur,
1039 3486 1229 3540 iisdem
1260 3486 1393 3539 locis
1418 3502 1579 3555 supra
1602 3487 1780 3540 citatis
1806 3504 1819 3538 :
1845 3486 1935 3543 ubi
1961 3501 2150 3542 omnes

572 3554 945 3610 indubitanter
967 3556 1237 3610 aflirmant
1265 3554 1537 3610 Christum
1560 3558 1704 3610 circa
1728 3558 1914 3610 horam
1938 3567 2151 3612 sextam

574 3624 741 3695 fuisse
760 3628 1073 3681 cruciﬁxurn
1092 3644 1106 3681 :
1128 3627 1179 3680 in
1203 3627 1354 3695 cujus
1379 3628 1690 3679 memoriam
1717 3627 1948 3681 ofﬁcium
1973 3627 2152 3682 Sexta:

573 3694 740 3765 fuerit
768 3699 1091 3753 institutum.
1130 3694 1279 3752 Nam,
1303 3697 1433 3750 illud
1477 3698 1651 3765 plane,
1685 3707 1739 3751 et
1769 3707 1959 3764 aperte
1988 3697 2154 3751 refert

574 3764 813 3840 Joannes
841 3770 1167 3840 evangelista
1197 3784 1316 3837 cap.
1352 3783 1441 3822 xix
1480 3764 1496 3820 ξ
1549 3765 1699 3840 Erat,
1744 3768 1932 3840 inquit,
1985 3765 2156 3840 Para-

575 3853 717 3909 seeve
747 3836 1003 3909 Pace/ue:
1017 3840 1145 3895 hora
1170 3840 1318 3909 quasi
1347 3850 1493 3893 sexta
1514 3854 1533 3893 :
1556 3846 1601 3891 et
1637 3838 1766 3891 dixit
1810 3836 2026 3909 Pilatus
2057 3837 2158 3909 ._l_u-

575 3906 701 3958 daais
733 3922 753 3957 :
780 3907 915 3961 Ecce
944 3927 1035 3962 rex
1070 3905 1247 3964 vester.
1292 3909 1385 3963 Illi
1424 3919 1597 3963 autem
1621 3909 1909 3961 clamabant
1940 3923 1956 3961 :
1984 3905 2152 3970 Tolle,

577 3973 723 4046 tolle,
750 3978 993 4045 cruciﬁge
1022 3994 1154 4029 eum.
1185 3981 1250 4031 Et
1280 3981 1438 4045 paulo
1463 3990 1582 4046 post
1611 3995 1621 4028 :
1651 3977 1795 4031 Tunc
1825 3979 2017 4030 dimisit
2042 3992 2157 4030 eum

577 4043 795 4116 itlis,_ut
825 4043 1232 4116 cruciﬁgeretur.
1275 4043 1809 4116 Quam'senteutiam
1842 4057 2039 4114 praeter
2068 4061 2157 4101 su-

578 4112 855 4180 pradictus
883 4112 1151 4182 auCtores,
1177 4124 1229 4167 et
1252 4126 1495 4168 nostrum
1525 4115 1609 4166 hic
1631 4112 1971 4181 Cassianum,
1998 4118 2159 4171 alios-

577 4197 684 4250 que
700 4184 1044 4254 innumeros,
1069 4184 1309 4254 Ecclesia
1339 4186 1389 4236 in
1413 4186 1588 4237 crucis
1609 4182 1811 4249 ofﬁcio,
1834 4194 1888 4240 et
1911 4187 2156 4254 precibus

578 4252 863 4327 conﬁrmat
889 4253 1047 4327 (Vide
1066 4251 1222 4327 Joan.
1256 4253 1550 4327 Durantum
1578 4254 1662 4309 ubi
1682 4256 1883 4327 supra).
1911 4251 2155 4312 Alterum

580 4322 740 4398 etiam
774 4323 1095 4390 mysterium
1126 4324 1484 4398 invocatione
1507 4322 1762 4395 gentium,
1796 4322 1939 4398 quod
1963 4327 2022 4381 Β.
2057 4328 2158 4382 Pe-

578 4398 668 4443 tro
701 4390 752 4442 in
781 4406 1002 4446 excessu
1036 4395 1232 4449 mentis
1264 4396 1437 4464 posito
1471 4390 1603 4450 hora
1635 4390 1787 4453 sexta
1814 4390 2155 4452 demonstra-

579 4466 691 4535 tum
725 4471 827 4535 est,
862 4464 1075 4534 egregie
1114 4466 1214 4520 hoc
1256 4440 1375 4520 ἦ)οο
1418 4440 1884 4535 explicalu;
1907 4440 1976 4523 etv
1990 4467 2153 4521 iidem
2182 4440 2235 4500 Ῑ)

581 4531 942 4611 astipulantur
976 4531 1277 4611 Cyprianus
1325 4536 1393 4590 de
1433 4531 1571 4589 orat.
1618 4538 1939 4611 Dominica:
1984 4536 2151 4611 "ora,

580 4607 774 4675 inquit,
821 4614 965 4658 sexta
1014 4608 1203 4660 Petrus
1251 4608 1303 4659 in
1354 4616 1535 4659 tectum
1574 4609 1804 4675 superius
1853 4607 2151 4666 ascendens,

579 4671 726 4738 signa
755 4676 970 4741 pariter,
1013 4686 1061 4727 et
1099 4692 1217 4729 voce
1252 4676 1347 4728 Dei
1383 4671 1942 4729 monentis-instructus
1974 4684 2064 4739 est,
2099 4682 2154 4725 ut

579 4755 753 4813 omnes
781 4744 848 4794 ad
877 4745 1095 4813 gratiam
1133 4747 1314 4798 salutis
1352 4746 1661 4807 admitteret,
1712 4761 1826 4797 eum
1873 4746 1935 4797 de
1980 4759 2155 4797 emun-

582 4811 769 4882 dandis
819 4811 1089 4882 gentilibus
1132 4826 1248 4866 ante
1287 4813 1564 4866 dubitaret.
1598 4814 1663 4867 Et
1690 4815 1750 4868 S.
1789 4815 2154 4882 Hieronymus

582 4881 636 4950 in
674 4896 793 4950 cap.
822 4881 878 4935 vr
908 4882 1141 4938 Danielis
1177 4901 1189 4934 :
1230 4883 1413 4948 Sexta,
1450 4883 1545 4945 ait,
1574 4884 1745 4935 volens
1776 4882 1961 4934 Petrus
1990 4881 2157 4935 eome-

582 4949 723 5013 dere,
745 4949 825 5003 ad
858 4953 1139 5005 orationem
1173 4953 1402 5006 ascendit
1445 4952 1498 5004 in
1539 4953 1873 5007 cwnaculum.
1924 4952 1998 5004 De
2036 4951 2154 5005 aliis

525 5052 529 5055 -
582 5019 929 5093 hortesextae
961 5024 1233 5093 mysteriis
1258 5022 1381 5077 vide
1411 5022 1561 5091 plura
1586 5023 1727 5093 apud
1759 5030 2032 5084 auctores,
2060 5021 2154 5088 qui

582 5090 650 5145 de
677 5092 868 5145 officiis
893 5090 1275 5150 eccleslasticis
1302 5090 1550 5148 tractant.

655 5160 681 5198 ι)
719 5162 891 5217 Verba
936 5163 1178 5233 Apostoli
1225 5164 1291 5218 ad
1333 5166 1685 5220 Colossenses
1731 5180 1744 5218 :
1796 5164 1864 5218 Et
1909 5181 1994 5223 vos
2041 5186 2156 5223 cum

586 5234 774 5306 mortui
805 5236 970 5306 essetis
1013 5238 1067 5289 in
1106 5236 1320 5303 delictis,
1371 5246 1417 5289 et
1463 5237 1712 5306 pra’putio
1745 5238 1918 5290 carnis
1945 5248 2153 5306 vestraz,

584 5305 949 5376 convivi/icavit
984 5323 1099 5358 cum
1146 5309 1260 5373 illo,
1303 5305 1500 5359 donatis
1543 5305 1678 5359 vobis
1732 5308 1901 5360 omnia
1949 5310 2155 5376 delicta,

587 5372 762 5426 delcns
790 5376 927 5444 quod
957 5377 1199 5431 adversus
1236 5372 1327 5431 nos
1360 5383 1489 5440 erat,
1519 5377 1915 5445 chirographum
1945 5372 2152 5445 decreti,

585 5445 727 5519 quod
770 5456 893 5519 erat!
918 5448 1231 5501 contrarium
1255 5449 1415 5511 nobis,
1451 5455 1498 5519 et
1532 5445 1843 5519 ipsumtulit
1873 5448 1933 5502 de
1961 5451 2153 5519 medio,

588 5512 805 5579 afﬁgeus
836 5517 964 5591 illud
1005 5521 1172 5591 cruci,
1214 5528 1276 5591 et
1300 5512 1595 5591 exspoliaris
1642 5516 1959 5591 principatus
1987 5531 2033 5572 et
2063 5512 2157 5591 ροί.

588 5591 810 5656 testates,
842 5587 1069 5659 traduxit
1108 5589 1431 5659 conﬁdenter
1446 5588 1636 5659 palam,
1677 5588 1998 5659 triumphans
2038 5587 2157 5645 illos

590 5663 641 5698 ιη
685 5656 953 5727 semetipso
982 5658 1215 5727 7(Coloss.
1263 5657 1342 5727 ll).
1389 5657 1493 5713 Ubi
1538 5656 1942 5727 chirographum
1968 5660 2157 5716 decreti

594 5729 750 5771 vocat
771 5722 1060 5780 Apostolus
1086 5722 1489 5793 reatum'illum,
1515 5728 1628 5783 sive
1652 5722 1910 5799 debitum,
1939 5746 2048 5800 quo
2071 5747 2154 5801 se,

2256 3155 2337 3194 me
2364 3136 2536 3193 morti
2563 3139 2871 3194 reddiderat
2912 3136 3201 3201 obnoxios,
3249 3137 3403 3206 juxta
3442 3137 3745 3201 decretum,
3785 3146 3836 3191 et

2254 3210 2578 3264 sententiam
2610 3211 2703 3264 Dei
2735 3209 2967 3277 dicentis
2996 3226 3007 3259 :
3045 3206 3376 3277 Quacumque
3406 3207 3537 3263 hora
3565 3208 3836 3262 comederi-

2253 3279 2340 3343 tis,
2373 3288 2534 3332 morte
2560 3279 2847 3332 moriemini
2874 3276 3026 3348 (Gen.
3062 3276 3145 3347 ιι).
3175 3276 3485 3334 Traducere
3526 3287 3704 3333 autem
3743 3280 3835 3331 hoc

2255 3350 2373 3402 loco
2418 3363 2517 3416 pro
2561 3349 2779 3402 infamia
2822 3349 3067 3411 afﬁcere,
3118 3358 3173 3403 et
3218 3349 3368 3403 velut
3409 3349 3735 3418 exemplum,
3790 3357 3838 3403 et

2254 3419 2621 3486 spectaculum
2652 3419 2901 3473 omnibus
2933 3434 3237 3487 proponere
3264 3420 3531 3473 sumitur:
3565 3418 3834 3487 quomodo

2258 3489 2309 3543 in
2343 3488 2631 3557 triumphis
2661 3504 2754 3558 per
2787 3490 2975 3543 urbem
3008 3488 3374 3558 circumagere
3400 3491 3639 3558 captivos
3665 3491 3836 3543 victo-

2255 3574 2344 3613 res
2378 3558 2553 3612 solent
2588 3576 2599 3610 :
2636 3562 2705 3612 ita
2751 3559 2996 3613 Christus
3042 3560 3219 3613 victor
3260 3568 3310 3613 in
3351 3574 3518 3614 cruce
3562 3558 3840 3614 diabolicis

2258 3630 2618 3699 potestatibus
2646 3629 2817 3699 spolia
2847 3627 3104 3699 detraxit,
3139 3638 3194 3681 et
3224 3630 3275 3683 in
3309 3631 3599 3697 semetipso
3625 3630 3695 3684 de
3736 3630 3842 3683 illis

2259 3698 2587 3782 triumphum
2631 3698 2818 3782 agens,
2863 3698 3219 3764 conﬁdenter,
3252 3708 3303 3753 et
3346 3700 3543 3782 palam
3570 3700 3692 3754 illos
3736 3709 3845 3754 tra-

2257 3771 2427 3836 duxit,
2483 3771 2839 3839 ignominiose
2883 3771 3467 3839 superatosqomnibus
3510 3780 3841 3825 ostentans:

2262 3837 2530 3913 Quomodo
2567 3840 2916 3913 superioribus
2953 3837 3079 3913 anni
3121 3837 3256 3893 velut
3300 3842 3845 3913 trophazum_circum-

2258 3912 2389 3983 vexit
2423 3909 2725 3981 imperator,
2757 3920 2805 3966 et
2835 3909 3041 3983 populis
3072 3913 3339 3965 ostentavit
3366 3909 3545 3966 ducem
3573 3910 3845 3983 Saxoniae,

2258 3991 2306 4034 et
2352 3980 2741 4054 Lantgravium,
2789 3983 2865 4036 ait
2904 3980 3157 4036 'Adamus
3209 3983 3464 4051 Sasbout,
3513 3982 3738 4051 insigni,
3794 3992 3847 4037 et

2260 4060 2387 4106 noto
2418 4055 2670 4107 omnibus
2703 4054 2974 4121 exemplo.

2333 4131 2357 4160 ο
2391 4121 2469 4175 De
2514 4122 2645 4177 hora
2696 4136 2832 4175 nona
2881 4131 2991 4176 tres
3044 4128 3199 4181 atl‘ert
3248 4124 3504 4187 rationes,
3549 4138 3647 4178 cur
3702 4122 3849 4177 inter

2261 4192 2421 4243 horas
2455 4192 2749 4260 canonicas
2788 4191 3052 4260 instituta,
3088 4205 3144 4250 et
3172 4195 3348 4248 ofﬁcio
3376 4193 3749 4248 ecclesiastico
3782 4193 3849 4247 sit

2265 4260 2549 4314 illustrata.
2583 4259 2819 4313 Primum
2849 4258 2918 4311 ob
2946 4258 3260 4318 memoriam
3291 4262 3673 4317 sacratissimm
3702 4277 3849 4317 mor-

2263 4332 2328 4383 tis
2359 4328 2581 4392 Clll‘iSli,
2612 4339 2667 4382 et
2694 4327 2988 4399 descensus
3014 4334 3133 4399 ejus
3163 4333 3229 4386 ad
3263 4333 3484 4386 inferos.
3517 4332 3649 4385 Nam
3684 4329 3848 4385 Chri-

2262 4409 2401 4453 stum
2435 4400 2564 4469 hora
2593 4411 2731 4450 nona
2753 4397 2814 4469 in
2845 4411 3008 4453 cruce
3035 4397 3340 4469 exspirasse
3366 4410 3627 4454 testantur
3655 4418 3851 4455 omnes

2257 4468 2600 4537 evangelista:
2621 4506 2637 4532 ,
2666 4464 2965 4537 eademque
2995 4472 3113 4537 ejus
3138 4464 3381 4523 animam
3410 4469 3475 4521 ad
3518 4473 3727 4527 inferos
3759 4473 3852 4527 ἀε-

2261 4536 2559 4597 scendisse,
2594 4547 2652 4588 ut
2682 4535 2868 4589 Patres
2898 4535 3324 4598 inde‘libcraret,
3344 4546 3599 4590 constans
3628 4552 3719 4594 est
3752 4544 3853 4598 Ec-

2255 4604 2433 4660 clesiae
2476 4604 2715 4658 traditio.
2748 4604 2823 4657 Ita
2861 4621 2927 4661 ex
2957 4610 3225 4664 sententia
3269 4607 3327 4661 B.
3370 4604 3665 4662 Clementis
3710 4611 3853 4668 hora

2255 4690 2395 4729 nona
2437 4689 2636 4748 preces
2685 4674 2943 4748 facimus,
2993 4680 3135 4748 quod
3184 4686 3300 4732 tum
3363 4676 3561 4748 omnia
3592 4690 3747 4736 mota
3801 4692 3856 4738 et

2256 4746 2565 4801 tremefacta
2613 4754 2739 4800 sunt
2771 4745 3284 4804 Domino—crucifixo
3330 4765 3343 4801 :
3386 4750 3508 4817 quia
3553 4747 3857 4807 horrerent

2256 4818 2534 4871 audaciam
2563 4817 2852 4887 impiorum
2878 4817 3215 4887 Judmurum,
3244 4830 3295 4875 et
3322 4820 3703 4874 contumeliam
3740 4821 3853 4877 Do-

2256 4888 2384 4941 mini
2416 4888 2558 4941 ferre
2595 4903 2702 4941 non
2748 4901 2985 4955 possent.
3016 4891 3381 4945 Tertullianus
3420 4890 3509 4942 ubi
3540 4904 3739 4957 supra:
3782 4891 3855 4945 In

2256 4973 2369 5031 eam
2395 4957 3097 5031 usque_horant_celebranda
3123 4976 3365 5031 pressura
3392 4968 3463 5013 est
3482 4959 3568 5031 ν(ἱά
3597 4969 3701 5024 est,
3718 4962 3857 5015 abs-

2258 5027 2503 5091 tinentia,
2534 5026 2905 5099 siveafﬁictio
2943 5026 3153 5084 Domini
3193 5026 3561 5099 observanda)
3595 5031 3647 5099 in
3677 5046 3789 5098 qua
3823 5050 3858 5084 α

2255 5106 2399 5151 sexta
2443 5097 2832 5168 contenebratus
2877 5100 3033 5160 orbis,
3067 5100 3308 5167 defuncto
3332 5097 3575 5163 Domino,
3624 5097 3856 5168 lugubre

2258 5168 2378 5237 fecit
2407 5166 2659 5236 ofﬁcium,
2690 5178 2744 5222 ut
2766 5181 2887 5223 tunc
2912 5180 2960 5222 et
2986 5184 3077 5241 nos
3106 5166 3421 5241 revertamur
3448 5171 3523 5241 ad
3537 5166 3854 5241 jucundita-

2260 5249 2382 5310 tim,
2407 5252 2521 5289 cum
2546 5250 2593 5291 et
2620 5241 2844 5310 mundus
2870 5239 3057 5310 recepit
3081 5239 3382 5294 claritatem.
3412 5242 3468 5294 S.
3494 5239 3803 5310 Cyprianus
3834 5257 3849 5293 :

2257 5306 2327 5361 Et
2356 5307 2626 5370 Dominus,
2667 5309 2862 5377 inquit,
2888 5306 3023 5379 hora
3052 5318 3193 5363 sexta
3230 5306 3622 5379 cruciﬁxusfdd
3649 5324 3853 5363 nonam

2260 5387 2470 5447 peccata
2509 5390 2681 5433 nostra
2712 5378 2960 5447 sanguine
2988 5394 3081 5431 suo
3111 5379 3294 5445 abluit,
3334 5378 3382 5433 et
3409 5391 3462 5433 ut
3491 5380 3757 5441 redimere,
3798 5389 3853 5433 et

2258 5450 2646 5521 viviﬁcareuos
2691 5457 2880 5521 posset,
2939 5458 3070 5521 tunc
3094 5451 3355 5505 victoriam
3405 5466 3551 5504 suam
3584 5449 3854 5521 passione

2262 5521 2493 5588 perlecit.
2526 5520 2583 5576 S.
2617 5517 2940 5574 Athanasius
2971 5534 2985 5570 :
3018 5518 3175 5575 Nona
3207 5521 3336 5577 hora
3360 5536 3567 5572 rursum
3601 5517 3657 5572 in
3686 5517 3853 5586 hym-

2260 5591 2356 5663 nis,
2391 5601 2441 5643 et
2471 5589 2925 5663 gloriﬁcationibus
2952 5590 3103 5663 eris,_
3118 5608 3234 5645 cum
3262 5591 3521 5663 lacrymis,
3556 5599 3603 5643 et
3633 5592 3853 5663 confes-

2259 5662 2400 5715 sione
2432 5659 2755 5729 peccatorum
2797 5669 3017 5722 tuorum,
3067 5659 3174 5715 Deo
3222 5660 3554 5729 supplicabis,
3590 5660 3851 5729 quoniam

2261 5732 2356 5786 hoc
2382 5731 2512 5787 hora
2544 5728 2796 5785 Dominus
2826 5729 2881 5783 in
2906 5745 3054 5787 cruce
3076 5728 3299 5801 pendens
3326 5728 3549 5785 reddidit
3568 5728 3842 5799 spiritum.
