4036 6218
218 252 317 313 Ιίὶι

743 258 829 314 DE
865 252 1347 315 C(ENOBIORUM
1384 254 1636 313 INSTIT.
1680 253 1808 310 LIB.
1849 250 1948 311 ΙΙΙ.
1972 284 2041 295 -
2067 252 2155 310 DE
2195 252 2474 314 DIURNIS
2511 253 2989 319 ORATIONIBUS.

3392 272 3500 331 {23

219 377 301 433 sui
320 376 643 449 splendoris
663 375 937 443 exstinxit,
968 384 1262 446 portasque
1288 374 1403 444 ejus
1423 388 1594 430 aereas
1619 372 1807 429 eﬂ'rin-
1835 375 1889 438 Α
1912 373 2066 443 (Act.
2096 372 2184 444 χ).
2227 374 2350 429 Alio
2397 391 2610 447 quoque
2657 378 2778 433 loco
2825 379 2892 434 de
2938 380 3129 437 eodem
3160 389 3406 454 tempore
3440 391 3497 449 in

204 482 398 539 .gons,
437 484 506 524 ac
536 484 689 525 seras
713 469 916 524 ferreas
946 477 1270 534 conterens,
1304 467 1667 536 captivitatem
1693 480 1817 521 san-

217 570 443 616 ctorum
464 602 480 625 ,
510 576 630 631 quas
666 561 841 615 clausa
882 558 1121 615 tenebris
1162 559 1383 613 immitis
1416 558 1698 613 tenebatur
1728 557 1814 612 in-

217 652 389 717 ferni,
422 652 713 708 salubriter
734 661 941 720 captam
974 651 1283 706 transvexit
1308 665 1491 705 secum
1520 649 1585 703 ad
1608 650 1811 715 caelos;

224 752 251 779 δ
285 743 553 813 igneaque
593 743 860 813 romphaea
908 752 1218 807 summota,
1269 742 1545 811 antiquum
1578 740 1811 796 incolam

223 836 485 904 paradiso
527 837 608 906 pia
655 836 1001 892 confessione
1050 836 1309 891 restituit.
1345 836 1550 890 Eadem
1596 848 1814 905 quoque

224 928 366 985 hora
396 930 673 985 Cornelius
703 930 956 985 centurio
982 929 1034 984 in
1058 930 1315 999 precibus
1338 928 1500 983 solita
1525 929 1811 983 devotione

222 1022 549 1089 persistens,
584 1021 1160 1077 commemorationem
1212 1022 1559 1086 orationum,
1589 1028 1644 1076 et
1672 1019 1814 1075 elee-

218 1128 565 1184 mosynarum
598 1126 819 1169 suarum
850 1124 976 1168 ante
1008 1113 1294 1169 Dominum
1339 1112 1566 1178 factam,
1618 1109 1813 1180 angelo

215 1203 318 1259 sibi
347 1206 697 1276 colloquente
728 1206 1044 1276 cognoscit,
1095 1206 1379 1275 palamque
1409 1202 1633 1277 ei\hora
1665 1215 1809 1257 nona

199 1298 521 1363 vocationis
554 1286 795 1369 gentium
822 1306 1167 1355 sacramenta
1198 1298 1539 1369 panduntur,
1572 1311 1694 1366 qua:
1716 1295 1814 1351 Pe-

214 1395 304 1445 tro
339 1390 394 1446 iu
443 1405 677 1449 excessu
714 1392 913 1449 mentis
952 1391 1090 1448 hora
1131 1400 1285 1448 sexta
1324 1391 1546 1447 fuerant
1573 1388 1810 1444 revelata

1918 463 2146 521 Actibus
2173 465 2554 535 Apostolorum
2585 468 2657 522 ita
2680 478 2928 524 narratur
2962 489 2974 523 :
3005 471 3193 527 Petrus
3233 485 3407 532 autem
3451 491 3500 534 et

1918 556 2149 611 Joannes
2177 558 2517 612 ascendebant
2556 561 2610 613 in
2650 562 2928 629 templum,
2953 564 3021 616 ad
3042 564 3224 619 haram
3250 568 3502 626 orationis

1919 666 2111 704 nonam
2143 649 2294 719 (Act.
2325 665 2383 704 ιιι
2403 651 2442 720 ).
2473 650 2684 717 Quibus
2730 652 2933 721 liquido
2959 656 3363 725 comprobatur,
3395 675 3501 717 non

1918 740 2191 795 immerito
2222 754 2253 794 a
2292 742 2497 795 sanctis
2524 752 2577 797 et
2606 744 2915 812 apostolicis
2940 746 3071 801 viris
3099 746 3196 803 bas
3219 747 3383 804 horas
3411 767 3499 808 re-

1915 830 2123 901 ligiosis
2152 832 2427 903 obsequiis
2447 848 2812 904 consecratas,
2837 852 2866 891 a
2891 838 3047 895 nobis
3070 856 3283 912 quoque
3313 844 3500 900 obser-

1917 924 2032 977 vari
2064 923 2317 979 similiter
2346 935 2603 995 oportere
2635 943 2650 979 z
2678 928 2767 997 qui
2800 928 2902 984 nisi
2947 931 3097 986 velut
3124 932 3243 1004 lege
3267 936 3499 1004 quadam

1914 1016 2129 1071 solvere
2158 1019 2273 1070 haec
2304 1018 2517 1087 pietatis
2547 1020 2719 1074 officia
2755 1020 2953 1078 saltem
2979 1025 3197 1080 statutis
3227 1029 3498 1097 tempori-

1916 1108 2017 1163 bus
2044 1109 2359 1180 adigamur,
2412 1120 2582 1167 totum
2625 1113 2730 1168 diei
2771 1115 3007 1183 spatium
3051 1117 3356 1185 oblivione,
3406 1129 3499 1177 aut

1914 1200 2123 1256 desidia
2142 1242 2157 1268 ,
2189 1202 2273 1258 vel
2302 1204 2753 1271 occupationibus
2778 1206 3038 1273 involuti,
3071 1208 3275 1279 absque
3300 1213 3499 1269 oratio-

1913 1296 1997 1350 nis
2047 1294 2490 1364 interpellatione
2544 1295 2660 1369 [Al.
2728 1298 3176 1374 interpolatione]
3223 1306 3495 1361 consumi-

1914 1398 2056 1441 mus.
2090 1384 2117 1424 δ
2148 1386 2222 1442 De
2248 1386 2573 1456 vespertinis
2617 1396 2799 1445 autem
2839 1390 3127 1448 sacriﬁciis
3150 1393 3280 1464 quid
3309 1394 3497 1451 dicen-

1306 1524 1568 1581 ALARDI
1605 1521 1829 1580 GAZ/El
1864 1521 2436 1581 COMMENTARIUS.

209 1640 269 1696 S.‘
300 1641 539 1696 Basilius
564 1656 737 1697 serm.
768 1659 789 1696 ι
815 1642 885 1697 de
910 1642 1154 1697 lnstitut.
1182 1640 1453 1695 Monach;
1485 1638 1647 1693 Porro
1676 1656 1810 1695 nona

208 1709 512 1765 Dominicce
553 1713 814 1780 passionis
843 1713 1140 1765 memoriam
1169 1716 1321 1782 refert
1350 1711 1508 1782 illius,
1546 1725 1668 1782 quae
1696 1714 1813 1782 uitae

211 1792 410 1853 nostra:
450 1799 617 1853 causa
660 1793 897 1853 suscepta
929 1791 1023 1836 est.
1069 1780 1319 1853 Rabajius
1347 1780 1557 1834 Maurus
1596 1797 1613 1853 ς
1650 1781 1811 1837 Nona

213 1851 353 1904 hora
378 1852 503 1904 inde
530 1851 876 1916 consecratur,
904 1855 1025 1921 quia
1045 1855 1095 1905 in
1116 1869 1173 1905 ea
1199 1852 1449 1904 Dominus
1474 1866 1567 1919 pro
1589 1851 1811 1907 inimicis

213 1922 514 1993 postulans,
539 1923 594 1993 in
617 1939 797 1974 manus
816 1921 992 1974 Patris
1007 1923 1241 1991 spiritum
1262 1922 1633 1975 commendavit
1652 1940 1669 1975 :
1685 1927 1812 1993 quia

212 1993 455 2062 videlicet
476 1992 659 2059 fideles
682 2008 898 2061 quasque
922 2002 1139 2062 Oportet,
1170 2002 1224 2046 ut
1244 2010 1297 2047 se
1328 1992 1436 2045 Deo
1458 1992 1811 2049 commendent

208 2078 335 2115 cum
362 2061 550 2114 devota
582 2063 835 2133 oratione,
865 2061 965 2131 qua
993 2072 1147 2132 caput
1175 2080 1325 2116 suum
1350 2074 1661 2131 cognoscant
1689 2082 1811 2133 pro-

204 2134 381 2203 priam
403 2134 636 2203 animam
668 2131 815 2185 Patri
836 2149 925 2185 suo
944 2131 1349 2198 commendasse,
1381 2143 1435 2185 ut
1466 2134 1517 2186 in
1544 2135 1658 2203 ejus
1689 2131 1809 2190 car-

205 2201 312 2271 pus
343 2201 626 2278 coodurtati
657 2219 778 2278 cunt
800 2204 910 2278 ipso
937 2220 1157 2278 regnum
1179 2205 1376 2278 possint
1404 2201 1598 2278 intrare
1628 2222 1810 2278 perpe-

205 2283 361 2344 tuum
392 2271 532 2340 (Lib.
577 2274 709 2344 node
752 2271 1208 2328 Instituthleric.
1259 2276 1292 2329 6
1332 2275 1495 2344 cap.).
1537 2271 1810 2341 Ruperius
1850 2330 1856 2335 .

204 2343 512 2415 Tiuitieusis
556 2362 568 2398 :
614 2342 773 2396 Nona
809 2360 1007 2415 quoque
1046 2346 1175 2415 hora
1203 2347 1327 2415 jure
1367 2342 1420 2397 in
1456 2342 1666 2398 laudem
1712 2346 1810 2401 Dei

205 2414 530 2487 desinamus,
582 2416 807 2487 quando,
840 2414 1068 2469 clamans
1098 2486 1101 2487 ν
1126 2414 1381 2487 Dominus
1430 2431 1805 2487 vocehmagna,

205 2486 392 2557 emisit
436 2483 687 2557 Spiritum
729 2500 749 2538 :
791 2485 987 2539 latrone
1036 2486 1262 2540 admissa
1302 2486 1357 2537 in
1394 2483 1714 2557 paradisum,
1760 2483 1810 2542 et

204 2556 385 2621 venia,
430 2556 662 2621 quamvis
698 2572 834 2626 sera,
867 2558 1112 2610 veraciter
1147 2556 1527 2626 paenitentibus,
1560 2566 1607 2609 et
1638 2560 1805 2626 conﬁ-

204 2626 438 2699 tentibus
459 2626 715 2699 dedicata.
746 2624 890 2699 Tum:
918 2629 1071 2680 etiam
1095 2624 1253 2680 latere
1273 2628 1387 2695 ejus
1408 2628 1669 2698 perforato
1697 2624 1808 2699 for-

205 2696 425 2769 mandit
450 2695 699 2749 Ecclesiae
716 2698 1074 2769 proﬂuxerunt
1101 2695 1451 2769 sacramenta,
1476 2695 1807 2769 sanguis'quo

204 2767 540 2840 redimimttr,
584 2765 732 2840 aqua:
767 2784 869 2835 qua
907 2768 1165 2821 abluimur
1206 2768 1333 2840 (ubi
1358 2765 1586 2840 supra):
1626 2765 1806 2827 Altera

206 2851 379 2891 causa
412 2838 791 2901 institutionis,
837 2848 891 2893 et
925 2837 1325 2894 observationis
1357 2837 1504 2892 hora:
1533 2854 1689 2893 nonae
1718 2840 1806 2895 hic

208 2909 527 2976 assignatur
559 2923 624 2962 ex
659 2908 860 2961 illustri
887 2909 1243 2964 conversione
1267 2907 1507 2963 Cornelii
1535 2912 1802 2965 centurio-

208 2978 323 3042 nis,
354 2978 448 3047 qui
475 2976 576 3032 bac
604 2978 738 3032 hora
764 2978 835 3031 ab
861 2980 1055 3045 angelo
1080 2981 1343 3039 monitus.
1379 2985 1440 3032 ut
1468 2977 1686 3033 Petrum
1715 2996 1803 3036 ac-

210 3059 489 3120 cerseret,
519 3048 587 3101 ab
622 3049 824 3120 eodem
845 3048 972 3103 fidei
1005 3050 1280 3120 mysteriis
1312 3048 1569 3113 imbutus,
1598 3059 1652 3104 et
1680 3066 1799 3106 cum

208 3129 330 3174 tota
364 3118 525 3173 domo
553 3133 644 3172 sua
683 3119 987 3189 baptizatus
1014 3118 1279 3189 primitias
1302 3120 1605 3174 vocationis
1636 3124 1806 3189 genti-

207 3190 355 3243 lium
395 3189 682 3245 dedicavit.
731 3189 912 3244 Tertia
959 3192 1117 3259 ratio,
1164 3200 1218 3246 et
1260 3190 1611 3260 praerogativa
1658 3192 1807 3248 hora:

210 3275 383 3334 nona:
410 3261 479 3334 ab
507 3261 758 3334 exemplo
785 3262 1158 3334 apostolorum
1189 3262 1336 3334 Petri
1364 3271 1416 3317 et
1442 3262 1686 3334 Joannis,
1714 3265 1805 3333 qui

211 3332 268 3384 in
312 3331 466 3385 Actis
492 3332 809 3387 ascendisse
844 3332 1092 3400 leguntur
1122 3334 1190 3385 ad
1224 3332 1407 3386 horam
1436 3331 1683 3388 orationis
1708 3331 1802 3387 no-

210 3418 371 3477 uam;
402 3402 700 3477 Graecini
727 3405 982 3477 rnuo'ipuv
1006 3413 1098 3464 τῆς
1118 3412 1435 3477 προσευχῆς
1462 3409 1552 3462 τήν
1580 3406 1804 3469 ἒννάτην,

210 3475 324 3543 hoc
358 3482 462 3543 est,
495 3472 562 3525 ad
593 3473 784 3527 horam
818 3472 967 3527 illam
994 3472 1275 3540 orationis,
1308 3472 1428 3543 qua:
1465 3483 1584 3529 erat
1614 3490 1754 3529 uona
1790 3493 1800 3527 :

210 3542 323 3597 hoc
352 3542 497 3596 enim
523 3544 789 3615 significat
813 3546 1066 3611 repetitio
1097 3545 1187 3598 illa
1212 3542 1425 3600 articuli
1460 3545 1657 3611 Grmci,
1685 3561 1805 3615 qua:

208 3624 263 3669 et
290 3627 498 3667 nonam
526 3614 761 3668 orationi
790 3622 1184 3680 consecratam,
1218 3626 1270 3671 et
1300 3616 1432 3670 alias
1460 3630 1581 3669 esse
1604 3614 1807 3669 oraiio-

208 3686 299 3740 nis
343 3684 505 3739 horas
555 3694 753 3753 praeter
804 3700 995 3739 nonam
1038 3697 1223 3753 aperte
1268 3685 1621 3741 demonstrat.
1672 3686 1806 3741 Hinc

210 3756 274 3809 D.
322 3754 561 3809 Basilius
600 3754 915 3825 tngRegulis
956 3756 1122 3810 fusius
1167 3756 1366 3824 disput.
1411 3757 1672 3825 interrog.
1704 3756 1800 3809 57:

213 3826 375 3892 Quod
412 3842 493 3891 ea,
535 3824 707 3894 inquit
741 3826 971 3896 (scilicet
1010 3826 1198 3896 nona),
1231 3828 1299 3879 ad
1341 3824 1637 3880 arationem
1665 3828 1806 3880 nobis

207 3898 509 3967 necessaria
551 3897 636 3961 sit,
682 3896 735 3949 id
774 3898 995 3967 apostoli
1036 3898 1143 3967 ipsi
1180 3897 1514 3951 declararunt
1548 3897 1603 3949 in
1644 3899 1804 3964 Actis,

210 3966 263 4018 in
308 3967 499 4035 quibus
537 3977 609 4021 est
651 3966 793 4036 quod
820 3965 1006 4021 Petrus
1035 3965 1078 4021 et
1108 3965 1338 4021 Joannes
1377 3968 1717 4021 ascendebant
1753 3969 1806 4021 in

210 4038 487 4104 templum,
520 4038 590 4089 ad
618 4037 803 4089 harant
835 4040 1083 4093 orationis
1111 4054 1322 4091 nonam.
1359 4038 1427 4093 Et
1453 4040 1508 4093 S.
1544 4038 1808 4107 Hierony-

211 4121 338 4161 mus
362 4108 415 4160 in
445 4121 564 4176 cap.
596 4107 911 4179 Vt_Dauielis
937 4127 949 4161 :
980 4108 1226 4171 Tertiam,
1252 4109 1443 4179 inquit,
1463 4110 1662 4176 horam,
1692 4124 1808 4179 sea:—

214 4187 344 4252 tum,
369 4187 413 4230 et
420 4175 623 4252 nonam
644 4175 1015 4252 Eoclesiastica
1037 4180 1245 4252 traditio
1265 4175 1528 4252 intelligit.
1547 4181 1612 4234 Et
1633 4178 1802 4235 infra:

216 4246 381 4320 Nona
408 4246 593 4302 Petrus
623 4258 671 4320 et
691 4246 930 4320 Joannes
958 4251 1235 4320 pergebant
1264 4252 1318 4303 in
1347 4246 1615 4319 templum.

289 4328 316 4354 δ
352 4319 563 4372 Allusio
587 4319 658 4390 ad
690 4318 868 4374 locum
899 4318 1194 4387 Géneéeos,
1227 4321 1315 4375 ubi
1348 4318 1537 4390 primis
1571 4322 1809 4389 parenti-

215 4389 320 4443 bus
360 4403 392 4441 e
433 4389 685 4457 paradiso
722 4390 985 4458 expulsis,
1035 4400 1089 4445 et
1139 4389 1393 4458 exclusis,
1438 4390 1635 4446 dicitur
1664 4393 1805 4447 Deus

1920 1638 2057 1708 (Lib.
2090 1654 2169 1712 xu
2199 1654 2245 1691 ο.
2272 1638 2352 1712 ’1)ζ
2388 1639 2513 1695 Haec
2540 1639 2638 1695 SS.
2669 1641 2876 1705 Patres.
2906 1657 3026 1712 quae
3051 1643 3178 1697 huic
3210 1641 3328 1697 loco
3358 1643 3499 1701 belle

1916 1709 2265 1785 conveniunt.
2327 1710 2497 1785 Porro
2547 1712 2785 1785 Joannes
2842 1709 3196 1785 Apocalypsis
3262 1714 3499 1769 secundo

1918 1781 2105 1834 scribit
2133 1796 2147 1832 :
2173 1779 2309 1856 liceo
2330 1780 2474 1856 dicit,
2503 1784 2590 1851 qui
2612 1782 2761 1856 habet
2785 1779 3098 1856 ram—phaeam
3118 1793 3333 1853 utraque
3356 1795 3500 1856 parte

1917 1861 2139 1923 acutam.
2173 1850 2267 1903 Est
2290 1850 2731 1923 enimiro’mphaaa
2753 1854 2965 1923 gladius
2991 1850 3262 1922 utrimque
3284 1850 3495 1923 acutus,

1917 1931 1971 1974 et
1998 1921 2285 1989 oblongus,
2324 1922 2413 1988 qui
2442 1922 2632 1977 Latine
2663 1921 2865 1979 framea
2896 1924 3114 1978 dicitur.
3157 1921 3308 1981 Unde
3347 1934 3403 1979 et
3436 1921 3496 1980 D.

1918 1991 2282 2065 Hieronymus
2325 1992 2452 2045 alibi
2493 1996 2897 2065 proromplizea
2939 1994 3197 2049 frameam
3237 1995 3385 2065 legit.
3430 1994 3499 2051 In

1915 2065 2092 2144 cujus,
2122 2061 2367 2144 inquitmt
2386 2061 2652 2144 paradisi)
2691 2064 2979 2144 custodiam
3008 2061 3312 2144 Cherubim;
3339 2065 3394 2118 id
3426 2076 3500 2121 est

1914 2134 2141 2187 scientia:
2184 2133 2482 2196 multitudo,
2533 2142 2579 2186 et
2629 2133 2792 2203 ignita
2841 2136 3037 2201 framea
3082 2138 3249 2203 posita
3297 2144 3393 2200 est,
3442 2144 3498 2190 ut

1914 2212 2173 2257 servarent
2192 2204 2326 2256 viam
2352 2203 2482 2274 ligni
2511 2204 2626 2256 vita:
2648 2202 2665 2257 ὲ
2691 2220 2753 2256 ne
2772 2202 2826 2256 in
2854 2214 3060 2271 peccato
3084 2202 3285 2269 positus
3306 2208 3495 2273 Adam,

1915 2274 2130 2326 necdum
2152 2289 2260 2327 suae
2281 2273 2465 2327 delicta
2488 2290 2800 2342 cognoscens
2824 2275 3106 2327 comederet
3128 2290 3190 2327 ea:
3214 2288 3293 2340 ea,
3327 2284 3374 2326 et
3403 2276 3498 2327 im-

1914 2345 2763 2414 paenitentiaeLdesperatianisque,
2789 2360 2850 2397 ac
2877 2344 3126 2413 superbia:
3151 2355 3309 2397 morte
3330 2359 3500 2398 mare-

1914 2412 2059 2467 retur
2082 2412 2178 2485 (1η
2221 2412 2507 2485 ξδαζεαρ.
2553 2412 2666 2484 05).
2708 2412 2947 2469 Isidorus
2981 2415 3211 2485 Etymol.
3255 2414 3346 2467 lib.
3388 2430 3497 2470 xvu

1914 2498 2034 2553 cap.
2078 2484 2111 2537 5
2158 2501 2173 2538 :
2218 2481 2465 2558 Framea,
2509 2481 2706 2558 inquit,
2748 2486 2952 2558 gladius
2994 2481 3065 2558 eoi
3098 2494 3312 2555 utraque
3353 2495 3498 2553 parte

1914 2562 2306 2627 acutus,_quam
2337 2555 2487 2627 vulgo
2513 2555 2764 2623 spatham'
2783 2564 2984 2611 vocant.
3014 2555 3141 2626 Ipsa
3176 2564 3251 2609 est
3285 2565 3331 2609 et
3354 2571 3499 2627 ram-

1916 2623 2082 2692 phata.
2116 2623 2164 2676 Γ
2168 2623 2340 2678 ramea
2374 2623 2548 2681 autem
2583 2628 2721 2679 dicta
2754 2637 2850 2693 est,
2888 2626 3025 2696 quod
3049 2623 3233 2694 'ferrea
3273 2635 3362 2680 est.
3405 2626 3497 2681 Sic

1912 2697 2050 2764 ipse.
2085 2696 2197 2765 Ego
2225 2696 2404 2766 potius
2427 2697 2689 2761 dixerim,
2718 2698 2842 2766 quia
2873 2697 3148 2763 ﬂammea,
3180 2698 3294 2766 sive
3317 2698 3493 2765 ignea,

1912 2767 1996 2837 vel
2024 2765 2303 2835 iguita,’ut
2325 2781 2487 2833 supra
2516 2782 2582 2821 ex
2614 2766 2677 2819 D.
2713 2765 3063 2837 Hieronymo,
3094 2779 3147 2821 et
3169 2765 3453 2837 Gregorio.

1983 2834 2011 2873 ι’
2054 2834 2130 2889 De
2155 2837 2431 2904 vcspcris,
2465 2852 2558 2891 seu
2601 2838 2777 2891 ofﬁcio
2817 2834 3175 2905 Vcs'perarum
3222 2834 3367 2905 (quae
3407 2837 3495 2890 hic

1912 2906 2199 2975 vespertina
2229 2907 2763 2978 vocanturosacriﬁcia
2792 2907 2845 2978 in
2869 2907 3145 2978 legerveteri
3166 2905 3495 2978 adumbrata)

1914 2985 2143 3044 quatuor
2170 2986 2460 3030 occurrunt
2493 2976 2580 3032 ltic
2626 2977 2861 3031 notanda
2894 2976 3002 3031 :‘i"
3033 2977 3342 3046 antiquitas,
3382 2978 3497 3033 sive

1912 3046 2180 3101 institutio
2206 3061 2233 3098 a
2267 3046 2519 3100 Patribus
2549 3048 2861 3115 approbata.
2893 3047 2959 3101 2°
2986 3046 3123 3102 ratio
3149 3046 3303 3102 istius
3334 3048 3492 3101 insti-

1912 3116 2156 3172 tutionis.
2192 3117 2252 3171 5°
2282 3124 2492 3183 tempus
2518 3116 2824 3172 celebrandi
2846 3117 3084 3172 officium
3107 3118 3493 3187 vespertinum.

1906 3188 1976 3243 4⁸
2005 3186 2220 3253 modus,
2253 3202 2350 3259 seu
2377 3186 2549 3241 forma
2577 3187 2761 3242 officii.
2806 3188 2958 3256 Quod
2988 3188 3054 3243 ad
3096 3186 3324 3259 primum
3371 3189 3497 3259 atti-

1907 3269 2021 3323 net,
2051 3260 2212 3324 hujus
2252 3256 2397 3311 horae
2430 3260 2752 3325 vespertina:
2790 3256 3152 3315 meminerunt
3198 3269 3397 3329 praeter
3425 3257 3491 3315 S.

1907 3329 2237 3385 Clementem
2286 3339 2339 3383 et
2367 3329 2623 3384 Basilium
2672 3330 2765 3385 ubi
2796 3345 2959 3399 supra
2982 3376 2995 3400 ,
3030 3328 3319 3386 concilium
3349 3328 3495 3383 Lao-

1908 3401 2158 3455 dicenqu
2185 3407 2310 3453 ante
2336 3414 2509 3454 annos
2537 3401 2683 3457 mille
2708 3401 2975 3457 ducentos
3009 3400 3340 3456 celebratum
3368 3412 3490 3453 can.

1911 3470 2009 3536 l8,
2037 3471 2125 3524 ubi
2151 3468 2346 3525 dicitur
2375 3469 2515 3540 quod
2546 3488 2742 3540 semper
2794 3472 2856 3541 (i.
2890 3486 2941 3527 e.
2983 3470 3249 3542 quotidie)
3295 3469 3496 3538 suppli-

1907 3542 2152 3612 cationes
2181 3542 2473 3612 orationum
2518 3542 2586 3594 ad
2635 3559 2858 3604 nonam,
2905 3552 2952 3594 et
2992 3556 3249 3612 vesperam
3298 3548 3495 3608 oportet

1908 3610 2601 3687 celeb_rari_.Chrysostomus
2623 3612 2810 3669 homil.
2835 3612 2909 3687 ὅςῆ
2918 3612 2982 3666 ad
2999 3610 3123 3680 pop.
3140 3610 3459 3687 Anti_ocheu.
3474 3652 3490 3677 ,

1910 3682 1999 3738 ubi
2020 3681 2089 3736 de
2110 3678 2317 3736 diurnis
2338 3683 2721 3736 monachorum
2749 3678 3181 3750 precibusag'ens
3203 3695 3218 3750 ;
3246 3678 3491 3750 Tertiam,

1908 3751 2112 3822 inquit,
2138 3760 2337 3822 sextam
2356 3795 2370 3818 ,
2404 3768 2593 3804 nonam
2610 3792 2627 3816 ,
2655 3762 2703 3804 et
2730 3748 3036 3822 uespertinas
3074 3749 3329 3822 orotiones
3358 3748 3493 3822 cele-

1910 3815 2078 3892 brdnt,
2099 3815 2159 3874 et
2187 3821 2241 3873 in
2264 3815 2482 3892 quatuor
2519 3828 2686 3887 partes
2722 3816 3155 3892 diemdispartiti
3176 3856 3191 3881 ,
3223 3815 3492 3892 dumﬂsin-

1908 3893 2045 3963 gula:
2064 3884 2257 3961 'partes
2276 3884 2602 3963 implentur,
2650 3886 2949 3963 psalmodiis
2979 3884 3298 3963 ‘_et_hymnis_
3330 3884 3493 3963 Deum

1908 3957 2233 4018 uenerantur.
2286 3957 2645 4029 Hieronymus
2675 3959 2729 4012 in
2758 3958 2915 4028 epist.
2946 3957 3014 4013 ad
3047 3957 3393 4013 Eustochium
3424 3958 3493 4014 de

1910 4032 2154 4089 custodia
2180 4028 2541 4103 virginitatis:
2572 4028 2771 4083 Horam
2802 4029 3022 4098 tertiam,
3054 4030 3243 4098 inquit,
3271 4038 3488 4096 sextam,

1909 4121 2098 4159 nonam
2122 4146 2137 4171 ,
2169 4101 2466 4172 diluculum
2498 4117 2700 4172 quoque
2722 4142 2735 4164 ,
2779 4108 2826 4155 et
2859 4114 3091 4172 vesperas
3120 4116 3267 4172 nemo
3298 4108 3383 4172 est
3405 4103 3492 4167 qui

1910 4168 2132 4229 nesciat.
2152 4173 2217 4227 Et
2246 4174 2405 4243 epist.
2445 4168 2520 4226 27’
2552 4168 2622 4226 de
2679 4172 2834 4227 Obitu
2874 4168 3094 4243 Paulae;
3139 4168 3492 4243 Manethora

1910 4249 2079 4312 tertia,
2110 4238 2466 4309 sextafnona,
2497 4259 2721 4313 vespere,
2761 4243 2922 4296 noctis
2952 4240 3119 4295 medio
3151 4256 3239 4313 per
3262 4238 3492 4313 ordinem

1911 4310 2213 4384 psalterium
2242 4316 2535 4367 cantabant.
2570 4310 2695 4368 [itec‘
2724 4314 2791 4367 de
2826 4312 3165 4384 antiquitate.
3207 4310 3361 4384 llatio
3391 4326 3491 4364 au-

1915 4382 2019 4439 tem
2048 4385 2402 4440 institutionis
2424 4386 2570 4438 hora:
2594 4385 2933 4452 vespertinas,
2960 4398 3055 4437 seu
3076 4382 3243 4454 officii
3270 4396 3491 4451 vesper-

215 4436 685 4534 z;a.z..';;'“.f,;;.j
716 4436 1019 4532 usus.
1036 4436 1805 4534 νδοῖιλῐιῶξῖῆςῑιξῖιιῑξηιῖνῑεῖ
1832 4436 1884 4498 ο
1912 4436 2367 4534 ιεἰίῑέέέβίξίίιδε
2384 4436 2506 4510 ioca
2534 4436 2855 4534 ἀεξεςιῑριυτ.
2887 4436 3061 4534 eam?
3092 4436 3147 4508 in
3168 4436 3489 4534 suum...

217 4530 520 4602 ﬂammeum
542 4529 797 4602 gladium,
823 4542 974 4602 atque
994 4529 1303 4599 versatilem,
1328 4532 1396 4585 ad
1415 4534 1802 4586 custodiendam

221 4604 367 4650 riam
388 4598 517 4673 ligni
538 4598 787 4673 unum
820 4598 917 4671 pro
946 4603 1127 4671 gladio
1160 4598 1411 4658 flammeo
1442 4604 1503 4656 ι).
1536 4602 1803 4673 Hierony-

221 4671 579 4741 mttspgissim
605 4671 729 4736 legit
747 4674 1076 4741 romplizeam
1092 4674 1418 4728 flammeam.
1441 4672 1531 4728 Sic
1556 4674 1715 4739 epist.
1745 4671 1798 4740 3,

221 4738 293 4815 ad
316 4736 681 4815 _Heliodorut_u
712 4736 1029 4815 {Flammea
1044 4744 1147 4815 illa
1170 4746 1430 4815 romphaea
1460 4736 1629 4815 custos
1656 4736 1807 4815 para-

218 4808 348 4872 disi,
379 4818 434 4862 et
457 4810 782 4879 praesidentia
801 4814 998 4884 foribus
1026 4808 1318 4877 Cherubin},
1352 4811 1546 4884 Christi
1568 4808 1803 4866 restincta

217 4890 268 4932 et
299 4893 535 4955 reserata
559 4882 973 4955 suntsanguine.
1006 4886 1073 4955 Et
1101 4887 1258 4953 epist.
1289 4884 1359 4939 25
1394 4902 1405 4938 :
1444 4882 1680 4936 Necdum
1710 4901 1804 4955 pa-

216 4950 387 5027 radisi
406 4955 637 5027 januant
675 4950 907 5007 Christus
940 4950 1240 5027 eﬂ'regerat;
1269 4956 1485 5009 necdum
1511 4950 1804 5027 ﬂummeam

216 5020 369 5073 illam
391 5020 733 5095 romphwam,
753 5035 800 5077 et
814 5020 1111 5095 vertiginem
1135 5020 1804 5093 prsissidentiuniC/terubint

216 5093 432 5166 sanguis
467 5095 581 5165 ejus
622 5093 959 5149 exstinxerat:
991 5096 1142 5151 Unde
1182 5108 1226 5150 et
1268 5097 1552 5166 Abraham,
1593 5098 1710 5151 licet
1750 5099 1804 5151 in

218 5162 336 5237 loco
381 5162 661 5237 refrigerii,
711 5176 883 5219 tamen
932 5176 1077 5237 apud
1102 5169 1304 5237 inferos
1343 5168 1499 5237 fuisse
1541 5162 1799 5222 scribitur.

217 5230 529 5289 Rursus'in'
558 5230 680 5303 cap.
714 5252 767 5290 is
801 5230 1012 5291 Amos:
1052 5230 1236 5293 Posuit
1270 5230 1404 5290 Deus
1435 5236 1730 5300 Cherubim,
1758 5246 1804 5292 et

216 5306 516 5378 ﬂammeam
556 5308 899 5375 rompha'am,
939 5326 1051 5378 qua:
1084 5310 1299 5364 vertitur
1332 5309 1401 5360 ad
1425 5308 1806 5378 custodiendam

216 5376 353 5427 viam
384 5378 696 5450 lignioritce;
722 5389 777 5430 ut
816 5382 901 5445 qui
935 5376 1120 5450 ejectus
1143 5381 1309 5450 fuerat
1338 5377 1691 5450 de_paradiso,
1721 5395 1807 5450 ne-

214 5461 473 5523 quaquam
515 5447 1329 5523 illuc_ingredereturjndignus.
1370 5448 1629 5523 Similiter
1660 5449 1802 5523 et‘D.

216 5514 518 5590 Gregorius
551 5520 606 5573 in
640 5514 941 5573 Moralibus
969 5539 982 5572 :
1020 5521 1146 5575 Post
1169 5514 1399 5590 culpam,
1436 5520 1626 5587 inquit,
1651 5520 1808 5589 primi

220 5582 461 5651 hominis,
493 5590 563 5641 ad
592 5590 833 5657 paradisi
862 5590 1062 5644 aditum
1082 5582 1343 5661 romphaza
1374 5582 1613 5659 ﬂammea
1642 5582 1809 5660 posita

224 5668 336 5707 esse
361 5670 700 5730 memoratur,
733 5675 851 5730 quia
871 5669 920 5712 et
946 5663 1195 5716 versatilis
1228 5661 1438 5725 dicitur,
1474 5675 1565 5730 pro
1588 5675 1646 5710 eo
1671 5661 1808 5727 quod

223 5728 529 5800 quandoque
556 5728 756 5787 veniret
784 5740 1007 5802 tempus,
1036 5735 1265 5789 utetiam
1288 5728 1535 5789 removeri
1556 5730 1809 5798 potuisset

1906 4536 1961 4579 et
1988 4527 2054 4579 ad
2090 4526 2443 4581 imitationem
2480 4523 2728 4580 sacrificii
2757 4523 3045 4593 vespertini
3071 4525 3303 4593 antiqua:
3336 4523 3488 4589 legis,

1904 4612 2023 4664 quae
2048 4596 2183 4666 legis
2202 4612 2352 4652 novae
2374 4606 2732 4666 sacramenta,
2756 4607 2812 4650 et
2832 4592 3487 4666 tiiysteriaadumbrabat.

1906 4662 2157 4721 l‘sodorus
2190 4668 2285 4721 lib.
2320 4683 2336 4721 ι
2371 4667 2437 4721 de
2467 4667 2621 4721 Olfic.
2663 4662 3034 4733 Ecclesfcap.
3076 4665 3147 4719 20
3180 4683 3193 4717 :
3233 4662 3492 4731 Vesperti-

1905 4752 2051 4804 num,
2082 4739 2272 4809 inquit,
2306 4739 2482 4792 diurni
2512 4738 2632 4803 ﬁnis
2660 4735 3173 4809 oﬁicium,_diurna2,
3208 4745 3253 4789 et
3281 4737 3492 4809 alterum

1906 4808 2033 4863 lucis
2064 4804 2273 4864 occasus
2303 4818 2411 4874 est,
2447 4812 2595 4880 cujus
2625 4804 2872 4880 Aes—veteri
2905 4806 3227 4862 Testamento
3254 4804 3495 4880 solemnis

1904 4890 1984 4951 est
2009 4881 2296 4936 celebratio.
2323 4876 2591 4949 Siquidem
2615 4878 2713 4933 hoc
2740 4889 2963 4951 tempore
2994 4892 3212 4951 veterum
3240 4876 3493 4943 sacriﬁcia

1904 4947 2102 5020 oﬂ'erri,
2138 4947 2430 5019 adolerique
2456 4951 2645 5003 altario
2686 4947 2917 5005 aromata
2937 4994 2951 5016 ,
2982 4960 3030 5002 et
3057 4950 3202 5015 thus,
3234 4964 3340 5001 mos
3358 4956 3489 5020 erat.

1906 5020 2065 5092 Cujus
2090 5016 2165 5076 rei
2194 5016 2434 5092 testis’gst
2467 5020 2786 5092 hymnidicus
2815 5022 2904 5074 ille
2926 5022 3069 5091 regio
3098 5036 3158 5073 ac
3186 5016 3493 5092 sacerdotali

1906 5086 2114 5158 [unctus
2136 5090 2317 5157 officio,
2344 5086 2516 5138 dicens
2548 5105 2565 5141 :
2596 5086 2867 5159 Diriqatur
2896 5086 3058 5144 oraiio
3088 5105 3222 5151 mea,
3250 5090 3377 5140 sicut
3410 5087 3493 5138 inn

1906 5172 2114 5211 censum
2159 5162 2212 5210 in
2257 5168 2523 5221 conspectu
2567 5165 2651 5208 tuo
2693 5175 2711 5210 :
2736 5162 2946 5213 elevatio
2984 5174 3225 5212 manuum
3262 5171 3491 5208 mearum

1905 5226 2635 5298 sacriﬁciumuespertinum“
2673 5226 2845 5295 (Psal.
2892 5229 3041 5298 (ιιι).
3087 5230 3219 5296 Qua:
3267 5225 3489 5298 tOIidem

1907 5295 2087 5353 verbis
2116 5297 2300 5354 retulit
2332 5295 2578 5349 liabauus
2606 5295 2698 5351 lib.
2728 5312 2765 5351 tt
2791 5299 2858 5351 de
2886 5295 3338 5351 lustitut.’Cleric.
3366 5310 3489 5364 cap.

1908 5371 1963 5425 7.
1988 5370 2159 5426 Porro
2182 5367 2471 5425 notandum
2498 5369 2549 5422 in
2575 5367 2692 5438 lege
2716 5368 2881 5421 veteri
2910 5368 3105 5438 duplex;
3136 5367 3299 5438 fuisse
3325 5368 3491 5420 sacri-

1886 5445 2089 5500 .ficiuut
2121 5441 2488 5512 vespertinum
2511 5480 2526 5504 ,
2556 5435 2920 5512 etjttrumque
2948 5435 3316 5512 quotidianum
3346 5450 3361 5489 :
3394 5438 3491 5492 sed

1909 5505 2466 5586 alterumocruentum,
2500 5509 2645 5586 qu_od
2674 5520 2795 5586 erat
2825 5506 3119 5586 immolatio
3145 5510 3267 5586 agni
3297 5505 3490 5561 intuta-

1913 5586 2098 5649 culati,
2127 5584 2195 5639 de
2219 5598 2327 5653 quo
2356 5576 2532 5651 agitur
2558 5581 2925 5653 Exrodi'xxu;
2956 5576 3200 5653 _alterum
3243 5577 3491 5653 incruen-

1913 5668 2047 5723 tum,
2080 5648 2275 5722 nempe
2314 5648 2679 5723 tltfmiamatis
2715 5664 2877 5720 super
2922 5648 3093 5723 altare
3129 5661 3373 5723 aureum.
3418 5650 3492 5706 De

1913 5717 2224 5798 quo'Exodi'
2245 5717 2394 5793 xxx,
2414 5731 2468 5779 et
2504 5722 2725 5780 Numer.
2755 5717 2953 5788 simu,
2990 5720 3057 5775 ad
3085 5717 3227 5789 quod
3254 5723 3492 5789 respexit
