4026 6212
635 306 737 364 ηπ

1957 291 2235 351 JOANNIS
2268 289 2585 351 CASSIANI

3791 294 3892 354 128

636 419 953 476 observatur
978 415 1034 469 in
1064 413 1305 470 occiduis
1328 411 1412 468 vel
1436 410 1668 467 maxime
1692 407 2026 481 regionibus,
2049 422 2214 462 cano—
2235 411 2291 472 Α
2313 408 2637 463 invenimus.
2686 406 2887 461 Verum
2930 419 3051 462 cum
3082 405 3184 463 hac
3232 406 3517 463 abutentes
3563 404 3893 481 indulgentia

638 509 814 564 niCam
846 506 1173 561 functionem
1212 513 1396 559 nostro
1440 511 1682 573 tempore
1712 501 1768 557 in
1806 509 1833 538 ι
1872 509 2057 555 nostro
2082 514 2217 569 quo-

636 616 747 671 que
793 598 1122 654 monasterio
1160 596 1410 665 primitus
1446 593 1793 658 institutam,
1834 591 1925 646 ubi
1966 589 2221 645 Dominus

640 700 829 745 noster
855 688 1013 744 Jesus
1038 686 1281 742 Christus
1313 692 1470 738 natus
1491 698 1559 739 ex
1593 684 1833 753 Virgine,
1864 682 2109 735 humanm
2136 680 2219 734 in-

639 782 820 839 fantiae
845 780 1119 850 suscipere
1148 777 1487 833 incrementa
1512 778 1785 847 dignatus,
1819 783 2057 830 nostram
2085 788 2221 844 quo-

639 892 746 947 que
769 876 946 931 adhuc
975 876 1029 927 in
1061 872 1324 943 religione
1354 882 1598 928 teneram
1634 880 1691 926 et
1718 871 2003 926 lactentem
2041 867 2221 923 infan-

640 968 767 1022 tiam
815 981 911 1020 sua
959 965 1133 1035 gratia
1172 964 1535 1020 conﬁrmavit.
1585 963 1769 1034 Usque
1808 962 1877 1016 ad
1916 961 2046 1016 illud
2072 958 2216 1016 enim

641 1073 851 1131 tempus
868 1076 932 1115 ac
952 1061 1296 1117 solemnitate
1315 1061 1577 1115 matutina
1603 1060 1745 1132 (quae
1761 1058 1988 1129 expletis
2004 1065 2227 1111 noctur-

638 1157 725 1213 nis
745 1156 965 1225 psalmis
987 1166 1039 1211 et
1063 1156 1395 1211 orationibus
1420 1163 1540 1225 post
1564 1154 1836 1210 modicum
1862 1150 2122 1221 temporis
2142 1150 2225 1203 in-

639 1249 918 1303 tervallttm
947 1248 1083 1303 solet
1106 1248 1159 1301 in
1190 1247 1379 1303 Gallias
1408 1245 2059 1314 monasteriis’eelebrari)
2100 1258 2221 1300 cum

638 1339 967 1409 quotidianis
978 1337 1179 1408 vigiliis
1191 1340 1392 1408 pariter
1404 1344 1796 1400 consummata,
1811 1336 2049 1405 reliquas
2062 1335 2224 1390 horas

639 1431 925 1488 refectioni
963 1446 1253 1502 corporum
1296 1430 1580 1502 deputatas
1626 1445 1658 1485 a
1693 1427 1992 1499 majoribus
2021 1426 2223 1483 nostris

2322 499 2741 572 negligentiores
2766 499 2964 569 quique
2994 498 3236 554 inducias
3274 499 3451 554 somni
3482 499 3692 571 longius
3723 506 3894 567 proté.

2318 594 2492 648 larent
2548 608 2562 645 :
2617 591 2812 661 quippe
2870 605 3009 661 quos
3063 591 3150 646 vel
3204 601 3355 645 extra
3410 590 3574 646 cellas
3630 596 3892 664 progredi,

2322 685 2408 741 vel
2438 683 2506 739 de
2533 684 2642 738 suis
2678 684 2865 738 stratis
2912 697 3242 753 consurgere
3290 691 3417 739 ante
3459 683 3650 739 horam
3690 688 3891 743 tertiam

2324 777 2469 831 nulla
2499 786 2795 832 conventus
2828 775 2987 831 ullius
3027 776 3320 832 necessitas
3355 779 3654 846 invitaret,
3684 788 3739 834 et
3777 796 3894 835 cum

2323 870 2653 940 operationis
2716 870 2927 940 jactura
2960 912 2974 937 ,
3042 880 3282 939 tempore
3355 884 3571 941 quoque
3640 870 3742 925 diei
3797 887 3895 941 quo

2324 965 2597 1018 nonnullis
2624 963 2909 1032 oportebat
2936 961 3126 1019 ofﬁciis
3165 960 3451 1029 inhterere',
3477 961 3689 1033 soporis
3715 963 3895 1017 nimie-

2326 1062 2434 1108 tate
2465 1063 2761 1122 torperent,
2786 1053 2839 1107 in
2888 1051 2973 1107 his
3000 1052 3294 1120 praesertim
3322 1051 3510 1108 diebus
3535 1053 3732 1122 quibus
3754 1069 3783 1110 a
3817 1063 3896 1108 te-

2328 1147 2590 1217 spertinis
2621 1140 2768 1201 horis
2808 1145 3065 1200 excubias
3091 1159 3260 1214 usque
3303 1144 3368 1200 ad
3408 1161 3615 1202 aurem
3655 1146 3895 1200 viciniam

2324 1239 2718 1296 celebrantibus
2760 1238 3083 1294 nascebatur
3118 1238 3400 1293 onerosior
3441 1237 3733 1303 lassitudo;
3772 1252 3897 1307 quo-

2322 1334 2566 1388 rumdam
2598 1332 2709 1388 illic
2731 1333 2955 1387 fratrum
2988 1330 3311 1387 ferventium
3341 1330 3553 1401 spiritu,
3578 1330 3775 1401 quibus
3805 1328 3897 1384 hoc

2323 1425 2666 1496 negligentiae
2693 1439 2861 1494 genus
2885 1422 3027 1479 haud
3056 1422 3247 1479 leviter
3273 1421 3607 1494 displiceret,
3635 1422 3702 1478 ad
3731 1421 3897 1477 senio-

1704 1563 1961 1619 ALARDI
2000 1560 2235 1618 GAZIEI
2272 1559 2839 1617 COMMENTARIUS.

642 1678 966 1750 provinciam
998 1679 1123 1735 inde
1146 1680 1578 1750 commigrasset,
1600 1677 1767 1750 fuisse
1788 1676 2031 1745 primitus
2064 1675 2212 1728 insti-
2241 1682 2291 1742 Β

642 1747 831 1805 tutam.
866 1748 1019 1805 Unde
1057 1758 1112 1804 et
1142 1765 1263 1817 cap.
1298 1750 1329 1803 6
1352 1747 1615 1819 'cjusdem
1640 1747 1763 1819 libri
1788 1756 1945 1801 vocat
1971 1760 2217 1819 eamAno-

642 1820 836 1876 vellam
887 1816 1279 1873 institutionem
1326 1828 1380 1873 et
1408 1816 1841 1873 solemnitatem.
1872 1819 1936 1871 Et
1976 1816 2213 1885 passim,

643 1891 731 1945 ubi
759 1889 825 1943 de
843 1889 1053 1943 diurnis
1080 1889 1469 1944 monachorum
1496 1888 1689 1943 ofﬁciis
1712 1900 1763 1943 et
1788 1885 2219 1941 solemnitatibus

643 1960 770 2029 agit.
790 1960 1130 2014 solummodo
1146 1960 1640 2023 Tertiatn,Sextam
1665 1959 1929 2012 etNonam
1953 1956 2217 2029 ttottiinat,

644 2025 841 2085 omissa
886 2030 1092 2095 Prima;
1136 2040 1193 2084 ut
1222 2030 1404 2085 videre
1430 2038 1514 2083 est
1545 2030 1638 2083 lib.
1667 2044 1705 2083 ll
1732 2043 1780 2083 c.
1807 2029 1843 2081 2
1864 2069 1878 2093 ,
1907 2037 1961 2081 et
1991 2027 2090 2080 hoc
2121 2025 2217 2079 lib.

644 2115 764 2168 cap.
794 2101 817 2153 1
850 2109 905 2154 et
932 2100 1079 2154 alibi.
1112 2100 1218 2155 Sed
1268 2116 1366 2155 nec
1390 2099 1454 2154 D.
1483 2099 1742 2168 Basilius,
1774 2113 1873 2153 nec
1900 2096 2221 2168 Chrysosto-

644 2185 784 2241 mus,
815 2185 915 2241 nec
960 2171 1339 2241 Hieronymus,
1369 2183 1479 2241 nec
1500 2170 1588 2223 alii
1617 2167 1874 2224 Cassiano
1895 2167 2221 2241 antiquiores

644 2238 837 2293 Prima:
859 2240 1003 2294 hora:
1025 2238 1355 2297 mentionem
1385 2240 1602 2303 faciunt,
1632 2255 1755 2293 cum
1785 2250 1961 2292 tamen
1993 2238 2218 2290 aliarum

644 2308 895 2364 horarum
927 2326 1070 2379 saepe
1113 2311 1486 2375 meminerint,
1530 2319 1588 2364 ut
1624 2310 1874 2365 observat
1910 2307 2068 2379 Card.
2102 2306 2224 2379 Bel-

646 2380 910 2435 larminus
936 2376 1027 2436 lib.
1053 2397 1071 2435 ι
1098 2380 1165 2436 de
1188 2382 1342 2435 bonis
1370 2381 1638 2449 Operibus
1676 2396 1724 2435 c.
1760 2379 1845 2433 11.
1871 2379 2006 2432 Hinc
2026 2376 2227 2449 Hadul-

644 2449 782 2519 phus
810 2450 1141 2517 Tnngrensis
1163 2451 1397 2506 Primam
1422 2448 1479 2505 et
1496 2450 1917 2518 Completoriutn
1949 2457 2071 2518 post
2095 2448 2227 2519 alia-

647 2516 764 2571 rum
780 2516 1032 2588 horarum
1049 2520 1444 2576 institutionem
1459 2516 1669 2575 additas
1690 2520 1876 2575 scribit
1890 2516 2106 2588 propos.
2127 2516 2195 2570 14
2210 2532 2223 2569 :

647 2588 825 2662 Sancti
846 2587 1056 2662 Patres,
1076 2592 1270 2662 inquit,
1295 2608 1383 2657 per
1402 2592 1717 2662 psalmodias
1737 2587 2069 2662 obseruabant
2085 2588 2229 2662 quin-

645 2674 741 2733 que
766 2655 1412 2733 horas_,_scilicet'iVigilias'
1429 2663 1614 2733 noctis,
1654 2660 1946 2727 Vesperam,
1973 2655 2224 2733 Tertiam.

649 2728 877 2794 Sextam,
904 2729 1131 2786 Nonam.
1159 2728 1355 2786 Deinde
1389 2733 1511 2798 quia
1541 2731 1817 2798 Scriptura
1842 2732 2029 2800 saepius
2052 2728 2229 2798 jungit

648 2815 798 2852 mane
825 2809 877 2853 et
922 2817 1144 2871 vespere,
1179 2803 1354 2856 addita
1393 2812 1467 2856 est
1493 2803 1607 2855 laus
1642 2798 1922 2871 matutina.
1947 2798 2231 2853 Multorum

646 2885 844 2942 quoque
872 2870 1229 2942 episcoporum
1255 2880 1501 2927 statutum
1531 2882 1663 2937 erat,
1694 2882 1748 2942 ut
1794 2870 1959 2942 clerus
1986 2879 2034 2924 et
2066 2885 2233 2938 popu-

648 2939 727 3013 lus
750 2939 965 3013 ntane'et
991 2957 1104 2997 sero
1132 2959 1305 3013 preces
1332 2954 1380 2996 et
1409 2943 1664 3013 orationes
1685 2940 1795 3013 Deo
1817 2940 2097 3013 funderent
2118 2953 2233 2992 cum

648 3008 831 3085 Parca
859 3008 1175 3085 NOs'rEn__et
1204 3013 1469 3085 Symbolo.
1507 3012 1634 3085 Ideo
1674 3012 1756 3085 ad
1784 3008 1877 3066 hoc
1926 3010 2232 3064 introductae

646 3080 905 3152 suntdute
931 3084 1051 3152 alias
1080 3080 1263 3150 Hom,
1296 3083 1477 3138 Prima
1501 3094 1547 3138 et
1578 3081 1860 3152 Completa,
1884 3091 2098 3152 utraque
2116 3094 2237 3152 cum

647 3150 914 3222 ῃνερίξηιιςζ
932 3150 1180 3208 Oratione
1205 3148 1476 3207 Dominica
1505 3165 1552 3207 et
1584 3148 1851 3222 Symbolo.
1878 3150 1969 3206 Sic
1994 3148 2083 3222 ille
2106 3148 2239 3222 (lia-

649 3218 830 3289 dulph.
856 3221 1161 3292 rTungrens.
1191 3226 1254 3278 de
1282 3240 1464 3279 canon.
1498 3218 1704 3277 Observ.
1737 3238 1943 3292 prapos.
1974 3218 2239 3292 id).'_V_e-

649 3304 779 3364 [Ulli
801 3289 1059 3364 adversus
1093 3295 1232 3351 hanc
1261 3294 1567 3364 Opinionem
1598 3289 1786 3364 objicit
1815 3289 2086 3345 Durantus
2113 3289 2133 3360 (
2157 3289 2237 3364 De

648 3358 811 3439 _Rttib.
841 3360 1052 3439 Eccles._
1072 3364 1249 3439 libant
1269 3358 1469 3439 δὲῃ-7)
1503 3363 1644 3439 i°_S.
1668 3358 2008 3439 Clementem
2039 3400 2053 3425 ,
2085 3358 2236 3439 cilij

647 3431 766 3501 haec
787 3440 917 3486 sunt
945 3435 1106 3491 verba
1136 3436 1230 3491 lib.
1262 3430 1357 3489 vu't
1386 3430 1679 3490 Cdnstitut.
1703 3432 1948 3501 Apostol.
1980 3445 2109 3501 cap.
2132 3430 2232 3484 40:

646 3498 833 3555 Preces
846 3512 1036 3559 vestras
1057 3507 1211 3574 facite
1230 3505 1484 3567 diluculo,
1503 3504 1673 3559 Tertia
1685 3498 1833 3566 hora,
1852 3502 2033 3569 Sexta,
2052 3498 2235 3566 Nona,

646 3584 869 3645 vespere,
893 3582 939 3627 et
966 3575 1019 3627 in
1040 3577 1165 3645 galli
1185 3585 1355 3644 cantu,
1390 3574 1617 3629 diluculo
1644 3575 1835 3644 gratias
1863 3581 2088 3645 agentes,
2104 3587 2236 3640 quo-

646 3640 1119 3721 niam‘illuminaivit
1149 3663 1239 3721 nos
1262 3640 1512 3721 Dominus
1522 3640 1928 3721 depulsanocte,
1962 3652 2007 3696 et
2028 3644 2237 3721 inducto

645 3711 762 3783 die;
783 3712 846 3765 2°
874 3714 933 3770 S.
974 3716 1329 3772 Athanasium
1364 3717 1455 3773 ιιι).
1505 3717 1573 3771 de
1593 3711 1934 3783 'Virginitate
1953 3755 1968 3779 ,
1999 3712 2086 3767 ubi
2114 3711 2190 3767 ait
2219 3730 2232 3768 :

649 3780 835 3838 Oriens
845 3785 924 3839 sol
935 3787 1097 3843 videat
1109 3788 1296 3843 librant
1306 3790 1359 3843 in
1372 3787 1605 3843 manibus
1619 3780 1841 3852 tuis—post
1853 3783 2234 3849 Tertiam,etc.;

648 3852 704 3906 5°
723 3854 782 3929 S._
799 3855 1051 3929 Basiliam
1066 3859 1118 3913 in
1134 3858 1265 3929 Reg.
1288 3863 1387 3916 fus.
1406 3859 1602 3928 disput.
1619 3875 1672 3927 q.
1689 3854 1932 3929 57:15am
1951 3854 2011 3909 ob
2029 3870 2237 3929 causam

647 3938 680 4000 ᾳ
698 3922 839 3976 nobis
860 3931 1140 4000 necessario
1162 3922 1703 4000 hutiusmodit'empo—ra
1721 3927 1918 4000 delecta
1938 3932 2078 4000 sunt,
2101 3926 2236 4000 quod

648 3994 898 4070 ineorum
920 3997 1137 4064 singula
1174 3994 1447 4070 péculiuris
1474 3994 1707 4070 quedam
1732 3996 1829 4070 Dei
1852 3997 1903 4047 in
1934 3994 2238 4070 nas_bene/i-

650 4064 847 4131 ciorum
873 4072 947 4115 est
980 4064 1418 4119 commemoratio.
1451 4067 1524 4118 Ac
1570 4064 1879 4117 Matutinum
1916 4064 2150 4131 quidem,
2182 4073 2238 4118 ut

651 4130 804 4199 primi
834 4134 993 4185 animi
1020 4148 1082 4184 ac
1111 4135 1291 4187 mentis
1318 4144 1505 4187 nostra:
1530 4142 1701 4185 motus
1730 4144 2084 4185 consecrentur
2102 4132 2234 4201 Deo,

651 4216 809 4268 neque
846 4202 1004 4256 ullius
1025 4204 1098 4255 rei
1127 4218 1261 4256 cura:
1288 4212 1404 4256 ante
1423 4203 1619 4256 aditum
1644 4202 1710 4255 ad
1740 4217 1831 4255 nos
1856 4202 2052 4264 demus,
2082 4218 2237 4271 quam

650 4286 741 4323 nos
768 4272 822 4322 in
845 4273 1149 4343 cogitatione
1169 4273 1234 4343 de
1254 4271 1362 4327 Deo
1390 4272 1829 4343 oblectaverimus,
1842 4273 1973 4343 sicut
1991 4274 2237 4343 scriptum

650 4346 763 4414 est:
796 4358 813 4389 ι
845 4341 1042 4395 Mentor
1072 4343 1147 4413 fui
1174 4342 1291 4409 Dei,
1322 4354 1370 4397 et
1396 4342 1671 4397 delectatus
1698 4357 1809 4397 sum
1832 4341 2000 4414 (Psal.
2031 4341 2230 4413 ωανι).

2317 1675 2443 1728 time
2466 1674 2685 1729 nomine
2716 1671 3127 1742 comprehendit
3152 1690 3164 1724 :
3198 1687 3362 1728 unam
3386 1681 3513 1729 ante
3550 1673 3675 1729 solis
3699 1682 3893 1741 ortum,

2319 1745 2385 1799 ad
2415 1744 2535 1813 galli
2568 1754 2816 1815 cantum;
2849 1745 3075 1815 alteram
3102 1754 3228 1815 orto
3262 1746 3372 1812 jam
3404 1743 3519 1799 sole
3550 1744 3787 1815 (Azorius
3808 1744 3896 1798 ln-

2319 1816 2425 1869 stit.
2457 1813 2639 1867 moral.
2669 1813 2758 1868 lib.
2791 1830 2821 1868 x
2853 1830 2899 1866 c.
2931 1813 2985 1877 2,
3012 1831 3065 1883 q.
3090 1814 3176 1884 6).
3203 1813 3441 1869 Alteram
3474 1813 3615 1868 enim
3643 1815 3772 1869 dicit
3798 1816 3897 1868 Ma-

2322 1886 2544 1938 tutinam
2586 1886 2653 1937 ab
2681 1890 2900 1953 antiquo
2948 1884 3268 1948 institutam,
3302 1892 3357 1939 et
3393 1886 3757 1949 observatam,
3786 1902 3898 1954 qua:

2322 1956 2551 2023 expletis
2580 1958 2856 2008 nocturnis
2875 1955 3097 2023 psalmis
3114 1955 3516 2009 etorationibus
3548 1958 3751 2025 pariter
3777 1970 3897 2010 con-

2322 2026 2714 2089 summabatur,
2748 2025 2849 2078 hoc
2878 2035 2981 2091 est,
3008 2034 3127 2092 post
3147 2026 3299 2078 linem
3322 2023 3569 2079 nocturni
3591 2023 3755 2079 officii
3780 2040 3900 2080 con-

2327 2097 2472 2150 tinue
2500 2105 2553 2149 et
2574 2095 2672 2149 sub
2690 2109 2885 2148 aurora
2907 2095 3305 2161 celebrabatur;
3331 2109 3486 2164 quam
3510 2095 3669 2164 vulgo
3697 2095 3898 2150 Laudes

2325 2166 2686 2234 appellamus,
2717 2179 2851 2233 quas
2877 2166 3003 2219 olim
3037 2166 3211 2234 primo
3252 2165 3502 2234 diluculo,
3528 2174 3585 2219 et
3612 2173 3739 2220 ante
3775 2167 3900 2220 solis

2326 2233 2502 2290 ortum
2536 2246 2835 2307 peractas
2848 2236 3014 2307 fuisse
3040 2233 3429 2307 perspicuum,
3460 2233 3547 2289 é‘st
3574 2235 3899 2307 exultymnis

2326 2306 2637 2360 earumdem
2668 2304 2964 2375 ferialibus.
2998 2305 3072 2359 De
3104 2304 3207 2375 hac
3250 2304 3503 2360 Matutina
3554 2304 3747 2361 scribit
3771 2322 3899 2375 pra:—

2327 2378 2536 2430 cedenti
2561 2390 2680 2443 cap.
2707 2375 2807 2429 sub
2829 2374 3011 2441 ﬁnem,
3017 2375 3114 2445 tibi
3137 2374 3264 2445 dicit
3285 2376 3340 2429 in
3364 2392 3426 2430 ea
3447 2375 3690 2445 qu0tidie
3716 2374 3903 2430 decan-

2326 2448 2429 2500 tari
2462 2447 2639 2501 solere
2665 2446 2929 2513 psalmum
2955 2463 2969 2498 :
2999 2443 3163 2507 Deus,
3189 2442 3328 2498 Deus
3356 2442 3519 2511 meus,
3550 2445 3617 2498 ad
3647 2456 3693 2499 te
3720 2446 3781 2499 de
3801 2447 3903 2499 luce

2328 2518 2502 2584 vigilo,
2526 2528 2598 2581 et,
2627 2513 2694 2568 In
2725 2517 2992 2569 matutinis
3032 2515 3317 2568 meditabor
3341 2516 3394 2568 in
3422 2524 3490 2570 te.
3522 2516 3758 2571 Alteram
3786 2532 3903 2570 vero

2330 2588 2640 2641 Matutinam
2658 2627 2672 2649 ,
2708 2586 2776 2640 de
2803 2602 2905 2653 qua
2936 2588 2989 2641 in
3022 2584 3123 2641 hoc
3150 2585 3328 2653 capite
3353 2586 3486 2656 agit,
3506 2600 3704 2656 recens
3728 2596 3783 2641 et
3813 2601 3902 2639 suo

2331 2666 2605 2725 tempore,
2636 2666 2693 2711 et
2745 2658 2796 2710 in
2838 2671 2935 2710 suo
2981 2658 3311 2710 monasterio
3341 2655 3452 2725 jam
3486 2655 3631 2711 dicto
3670 2657 3902 2711 introdu‘

2332 2740 2506 2791 ctam;
2564 2728 2721 2796 idque
2750 2726 2815 2781 ad
2845 2726 3209 2793 excitandam,
3239 2726 3351 2796 sive
3377 2727 3755 2781 excutiendam
3783 2742 3904 2792 quo-

2334 2799 2580 2851 rumdam
2628 2795 2893 2865 pigritiam
2946 2807 3004 2853 et
3049 2795 3496 2861 somnolentiam,
3548 2797 3638 2865 qui
3683 2797 3903 2864 eXpletis

2335 2869 2615 2923 nocturnis
2642 2869 2835 2937 vigiliis
2881 2876 2937 2923 et
2979 2867 3249 2922 Laudibus
3281 2866 3588 2937 matutinis,
3618 2867 3684 2920 ad
3716 2868 3904 2921 lectum

2334 2946 2670 2993 recurrentes
2701 2935 2905 2993 somno
2936 2937 3200 3006 prolixius
3231 2935 3611 3007 indulgebant;
3652 2953 3776 2992 cum
3806 2952 3905 2991 non

2339 3008 2599 3064 haberent
2624 3008 2765 3063 aliud
2796 3007 3053 3073 ofﬁcium,
3077 3021 3252 3076 neque
3272 3016 3598 3062 conventum
3628 3017 3752 3061 ante
3780 3007 3900 3062 Ter-

2260 3052 2307 3115 C
2339 3052 2775 3148 amttam,
2798 3052 2885 3132 ἶιῖ
2893 3052 3250 3132 aiataiat“:

2411 3157 2437 3185 ι
2461 3147 2663 3216 Nempe
2684 3149 3114 3215 Bethleemitico,
3132 3159 3285 3217 utiex
3309 3147 3425 3215 ipsa
3447 3149 3753 3217 periphrasi
3784 3148 3905 3203 satis

2339 3218 2675 3287 intelligitur,
2706 3233 2735 3271 a
2766 3218 2825 3274 S.
2855 3218 3019 3273 Paula
3049 3216 3382 3272 nobilissima
3406 3216 3651 3273 matrona
3679 3220 3907 3274 Romana

2332 3289 2483 3359 juxta
2513 3288 2844 3359 speluncam,
2877 3289 2933 3359 in
2964 3304 3069 3359 qua
3098 3288 3351 3344 Salvator
3374 3298 3557 3342 noeter
3594 3299 3756 3342 natus
3796 3297 3904 3353 est,

2339 3358 2674 3414 Constructo.
2702 3358 2779 3413 lbi
2804 3358 2945 3412 enim
2977 3358 3071 3413 illa
3102 3367 3335 3427 quatuor
3362 3360 3682 3412 monasteria
3724 3360 3906 3414 condi-

2337 3428 2435 3493 dit,
2460 3436 2607 3501 teste
2649 3429 3119 3501 D._ilieronytno,
3149 3427 3280 3501 viris
3324 3443 3515 3501 unum,
3546 3427 3757 3501 reliqua
3815 3430 3907 3501 tria

2337 3499 2637 3567 virginibus
2662 3497 2874 3569 (Epist.
2899 3496 2993 3563 2T,
3039 3514 3132 3569 seu
3171 3497 3399 3569 epitaph.
3441 3496 3624 3552 Paula:
3649 3496 3689 3567 )L
3718 3498 3788 3554 At
3816 3500 3909 3553 hoc

2339 3570 2728 3623 monasterium
2758 3568 2995 3622 virorum
3044 3568 3184 3623 idem
3230 3568 3685 3638 D.7Hieronymus
3732 3578 3909 3638 postea

2339 3639 2630 3707 ampliavit.
2664 3638 2816 3693 Licet
2844 3639 2988 3694 enim
3019 3640 3148 3693 viris
3178 3638 3250 3693 ibi
3295 3637 3614 3707 degentibus
3643 3637 3775 3695 satis
3803 3655 3908 3692 am-

2339 3712 2485 3780 plum
2516 3718 2850 3780 exstructum
2876 3719 3017 3765 esset
3043 3707 3433 3771 habitaculum,
3465 3719 3520 3763 et
3548 3723 3645 3779 pro
3676 3710 3906 3779 peregri-

2340 3779 2423 3836 itis
2450 3779 2756 3835 mansiones
2787 3781 2982 3850 aliqum
3000 3795 3098 3849 per
3111 3782 3257 3850 rviam
3278 3787 3474 3850 erecta:
3496 3795 3509 3831 :
3532 3788 3710 3834 tantus
3742 3790 3909 3835 tamen

2341 3851 2575 3921 undique
2600 3852 2666 3905 ad
2692 3866 2755 3906 ea
2782 3848 2900 3905 loca
2937 3848 3151 3918 pietatis
3175 3864 3337 3921 causa
3368 3848 3647 3921 hominum
3677 3863 3904 3906 concur—

2339 3936 2433 3978 sus
2465 3919 2612 3987 erat,
2643 3925 2938 3990 przesertim
2978 3919 3365 3974 monachorum
3390 3926 3513 3990 ,__ut
3533 3989 3538 3990 ί
3561 3919 3911 3990 diversorium

2339 3993 2509 4056 magis
2532 3987 2765 4060 amplum
2787 3991 3053 4045 aediﬁcare
3074 3999 3353 4060 cogeretur
3378 3987 3633 4060 (Marian.
3663 3989 3908 4044 Victoria.

2338 4064 2392 4115 in
2423 4062 2541 4115 Vita
2560 4059 2981 4131 SIHieronynti).
3009 4060 3129 4131 Qua
3144 4059 3211 4114 de
3236 4075 3298 4115 re
3324 4059 3397 4114 ita
3425 4059 3490 4131 ad
3517 4059 3909 4131 Pammachium

2337 4132 2525 4187 scribit
2553 4133 2714 4199 epist.
2743 4129 2812 4184 26
2839 4129 2855 4183 Ξ
2896 4129 3008 4200 Nos
3034 4132 3089 4182 in
3115 4130 3215 4182 ista
3244 4130 3503 4198 prouincia
3528 4130 3785 4200 aediﬁcato
3812 4145 3910 4183 mo-

2338 4202 2560 4280 nasteriis
2581 4240 2596 4263 ,
2624 4198 3214 4280 etdiuersgiqprpptgr
3242 4209 3539 4280 ςείςσινιιιτιοἱ
3587 4198 3650 4253 ne
3698 4201 3831 4280 forte
3872 4207 3910 4252 et

2292 4279 2310 4302 '
2338 4271 2489 4324 modo
2516 4268 2705 4338 Joseph
2730 4285 2844 4321 cum
2864 4266 3048 4323 Maria.
3063 4266 3116 4322 in
3144 4266 3405 4324 Bethleem
3427 4272 3629 4323 veniens
3654 4266 3764 4323 non
3784 4273 3911 4323 inve-

2340 4343 2447 4395 niat
2473 4341 2780 4409 hospitium;
2812 4340 2966 4392 tantis
2993 4340 3056 4391 de
3084 4349 3187 4392 toto
3217 4338 3336 4393 orbe
3355 4340 3729 4410 conﬂuentibus
3762 4340 3910 4393 turbis

652 4409 830 4477 Neque
853 4428 1035 4482 corpus
1054 4409 1287 4486 priusad
1313 4415 1625 4484 [unctionem
1646 4409 1865 4486 alicujus
1885 4415 2110 4486 muneris
2134 4409 2235 4486 mo-
2259 4425 2314 4486 ι)
2339 4412 2603 4465 obruimur
2631 4410 3022 4486 monachorum,
3048 4419 3104 4486 ut
3129 4425 3219 4463 nec
3245 4409 3462 4486 cleptum
3484 4427 3630 4486 Δορῃξ
3666 4410 3908 4470 deserere,

650 4496 871 4555 veamus,
899 4500 1053 4555 quam
1080 4484 1211 4539 illud
1240 4486 1525 4555 fecerimus,
1560 4483 1697 4555 quod
1724 4484 1914 4537 dictum
1939 4493 2042 4538 est:
2064 4483 2233 4538 Orabo

651 4551 720 4604 ad
779 4561 857 4616 te,
910 4553 1170 4609 Domine:
1202 4551 1351 4609 mane
1379 4551 1581 4609 audies
1614 4569 1785 4607 vocem
1840 4570 2045 4607 meam:
2086 4571 2236 4607 mane

651 4621 826 4697 astabo
850 4624 937 4678 tibi
955 4625 1125 4695 (Psal.
1157 4627 1211 4697 v)
1230 4625 1434 4692 etc.;d°
1456 4625 1514 4681 S.
1534 4625 1920 4697 Hieronymum
1941 4626 2103 4692 epist.
2122 4626 2151 4678 7
2167 4623 2235 4678 ad

653 4691 852 4746 Laetam
882 4712 894 4746 :
920 4691 1430 4768 Assuescat'exemplo
1442 4697 1509 4750 ad
1519 4691 1774 4768 orationes
1788 4704 1833 4748 et
1854 4691 2074 4768 psalmos
2091 4705 2237 4768 nocte

651 4776 973 4837 consurgere,
997 4783 1145 4821 ntane
1167 4764 1380 4837 hymnos
1412 4783 1613 4829 canere.
1644 4766 1842 4831 Tertia,
1871 4765 2050 4829 Sexta,
2075 4764 2238 4837 ANona

652 4834 801 4898 hora,
833 4846 938 4890 etc.
972 4838 1070 4892 Ubi
1108 4834 1380 4892 Victorius
1408 4854 1560 4891 mane
1591 4838 1779 4891 horam
1805 4836 2040 4889 Primam
2072 4835 2238 4889 inter-

652 4907 1040 4984 pret.a_tut:.ASeil
1069 4909 1215 4962 salva
1230 4907 1594 4984 paceVictorii
1609 4918 1662 4984 et
1676 4906 1898 4984 Duranti
1923 4922 2029 4961 non
2048 4922 2074 4957 v
2086 4906 2235 4959 iden-

654 4985 738 5028 tur
761 4975 851 5029 illa
875 4976 971 5031 SS.
997 4978 1211 5032 Patrum
1233 4975 1545 5033 testimonia
1568 4979 1703 5034 adeo
1719 4980 1861 5032 clara
1883 4984 1938 5031 et
1952 4990 2233 5045 expressa,

650 5054 710 5100 ut
724 5060 822 5117 nos
846 5058 1066 5117 urgeant
1085 5064 1116 5103 a
1136 5052 1401 5103 sententia
1412 5049 1679 5115 Cassiani,
1699 5048 1928 5103 aliorum
1947 5047 2107 5101 etiam
2121 5047 2232 5099 cal-

650 5116 773 5171 culo
789 5116 1102 5186 approbata,
1122 5120 1428 5187 discedere,
1450 5128 1541 5174 aut
1565 5122 1613 5174 ei
1633 5119 1790 5175 fidem
1809 5118 2089 5188 derogare,
2111 5131 2231 5171 cum

652 5197 758 5240 tam
780 5202 1039 5255 expresse
1056 5190 1199 5245 dicat
1226 5190 1461 5246 ofﬁcium
1490 5191 1684 5245 Prima:
1714 5206 1813 5245 suo
1840 5190 2068 5259 primum
2099 5197 2232 5241 tem-

652 5272 783 5325 pore
817 5259 1118 5316 institutum
1147 5261 1333 5317 fuisse.
1353 5262 1484 5317 Nam
1500 5262 1686 5316 Patres
1703 5260 1850 5315 citati
1876 5276 1979 5313 non
2007 5260 2233 5327 loquun-

650 5337 736 5401 tur
765 5329 831 5385 de
862 5332 1059 5396 Prima,
1095 5333 1162 5388 de
1187 5348 1290 5401 qua
1322 5348 1465 5387 nunc
1493 5330 1687 5399 agitur,
1718 5331 1815 5386 sed
1860 5330 2228 5401 deVMatutina

650 5400 1023 5470 solemnitate,
1055 5403 1158 5459 hoc
1180 5399 1292 5465 est,
1324 5402 1392 5458 de
1418 5401 1690 5456 Laudibus
1710 5441 1725 5465 ,
1755 5415 1882 5470 qua:
1903 5399 2139 5454 diluculo
2177 5408 2232 5455 et

650 5483 827 5537 mane,
853 5488 949 5527 seu
971 5476 1235 5530 matutino
1262 5482 1527 5541 tempore.
1551 5472 1655 5526 hoc
1675 5469 1784 5535 est,
1805 5469 1906 5525 sub
1937 5484 2155 5541 aurora,
2177 5479 2232 5525 et

653 5551 777 5613 ante
806 5542 937 5596 solis
982 5555 1156 5600 ortum
1203 5544 1343 5613 apud
1372 5539 1581 5599 veteres
1611 5540 1886 5613 decantari
1934 5539 2140 5613 solent,
2172 5548 2233 5613 ut

652 5610 854 5666 dictum
880 5621 983 5667 est.
1008 5610 1274 5671 Caeterum
1322 5615 1608 5669 Cassianus
1650 5613 1695 5667 si
1725 5611 2034 5681 diligentius
2065 5611 2234 5679 inspi-

652 5682 844 5745 ciatur,
866 5682 1167 5753 duplicem,
1205 5687 1319 5739 sive
1338 5686 1607 5753 geminam
1634 5684 1945 5740 Matutinam
1977 5682 2233 5753 solemni—

652 5758 818 5805 tatem
847 5750 1115 5813 distinxit.
1145 5765 1200 5811 et
1231 5750 1593 5824 tam'Laudes,
1623 5771 1783 5823 quam
1804 5754 2038 5812 Primam
2066 5752 2236 5810 Matu-

2338 4498 2428 4552 nec
2468 4496 2624 4552 supra
2665 4479 2816 4552 circa
2844 4482 2975 4547 ferre
3002 4481 3282 4552 valeamus.
3321 4481 3455 4552 llaec
3471 4479 3544 4552 VS.
3565 4481 3909 4552 Hieronymus

2342 4550 2431 4621 (In
2452 4548 2705 4622 preciae).
2729 4549 2784 4602 in
2804 4548 2905 4603 hoc
2924 4550 3196 4613 coenobio,
3213 4558 3269 4604 ut
3287 4550 3424 4622 alias
3447 4551 3647 4622 dictum
3673 4548 3908 4616 δείξεως

2341 4620 2524 4677 sianus
2565 4621 2740 4675 adhuc
2785 4634 2919 4688 pene
2964 4634 3118 4688 puer,
3150 4629 3243 4675 aut
3268 4620 3554 4676 admodum
3582 4621 3903 4683 adolescens,

2342 4692 2652 4748 monasticzc
2673 4690 2795 4744 vitae
2812 4689 3114 4761 institutum
3136 4691 3294 4746 simul
3316 4706 3437 4747 cum
3457 4693 3586 4761 ipsis
3597 4692 3908 4746 Christianae

2345 4762 2698 4833 philosophiae
2723 4760 3041 4833 rudimentis
3066 4762 3379 4833 complexus
3409 4772 3512 4829 est,
3546 4763 3598 4815 in
3625 4776 3805 4833 eoque
3831 4774 3909 4814 re-

2340 4830 2907 4903 ligiosm'obedientia:
2956 4833 3161 4902 legibus
3194 4830 3265 4889 'se
3294 4832 3570 4903 astrinxit,
3604 4830 3911 4897 priusquam

2341 4899 2409 4958 ad
2436 4902 2655 4973 IEgypti
2688 4904 3001 4959 solitudines
3014 4899 3289 4973 permissu
3319 4899 3651 4973 superiorum
3678 4911 3807 4955 cum
3841 4915 3913 4973 so-

2338 4975 2423 5028 cio
2453 4967 2718 5029 Gefmano
2745 4967 3188 5041 proﬁcisceretur.
3223 4969 3371 5025 Unde
3387 4967 3452 5021 'et
3480 4967 3676 5036 passim
3709 4977 3826 5025 tum
3865 4971 3912 5026 in

2339 5043 2426 5098 his
2450 5044 2575 5109 lib.,
2598 5052 2705 5097 tum
2730 5045 2780 5098 in
2804 5042 3191 5099 Collationibus
3217 5046 3374 5109 vocat
3398 5052 3552 5093 suum
3582 5041 3908 5104 coenobium,

2338 5115 2474 5167 alias
2498 5108 2803 5169 coenobium
2828 5116 3019 5185 Syriae,
3049 5112 3100 5163 iu
3124 5108 3427 5185 quohprima
3452 5111 3579 5163 vitae
3602 5113 3911 5185 monasticze

2338 5185 2637 5239 rudimenta
2669 5177 2979 5253 perceperat
3002 5221 3016 5244 ,
3046 5177 3189 5248 quod
3229 5178 3397 5248 Syriae
3444 5194 3573 5253 pars
3611 5180 3681 5235 sit
3705 5180 3908 5242 Judaza,

2338 5254 2538 5325 itnqua
2565 5250 2845 5310 Bethleem
2867 5254 2989 5325 sita,
3006 5259 3071 5325 Pl
3098 5255 3285 5325 notum
3312 5256 3426 5325 est;
3450 5250 3577 5325 alib_i
3605 5252 3910 5325 expressius

2336 5318 2830 5391 Bethleemiticum;
2853 5320 2977 5375 alibi
3003 5318 3295 5391 Spelamm,
3324 5318 3377 5374 in
3406 5335 3513 5391 quo
3538 5318 3798 5375 Dominus
3816 5333 3910 5391 no-

2333 5409 2446 5453 ster
2472 5400 2540 5453 de
2588 5396 2707 5450 aula
2735 5388 2872 5448 uteri
2898 5389 3177 5463 virginalis
3223 5388 3471 5463 effulsit]
3493 5391 3581 5445 lib.
3605 5405 3781 5463 _tv,_c.
3815 5388 3907 5463 '_51_;

2336 5468 2524 5525 Callat.
2556 5467 2653 5533 11,
2680 5481 2726 5519 c.
2761 5463 2787 5516 1
2815 5468 2865 5517 et
2892 5462 2956 5533 5;
3006 5460 3192 5517 Collat.
3228 5461 3315 5527 17,
3348 5480 3393 5517 c.
3421 5460 3532 5533 2⁷η
3561 5460 3645 5533 5).
3668 5460 3910 5533 Meminit

2334 5542 2578 5609 ejusdem
2612 5530 2921 5609 monasterii
2952 5534 3436 5609 et__monac_horum
3481 5532 3540 5588 S.
3582 5530 3910 5609 Epiphanius
3946 5537 3957 5588 i

2336 5600 2388 5665 in
2418 5612 2577 5680 epist.
2620 5605 2686 5661 ad
2714 5603 3579 5680 Joannem_liierosolymitanum,
3607 5600 3662 5680 et
3690 5600 3909 5680 D._Hie-

2335 5671 2760 5754 ron;_epist_._ad
2807 5675 3143 5754 Marcellam,
3179 5671 3426 5754 abigam
3474 5671 3775 5754 invit_at.ad
3821 5682 3909 5725 rus

2336 5743 2821 5815 Bethleemiticum,
2855 5746 2949 5805 ubi
2969 5747 3070 5803 sita
3098 5755 3253 5802 erant
3280 5743 3377 5801 illa
3407 5743 3750 5801 monasteria.
