4036 6218
138 170 218 233 129

621 160 716 221 DE
752 157 1238 221 C(ENOBIORUM
1272 151 1522 216 INSTIT.
1565 147 1696 211 LIB.
1737 151 1833 211 Ill.
1861 182 1933 196 -ο
1964 144 2060 207 DE
2102 148 2378 209 DIURNIS
2415 150 2903 213 ORATIONIBUS.

3305 154 3411 223 130

136 302 207 347 res
222 283 441 357 querela
479 281 683 349 delata,
713 280 987 336 decretum
1015 285 1099 333 est
1126 276 1191 332 ab
1222 276 1305 330 eis
1346 274 1556 329 diutino
1588 282 1703 328 tra-
1730 274 1784 336 Α
1811 272 2014 336 Sextae,
2054 270 2210 325 trinte
2239 268 2605 326 confessionis
2648 272 2902 341 exemplo
2929 280 3161 330 statutus
3204 288 3326 347 est,
3357 291 3412 336 et

136 387 259 436 ctatu
298 386 357 434 et
385 373 786 433 consultatione
810 371 1065 436 sollicita,
1096 378 1157 424 ut
1182 383 1353 439 usque
1374 366 1440 422 ad
1468 366 1599 422 solis
1622 381 1714 421 or-

136 483 262 536 tum,
310 484 423 541 quo
450 468 564 538 jam
592 468 709 522 sine
738 464 1035 521 offensione
1062 461 1149 517 vel
1180 461 1347 516 lectio
1376 456 1591 529 parari,
1622 457 1713 513 vel

133 578 255 634 opus
287 576 550 616 manuum
579 568 774 632 posset
819 555 1058 620 assumi,
1092 553 1250 609 fessis
1279 551 1598 622 corporibus
1626 566 1712 606 re-

134 653 363 709 fectione
389 665 641 708 concessa
663 693 677 718 ,
709 648 916 705 invitati
948 653 1072 717 post
1101 645 1219 701 haec
1246 644 1525 713 religionis
1553 642 1713 712 hujus

134 745 474 800 observantia
496 743 670 799 cuncti
691 741 899 812 pariter
914 755 946 796 e
968 738 1080 795 suis
1091 738 1278 794 stratis
1298 746 1708 807 consurgerent:

138 852 195 892 ac
218 837 388 892 tribus
410 834 622 907 psalmis
645 843 699 890 et
721 832 1060 889 orationibus
1084 831 1393 893 celebratis,
1420 829 1714 884 secundum

135 927 345 985 modum
375 926 463 998 qui
498 925 796 997 antiquitus
843 925 900 980 in
948 922 1332 980 observatione
1370 920 1605 988 Tertiae,
1630 918 1719 975 vel

1816 375 2011 418 somno
2031 360 2294 431 deinceps
2327 362 2515 431 finem,
2547 370 2602 417 et
2623 360 2835 417 initium
2864 364 3191 433 operationi,
3215 369 3412 438 aequali

1815 454 1979 511 simul
2012 451 2381 509 moderamine
2402 455 2663 509 facerent.
2687 454 2790 522 Qui
2824 465 2979 526 typus
3006 456 3135 513 licet
3156 474 3223 513 ex
3250 473 3412 516 occa-

1815 547 1971 603 sione
1984 546 2227 601 videatur
2241 545 2520 613 inventus,
2535 548 2805 603 etrecenti
2829 550 3093 605 memoria
3115 567 3212 620 pro
3226 567 3409 621 causa,

1816 654 1980 711 quam
2031 638 2291 705 diximus,
2335 646 2573 694 statutus
2600 649 2889 708 appareat;
2933 650 3113 697 tamen
3140 642 3287 698 illum
3316 661 3417 700 iiu-

1816 750 2049 803 merum,
2068 750 2231 805 quem
2248 734 2495 805 designat
2512 735 2704 792 beatus
2722 736 2939 807 David,II
2965 754 3285 811 quamquam
3309 742 3419 810 ερί.

1816 830 2029 885 ritalem
2046 843 2263 901 quoque
2283 828 2480 884 habeat
2493 829 2851 900 intellectum,
2869 833 3166 889 secundum
3182 835 3418 891 litteram

1821 922 2270 979 manifestissime
2313 922 2528 994 supplet
2557 940 2570 976 :
2599 920 2629 962 ι)
2654 922 2855 994 Septies
2884 925 2939 979 in
2970 926 3052 980 die
3077 926 3282 982 laudem
3309 928 3421 985 dixi

1186 1059 1277 1116 AL
1288 1063 1318 1113 Ᾱ
1332 1058 1450 1114 RDI
1495 1057 1730 1115 GAZIEI
1772 1058 2349 1117 COMMENTARIUS.

206 1192 231 1222 ⁸
258 1184 333 1239 De
360 1184 585 1251 spiritali
614 1182 893 1237 intellectu
915 1194 1012 1236 seu
1038 1179 1268 1251 mystico
1296 1176 1523 1251 numeri
1535 1186 1717 1247 septe-

138 1256 263 1309 narii
289 1248 452 1323 agunt
482 1256 542 1309 D.
576 1254 804 1308 Basilius
846 1251 1027 1307 homil.
1072 1248 1132 1306 ﬂ
1169 1250 1454 1323 Hexaem.,
1485 1248 1717 1319 Gregor.

136 1321 445 1380 Nazianien.
473 1334 610 1379 orat.
652 1326 745 1386 94,
782 1325 1001 1377 Hieron.
1029 1336 1080 1377 c.
1108 1337 1138 1374 v
1167 1321 1354 1385 Amos,
1390 1322 1727 1388 Augustinus

140 1398 228 1449 lib.
258 1412 307 1450 xi
336 1398 399 1449 de
429 1398 644 1450 Civitat.
678 1410 800 1464 cap.
832 1395 896 1449 ’51
924 1434 938 1457 ,
972 1403 1036 1464 et,
1072 1392 1373 1459 Gregorius
1413 1390 1507 1464 lib.
1554 1392 1731 1464 primu

138 1466 403 1536 Moralium
436 1482 559 1536 cap.
593 1468 647 1520 ll
687 1459 879 1536 et:12,
904 1472 958 1516 et
988 1463 1125 1536 libro
1146 1476 1313 1536 __xxx_v
1342 1461 1517 1536 capite
1618 1467 1672 1513 et
1700 1461 1731 1512 7

139 1536 293 1606 (Vide
329 1528 625 1590 Natam-rum
645 1537 702 1589 in
729 1528 1017 1606 Comment.
1039 1533 1103 1606 de
1137 1532 1400 1606 Oratio.et
1437 1528 1587 1583 Horis
1611 1547 1724 1586 can.

136 1603 178 1659 c.
213 1605 307 1676 5).
337 1610 673 1674 Quamquam
722 1603 1023 1674 spiritalem
1074 1603 1403 1676 intellectum
1440 1616 1719 1670 possumus

135 1671 295 1730 etiam
328 1671 579 1745 accipere
626 1692 727 1744 pro
757 1671 1023 1743 'flgurato,
1064 1688 1166 1741 quo
1210 1671 1410 1745 scilicet
1458 1685 1718 1745 numerus

134 1746 395 1800 deiinitus
429 1740 529 1815 pro
574 1740 854 1815 indelinini
904 1740 1165 1815 sumitur;
1210 1741 1345 1815 quod
1388 1740 1638 1815 frequens
1671 1744 1723 1797 in

133 1812 447 1885 Scriptura,
481 1832 605 1870 nam
635 1816 764 1869 illitd
792 1814 997 1880 Septies
1038 1815 1088 1865 in
1114 1812 1366 1885 dieidem
1396 1826 1458 1865 ac
1500 1812 1721 1879 stepius,

130 1882 404 1957 quotidie,
436 1882 784 1957 frequenter,
826 1894 889 1957 ut
924 1886 1165 1957 superius
1208 1882 1588 1957 indicavimus;
1616 1899 1725 1953 quo

130 1952 303 2013 etiam
337 1956 495 2012 modo
518 1952 800 2022 exponitur
825 1954 955 2007 illud
991 1971 1001 2005 :
1038 1953 1254 2024 Semper
1282 1952 1396 2007 laus
1426 1956 1537 2024 ejus
1558 1954 1612 2005 in
1637 1952 1727 2008 ore

134 2044 250 2081 meo
275 2027 447 2097 (Psal.
479 2028 691 2098 xxxiii),
726 2027 845 2098 quia
870 2023 1208 2098 septenarius
1228 2032 1316 2098 est
1336 2039 1594 2077 numerus
1621 2025 1727 2093 ple-

130 2093 389 2152 nitudinis
413 2107 470 2151 et
516 2093 912 2162 universitatis,
948 2105 1000 2149 ut
1032 2094 1194 2149 iidem
1225 2093 1413 2149 Patres
1445 2104 1727 2163 exponunt

134 2167 294 2239 (Vide
318 2170 459 2249 infra
488 2168 580 2249 lib.
609 2184 699 2249 vin
728 2183 842 2249 cap.
873 2165 990 2237 η).
1109 2165 1450 2233 Augustinus
1476 2166 1616 2249 loco
1644 2166 1720 2247 ci-

133 2238 242 2293 tato
270 2258 283 2292 :
320 2238 505 2306 Totus,
540 2239 750 2307 inquit,
778 2238 949 2307 impar
978 2238 1175 2307 primus
1202 2251 1443 2307 numerus
1468 2238 1727 2288 ternarias

134 2319 224 2373 est,
250 2320 386 2363 totus
429 2327 526 2382 par
552 2306 936 2382 quaternarius,
963 2323 1032 2382 et
1066 2306 1248 2376 quibus
1292 2306 1491 2382 duobus
1521 2316 1727 2382 quater:

134 2383 310 2434 uarius
342 2377 715 2434 constat.‘ldeo
752 2396 845 2448 pro
884 2379 1120 2432 universo
1156 2393 1289 2446 swpe
1318 2378 1548 2445 ponitur,
1579 2377 1730 2430 sicuti

134 2462 204 2505 est
227 2467 247 2504 :
283 2470 301 2504 ι
342 2451 547 2523 Septies
568 2452 718 2523 cadet
736 2453 938 2522 justus,
968 2459 1015 2523 et
1037 2458 1315 2523 resurget:
1351 2466 1369 2498 ι
1402 2448 1457 2500 id
1468 2457 1571 2523 est,
1602 2463 1731 2523 gua-

134 2518 448 2591 tiescumque
474 2518 865 2585 ce’cideritfnon
896 2521 1099 2591 peribit.
1124 2518 1276 2591 Quod
1298 2534 1419 2591 non
1442 2519 1506 2570 de
1541 2518 1731 2591 iniqui-

138 2589 468 2660 tatibus,_sed
510 2594 575 2648 de
611 2589 1032 2646 tribulationibus
1061 2590 1129 2642 ad
1164 2589 1511 2642 humilitatem
1540 2590 1730 2656 perdu-

136 2664 358 2717 centibus
410 2665 633 2735 intelligi
678 2664 941 2735 uoluit;_et
969 2679 1005 2735 μς
1044 2660 1242 2731 Septies
1271 2661 1327 2712 in
1375 2660 1460 2735 die
1507 2659 1732 2735 laudabo

137 2742 183 2787 te
202 2751 220 2787 :
254 2754 276 2787 ›
307 2736 448 2804 quod
478 2729 603 2789 alibi
635 2733 923 2804 alioimodo
944 2729 1139 2785 dictum
1168 2740 1242 2784 est
1270 2746 1353 2804 δι’
1384 2729 1600 2804 Semper
1620 2730 1734 2782 laus

137 2806 243 2868 eius
278 2800 333 2858 iii
383 2822 475 2860 ore
505 2822 639 2860 meo.
678 2824 697 2857 ›
724 2803 794 2857 Et
825 2804 982 2856 multa
1014 2801 1311 2873 hujusmodi
1337 2801 1405 2873 in
1427 2800 1614 2852 diuinis
1638 2817 1735 2852 au-

137 2878 455 2931 ctoritatibus
483 2877 825 2943 reperiuntur,
846 2876 899 2928 in
928 2871 1114 2941 quibus
1152 2871 1471 2941 septenarius
1497 2885 1734 2924 numerus

139 2962 229 3019 pro
258 2951 520 3019 cujusque
542 2949 615 3000 rei
641 2946 970 3019 universitate
1001 2944 1126 3012 poni
1151 2943 1301 3019 solet.

204 3016 231 3055 ι’
262 3010 377 3074 Ιιόο
408 3010 711 3071 βεειιηιῖειω
731 3018 911 3083 elegio
950 3010 1009 3069 et
1032 3013 1281 3082 exemplo
1311 3010 1730 3083 comprobantur

138 3097 189 3142 et
214 3090 667 3144 commendantur
709 3082 943 3141 maxime
991 3098 1179 3152 preces
1206 3083 1310 3137 illa!
1338 3082 1608 3137 Solennies
1629 3123 1644 3148 ,
1677 3094 1731 3138 et

140 3158 326 3215 divinae
352 3162 549 3215 laudes
580 3160 630 3213 in
660 3158 901 3213 Ecclesia
926 3154 1357 3225 institutaa(qiias
1388 3152 1548 3206 horas
1568 3168 1730 3209 cauo-

139 3230 283 3285 nicas
308 3232 625 3300 vocamus).
658 3229 1088 3300 Qiiamvisenini
1117 3240 1521 3300 p_er_nuinerum
1552 3236 1730 3294 septe-

138 3302 340 3356 narium
372 3307 430 3356 in
454 3296 832 3356 illovers’iculo
857 3298 994 3353 nihil
1017 3296 1161 3351 aliud
1189 3296 1547 3365 significetur,
1574 3312 1730 3361 quam

140 3370 507 3442 frequentatio
532 3372 706 3426 laudis
724 3369 923 3424 divinie
938 3385 964 3442 ;ﬂ
981 3368 1254 3442 quomodo
1286 3365 1604 3442 intelligitur
1626 3369 1733 3442 fre-

139 3438 307 3564 quens
329 3448 543 3513 lapsus,
575 3457 696 3498 cum
723 3442 922 3495 dicitur
942 3438 1199 3493 Proverb.
1228 3452 1352 3491 xxiv
1383 3455 1394 3487 :
1428 3438 1631 3506 Septies
1676 3440 1730 3490 in

175 3515 218 3564 i'e
246 3517 385 3564 cadit
420 3519 624 3564 iustus:
654 3524 831 3564 tamen
862 3526 969 3564 non
1015 3511 1133 3563 sine
1163 3522 1325 3563 causa
1354 3522 1418 3561 ex
1466 3508 1567 3561 huc
1616 3507 1730 3563 loco

175 3515 218 3588 ie
246 3507 397 3588 cadit
408 3519 591 3588 justus
603 3529 624 3588 _;
654 3524 831 3567 tamen
862 3526 969 3565 non
1015 3511 1133 3588 sine
1163 3522 1331 3588 causa
1354 3522 1442 3588 εξχ⁸
1466 3508 1567 3588 hoc
1616 3507 1734 3588 loco

140 3582 374 3641 Ecclesia
408 3579 569 3640 usum
602 3585 857 3639 horarum
897 3583 1277 3635 canonicarum
1320 3579 1625 3632 instituisse
1654 3580 1735 3632 vi-

138 3654 312 3711 detur.
343 3659 485 3713 Nam
536 3670 662 3711 cum
709 3653 775 3708 ad
824 3653 1175 3707 imitationem
1221 3662 1328 3703 tam
1363 3648 1434 3716 pii
1465 3659 1519 3701 et
1563 3649 1736 3703 sancti

138 3728 277 3795 regis
304 3730 482 3783 vellet
505 3727 646 3781 ﬁlios
678 3739 806 3778 suos
834 3723 1458 3795 frequetitissime_l)euii_i
1495 3719 1732 3795 laudare,

138 3789 342 3866 septem
379 3800 551 3853 horas
596 3795 791 3851 merito
820 3793 1140 3865 designavit,
1182 3790 1378 3860 quibus
1407 3789 1616 3866 clerici,
1644 3804 1738 3843 seu

139 3861 525 3933 ecclesiastici,
563 3868 762 3921 divinis
808 3861 1055 3919 laudibus
1079 3872 1361 3925 vacarent;
1391 3868 1528 3933 tum_
1552 3861 1618 3913 ad
1647 3875 1741 3913 ex-

138 3941 475 4004 pressiorem
505 3931 653 3993 illius
680 3937 913 4005 exempli
944 3935 1317 4005 imitationem,
1342 3941 1452 4005 tum
1479 3931 1742 4005 obnsepte-

136 4000 269 4064 narii
295 4011 523 4066 numeri
556 4000 945 4078 perfectionem
985 4016 1044 4078 et
1079 4004 1365 4078 mysticam
1391 4000 1743 4078 significatio-

137 4094 294 4150 nem,
342 4082 415 4138 de
467 4072 573 4150 qua
624 4078 785 4133 infra.
820 4078 955 4131 Hinc
1077 4072 1415 4150 Ambrosius
1444 4072 1537 4150 lib.
1572 4087 1642 4127 νη
1687 4074 1738 4150 in

135 4143 365 4219 Lucam,
415 4143 498 4206 in'
523 4150 658 4205 illud
690 4163 807 4216 cap.
846 4150 952 4219 H_:
990 4147 1118 4212 Quis
1147 4156 1367 4219 uestrum
1396 4143 1581 4198 habens
1610 4145 1744 4197 ami-

134 4236 275 4286 cum,
306 4217 418 4276 etc.
450 4222 536 4286 Si,
562 4221 757 4290 inquit,
780 4220 867 4273 ille
894 4217 1082 4283 David,
1103 4217 1295 4270 scilicet
1317 4226 1421 4269 tam
1444 4223 1743 4290 sunctus,_et

134 4292 217 4363 qui
249 4293 401 4363 regni
422 4301 549 4363 erat
579 4286 964 4363 necessitatibus
1004 4297 1313 4363 occupntus,
1358 4287 1540 4363 septies
1566 4289 1618 4363 in
1663 4286 1745 4340 die

135 4357 349 4417 laudem
403 4362 631 4416 Domino
684 4361 911 4428 dicebat,
942 4358 1206 4413 matutinis
1247 4368 1293 4412 et
1323 4357 1617 4428 vespertinis
1660 4372 1747 4409 sa-

134 4434 354 4500 criﬁciis
378 4449 585 4502 semper
615 4434 857 4496 intentus,
881 4432 1007 4503 quid
1026 4447 1119 4484 nos
1141 4431 1309 4495 facere
1327 4436 1545 4503 oportet,
1576 4429 1664 4503 qui
1689 4443 1747 4503 ea

133 4499 372 4567 amplius
418 4499 600 4575 rogare
651 4499 920 4568 debemus,
967 4518 1066 4572 quo
1104 4500 1432 4627 grequentius
1472 4499 1641 4551 carnis
1688 4501 1748 4551 ac

133 4576 337 4626 mentis
369 4576 656 4627 trauilitate
701 4574 1080 4627 delinquimus?
1146 4573 1193 4625 ic
1231 4569 1585 4627 Ambrosiusl
1620 4567 1748 4622 Vide

130 4576 337 4626 mentis
368 4567 656 4643 fragilitate
701 4567 1080 4643 delinquimus?
1104 4567 1193 4627 Sic
1231 4569 1588 4643 Atiibrosius_(
1620 4567 1750 4643 Vide

132 4640 539 4705 Basil.,'ser'm.
579 4645 606 4696 l
658 4646 719 4696 de
750 4640 919 4697 Instit.
972 4644 1257 4710 Monach).
1290 4641 1498 4710 Verum
1526 4640 1595 4692 de
1647 4642 1749 4692 lioc

133 4714 477 4780 septenario
506 4728 730 4766 numero
772 4714 1023 4769 horarum
1064 4709 1443 4767 canonicarum
1472 4709 1594 4763 duae
1624 4718 1750 4763 sunt

132 4787 467 4841 sententiae.
486 4784 734 4851 Quidam,
752 4797 799 4840 et
820 4785 930 4841 fere
945 4780 1750 4854 antiquiores,complectuntur

134 4856 239 4909 hoc
265 4872 514 4911 numero
541 4857 879 4911 solummodo
902 4857 1067 4911 horas
1083 4853 1332 4917 diurnas,
1369 4853 1467 4907 hoc
1497 4861 1599 4912 est.
1628 4865 1748 4920 quae

133 4927 379 4981 interdiu
409 4928 683 4981 celebrari
706 4937 799 4982 aut
838 4928 1056 4982 recitari
1083 4926 1281 4989 solent,
1313 4939 1505 4990 nempe
1526 4922 1746 4977 Matuti-

132 5014 281 5063 nam,
311 5001 437 5053 sive
462 4998 676 5053 Laudes
704 5000 1018 5064 matutinas,
1041 4997 1297 5063 Primam,
1325 4995 1581 5060 Tertiam,
1613 4996 1748 5049 Sex-

134 5079 262 5129 tam.
289 5070 535 5125 Nonam.
570 5070 839 5140 Vesperas
860 5082 912 5124 et
933 5066 1378 5140 Completorium.
1414 5065 1634 5140 Vigilius
1653 5082 1747 5120 au-

139 5150 267 5204 tem,
299 5144 432 5194 sive
459 5138 700 5195 officium
726 5150 1071 5205 nocturnum,
1098 5138 1239 5210 quod
1265 5138 1555 5205 improprie
1579 5138 1747 5210 Matu-

134 5212 275 5265 tiiias
299 5212 669 5280 appellamus,
685 5213 756 5266 ab
772 5208 1744 5280 hocnumero'separantetseparatim

130 5278 567 5352 collocaiit,quia
582 5282 727 5337 diem
746 5279 1388 5352 intelliguntartificialein
1411 5281 1463 5352 in_
1481 5278 1571 5352 illo
1585 5280 1765 5337 νει-δίε

130 5298 434 5351 couocaiit,
483 5298 727 5337 uiaaiem
746 5298 1388 5352 intelliguntartinciatem
1411 5298 1459 5331 in
1481 5298 1571 5331 uio
1585 5298 1746 5332 versi-

128 5352 254 5424 culo
282 5298 626 5424 signiﬁcari:
649 5354 742 5423 qui
771 5354 1024 5409 nimirum
1051 5354 1117 5407 ab
1139 5365 1334 5424 aurora
1362 5348 1543 5418 incipit
1565 5352 1746 5424 (quam

128 5421 265 5477 Galli
278 5421 420 5479 nube
436 5424 514 5477 du
515 5421 840 5493 jour,’quasi
859 5424 1218 5480 albescentem
1234 5423 1375 5477 diem
1397 5434 1635 5493 iiuiiciip.:
1648 5422 1747 5488 nt).

128 5502 179 5545 et
196 5509 369 5550 noete
384 5491 731 5551 adventante
750 5494 1017 5549 (initurJn
1044 5498 1182 5549 hunc
1198 5495 1411 5549 modum
1438 5491 1576 5543 haud
1592 5493 1749 5546 dubie

126 5564 430 5621 Cassianus
486 5565 631 5622 hunc
674 5580 969 5622 numerum
1008 5566 1299 5621 intellexit.
1334 5567 1460 5632 Agit
1504 5561 1646 5615 enim
1696 5563 1747 5632 in

127 5633 243 5691 hoc
266 5637 419 5693 libro
440 5645 515 5697 de
535 5639 748 5696 diurnis
771 5635 988 5702 ofticiis,
1012 5638 1148 5695 sicut
1169 5631 1449 5706 superiore
1472 5633 1612 5691 libro
1640 5631 1749 5702 egit

1825 1180 1893 1235 de
1940 1182 2239 1247 nocturnis,
2275 1190 2331 1236 ut
2380 1179 2500 1251 ipse
2550 1176 2863 1249 profitetur.
2908 1179 3062 1238 Unde
3099 1178 3427 1251 praecedenti

1832 1253 2322 1325 capiterenuiuerat
2353 1254 2585 1325 primum
2621 1262 2732 1325 tres
2778 1253 2940 1325 horas
2988 1262 3116 1310 tunc
3165 1258 3423 1325 temporis

1832 1323 2201 1387 celebriores,
2253 1337 2450 1391 nempe
2500 1321 2769 1386 Tertiam,
2818 1323 3039 1378 Sextam
3082 1334 3135 1378 et
3183 1321 3421 1392 Nouum;

1835 1393 2032 1465 deinde
2064 1394 2341 1465 subjungit
2368 1395 2732 1465 vespertinum
2764 1392 3123 1459 sacrificium,
3172 1395 3274 1451 hoc
3303 1408 3383 1452 est
3406 1439 3421 1465 ,

1836 1462 2073 1518 officium
2099 1463 2495 1534 Vesperaruiii;
2526 1478 2588 1517 ac
2610 1463 3106 1534 denium_meinimt
3130 1462 3422 1532 Matutinze,

1834 1535 1886 1587 in
1917 1550 2023 1603 qua
2050 1531 2261 1588 canitur
2299 1536 2536 1602 psalmus
2571 1551 2582 1584 :
2629 1531 2789 1597 Deus,
2816 1531 2957 1588 Deus
2998 1553 3161 1603 meus,
3196 1540 3262 1589 ad
3290 1548 3335 1591 te
3363 1540 3427 1593 de

1830 1602 1945 1678 luce
1989 1605 2175 1677 vigilo,
2213 1605 2357 1678 qinid
2401 1608 2474 1678 ιη-
2504 1606 2557 1658 iii
2603 1603 2895 1658 Laudibus.
2929 1606 3057 1661 Cum
3111 1622 3239 1678 ergo
3265 1609 3425 1663 horas

1831 1674 2069 1741 diurtiai,
2094 1692 2187 1731 seu
2219 1674 2394 1730 elficia
2424 1674 2638 1747 diurna,
2673 1690 2766 1729 sex
2794 1686 3093 1747 enumeret,
3127 1674 3321 1747 quibus
3348 1678 3427 1734 di-

1829 1747 1902 1800 cit
1928 1750 1980 1800 in
2002 1746 2289 1811 hocrapite
2313 1746 2711 1809 superadditani
2731 1746 2896 1801 fuisse
2920 1748 3077 1801 aliam
3108 1746 3427 1806 matutinum

1829 1817 2250 1875 solemnitatem.
2281 1816 2332 1870 id
2361 1827 2469 1876 est,
2504 1815 2759 1879 Primam,
2793 1827 2849 1870 ut
2892 1834 3148 1872 numerus
3179 1830 3427 1885 septena-

1828 1888 1941 1942 rius
1973 1902 2001 1941 a
2030 1886 2311 1942 Psalniisla
2341 1888 2654 1955 designatus
2684 1888 2899 1956 proprie
2929 1898 2983 1943 et
3013 1891 3306 1945 secundum
3336 1893 3428 1945 Iit-

1833 1966 2003 2013 teram
2033 1959 2432 2026 cmup'eretur;
2463 1972 2802 2025 consequens
2837 1970 2940 2025 est,
2971 1970 3027 2013 ut
3049 1961 3280 2029 vigilias,
3314 1964 3427 2019 sive

1828 2040 2121 2083 nocturnos
2134 2040 2287 2083 extra
2305 2031 2449 2083 hunc
2462 2029 2824 2095 septciiariuin
2848 2031 3107 2092 posuerit.
3123 2032 3228 2087 Sed
3256 2036 3427 2088 inulto

1827 2100 2027 2154 clarius
2053 2110 2105 2153 et
2134 2102 2445 2168 expressius
2485 2107 2678 2168 noster
2708 2097 2770 2149 l).
2798 2099 3117 2153 Benedictus
3161 2103 3302 2157 hunc
3332 2121 3427 2158 nu-

1831 2185 2034 2224 merum
2081 2170 2147 2224 ad
2193 2167 2367 2224 officia
2416 2171 2606 2223 diurna
2653 2167 2935 2240 dumtaxat
2981 2170 3163 2223 retulit.
3208 2188 3324 2240 cap.
3358 2174 3427 2227 16

1828 2240 2067 2310 Regula},
2108 2240 2264 2309 cujus
2297 2240 2492 2312 titulus
2512 2247 2595 2292 est
2622 2255 2633 2290 :
2671 2238 2907 2312 Qualiter
2933 2238 3291 2312 divinaiopera
3311 2311 3318 2312 ί
3339 2259 3428 2310 per

1830 2312 1971 2363 diem
1992 2320 2246 2379 agantur;
2273 2312 2357 2365 cui
2382 2311 2535 2363 titulo
2558 2310 2888 2379 re5pundens
2913 2311 3043 2364 dicit
3077 2329 3087 2363 :
3116 2310 3181 2366 Ui
3206 2314 3275 2365 ait
3298 2311 3424 2367 Pro-

1831 2386 2004 2451 pheta,
2043 2398 2061 2430 ι
2094 2380 2293 2449 Septies
2322 2383 2372 2433 in
2396 2380 2479 2433 die
2497 2380 2700 2454 laudem
2729 2381 2837 2454 dixi
2867 2381 2995 2454 tibi._
3016 2400 3033 2433 ι
3065 2382 3165 2449 Qui
3192 2397 3425 2454 scp'ena-

1832 2455 1939 2506 rius
1968 2459 2201 2522 sacratus
2222 2467 2468 2522 numerus
2498 2469 2529 2504 a
2552 2451 2695 2505 nobis
2720 2454 2795 2522 sic
2819 2451 3135 2522 implebitur,
3170 2455 3213 2507 si
3244 2451 3431 2508 Matu-

1834 2524 1973 2597 time,
2001 2520 2211 2583 Priiiiw,
2243 2519 2453 2587 Tertiae,
2480 2523 2672 2587 Sextia,
2695 2519 3165 2597 -Norite,_Vesperi,
3192 2523 3431 2597 Comple-

1833 2595 2051 2662 toriique
2098 2603 2320 2661 tempore
2360 2604 2550 2647 nostris
2576 2592 2830 2663 servitutis
2859 2592 3394 2663 ofﬁciapersolvarnus
3413 2637 3430 2663 ,

1833 2665 1951 2737 quia
1979 2664 2053 2737 de
2086 2663 2582 2737 hishhorisdiunnis
2613 2663 2737 2737 dicit
2766 2661 3112 2737 PrOptieta,_i
3142 2665 3339 2737 Septies
3380 2661 3431 2722 in

1834 2734 2136 2807 dielaudem
2149 2734 2259 2807 dixi
2276 2734 2387 2807 tibi.
2422 2732 2603 2807 [Nam
2620 2733 2956 2807 denocturnis
2968 2732 3299 2801 ttigilii‘sid'em
3326 2741 3431 2807 ipse

1842 2804 2104 2873 PrOpheta
2132 2806 2255 2875 ait_:
2288 2802 2494 2856 «Media
2524 2812 2671 2875 nocte
2697 2805 2963 2871 surgebam
2996 2806 3064 2857 ad
3088 2802 3431 2875 conﬁtendum

1836 2876 1947 2930 tibi.
1989 2894 2008 2926 ι
2043 2875 2182 2944 Ergo
2210 2873 2289 2927 liis
2331 2873 2639 2943 temporibus
2669 2877 2954 2944 referamus
2975 2873 3432 2944 laudes—Creatori

1761 2927 1806 2991 (ἶ
1838 2927 2013 3018 nostra
2031 2927 3427 3018 supcrjudiciajustititesure,id_est,M

1834 3017 2033 3084 Tertia,
2067 3012 2254 3079 Sexta,
2292 3012 2465 3079 Nona,
2503 3012 2758 3081 Vespera,
2792 3014 3171 3085 Completorio,
3213 3031 3259 3072 et
3288 3012 3433 3075 nocte

1831 3104 2105 3162 surgamus
2132 3086 2199 3162 an
2225 3084 2570 3162 conﬁtendum
2601 3085 2667 3137 ei.
2690 3084 2908 3162 Haec__D.
2932 3087 3282 3162 Benedictus,
3310 3108 3431 3162 quae

1832 3156 2058 3214 totidem
2086 3157 2266 3212 verbis
2295 3158 2536 3228 citantur
2556 3170 2621 3210 ex
2652 3156 2885 3228 concilio
2914 3157 3209 3228 Agatbensi
3248 3156 3341 3218 lib:
3372 3180 3431 3218 tu

1836 3230 2126 3294 Decretal.,
2182 3230 2262 3281 tit.
2296 3230 2359 3299 de
2400 3226 2653 3283 Celebrat.
2699 3225 3004 3295 Missurum,
3040 3245 3162 3299 cap.
3190 3235 3240 3287 1.
3273 3235 3431 3288 Juxa

1833 3317 1991 3370 quem
2022 3314 2239 3354 sensum
2286 3298 2559 3353 fatendum
2588 3306 2672 3352 est
2711 3308 2834 3354 octo
2864 3316 2985 3356 esse
3018 3298 3177 3357 horas
3204 3305 3426 3366 canoni-

1841 3387 1953 3436 cas,
1989 3386 2213 3435 quarum
2246 3384 2349 3424 una
2380 3380 2640 3425 nocturna
2673 3374 2939 3425 versiculo
2964 3373 3057 3427 illo
3082 3376 3431 3427 commenda-

1842 3452 1927 3496 tur
1958 3459 1970 3492 :
2008 3440 2185 3493 Media
2206 3453 2352 3494 nocte
2376 3440 2679 3512 surgebant,
2705 3454 2809 3496 etc.
2841 3442 3058 3511 Septem
3078 3443 3197 3498 aliae
3224 3444 3433 3502 diurnae

1838 3513 2005 3566 altero
2033 3513 2298 3566 versiculo
2320 3512 2619 3581 designatae
2647 3528 2660 3563 :
2692 3512 2893 3582 Septies
2915 3515 3071 3567 indie
3095 3516 3301 3566 laudem
3322 3517 3431 3568 disi

1840 3584 1965 3648 tibi;
1996 3583 2047 3635 in
2075 3582 2161 3637 die
2192 3583 2442 3636 nimirum
2469 3582 2773 3646 artificiali,
2808 3592 2864 3635 ut
2898 3593 3110 3635 vocant.
3146 3585 3311 3636 l’orro
3340 3584 3433 3640 alii
3471 3602 3480 3612 '

1840 3666 1946 3710 tam
1980 3665 2297 3707 nocturnum
2336 3668 2497 3720 quain
2544 3651 2796 3704 diurnum
2844 3651 3077 3704 officium
3124 3652 3432 3718 septenario

1840 3739 2063 3779 numero
2079 3721 2747 3793 putantcompreliensum.
2767 3721 2949 3793 Itaque
2966 3720 3105 3771 diem
3128 3722 3427 3777 naturalem

1839 3790 2130 3859 significari
2166 3794 2371 3863 volunt,
2400 3799 2455 3843 et
2480 3798 2813 3863 nocturnos,
2842 3790 2963 3863 sive
2983 3800 3272 3844 nocturnas
3298 3795 3433 3863 vigi-

1843 3858 1961 3927 lias,
1989 3865 2146 3919 simul
2175 3878 2296 3917 cum
2346 3858 2620 3931 Laudibus
2667 3873 2762 3931 pro
2805 3874 2928 3931 una;
2950 3858 3086 3915 liora
3115 3858 3434 3931 computn'm

1845 3938 1863 4007 (
1892 3936 2031 3989 Beda
2058 3938 2111 3988 in
2126 3932 2313 4007 _lib._de
2343 3930 2684 4007 M_ed_itatio_n_e
2710 3930 2863 4007 Pass.
2890 3928 3265 4007 _Clirist.£nlsid—.
3296 3937 3384 3990 lib.
3414 3953 3433 3994 ι

1845 4000 1907 4060 de
1935 4007 2077 4075 Ofﬁr.
2112 4004 2345 4067 Eccles.;
2376 4003 2578 4075 Rabgnn.
2609 4002 2761 4075 lib._t_t
2787 4002 2850 4057 dc
2880 4000 3258 4059 Iustit.Cleric.
3282 4024 3301 4071 ;
3323 4007 3434 4061 Ru-

1845 4070 2099 4148 pert."lib.
2124 4093 2157 4148 _i
2201 4080 2262 4130 de
2287 4075 2425 4128 diur.
2474 4070 2643 4143 0/ﬁc.,
2678 4071 2862 4127 Glossa
2892 4076 2946 4128 iu
2968 4092 3037 4148 dc.
3071 4077 3093 4129 l
3129 4077 3191 4131 de
3232 4070 3432 4133 Celebr.

1848 4146 2081 4216 Missae).
2109 4146 2404 4201 Secundum
2424 4161 2573 4211 quem
2600 4148 2832 4217 modum,
2866 4150 2941 4200 ait
2966 4146 3432 4217 Turrecreinatus,

1848 4234 2019 4272 omnes
2050 4218 2191 4271 Itone
2222 4217 2485 4269 cauonicce
2515 4216 2834 4269 reducuntur
2871 4219 2939 4271 ad
2968 4235 3233 4273 numerum
3264 4232 3436 4289 septe-

1852 4290 2072 4353 narium,
2106 4289 2289 4357 quiest
2328 4302 2571 4340 numerus
2603 4296 2869 4352 sacratus;
2894 4300 2940 4342 et
2962 4290 3037 4343 sic
3065 4290 3195 4345 illud
3227 4289 3438 4346 Davidi-

1851 4376 2007 4433 cumr:
2042 4377 2059 4409 ι
2098 4359 2309 4433 Septies
2326 4357 2378 4410 in
2408 4359 2490 4411 die
2536 4358 2746 4433 laudent
2777 4359 2887 4433 dixi
2915 4358 3023 4422 tibi,
3063 4380 3083 4413 ι
3135 4363 3438 4433 intelligitur

1851 4432 1914 4484 de
1954 4432 2034 4483 die
2080 4428 2340 4491 naturali,
2370 4440 2418 4481 et
2444 4444 2544 4480 una
2572 4429 2685 4481 laus
2711 4430 2769 4495 ﬁt
2796 4432 2849 4483 in
2877 4440 3021 4485 nocte
3064 4428 3349 4500 artiﬁciali,
3386 4444 3435 4489 et

1851 4501 1972 4554 alia:
1998 4516 2169 4573 sexum
2199 4500 2281 4552 die
2294 4501 2744 4573 noctisejusdem,
2776 4502 2966 4573 scilicet
2998 4502 3207 4568 Prima,
3242 4504 3436 4573 Tertia,

1852 4573 2034 4645 Sexta,
2069 4569 2224 4623 Nona
2245 4611 2260 4634 ,
2281 4568 2596 4645 yndecima,
2619 4582 2832 4645 qualest
2876 4570 3124 4645 Vespera,
3158 4584 3205 4629 et
3234 4568 3441 4631 Duode;

1850 4644 2005 4709 cima,
2029 4657 2144 4713 qua:
2165 4651 2237 4713 est
2269 4638 2688 4713 Completorium.
2732 4640 2822 4697 Sic
2860 4643 2950 4698 ille
2970 4638 3237 4702 'alludens
3266 4650 3332 4701 ad
3364 4651 3440 4703 lo-

1851 4728 1972 4769 cum
2011 4712 2155 4766 illum
2190 4712 2426 4784 Matthxi
2459 4727 2559 4784 xx,
2593 4712 2661 4768 de
2691 4728 2797 4783 quo
2822 4729 3007 4784 supra.
3035 4718 3298 4773 (Steterunt
3344 4720 3440 4771 liu-

1846 4786 1937 4855 jus
1967 4782 2294 4838 difficultatis
2324 4783 2527 4837 decisio
2560 4782 2769 4856 pendet
2811 4782 2971 4842 ab‘ea
3003 4792 3300 4854 quaestione
3323 4830 3337 4856 ,
3368 4806 3435 4844 an

1853 4854 2102 4911 nocturni
2134 4856 2442 4909 dividantur
2482 4868 2511 4907 a
2558 4854 2829 4911 Laudibus
2874 4858 3184 4914 matutinis?
3232 4854 3363 4914 Nam
3395 4863 3439 4915 si

1851 4942 2147 4983 noeturiios
2171 4926 2472 4999 dividamus
2493 4937 2521 4975 a
2546 4923 2835 4993 Laudibus,
2864 4932 3046 4999 procul
3076 4931 3237 4986 dubio
3261 4933 3440 4999 plures

1850 5011 1971 5053 sunt
1995 5016 2154 5067 quam
2180 5003 2389 5067 septein
2420 4992 2570 5067 hora:
2589 4992 2885 5052 canonicte'.
2914 4998 2969 5053 Si
2994 5015 3122 5055 vero
3147 4992 3437 5055 noet'urnos

1847 5059 2138 5139 junga'inus
2182 5059 2676 5139 cuin_Laud_ibus,_
2718 5081 2826 5139 non
2876 5080 3033 5139 erunt
3078 5073 3178 5125 nisi
3210 5080 3434 5139 septem.

1852 5129 2086 5195 Proinde
2131 5146 2263 5212 curn
2303 5129 2546 5210 Duranto
2594 5134 2844 5212 existimo
2897 5129 3287 5212 distinguenda’
3321 5156 3440 5192 esse

1852 5219 2116 5279 tempora.
2147 5201 2271 5258 Fuit
2292 5203 2968 5279 .ettimﬁmtoadnocturnos
2996 5201 3145 5265 vu'r'ia
3175 5210 3441 5263 Ecclesia-

1852 5270 1982 5336 ruin'
2010 5270 2345 5348 consuetudo
2396 5271 2748 5348 (Ra‘dulphus
2791 5275 3086 5348 Tungrens.
3130 5294 3338 5347 prapos.
3376 5280 3439 5337 M

1853 5353 1917 5406 de
1936 5348 2132 5406 Canon.
2159 5345 2474 5409 observant.;
2495 5342 2759 5401 Duruntus
2785 5352 2847 5401 de
2859 5342 3018 5401 Ritib.
3041 5342 3238 5400 Eccles.
3264 5347 3354 5403 lib.
3384 5367 3441 5411 in

1854 5440 1967 5493 cap.
2002 5424 2065 5487 ὃς
2094 5418 2342 5493 Bellarm.
2371 5414 2461 5468 lib.
2483 5431 2498 5469 t
2524 5416 2588 5471 de
2611 5418 2727 5472 bon.
2761 5418 2860 5490 0p.
2888 5433 2934 5493 (ξ.
2972 5420 3027 5493 tl
3050 5421 3087 5488 ).
3110 5419 3439 5483 Quibusdam

1854 5488 2072 5548 iu'locis
2097 5488 2237 5562 apud
2265 5493 2477 5562 veteres
2506 5494 2638 5562 tres,
2664 5488 2911 5544 nocturni
2960 5490 3136 5562 tribus
3174 5492 3441 5550 distinctis

1855 5565 2023 5629 horis,
2062 5560 2109 5617 id
2136 5552 2243 5622 'est,
2277 5552 2447 5607 tribus
2477 5557 2675 5629 vigiliis
2702 5562 2979 5616 nocturnis
3006 5560 3437 5623 celebrabantur.

1858 5628 2094 5693 Unde’D.
2121 5632 2480 5689 dieronvmus
2502 5628 2559 5683 in
2588 5632 2747 5698 epist.
2780 5634 2845 5689 ad
2866 5631 3217 5689 Eustochium
3243 5630 3438 5703 (Epigr,
