4026 6212
172 106 279 172 153
685 110 772 168 DE
812 108 1290 170 C(ENOBIORUM
1329 111 1576 170 INSTIT.
1616 110 1749 167 LIB.
1793 110 1882 167 ill.
1910 141 1980 152 —
2007 109 2097 168 DE
2137 106 2413 170 DIURNIS
2449 107 2938 171 ORATIONIBUS.
3353 109 3459 176 134

170 192 330 298 pletis
376 224 659 281 matutinis
704 225 920 297 hymnis
950 226 1147 282 iterum
1188 233 1536 281 revertuntur
1559 222 1630 279 ad
1671 237 1763 280 so-
1786 227 1836 287 Α
1864 238 2150 294 emergens
2188 224 2437 295 quaedam
2484 225 2843 281 redundantia
2886 226 3177 283 bumorum
3230 236 3457 286 natura-

170 334 383 387 mnnm,
414 318 470 374 in
504 317 654 373 illam
700 330 919 374 causam
948 317 1310 373 nihilominus
1334 315 1769 384 incidentes,ob
1869 317 2003 373 lium
2043 316 2297 387 polluat,
2340 317 2432 373 vel
2479 316 2661 373 illusio
2705 326 3021 389 corrumpat
3063 318 3308 387 inimici,
3360 322 3453 381 vel

169 424 331 483 quam
362 409 822 481 compescendam
854 408 973 465 haec
1018 424 1050 465 a
1092 409 1404 465 senioribus
1440 407 1646 463 nostris
1674 422 1764 462 so-

168 503 430 559 lemuitas
478 501 728 557 instituta
770 510 874 559 est.
919 500 1022 557 Illa
1063 515 1300 573 namque
1322 499 1456 556 hora
1483 514 1604 556 eam
1633 514 1764 556 con-

166 610 449 652 summare
477 593 773 663 festinant,
810 609 919 667 qua
956 595 1449 667 negligentioribus
1474 593 1762 665 minusque

163 688 419 744 sollicitis
452 702 669 744 rursum
693 688 1001 745 dormiendi
1027 688 1285 745 reddatur
1315 686 1553 744 occasio.
1596 686 1757 754 Quod

163 780 497 838 omnimodis
525 781 643 837 ﬁeri
670 795 780 837 non
809 789 1065 853 oportet,
1114 781 1258 837 sicut
1297 783 1352 837 in
1380 779 1570 836 libello
1600 795 1762 850 supe-

159 874 303 928 riori
331 873 703 930 describentes
732 868 1109 946 Egyptiorum
1140 874 1391 947 synaxim
1422 873 1638 945 plenius
1663 886 1764 929 ex-

160 966 453 1036 posuimus
479 1011 495 1035 ,
549 981 617 1023 ne
662 967 1091 1038 puriﬁcationem
1137 978 1381 1024 nostram
1412 966 1759 1023 confessione

158 1058 398 1129 supplici
434 1067 492 1117 et
519 1060 863 1118 antelucanis
894 1061 1233 1120 orationibus
1277 1061 1630 1132 acquisitam,
1663 1060 1750 1116 vel

1870 416 2020 465 certe
2047 408 2391 466 intercedens
2420 408 2581 465 etiam
2608 410 2727 479 puri
2754 424 2818 466 ac
2851 410 3113 481 simplicis
3140 412 3323 468 somni
3357 428 3452 472 ro-

1865 501 2030 559 fectio
2073 503 2434 573 interrumpat
2480 502 2705 573 spiritus
2743 504 2917 558 nostri
2945 506 3239 572 fervorem,
3265 520 3333 563 sc
3355 515 3444 564 se-

1862 594 2105 665 pelactos
2129 595 2309 651 somni
2338 602 2561 665 torpore
2587 609 2685 665 per
2708 603 2883 650 totum
2905 596 3013 651 diei
3037 599 3271 667 spatium
3300 600 3448 657 iner-

1860 695 1946 746 tes
1975 689 2235 761 deinceps
2261 691 2594 761 ignavosque
2621 688 2887 744 traducat.
2912 689 3067 757 Quod
3107 691 3347 765 tEgyptii
3380 711 3448 752 ne

1861 780 2165 849 incurrant,
2198 781 2452 851 equidem
2500 795 2623 835 cum
2675 780 2889 836 soleant
2918 783 3084 837 certis
3110 785 3448 854 temporibus

1861 872 2029 929 etiam
2074 881 2201 929 ante
2252 872 2517 943 gallorum
2561 880 2783 926 cantum
2832 885 3200 943 consurgere,
3229 884 3256 913 ι
3285 876 3445 935 Missa

1860 965 2118 1021 canonica
2148 964 2451 1031 celebrata,
2498 977 2670 1035 usque
2699 963 2768 1019 sd
2804 964 2983 1021 lucem
3011 963 3041 1005 δ
3074 974 3194 1035 post
3222 967 3341 1026 haec
3365 972 3447 1033 vi.

1860 1056 2016 1127 gilias
2044 1055 2373 1123 extendunt;
2407 1065 2467 1112 ut
2494 1068 2592 1112 eos
2621 1057 3020 1126 superveniens
3055 1056 3150 1113 lux
3180 1062 3449 1119 matutina

1238 1175 1497 1235 ALABDI
1537 1173 1767 1233 GAZIEl
1805 1174 2360 1233 COMMENTARIUS.

161 1291 694 1366 deturpausationi,
727 1296 780 1352 id
808 1304 911 1361 est,
939 1295 1111 1366 quieti
1145 1303 1201 1352 et
1228 1311 1420 1351 somno
1445 1340 1460 1364 ,
1493 1295 1665 1351 dicit:
1701 1302 1758 1366 ut

312 1364 511 1439 digesti,
555 1367 606 1439 id
632 1375 750 1435 est,
781 1367 889 1438 jam
917 1364 1161 1439 decoctis
1190 1366 1327 1423 cibis
1352 1377 1517 1436 atque
1542 1364 1761 1435 deposi-

155 1434 237 1508 iis
255 1434 501 1508 leviores
529 1437 705 1494 eﬂecti
730 1453 759 1493 a
782 1434 1051 1508 gravitate
1071 1439 1343 1502 ciborum,
1375 1434 1594 1507 surgant
1622 1434 1755 1505 per-

151 1505 358 1574 vigiles
386 1516 439 1560 et
473 1509 681 1564 alacres
727 1505 1061 1563 ad'otlicium
1109 1508 1375 1575 divinum,
1409 1505 1601 1561 devote
1638 1521 1759 1575 per-

163 1575 466 1649 agendum,
511 1578 663 1646 juxta
712 1580 842 1633 illud
873 1579 941 1633 D.
968 1578 1280 1649 Hieronymi
1313 1574 1508 1648 (Epist.
1541 1577 1595 1645 ι)
1617 1574 1649 1631 ί
1680 1576 1763 1629 Ad

152 1645 446 1718 orationem
493 1645 585 1703 tibi
632 1660 775 1704 nocte
811 1651 1075 1718 surgenti,
1116 1645 1217 1702 non
1257 1645 1527 1718 indigestio
1557 1657 1757 1718 ructurn

1864 1302 2035 1367 ctem;
2066 1301 2379 1367 nontamen
2409 1293 2531 1349 ideo
2561 1294 2957 1367 damnandum,
2985 1311 3111 1354 cum
3140 1296 3453 1367 huiusmodi

1865 1363 2220 1440 accidentalia
2253 1372 2694 1440 proAtemporum
2720 1407 2735 1432 ,
2768 1366 3006 1421 locorum
3029 1408 3045 1432 ,
3085 1382 3147 1440 ac
3174 1363 3440 1440 persona-

1862 1450 1980 1506 rum
2009 1433 2330 1490 diversitate
2357 1433 2517 1506 facile
2542 1447 2855 1502 tuutentur;
2888 1433 3191 1506 prtrsertim'
3226 1452 3349 1493 cum
3381 1436 3435 1498 id

1860 1504 2062 1577 factum
2113 1506 2363 1577 videatur
2401 1505 2648 1576 duplici,
2697 1504 3139 1577 eaque'provida
3190 1509 3443 1570 ratione:

1861 1576 2036 1647 primo
2076 1576 2147 1631 ob
2174 1576 2570 1646 prolixitatem,
2601 1593 2697 1633 seu
2740 1576 3083 1647 augmentum
3119 1580 3287 1636 divini
3325 1582 3447 1638 olli-

1859 1645 1928 1718 cii
1956 1688 1969 1709 .
2003 1645 2303 1718 praesertim
2334 1648 2628 1718 lectionum
2653 1689 2669 1715 ,
2716 1645 3155 1718 antiphonarum,
3184 1659 3314 1718 etc.,
3343 1652 3442 1709 ad-

178 1717 324 1788 iiciat
344 1758 357 1781 ,
401 1718 493 1771 sed
517 1719 768 1772 inanitas.
803 1705 1096 1788 Sequitur:
1135 1717 1285 1785 Quod
1310 1705 1426 1770 υρῖο
1448 1726 1603 1771 restat
1629 1717 1757 1788 (sci-
1784 1705 1832 1766 Β
1859 1705 2241 1788 ᾶίιίὲῖηευρθι-
2271 1717 2331 1772 Β.
2365 1715 2634 1787 Virginis,
2653 1705 2783 1774 'nec
2818 1705 2925 1774 non
2955 1705 3443 1779 defunctorutn‘oi-

174 1787 292 1860 icet
319 1791 610 1860 temporis)
642 1799 753 1858 post
777 1787 1009 1860 vigilias,
1042 1789 1094 1860 id
1125 1795 1599 1860 est,_nocturnum
1633 1787 1753 1842 om-

152 1858 333 1929 ;iusn,
373 1876 406 1913 α
436 1859 689 1929 fratribus
709 1902 724 1923 ,
769 1858 858 1928 qui
883 1858 1114 1929 psalterii
1136 1858 1217 1929 vel
1244 1858 1527 1913 lectionum
1551 1860 1749 1927 aliquid

150 1927 389 1997 indigent
411 1926 446 1993 ,'
480 1928 534 1983 id
567 1936 651 1983 est
672 1969 687 1995 ,
730 1926 855 2000 opus
884 1926 1068 1981 habent
1092 1926 1290 2000 aliquid
1316 1931 1549 2000 psalterii
1576 1926 1653 1984 vel
1678 1930 1751 1985 le-

152 2000 388 2052 ctionum
416 2001 610 2068 legere,
646 1998 959 2064 perscrutari
988 2009 1075 2051 aut
1108 1998 1408 2067 providere,
1448 2001 1525 2055 ait
1549 2001 1751 2056 Turre-

150 2079 433 2141 crematus
455 2111 469 2135 ,
507 2069 828 2141 meditationi
852 2070 1197 2141 Ainserviatur,
1232 2071 1284 2125 id
1316 2084 1432 2141 εει,
1469 2071 1749 2141 impenda-

148 2148 277 2212 tur.
321 2137 418 2212 ilbi
450 2140 788 2212 _Sma_ragdus
828 2138 1019 2212 ,Abbas
1064 2148 1118 2194 et
1165 2139 1388 2212 Regulae
1420 2137 1743 2208 interpres:

146 2208 290 2280 {Van
322 2208 421 2271 hic,
448 2209 637 2280 inquit,
660 2208 916 2275 dormire,
944 2212 1077 2265 sicut
1100 2208 1311 2280 quidam
1332 2212 1543 2276 volunt,
1571 2212 1749 2266 beatus

146 2278 638 2345 Benedictusfsed
684 2281 899 2350 vigilare
938 2278 1132 2352 jubet}
1181 2298 1282 2335 non
1322 2284 1374 2336 in
1408 2284 1595 2337 lectulo
1625 2300 1749 2338 sane

147 2354 432 2425 quiescere
457 2392 472 2417 ,
505 2353 605 2425 sed
630 2352 957 2425 meditationi
992 2356 1143 2425 jubet
1167 2353 1431 2407 inservire.
1482 2354 1747 2425 Scriptum

146 2430 223 2495 φρ
258 2421 451 2495 enim;
497 2420 565 2495 l_n_
591 2422 768 2477 lectulo
798 2439 914 2495 meo
934 2420 1168 2495 qutesivi,
1198 2432 1243 2476 et
1265 2441 1364 2495 non
1395 2425 1564 2479 inveni
1596 2420 1747 2478 illum

146 2488 348 2562 (Cant.
374 2488 477 2616 "2.
514 2490 632 2545 Non
655 2494 789 2547 enim
812 2496 865 2547 in
897 2488 1089 2547 lectulo
1113 2494 1405 2547 carnalium
1430 2495 1747 2567 voluptatum

149 2561 385 2615 dilectus
453 2562 644 2616 Itristus
683 2564 957 2616 invenitur.
1005 2564 1094 2616 sed
1140 2565 1194 2616 in
1244 2565 1503 2616 laboribus
1533 2568 1742 2616 sanctis.

149 2561 385 2615 dilectus
412 2561 644 2617 Christus
683 2564 957 2631 invenitur,
1005 2564 1094 2618 sed
1140 2565 1194 2617 in
1244 2565 1503 2620 laboribus
1533 2561 1742 2631 sanctis,

149 2632 392 2686 excubiis
421 2634 578 2687 sacris
604 2678 617 2701 ,
665 2643 713 2687 et
754 2636 945 2689 crebris
971 2636 1321 2703 orationibus;
1369 2652 1471 2690 non
1497 2638 1742 2691 insomni

152 2712 392 2773 torpore,
423 2705 510 2756 sed
531 2706 584 2757 in
605 2704 897 2775 vigiliarum
920 2707 1172 2771 oratione,
1209 2716 1254 2760 et
1280 2708 1525 2761 orationis
1552 2709 1746 2761 inveni-

153 2782 242 2826 tur
298 2776 699 2845 compunctione.
762 2775 888 2831 Haec
928 2776 1281 2845 Smaragdus,
1340 2779 1514 2832 citans
1550 2778 1745 2833 deinde

155 2848 319 2916 hunc
355 2841 596 2916 qassiani
645 2845 820 2900 locum
849 2888 863 2912 ,
895 2849 949 2902 in
974 2863 1081 2916 quo
1108 2841 1407 2902 versamur.
1434 2848 1745 2903 Subscribit

156 2914 333 2999 etiam
373 2913 804 2999 Saliildegardis
849 2919 900 2972 in
950 2913 1335 2999 explicatione.
1362 2917 1617 2999 Regulae,
1651 2918 1739 2999 ubi

158 2996 229 3041 ex
263 2984 562 3057 praemissis
592 2984 834 3057 ejusdem
854 2984 1035 3043 verbis
1050 2987 1247 3042 infert:
1287 2984 1589 3042 Notandum
1606 2988 1744 3057 quod

1854 1788 1993 1843 liciis
2020 1834 2034 1857 ,
2086 1789 2383 1859 multisque
2423 1790 2756 1858 psalmorum
2782 1831 2796 1855 ,
2829 1792 3133 1847 orationum
3154 1835 3169 1857 ,
3198 1806 3441 1852 eorume-

1852 1861 2216 1915 morationum
2241 1860 2654 1933 appendicibus,
2680 1871 2735 1918 et
2755 1862 3143 1919 additamentis
3170 1865 3238 1919 de
3266 1879 3433 1933 novo,

1851 1938 1908 1984 et
1956 1945 2210 2003 successu
2264 1931 2540 2003 temporis;
2579 1933 2871 2003 institutis,
2922 1934 3118 2001 quibus
3150 1931 3436 2003 explendis

1850 2001 2191 2073 commodius
2237 2011 2294 2055 et
2336 2001 2613 2073 salubrius
2656 2002 2833 2056 visum
2864 2013 2980 2068 est,
3035 2001 3335 2073 praeseitim
3381 2006 3436 2061 in

1853 2070 2045 2151 diebus
2094 2071 2554 2151 solemnioribus,
2616 2075 2994 2151 tempestivius
3036 2070 3205 2151 quam
3261 2076 3437 2151 media

1851 2150 2016 2212 nocte
2046 2142 2111 2197 ad
2146 2152 2442 2197 nocturnos
2473 2155 2736 2212 surgere;
2761 2143 3025 2212 secundo,
3054 2142 3120 2199 ex
3147 2147 3249 2199 hac
3276 2147 3438 2204 etiam

1849 2210 2162 2288 diversitate
2187 2254 2201 2279 ,
2220 2284 2234 2288 _
2253 2222 2308 2268 et
2329 2210 2615 2288 varietate
2643 2211 2773 2267 illud
2795 2215 3071 2288 sequitur,
3109 2223 3170 2288 ut
3199 2215 3435 2288 assidue,

1849 2290 1907 2355 et
1937 2283 2188 2340 omnibus
2219 2284 2373 2339 horis
2404 2291 2511 2355 tam
2555 2284 2839 2339 nocturnis
2882 2283 3046 2355 quam
3090 2284 3303 2355 diurnis
3330 2283 3439 2342 laui-

1848 2354 2008 2409 detur
2038 2356 2177 2409 Deus
2201 2397 2216 2418 ,
2264 2364 2318 2410 et
2364 2354 2513 2409 nulla
2538 2368 2663 2422 pars
2691 2355 2868 2410 noctis
2892 2350 2921 2407 εἰ
2946 2355 3103 2411 laude
3134 2350 3314 2411 divina
3347 2372 3439 2413 va.

1847 2433 1955 2497 cet,
1984 2441 2104 2479 cum
2140 2425 2229 2480 alii
2269 2425 2402 2497 alias
2434 2426 2612 2479 noctis
2641 2439 2824 2495 partes
2851 2426 3171 2497 vigiliasque
3206 2426 3308 2481 sibi
3337 2428 3437 2485 de-

1846 2494 2097 2565 legerint,
2142 2511 2242 2552 nec
2271 2496 2433 2568 ullam
2467 2494 2656 2551 earum
2700 2494 2929 2567 prorsus
2958 2494 3430 2568 praetermiserim;

1846 2582 1969 2638 nam
1999 2568 2149 2622 multi
2180 2578 2329 2623 certe
2355 2566 2456 2621 hoc
2489 2566 2757 2638 tempore,
2788 2569 2880 2638 qui
2914 2566 3168 2636 privatim
3192 2566 3431 2627 cilicium

1846 2637 2096 2708 recitant,
2132 2640 2365 2708 primam
2398 2637 2572 2708 noctis
2606 2637 2901 2692 observant
2929 2638 3163 2708 vigiliam
3192 2653 3208 2704 ;
3241 2654 3436 2696 secun-

1808 2706 1967 2761 'dam
2017 2706 2330 2780 et’t’ertiam
2382 2707 2642 2779 Religiosi
2690 2708 2805 2780 fere
2847 2706 3152 2780 occupant;
3186 2720 3434 2779 quartam

1846 2779 2207 2834 communiter
2276 2780 2535 2849 ecclesiae,
2583 2779 2923 2834 cathedrales
2990 2779 3046 2836 et
3094 2780 3433 2849 collegiatae;

1844 2857 2004 2917 atque
2028 2850 2098 2903 ita
2125 2849 2171 2902 si
2198 2864 2302 2903 non
2334 2849 2401 2904 ab
2441 2848 2631 2903 iisdem
2658 2889 2674 2915 ,
2719 2858 2871 2904 certe
2900 2864 2928 2902 a
2960 2849 3192 2905 diversis
3222 2848 3317 2906 Dei
3345 2851 3431 2906 fa-

1849 2919 2010 2989 mulis
2038 2920 2223 2974 laudes
2249 2919 2446 2974 divina:
2484 2919 2708 2988 singulis
2741 2921 3023 2975 nocturnis
3051 2920 3246 2989 vigiliis
3286 2922 3436 2979 cele-

1846 2988 2106 3056 brentur,
2174 2999 2231 3044 ut
2299 2990 2608 3045 observavit
2665 2990 2907 3046 Thomas
2965 2988 3277 3047 Waidensis
3335 2992 3432 3048 lib.

164 3064 269 3140 tam
296 3056 350 3108 in
378 3063 572 3140 testdte,
602 3074 756 3129 quam
779 3059 833 3112 in
863 3058 1050 3140 hieme,
1077 3058 1277 3140 scilicet
1297 3058 1352 3112 in
1376 3060 1533 3114 tribus
1562 3056 1742 3113 lectio-
1772 3077 1816 3140 ρ
1847 3061 2143 3140 xxsvutde
2170 3060 2561 3140 SacEameptal.
2593 3074 2711 3132 cap.
2736 3060 2974 3118 24.Vide
2999 3061 3301 3121 Navarrum
3331 3063 3429 3121 lib.

162 3126 340 3188 nibus,
368 3134 417 3180 et
438 3128 591 3181 etiam
613 3126 743 3181 cum
788 3145 889 3183 una
930 3128 1140 3199 dicitur,
1175 3128 1362 3198 fratres
1390 3146 1479 3183 nec
1507 3140 1617 3199 post
1649 3146 1741 3183 no-

164 3203 401 3272 cturnos,
425 3212 515 3252 nec
544 3201 976 3272 postmatutinos,
1019 3198 1086 3252 ad
1111 3197 1298 3253 lectum
1326 3200 1393 3253 ad
1416 3197 1741 3272 pausaudum

163 3267 400 3342 redibant
425 3283 443 3321 :
464 3270 554 3324 sed
579 3271 653 3323 ita
686 3279 799 3341 post
827 3271 1053 3342 mediam
1080 3278 1280 3324 noctem
1310 3267 1585 3342 nociurnas
1610 3272 1741 3342 vigi-

164 3337 265 3391 lias
298 3347 519 3413 utroque,
534 3337 765 3413 tempore
808 3340 1193 3413 temperabant,
1243 3341 1378 3411 quod
1398 3338 1609 3413 Isaudes
1627 3337 1742 3410 jam

163 3416 436 3483 cantantes
458 3451 472 3477 ,
503 3411 884 3466 illucescentem
909 3409 1064 3465 'diem
1093 3409 1338 3465 viderent.
1390 3409 1457 3464 Et
1482 3428 1574 3483 pro
1604 3409 1743 3467 recto

166 3478 431 3553 disposito
451 3489 846 3553 tentperamento
872 3500 973 3536 non
1002 3484 1388 3552 gravabantur;
1436 3478 1523 3535 sed
1548 3482 1746 3553 gaude-

160 3547 316 3621 bant,
342 3550 465 3611 quia
505 3552 662 3613 etiam
698 3555 919 3619 amplius
939 3597 953 3619 ,
982 3547 1132 3621 quam
1164 3554 1333 3606 media
1359 3547 1523 3617 nocte,
1549 3547 1744 3621 pausa-

330 3622 488 3696 facta,
521 3631 565 3675 et
592 3622 777 3696 deinde
801 3618 1039 3696 excussa,
1068 3623 1218 3696 homo
1246 3633 1426 3696 postea
1443 3618 1660 3695 vigilans
1689 3625 1742 3696 in

163 3689 362 3743 viribus
403 3692 508 3764 suis
537 3693 737 3764 probis
772 3694 959 3764 vigiliis
988 3708 1091 3747 non
1120 3689 1439 3761 debilitatur,
1469 3689 1525 3746 ut
1556 3694 1747 3764 prtedi-

164 3771 307 3816 ctnm
338 3769 431 3814 est.
457 3760 585 3817 Hinc
613 3763 723 3819 ille.

241 3830 579 3908 Porro_quod
609 3835 675 3888 ad
704 3834 927 3908 alteram
953 3837 1080 3908 anni
1111 3844 1562 3908 partem,gnempe
1589 3843 1747 3908 aesta-

167 3910 307 3976 tem,
341 3902 556 3976 attinet,
583 3920 741 3973 quam
764 3921 794 3959 a
822 3905 1081 3966 Paschate
1111 3902 1279 3976 usque
1306 3905 1372 3959 ad
1404 3902 1745 3976 supradictas

166 3969 433 4028 kalendas
459 3969 781 4030 Novembris
808 3979 1048 4033 extendit
1075 3969 1262 4035 nost'er
1303 3976 1368 4031 D.
1395 3969 1741 4040 Benedictus,

166 4043 398 4119 statuit,
427 4044 607 4119 horam
625 4047 926 4118 vigiliarum
957 4051 1275 4119 agendarum
1312 4049 1385 4101 sic
1416 4063 1523 4119 esse
1552 4057 1746 4119 tempe-

168 4116 393 4191 randum
419 4158 434 4181 ,
464 4116 519 4170 id
545 4126 661 4191 est,
687 4116 789 4191 pro
819 4116 1025 4191 ratione
1059 4121 1318 4191 temporis
1347 4118 1507 4172 modo
1537 4118 1749 4191 accele-

166 4183 399 4258 randam
420 4227 433 4249 ,
458 4187 619 4241 modo
642 4183 989 4244 tardandum:
1021 4201 1079 4245 ut
1102 4183 1644 4258 brevissimotemporis
1670 4190 1751 4242 in-

169 4255 410 4329 tervallo,
430 4272 529 4329 quo
546 4259 730 4329 fratres
750 4262 815 4311 ad
837 4262 1078 4329 requisita
1096 4271 1295 4316 naturw
1307 4255 1516 4321 exeant,
1530 4262 1752 4327 interpo-

168 4326 296 4401 sito,
320 4324 580 4396 Matutini,
602 4328 656 4401 id
673 4324 1064 4401 est,tnatutinae
1087 4330 1319 4396 Laudes,
1341 4330 1613 4401 incipiente
1642 4324 1753 4401 luce

169 4398 562 4465 subsequantur.
588 4398 791 4466 Quibus
816 4402 999 4456 verbis
1020 4406 1241 4458 innuere
1263 4398 1472 4456 videtur
1490 4401 1560 4456 ob
1578 4399 1753 4457 brevi-

1849 3129 1915 3184 de
1947 3131 2095 3185 Orat.
2122 3145 2243 3201 cap.
2275 3133 2309 3187 5
2334 3140 2387 3185 et
2410 3131 2465 3186 4.

1918 3210 1943 3239 ιι
1976 3202 2088 3255 Hoc
2106 3212 2222 3277 est,
2275 3202 2460 3277 cilicio
2488 3204 2810 3277 matutinali,
2846 3220 2944 3261 seu
2978 3214 3247 3262 nocturno
3294 3220 3431 3277 per-

1844 3280 2064 3347 acto,_et
2089 3273 2325 3347 dimissis
2354 3273 2631 3339 fratribus,
2664 3284 2721 3331 ut
2742 3291 2902 3347 supra
2934 3278 3139 3333 dictum
3170 3286 3272 3332 est.

1919 3340 1947 3381 δ
1982 3344 2039 3397 id
2062 3353 2166 3415 est,
2197 3344 2371 3399 adhuc
2400 3348 2723 3415 pervigilant
2751 3340 3083 3403 iu'orationc
3112 3356 3167 3403 et
3195 3346 3429 3402 medita-

1845 3413 2016 3487 tione.
2070 3413 2149 3487 De
2169 3415 2365 3483 quibus
2390 3413 2586 3486 vigiliis
2615 3421 2933 3487 spontaneis
2964 3434 3266 3487 earumque
3296 3418 3432 3473 mul-

1846 3484 2015 3555 tiplici
2056 3486 2310 3551 utilitate,
2352 3484 2659 3554 praisertiui
2700 3491 2763 3542 ad
2792 3488 3090 3544 custodiam
3140 3484 3432 3555 castitatis,
3478 3514 3483 3518 ι

1845 3568 1965 3623 qum
1999 3554 2085 3627 hic
2115 3556 2274 3627 etiam
2306 3558 2749 3627 commendatur,
2778 3558 3034 3613 nonnulla
3066 3567 3197 3611 sunt
3224 3558 3309 3610 hic
3338 3554 3435 3611 an;

1847 3622 2084 3697 notanda
2098 3624 2205 3697 SS.
2222 3624 2439 3697 Patrum
2464 3628 2717 3697 sull'ragia
2738 3622 2881 3697 huic
2896 3630 3016 3697 loco
3039 3634 3429 3697 consentanea.

1849 3695 1909 3749 S.
1944 3695 2179 3748 Hilarius
2204 3698 2257 3749 in
2291 3696 2563 3750 Psalmum
2589 3694 2791 3752 civi":
2822 3694 3054 3747 «Memor
3076 3694 3154 3760 fui
3171 3704 3315 3748 nocte
3341 3710 3434 3748 no-

1846 3765 2000 3837 minis
2030 3765 2121 3829 tui,
2159 3763 2395 3837 Domine.
2424 3784 2440 3815 ι
2487 3764 2598 3837 Scit
2628 3765 2894 3837 PrOpheta
2924 3772 3176 3837 nocturno
3207 3776 3433 3837 tempore

1848 3836 2008 3890 divini
2038 3850 2146 3888 esse
2170 3851 2202 3887 a
2233 3834 2377 3886 nobis
2404 3835 2625 3889 nominis
2642 3834 3043 3900 recordantium;
3069 3836 3165 3887 scit
3190 3844 3294 3889 tum
3308 3834 3433 3889 ἠια-

1846 3907 1984 3961 tsime
2013 3904 2300 3959 custodiam
2326 3903 2424 3959 Dei
2446 3902 2573 3976 legis
2593 3922 2625 3960 a
2645 3906 2789 3960 nobis
2814 3922 2925 3961 esse
2948 3906 3291 3971 retinendam,
3318 3922 3433 3963 cum

1848 3976 2129 4044 subrepunt
2171 3976 2343 4029 animo
2385 3976 2606 4045 impura?
2654 3978 2999 4047 cupiditates,
3040 3992 3155 4029 cum
3191 3978 3429 4031 vitiorum

1848 4048 2042 4119 stimuli
2070 4064 2158 4117 per
2185 4062 2359 4101 recens
2383 4056 2700 4119 assumptum
2730 4048 2896 4101 cibum
2922 4061 3111 4112 corpus
3136 4050 3426 4119 exagitant,

1851 4127 1959 4172 tum
2002 4117 2092 4170 Dei
2139 4132 2325 4171 nomen
2363 4117 2740 4172 recordandum
2784 4127 2859 4174 est
2886 4160 2902 4182 ,
2955 4128 3061 4171 tum
3095 4117 3432 4172 custodienda

1852 4189 1935 4243 lea:
1962 4190 2069 4259 ejus
2101 4197 2208 4260 est,
2242 4189 2569 4260 pudicitiam,
2593 4259 2596 4260 ν
2620 4190 3026 4260 continentiam,
3060 4190 3295 4244 timorem
3340 4188 3433 4244 Dei

1852 4258 2100 4313 statuens.
2146 4259 2194 4312 Ν
2201 4258 2421 4330 ovithoc
2439 4259 2701 4330 prtecipue
2727 4270 2951 4327 tempore
2974 4258 3254 4313 Dominum
3280 4275 3433 4330 oran-

1855 4330 2001 4396 dum,
2025 4328 2871 4400 deprecandum,promerendum,
2902 4331 3082 4400 dicens
3097 4330 3254 4384 alibi:
3302 4328 3435 4383 «ια-

1856 4401 1982 4471 vabo
2011 4399 2102 4469 per
2125 4399 2355 4471 singulas
2386 4410 2555 4454 noctes
2580 4400 2764 4471 lectum
2795 4417 3018 4454 meum.»
3057 4399 3179 4453 Non
3200 4410 3273 4471 est
3298 4402 3435 4468 peri-

174 4473 350 4542 tatem
364 4468 591 4523 noctium
610 4470 917 4525 aestivarum
937 4488 1042 4528 non
1058 4474 1215 4529 modo
1234 4472 1577 4527 breviandum
1596 4474 1755 4526 etiam
1784 4474 1837 4534 D
1861 4469 2038 4524 culoso
2077 4468 2447 4524 nocturnarum
2486 4470 2781 4542 vigiliarum
2826 4471 2927 4525 otio
2962 4472 3162 4524 animus
3188 4469 3435 4525 relaxan-

169 4534 444 4612 φιτῑεῑίιιᾳιΔ
458 4548 775 4612 nocturnum
794 4584 807 4608 ,
835 4552 891 4595 ut
920 4545 1003 4611 tit;
1047 4545 1140 4599 sed
1166 4543 1294 4598 illud
1316 4545 1477 4598 etiam
1501 4544 1758 4612 temporis

173 4605 548 4687 ipterstitium,
560 4611 696 4685 quod
714 4605 972 4687 absolutis
986 4605 1261 4687 nocturnis
1277 4622 1577 4687 supererag,
1594 4605 1759 4687 usque

174 4673 309 4752 dum
340 4673 672 4752 illucescente
699 4682 786 4737 die
816 4682 1029 4738 Laudes
1057 4673 1461 4739 inchoarenflur.
1533 4673 1609 4736 Ex
1643 4673 1758 4752 qui-

176 4745 589 4823 buscolligitut:
601 4754 769 4821 primo
798 4753 1011 4809 Laudes
1032 4754 1344 4823 antiquitus,
1391 4764 1444 4811 et
1482 4768 1547 4808 ex
1578 4745 1760 4810 vet'cre

179 4816 535 4899 ipstitutoict
558 4816 759 4894 Ecguia
787 4826 949 4899 etiam
985 4824 1047 4881 D.
1078 4816 1352 4899 Benedicti
1382 4824 1547 4879 fuisse
1595 4839 1623 4876 a
1656 4838 1755 4879 uo-

177 4890 382 4969 cturnis
410 4890 589 4963 aliquo
610 4890 866 4969 temporis
890 4896 1174 4969 intervallo
1200 4905 1495 4969 separatas,
1518 4904 1572 4951 et
1595 4909 1757 4962 posse

183 4964 477 5042 etiamnum
500 4967 768 5042 .separari
797 4983 815 5042 ;_
868 4964 1167 5042 praesertim
1198 4964 1271 5021 in
1292 4965 1469 5042 officio
1516 4972 1748 5039 privato;

178 5041 304 5107 ctum
336 5030 440 5107 sint
482 5030 756 5090 distincta:
800 5030 971 5103 horae,
1003 5038 1256 5093 distincta
1283 5037 1482 5102 ofﬁcia,
1511 5030 1566 5093 ut
1592 5030 1755 5107 supe-

180 5097 298 5153 sius
324 5100 527 5179 dictum
570 5114 691 5162 est:
736 5107 876 5179 unde
906 5097 969 5165 et'
986 5120 1265 5165 nocturnae
1293 5097 1505 5179 vigilite,
1538 5097 1751 5165 Laudes
1802 5125 1805 5127 ’

179 5181 320 5225 vero
345 5175 620 5250 matutinae
647 5185 701 5231 et
727 5177 950 5250 diurnze,
982 5192 1141 5250 atque
1172 5181 1312 5235 inter
1343 5175 1503 5234 horas
1529 5180 1751 5235 diurnas

179 5251 471 5320 qenseutur
516 5245 786 5320 (Burand.
834 5245 944 5305 lib.
971 5266 1002 5304 v
1045 5245 1221 5306 Ratio.
1263 5267 1380 5320 cap.
1432 5250 1615 5316 5e”;
1650 5250 1751 5303 Ra-

416 5313 480 5369 de
507 5308 626 5372 can.
655 5318 864 5374 Observ.
894 5338 1099 5394 prapos.
1136 5322 1240 5389 M;
1274 5308 1474 5377 Nat'ar.
1508 5322 1570 5375 de
1598 5308 1747 5375 Drat.

178 5390 235 5434 ε·
333 5383 392 5438 i:
424 5388 692 5438 secundo-
722 5405 827 5438 non
857 5407 975 5438 esse
1007 5395 1327 5438 regularem-
1358 5392 1408 5438 εει
1433 5399 1535 5438 est-
1569 5390 1747 5438 Rmu—

178 5390 235 5465 f.
259 5383 352 5454 δι)
376 5404 392 5443 :
424 5388 693 5465 secundo,
722 5405 829 5445 non
857 5383 1330 5465 esse'regularem,
1357 5392 1409 5446 id
1433 5399 1536 5456 est,
1569 5390 1748 5462 Rogu-

177 5448 250 5533 l‘a
275 5448 475 5533 nostra
503 5448 863 5533 conformem,
898 5470 956 5519 et
981 5448 1424 5525 corisentaueum.
1458 5448 1616 5533 quem
1643 5448 1748 5518 inoo

176 5520 253 5607 go
278 5527 582 5607 sequimnr,
634 5531 797 5607 ritum
828 5520 882 5588 et
909 5547 1112 5590 morem
1150 5520 1748 5607 surgendi'at'lnoctur-

174 5598 284 5653 lss
305 5629 331 5663 θ
354 5597 452 5656 ius
471 5597 767 5667 Matutinas
788 5639 809 5672 ,
835 5610 899 5660 ut
921 5616 1177 5663 vocamus
1198 5648 1216 5675 ,
1243 5597 1368 5663 inte
1393 5604 1624 5662 mediam
1651 5618 1751 5661 nov

1862 4542 1983 4605 dus,
2010 4542 2102 4613 sed
2129 4542 2182 4593 in
2214 4540 2551 4605 orationibus,
2576 4541 2628 4593 in
2651 4540 3116 4613 deprecationibus,
3147 4542 3199 4594 in
3229 4543 3433 4613 confes-

1861 4612 2092 4668 sionibus
2134 4622 2462 4681 peccatorum
2490 4612 2819 4677 occupandus
2845 4623 2949 4679 est;
2981 4622 3034 4669 ut
3065 4628 3181 4665 cum
3212 4612 3436 4668 maxime

1864 4682 2092 4753 corporis
2119 4683 2253 4735 vitiis
2284 4683 2608 4751 Oportunitas
2631 4682 2804 4750 datur,
2837 4692 2944 4737 tum
2974 4688 3229 4753 prwcipue
3258 4685 3432 4737 eadem

1861 4756 1985 4808 vitia
2006 4754 2192 4827 divina:
2221 4755 2344 4827 legis
2358 4754 2718 4827 recordatione
2742 4758 3072 4827 frangantur.
3116 4753 3176 4809 S.
3204 4753 3432 4809 Ambro-

1862 4827 1975 4880 sius
2003 4826 2054 4879 in
2081 4821 2327 4880 eumdem
2356 4821 2553 4880 Psalmi
2578 4821 2941 4881 versiculum:
2991 4823 3119 4879 Cum
3144 4841 3352 4893 somno,
3384 4834 3434 4880 et

1861 4897 1973 4968 cibo
2001 4900 2193 4966 fervent
2225 4911 2440 4967 corpora
2466 4935 2481 4968 ,
2528 4906 2648 4950 tunc
2692 4897 3012 4968 etiamrvigor
3040 4897 3223 4951 mentis
3251 4913 3436 4968 sapore

1859 4966 2089 5033 laxatur,
2122 4966 2633 5034 somno'resolvitur,
2678 4973 2799 5021 tunc
2838 4966 3016 5039 irrepit
3054 4967 3247 5032 impuri
3276 4966 3434 5023 libido

1858 5039 2152 5111 concubitus
2178 5079 2191 5103 ,
2237 5044 2359 5091 tunc
2398 5052 2537 5091 mens
2580 5039 2929 5111 perturbatur,
2960 5047 3007 5094 et
3036 5040 3320 5111 squalorem
3345 5039 3435 5111 im-

1858 5110 2129 5162 munditia:
2170 5122 2270 5161 non
2294 5116 2513 5176 veretur,
2555 5108 2808 5164 castitatis
2842 5111 3041 5177 puritas
3067 5108 3167 5166 non
3189 5108 3431 5163 conside-

1856 5188 2027 5261 ratur,
2052 5178 2508 5261 ‘pudicititegloria
2529 5196 2630 5261 non
2651 5189 2959 5261 recensetur.
2988 5179 3115 5261 Non:
3140 5190 3247 5261 erat
3270 5194 3433 5261 quan-
3498 5250 3501 5255 η

1857 5250 1924 5304 do
1955 5248 2124 5322 Judas
2151 5248 2397 5321 prodidit,
2427 5251 2630 5322 quando
2663 5251 2847 5307 Petrus
2875 5252 3096 5321 negarit.
3140 5248 3245 5302 Illo
3272 5249 3433 5322 igitur

1856 5321 2118 5394 praecipue
2152 5320 2378 5394 tempore
2395 5320 2796 5392 justiﬁcationes
2830 5323 2923 5377 Dei
2944 5320 3122 5375 animo
3150 5320 3433 5394 retexenda!

1828 5420 1831 5425 -
1857 5389 2001 5465 sunt,
2028 5391 2305 5465 irelegeuda
2348 5389 2609 5465 mandata,
2640 5404 2745 5449 etc.
2797 5394 2854 5449 S.
2891 5393 3244 5465 liieronymus
3269 5389 3430 5465 opim.

1859 5461 1945 5531 i0,
1974 5464 2040 5519 ad
2084 5459 2294 5517 Furiam
2320 5479 2334 5518 :
2367 5463 2619 5519 Ardentes
2642 5465 2833 5516 diaboli
2859 5463 3083 5532 sagittte,
3105 5459 3429 5532 jejuniorutn

1855 5544 1904 5589 et
1932 5530 2244 5605 vigiliarum
2293 5536 2462 5605 rigore
2508 5533 2893 5605 restringeudte.
2920 5530 3015 5585 'Et
3055 5537 3219 5598 epist.
3262 5530 3333 5605 22
3367 5530 3435 5586 ad

1856 5601 2206 5662 Eustochium
2231 5622 2244 5658 :
2274 5601 2357 5658 Ad
2378 5608 2663 5663 orationem
2688 5603 2779 5655 tibi
2803 5604 2868 5657 de
2889 5614 3035 5658 nocte
3078 5601 3308 5673 surgenti
3334 5615 3441 5657 non
