4036 6218
616 240 719 306 I35

1926 236 2204 296 JOANNIS
2240 234 2553 295 CASSIANI

3785 228 3900 299 156

633 365 691 419 in
713 361 817 415 hoc
843 356 1060 413 fervore
1090 350 1309 426 spiritus
1346 353 1584 424 reperiat
1613 352 1941 408 constitutos
1962 394 1977 419 ,
2007 368 2072 409 ac
2099 367 2196 423 per
2221 358 2277 416 Α
2311 366 2568 409 auroram
2592 350 2746 406 linire
2771 350 2968 419 solent,
2997 347 3245 407 similiter
3268 348 3533 422 hodieque
3559 350 3894 424 decantant,

620 463 791 511 totum
815 450 925 507 diei
956 460 1170 519 tempus
1217 446 1577 503 ferventiores
1619 445 2073 515 sollicitioresque
2101 461 2195 501 cu-

618 544 857 611 stodiat,
905 551 1240 613 praeparatos
1284 554 1380 595 eos
1422 538 1724 609 suscipiens
1772 539 1840 594 ad
1886 537 2199 593 conﬂictum

617 648 674 694 ct
713 646 902 691 contra
947 635 1198 690 diurnam
1248 633 1450 688 diaboli
1497 633 1936 689 colluctationem
1977 637 2198 685 noctur-

618 739 812 787 narum
854 727 1117 785 exercitio
1148 726 1451 797 vigiliarum
1484 740 1545 782 ac
1575 724 1810 797 spiritali
1848 720 2199 780 meditatione

620 823 885 878 ﬁrmatos.

1216 909 1446 967 CAPUT
1500 909 1591 966 VI.

664 1026 813 1093 Quod
838 1022 969 1079 nihil
997 1023 1062 1077 sit
1092 1040 1125 1075 a
1165 1024 1449 1077 senioribus
1490 1022 1817 1074 immutatum
1847 1021 1912 1074 de
1942 1021 2155 1093 antiquo

728 1097 907 1152 ordine
932 1095 1279 1165 psalmorum,
1311 1109 1427 1147 cum
1456 1094 1711 1146 matutina
1736 1100 2045 1147 statueretur
2067 1089 2202 1146 sale-

733 1168 942 1222 mnitas.

690 1283 830 1340 Illud
855 1296 1071 1353 quoque
1116 1294 1280 1335 nosse
1325 1278 1588 1334 debemus
1633 1276 1771 1334 nihil
1818 1293 1847 1333 a
1898 1274 2204 1333 senioribus

624 1377 827 1435 nostris
848 1376 940 1443 qui
970 1385 996 1412 ι
1024 1375 1162 1429 hanc
1183 1372 1430 1430 eamdem
1455 1373 1770 1427 matutinam
1803 1369 2203 1426 solemnitatem

631 1466 755 1523 addi
780 1465 978 1520 debere
999 1474 1349 1530 censuerunt,
1374 1464 1442 1519 de
1469 1464 1685 1533 antiqua
1711 1463 2042 1532 psalmorum
2070 1476 2201 1515 con-

626 1559 914 1618 suetudine
958 1559 1303 1613 immutatum
1329 1574 1346 1612 :
1394 1558 1488 1611 sed
1518 1557 1708 1611 eodem
1737 1556 1931 1610 ordine
1959 1555 2201 1619 Missam,

627 1669 734 1724 quo
765 1651 947 1721 prius,
976 1651 1029 1703 in
1060 1650 1341 1705 nocturnis
1369 1648 1735 1703 conventibus
1764 1658 2030 1717 perpetuo
2059 1646 2204 1700 cele-

2306 446 2358 501 id
2389 454 2507 513 est,
2564 445 2918 501 centesimum
2955 445 3423 516 quadragesimum
3460 456 3715 501 octavum
3744 450 3906 518 psal-

2307 555 2477 604 mum,
2511 539 2666 609 cujus
2694 539 2903 595 initium
2932 546 3035 606 est,
3067 538 3302 594 Laudato
3330 537 3609 594 Dominum
3638 542 3701 596 de
3722 545 3916 613 cce!is,,

2306 640 2361 689 et
2408 631 2645 702 reliquos
2687 632 2778 700 qui
2829 640 3166 701 sequuntur;
3208 632 3712 703 quinquagesimum
3754 650 3897 691 vero

2304 724 2571 796 psalmum
2600 767 2615 792 ,
2658 730 2719 779 et
2744 724 3135 794 sexagesimum
3163 723 3498 792 secundum,
3540 733 3595 780 et
3622 727 3901 797 octogesi-

2311 833 2460 873 mum
2514 831 2737 882 nonum,
2768 827 2789 855 ο
2815 816 2941 873 huic
2989 816 3217 873 novellae
3260 817 3596 873 solemnitati
3642 819 3899 875 novimus

2308 908 2478 965 fuisse
2507 909 2815 980 deputatas.
2856 910 3099 981 Denique
3121 925 3217 983 per
3237 910 3444 966 Italiam
3465 910 3739 982 hodieque
3758 926 3902 968 con-

2309 1002 2595 1055 summatis
2658 1001 3071 1057 matutinalibus
3136 1003 3350 1073 hymnis
3408 1004 3898 1075 quinquagesimus

2306 1092 2547 1163 psalmus
2593 1092 2648 1147 in
2695 1094 2963 1149 universis
3005 1094 3253 1150 ecclesiis
3301 1096 3547 1163 canitur,
3595 1098 3740 1167 quod
3780 1112 3895 1154 non

2307 1184 2523 1239 aliunde
2553 1200 2713 1255 quam
2747 1186 2945 1242 exinde
2978 1195 3209 1242 tractum
3236 1202 3356 1244 esse
3385 1202 3495 1243 non
3519 1187 3730 1245 dubito.

2908 1320 3137 1378 CAPUT
3176 1319 3289 1376 VII.

2312 1412 2460 1478 Quod
2483 1413 2527 1466 ei
2554 1412 2641 1482 qui
2665 1414 2734 1466 ad
2764 1414 3011 1467 diurnam
3044 1415 3359 1476 orationem,
3389 1421 3663 1484 antequam
3689 1417 3896 1484 primus

2386 1484 2603 1552 ﬁniatur
2646 1485 2912 1555 psalmus,
2964 1502 3064 1538 non
3112 1484 3420 1546 occurrerit,
3479 1489 3762 1539 oratorium
3809 1489 3901 1541 in-

2382 1555 2545 1607 troire
2571 1571 2673 1609 non
2695 1557 2880 1609 liceat:
2908 1557 2963 1609 in
2984 1556 3247 1609 nocturnis
3274 1565 3441 1608 autem
3462 1571 3622 1625 usque
3648 1558 3717 1609 ad
3736 1557 3901 1625 ﬁnem

2384 1628 2596 1680 secundi
2642 1628 2827 1697 psalmi
2855 1627 3116 1680 veniabilis
3141 1641 3286 1680 mora
3311 1627 3398 1679 sit.

626 1745 857 1800 bratam.
907 1741 1121 1797 Etenim
1152 1739 1179 1779 δ
1208 1743 1438 1811 hymnos
1476 1754 1611 1808 quos
1657 1740 1713 1793 in
1754 1741 1854 1793 hac
1898 1738 2115 1809 regione
2138 1737 2205 1791 ad
2239 1774 2289 1836 Β
2381 1736 2432 1791 Is
2464 1754 2593 1793 vero
2619 1741 2712 1807 qui
2736 1740 2787 1795 in
2820 1741 3024 1810 Tertia,
3047 1740 3235 1806 Sexta,
3264 1740 3349 1797 vel
3377 1739 3550 1808 Nona,
3579 1741 3897 1813 priusquam

627 1837 945 1893 matutinam
976 1849 1245 1903 excepere
1286 1833 1691 1888 solemnitatem
1715 1874 1731 1901 ,
1764 1834 1816 1887 in
1850 1834 1957 1887 line
1990 1843 2210 1886 noctur-

628 1943 818 1984 narum
850 1926 1183 1998 vigiliarum,
1214 1940 1351 1995 quas
1373 1934 1495 1995 post
1517 1924 1778 1995 gallorum
1817 1933 2034 1979 cantum
2073 1932 2198 1977 ante

2317 1830 2555 1897 psalmus
2584 1841 2794 1899 cceptus
2823 1832 3057 1897 ﬁniatur,
3084 1832 3150 1887 ad
3183 1834 3481 1889 orationem
3508 1849 3613 1888 non
3636 1850 3898 1892 occurre-

2309 1924 2400 1990 rit,
2431 1924 2657 1978 ulterius
2680 1921 2707 1960 ά
2736 1925 3036 1980 oratorium
3068 1926 3297 1983 introire
3326 1942 3431 1983 non
3463 1927 3647 1996 audet,
3677 1944 3779 1985 nec
3808 1944 3899 1984 se-

1695 2060 1952 2118 ALARDI
1991 2060 2223 2115 GAZAEI
2263 2060 2823 2118 COMMENTARIUS.

629 2185 1138 2259 iudigestioiructum
1167 2182 1358 2259 faciat,
1396 2178 1487 2233 sed
1508 2177 1752 2259 inanitas.
1781 2175 1845 2230 Et
1868 2174 2213 2259 paulopnst:

631 2246 768 2312 Εδιὸ
782 2258 965 2310 cicada
986 2246 1241 2313 noctium,
1285 2252 1397 2305 lava
1434 2265 1520 2315 per
1561 2246 1790 2315 singulas
1828 2257 1999 2299 noctes
2034 2246 2218 2299 lectum

635 2340 797 2382 tuum.
813 2328 987 2394 vigila,
1002 2336 1049 2379 et
1062 2325 1155 2393 ﬁas
1169 2328 1299 2394 sicut
1318 2336 1490 2394 passer
1495 2321 1551 2394 in
1574 2316 1871 2394 solitudine,
1885 2317 2047 2394 psalle
2063 2318 2219 2394 spiri-

632 2410 708 2456 tu.
735 2386 897 2467 psalle
918 2406 964 2448 et
978 2386 1159 2467 sensu.
1197 2391 1428 2445 Joannes
1450 2389 1718 2467 Uliuiacus
1731 2387 1909 2442 Gradu
1934 2386 1997 2440 19
2024 2405 2036 2440 :
2075 2386 2217 2467 γῆθε-

634 2459 744 2519 lans
768 2467 944 2518 oculus
971 2464 1148 2532 expiat
1176 2470 1418 2532 mentem,
1468 2461 1772 2532 immodicus
1799 2475 2007 2511 somnus
2035 2459 2216 2532 obtun-

633 2537 730 2597 dit,
752 2547 797 2589 et
818 2530 1309 2588 excwcatanimam.
1353 2530 1577 2598 Pervigil
1606 2532 1883 2582 monachus
1915 2530 2217 2595 fornicatio-

633 2608 713 2659 nis
735 2606 1011 2669 inimicus;
1034 2600 1408 2657 somnicula‘sus
1430 2616 1546 2653 vero
1574 2599 1952 2653 contubernalis
1980 2599 2091 2667 ejus
2114 2609 2209 2652 est.

639 2676 843 2744 Vigilia:
864 2676 1155 2729 incendium
1183 2672 1411 2725 libidinis
1441 2672 1687 2742 frangunt
1715 2712 1730 2733 ,
1763 2681 1918 2739 atque
1944 2685 1974 2720 a
2000 2671 2214 2744 somniis

633 2740 870 2801 liberant.
901 2746 1145 2814 Suffusus
1173 2743 1412 2813 lacrymis
1439 2740 1638 2807 oculus,
1675 2752 2006 2814 tenerumque
2036 2755 2122 2791 cor
2144 2740 2214 2792 ad

632 2819 715 2873 sui
738 2812 1018 2871 custodiam
1043 2824 1264 2868 erectum
1288 2812 1617 2883 cogitationes
1636 2812 1929 2865 cautissime
1958 2812 2209 2883 observat,

633 2890 769 2941 cibos
797 2887 1026 2957 fornacis
1054 2887 1108 2938 in
1135 2900 1326 2938 morem
1352 2881 1606 2957 consumit
1634 2927 1648 2949 ,
1691 2882 1952 2957 passiones
1976 2881 2207 2946 edomat,

635 2952 863 3028 linguam
890 2957 1172 3026 restringit,
1195 2965 1240 3010 et
1261 2954 1512 3028 reprimit,
1541 2953 1789 3028 fugatque
1817 2952 2201 3023 phantasmata.

640 3025 1195 3108 Vigilai_ts_monachus
1234 3025 1469 3108 piscatu:
1508 3025 1875 3108 cogitationes,
1908 3038 2091 3091 easque
2120 3038 2210 3091 per

631 3093 1060 3166 ira-nquillitatem
1108 3093 1272 3151 noctis
1302 3095 1551 3163 facillime
1575 3093 1627 3146 et
1657 3093 2017 3160 considerare,
2050 3102 2095 3144 et
2123 3108 2211 3166 ca-

631 3185 748 3237 pere
764 3163 958 3238 potest.
995 3168 1092 3222 Dei
1117 3177 1320 3238 amator
1338 3165 1789 3238 monachus,_mox
1815 3170 1871 3214 ut
1897 3163 2210 3238 souus_tub_te

629 3231 964 3307 increpuerit,
990 3238 1060 3290 ad
1084 3237 1369 3307 orationem
1396 3249 1612 3297 vacans,
1644 3234 1794 3307 ligatus
1813 3239 1878 3307 _et_
1900 3231 2099 3307 hilaris
2114 3231 2204 3307 dif

631 3312 735 3380 cit:
772 3300 1116 3380 Euge,'euge!
1149 3304 1427 3376 Negligens
1455 3317 1614 3356 vero:
1642 3300 1735 3380 _Va;
1756 3303 1901 3380 mihi,
1931 3317 2005 3355 vat
2031 3301 2157 3353 mihi
2186 3303 2208 3354 .'

629 3370 1120 3448 Divitias'agricolte
1160 3370 1371 3428 ex'ar'ea
1400 3373 1733 3448 et_tor_culari
1771 3370 2066 3448 colligunt;
2097 3387 2207 3448 mo-

630 3449 784 3502 nachi
830 3442 948 3502 vero
980 3463 1098 3501 suas
1139 3462 1258 3513 opes
1279 3484 1294 3505 ,
1327 3453 1375 3498 et
1401 3444 1691 3503 scientiam,
1720 3442 2019 3509 vespertinis
2042 3443 2207 3495 niaxi-

630 3534 730 3580 me,
758 3518 1117 3583 nocturnisque
1147 3513 1466 3568 orationibus
1486 3555 1501 3578 ,
1548 3522 1595 3566 et
1631 3513 1793 3583 animi
1823 3513 2207 3565 exercitationi-

632 3589 727 3642 bus
756 3582 1089 3661 congregant.
1131 3583 1312 3661 Fin_ita
1349 3586 1436 3638 die
1475 3584 1730 3661 venditor,
1766 3582 2052 3661 monachus
2089 3598 2205 3661 veto

669 3652 919 3715 salmod'ia
947 3652 1117 3729 ﬁnita,
1142 3656 1371 3729 residens
1398 3663 1659 3729 contputat
1688 3657 1913 3708 lucrum.
1951 3652 2077 3729 Ilaec
2105 3653 2203 3708 SS.

676 3740 856 3800 atres;
902 3724 957 3787 et
1004 3730 1167 3801 plura
1203 3726 1342 3801 apud
1389 3725 1544 3801 Joan.
1581 3727 1877 3801 Durantum
1914 3724 2095 3801 videre
2126 3734 2209 3801 est

632 3802 749 3873 (lib.
778 3794 910 3858 nt'c.
941 3794 1022 3873 4):
1072 3800 1210 3873 Vide
1239 3794 1411 3853 etiam
1440 3795 1875 3873 inferiusnotata
1900 3794 1969 3873 ad
1998 3808 2115 3863 cap.
2150 3797 2202 3848 8.

703 3882 731 3909 ⁸
762 3875 933 3939 Quam
964 3866 1106 3927 nunc
1130 3871 1393 3929 Primam.
1424 3883 1529 3939 seu
1554 3868 1789 3939 cilicium
1822 3866 2019 3939 Prinne
2049 3880 2209 3939 voca-

630 3956 750 3995 mus
770 3935 879 4004 ,'ut
913 3941 1280 4007 distinguatur
1309 3954 1338 3990 a
1370 3938 1672 4001 Laudibus,
1701 3938 1825 4007 quia
1865 3938 2052 4007 prima
2075 3935 2205 3989 hora

632 4009 738 4065 diei
766 4010 1083 4069 artiﬁcialis.
1098 4006 1222 4062 'sive
1244 4016 1366 4073 post
1385 4007 1518 4059 solis
1540 4004 1729 4059 ortum
1743 4005 2005 4057 celebrari
2024 4004 2203 4071 debet,

631 4090 692 4135 ut
712 4080 910 4135 indicat
936 4077 1336 4149 hymnusglam
1366 4074 1499 4149 lucis
1528 4074 1854 4149 ortosidere.
1884 4074 1936 4149 id
1951 4085 2035 4149 est
2058 4077 2203 4149 sole;

631 4150 870 4218 itemque
898 4142 1328 4218 Col-lectaDeus,
1361 4143 1450 4218 qui
1479 4142 1548 4193 ad
1586 4143 1893 4218 principium
1908 4144 2074 4218 hujus
2105 4144 2208 4197 diei

631 4238 727 4274 nos
758 4210 1017 4289 pervenire
1048 4216 1248 4286 fecisti,
1273 4210 1381 4289 et_c.
1414 4210 1543 4289 Quae
1578 4210 1791 4289 quidem
1831 4210 2041 4289 Prima,
2081 4229 2203 4289 cum

631 4306 698 4345 ex
720 4283 985 4344 sententia
1009 4283 1229 4341 Patrum
1261 4283 1331 4337 ad
1361 4284 1594 4349 reliquas
1617 4284 1801 4349 horas,
1824 4284 1938 4340 sive
1961 4284 2207 4341 horarias

632 4375 822 4429 preces
863 4357 1106 4429 Cassiani
1150 4355 1353 4429 smculo
1392 4352 1571 4408 addita
1613 4354 1829 4419 inisset,
1861 4368 1919 4409 ut
1960 4358 2206 4429 superius

632 4426 835 4485 dictum
879 4436 997 4492 est,
1048 4426 1402 4482 nihilominus
1438 4434 1615 4478 tamen
1658 4435 1964 4480 Statuerunt
1993 4427 2066 4481 illi
2111 4444 2208 4481 no-

631 4510 826 4555 cturno
848 4500 1023 4553 officio
1055 4496 1184 4551 nihil
1216 4496 1436 4551 omnino
1473 4494 1896 4562 detrahendum;
1931 4497 2025 4551 sed
2054 4512 2206 4553 eum-

630 4571 753 4625 dem
787 4570 1113 4640 psalmorum
1138 4581 1426 4640 numerum
1438 4606 1463 4640 ._
1483 4574 1535 4620 et
1556 4567 1799 4640 ordinem
1822 4584 1943 4623 esse
1966 4571 2207 4640 retinen-

630 4636 889 4697 dumIEt
934 4641 1037 4696 hoc
1082 4650 1198 4702 est,
1230 4636 1378 4708 quod
1414 4636 1501 4691 hic
1541 4639 1760 4706 dicitur,
1808 4640 1984 4693 eodem
2024 4638 2206 4691 ordine

634 4712 852 4767 Missam
884 4712 938 4782 (i.
967 4727 1018 4766 e.
1050 4708 1325 4780 Ofﬁcium)
1356 4708 1409 4762 in
1438 4712 1703 4766 nocturnis
1733 4711 2062 4765 conventibus
2091 4724 2207 4778 per-

629 4793 781 4855 petuo
808 4782 1129 4855 celebratum.

701 4853 729 4891 ὶν
761 4855 1002 4908 Psalmns
1031 4852 1119 4907 hic
1137 4860 1298 4907 vocat
1329 4850 1556 4921 hymnos
1577 4894 1593 4920 ,
1627 4862 1687 4908 ιιι.
1705 4868 1772 4907 ex
1803 4853 1984 4907 verbis
2013 4864 2205 4906 conse-

630 4925 922 4994 quentibus
968 4923 1169 4992 liquet,
1213 4922 1671 4994 necuiucongrue.
1715 4922 2202 4994 Naqusallerium,

630 4992 768 5063 apud
823 4995 1083 5049 Hebraeos
1133 4994 1272 5048 liher
1322 4992 1655 5065 Hymnorum
1710 4992 2043 5065 inscribitur.
2098 4992 2203 5046 Sed

631 5061 921 5137 Dionysius
973 5065 1133 5120 vertit
1172 5061 1426 5137 Psalmos
1465 5080 1565 5137 pro
1609 5066 1848 5137 faciliore
1897 5061 2203 5137 intellectu;

558 5198 577 5217 ν
630 5132 1067 5217 quandoquidem
1104 5136 1308 5217 usiﬁtato.
1332 5132 1760 5217 inoreloquendi
1796 5135 1987 5217 Hyinui
2018 5132 2207 5189 Eccle-

631 5205 837 5263 siastici
857 5205 885 5261 a
918 5208 1149 5263 Psalmis
1179 5205 1448 5263 Davidicis
1477 5205 1902 5277 distinguantur,
1933 5213 1995 5263 ut
2022 5216 2208 5260 uotum

629 5290 730 5335 CSI.

704 5359 725 5385 π
760 5349 953 5406 Ρτὶιηὶιὲ
981 5350 1124 5421 apud
1155 5350 1304 5420 ipsos
1328 5362 1518 5404 recens
1549 5347 1841 5414 institutae,
1869 5356 1926 5401 ut
1956 5347 2207 5417 superius

630 5431 960 5477 annotatum.

700 5488 727 5528 δ
759 5492 991 5547 Oratorii
1016 5493 1222 5549 oblivio
1251 5490 1445 5545 merito
1471 5488 1627 5543 nobis
1660 5487 1969 5556 obiiciatur,
1999 5489 2043 5541 si
2076 5488 2205 5543 illud

633 5562 849 5617 silentio
897 5576 1301 5632 praetereamus.
1349 5560 1580 5615 Proinde
1623 5560 1855 5613 notanda
1908 5560 1961 5614 in
2014 5559 2205 5628 primis

633 5632 734 5687 SS.
768 5631 981 5696 Patrum
1012 5635 1216 5701 elogia,
1246 5633 1438 5701 quibus
1483 5634 1705 5686 oratorii
1758 5647 1910 5685 usum
1936 5672 1952 5698 ,
1992 5631 2205 5684 institu-

637 5701 945 5767 tionemque
993 5713 1300 5769 esponuut,
1333 5713 1388 5759 et
1422 5703 1820 5759 commendant.
1858 5704 1919 5759 ι).
1951 5703 2205 5775 Augusti-

2231 4818 2283 4878 D

2325 2191 2423 2229 nus
2449 2177 2611 2256 epist.
2640 2174 2762 2240 ιιι,
2789 2174 3144 2256 ad_Prob_am_:
3176 2174 3243 2231 In
3274 2178 3522 2256 oratorio,
3548 2181 3736 2256 inquit,
3768 2203 3899 2256 ρηι».

2323 2256 2397 2300 ter
2425 2248 2738 2323 oran_di_,_et
2765 2246 3020 2314 psallendi
3052 2250 3247 2323 cultum
3287 2252 3490 2323 penitus
3526 2246 3658 2304 nihil
3685 2246 3892 2323 agatur,

2320 2326 2377 2390 ut
2425 2319 2618 2390 nomini
2651 2318 2767 2390 huic
2799 2328 2846 2369 et
2877 2334 3033 2390 opera
3059 2320 3260 2390 jugiter
3299 2322 3527 2389 impensa
3567 2318 3894 2379 contui-dent.

2321 2387 2391 2439 Et
2418 2383 2479 2441 τύ
2491 2403 2610 2465 rsus
2640 2390 2694 2465 in
2725 2383 3074 2465 Regulacap:
3098 2383 3170 2443 5':
3199 2388 3260 2443 In
3284 2383 3508 2465 oratorio
3532 2410 3675 2446 nemo
3700 2397 3897 2465 aliquid

2319 2470 2469 2524 agat,
2502 2460 2601 2510 nisi
2632 2460 2685 2510 id
2710 2460 2775 2511 ad
2805 2459 2938 2525 quod
2971 2462 3160 2526 factum
3192 2471 3309 2513 est:
3339 2463 3476 2514 unde
3502 2472 3551 2515 et
3589 2459 3895 2519 nomen'ac-

2320 2530 2478 2604 omit.
2517 2528 2620 2582 Ubi
2664 2529 2813 2604 "oga
2853 2543 2881 2581 a
2928 2529 2986 2583 S.
3027 2528 3426 2604 Victore-scite
3453 2537 3723 2588 annotavit
3754 2539 3893 2604 quod

2320 2598 2589 2652 Doininus
2622 2601 2994 2671 universorum
3013 2643 3026 2664 ,
3061 2615 3165 2653 non
3192 2601 3363 2659 solum
3398 2602 3465 2656 de
3493 2607 3740 2671 personis
3768 2598 3895 2661 reti-

2321 2671 2439 2722 nuit
2469 2670 2569 2723 sibi
2599 2672 2808 2736 aliquos
2829 2669 2894 2721 ad
2926 2671 3372 2733 miniSIrandum,
3398 2683 3452 2725 ut
3485 2669 3764 2730 ministros
3797 2678 3894 2733 Ec-

2316 2739 2517 2803 clesiae;
2542 2742 2635 2793 sed
2672 2748 2727 2794 et
2747 2741 2814 2793 de
2836 2739 2998 2793 rebus
3023 2741 3261 2794 decimas
3289 2741 3354 2794 ad
3383 2742 3758 2800 ministrorum
3775 2763 3896 2803 sus-

2318 2812 2670 2864 tentationem
2704 2829 2715 2862 :
2751 2812 2818 2863 de
2870 2810 3203 2877 temporibus
3239 2811 3355 2865 dies
3383 2814 3694 2880 solemnes;
3726 2826 3780 2871 et
3827 2820 3895 2874 de

2314 2881 2448 2935 locis
2469 2882 2644 2950 aliqua
2675 2882 2777 2935 sibi
2810 2881 3126 2951 specialiter
3147 2883 3529 2948 appropriavit,
3558 2885 3623 2938 ad
3650 2890 3895 2943 servien-

2314 2951 2440 3005 dum
2490 2950 2623 3015 sibi;
2673 2952 2813 3006 inter
2854 2968 2974 3021 quae
3005 2962 3089 3006 est
3127 2953 3418 3006 oratorium
3442 2993 3456 3014 ,
3500 2954 3549 3007 id
3583 2966 3704 3022 est,
3741 2958 3894 3015 locus

2313 3023 2547 3077 orationi
2575 3023 2877 3077 dedicatus.
2912 3025 2973 3076 ι).
3004 3024 3358 3090 Augu~tinum
3386 3036 3604 3079 secutus
3630 3026 3692 3080 Β.
3724 3028 3891 3085 Bene-

2312 3091 2488 3163 dictus
2517 3108 2638 3159 cap.
2665 3091 2735 3148 52
2765 3094 2980 3163 Regulae
3010 3111 3023 3145 :
3063 3092 3357 3147 Oratorium
3378 3135 3392 3157 ,
3439 3094 3649 3163 inquit,
3694 3098 3788 3151 hoc
3816 3104 3887 3153 sit

2311 3162 2449 3230 quod
2478 3164 2700 3238 dicitur;
2724 3180 2812 3238 nec
2838 3162 3115 3231 quidquam
3147 3164 3389 3238 ibialiud
3420 3162 3676 3238 geraturl
3694 3170 3740 3221 id
3770 3181 3889 3238 est,

2311 3243 2524 3306 agatur,
2557 3234 2641 3287 vel
2675 3234 2795 3306 liat)
2824 3244 2912 3306 aut
2937 3238 3193 3287 condatur
3218 3234 3296 3305 (id
3322 3234 3433 3299 est,
3451 3234 3764 3306 reponatur,
3798 3234 3891 3296 vel

2310 3302 2702 3373 constituatur)
2744 3302 2817 3357 ait
2858 3302 3330 3359 Turrecrematus.
3361 3306 3418 3360 In
3460 3302 3702 3363 oratorio
3744 3302 3887 3365 enim

2316 3388 2421 3425 non
2456 3373 2616 3445 modo
2647 3373 2779 3445 nihil
2812 3375 3072 3445 agendum
3115 3386 3232 3440 est,
3270 3377 3372 3431 nisi
3416 3377 3482 3431 ad
3521 3379 3660 3445 quod
3690 3380 3889 3438 factum

2310 3451 2392 3496 est
2422 3459 2447 3515 τὲ
2471 3442 2564 3515 sed
2595 3444 2755 3515 etiam
2788 3443 2917 3498 nihil
2941 3445 3311 3515 reponendum
3342 3448 3408 3501 ad
3432 3442 3753 3513 custodiam,
3779 3454 3884 3507 nisi

2310 3512 2449 3585 quod
2474 3513 2542 3585 ad
2573 3513 2814 3566 divinum
2843 3512 3045 3569 cultum
3087 3518 3377 3585 pertineat.
3414 3520 3663 3574 Secundo
3695 3532 3891 3577 notan-

2311 3583 2435 3636 dum
2463 3583 2782 3657 hujus-modi
2815 3585 3022 3657 locum,
3054 3583 3160 3655 quo
3195 3587 3381 3644 ﬁdeles
3409 3589 3477 3643 ad
3507 3592 3764 3645 orandum
3784 3633 3799 3657 ,
3833 3604 3891 3648 et

2310 3654 2720 3727 sacriﬁcandum
2767 3654 3081 3711 convenire
3107 3656 3320 3727 solent,
3350 3662 3516 3714 variis
3554 3676 3616 3715 ac.
3658 3654 3889 3719 diversis

2312 3734 2421 3778 tum
2450 3726 2588 3797 apud
2616 3724 2855 3791 Graecos,
2878 3735 2988 3780 tum
3022 3728 3160 3797 apud
3194 3724 3413 3784 Latinos
3437 3733 3747 3787 nominibus
3768 3749 3891 3790 esse

2310 3796 2630 3869 uppellatum
2663 3814 2676 3849 :
2712 3814 2740 3851 e
2769 3798 2970 3867 quibus
3002 3796 3178 3853 tamen
3207 3800 3320 3855 hzrc
3348 3802 3627 3856 usitatiora
3651 3844 3666 3869 ,
3704 3815 3759 3858 et
3798 3819 3890 3861 ce-

2310 3866 2539 3941 lebriora
2570 3866 2903 3923 noscuntur:
2931 3870 3179 3938 ecclesia,
3206 3872 3524 3936 oratorium,
3550 3866 3740 3927 domus
3764 3875 3883 3941 Dei,

2309 3946 2365 3990 et
2389 3938 2756 4011 Dominicum,
2788 3942 3039 4003 basilica,
3066 3942 3358 4011 templum,
3393 3948 3777 3998 sanctuarium.
3812 3938 3891 4001 De

2312 4008 2527 4063 nomine
2559 4012 2801 4066 ecclesiae.
2844 4011 3141 4067 Wall‘ridus
3183 4008 3413 4067 Strahus
3457 4014 3550 4068 lib.
3590 4016 3659 4069 de
3706 4014 3891 4070 Rebus

2310 4077 2522 4152 Eccles.
2550 4095 2666 4148 cap.
2692 4084 2723 4136 6
2750 4099 2764 4138 :
2798 4080 3032 4135 Ecclesia
3053 4124 3066 4145 ,
3094 4085 3294 4151 inquit,
3328 4082 3562 4137 Grascum
3585 4101 3768 4139 nomen
3788 4099 3887 4152 est,

2310 4157 2356 4200 et
2384 4149 2738 4219 interpretatur
2766 4155 3089 4219 convocatio,
3123 4149 3200 4206 vel
3231 4165 3535 4222 conventus,
3572 4171 3684 4208 cum
3714 4162 3780 4209 sit
3812 4149 3893 4211 vel

2310 4223 2562 4288 generalis
2603 4232 2894 4274 sanctorum
2936 4224 3109 4274 unitas
3142 4224 3192 4293 in
3224 4240 3324 4276 una
3349 4225 3482 4293 ﬁde,
3527 4236 3574 4279 et
3613 4226 3891 4282 dilecrione

2309 4293 2585 4359 conjuncta
2613 4306 2630 4341 :
2670 4292 2803 4344 unde
2840 4307 2943 4342 una
2967 4331 2981 4353 ,
3010 4301 3056 4343 et
3084 4292 3563 4348 catholicadicitur
3604 4294 3845 4351 Ecclesia
3873 4317 3890 4352 :

2308 4359 2387 4412 vel
2401 4358 2730 4427 singulorum
2755 4362 2972 4411 societas
2994 4370 3169 4414 sancta
3189 4365 3417 4417 locorum
3442 4382 3461 4419 .'
3484 4366 3619 4419 unde
3642 4379 3685 4419 et
3716 4370 3892 4422 multra

2308 4430 2549 4507 dicuntur
2588 4427 2849 4507 Ecclesiw.
2883 4428 3090 4507 Tamen
3125 4434 3277 4507 etiam
3312 4436 3425 4507 ipsa
3455 4437 3638 4489 domus
3660 4480 3675 4502 ,
3708 4441 3761 4492 in
3791 4457 3891 4507 qua

2307 4498 2374 4548 ad
2404 4498 2577 4548 divina
2606 4500 2681 4551 vel
2709 4499 2982 4561 discenda,
3015 4502 3090 4553 vel
3111 4503 3414 4554 celebranda
3448 4498 3681 4560 convenit
3721 4498 3891 4562 inulti-

2309 4568 2432 4646 tudo
2458 4566 2712 4646 ﬁdelium,
2742 4569 2954 4646 ecclesia
3004 4580 3231 4646 vocatur.
3260 4571 3465 4646 [lorum
3490 4579 3732 4646 exempla
3760 4581 3890 4646 Apo-

2307 4636 2489 4715 stolus
2513 4638 2775 4704 insinuat,
2821 4639 2996 4715 dicens
3020 4655 3039 4694 :
3074 4640 3141 4695 Ut
3184 4642 3439 4696 exhiberet
3468 4643 3562 4696 sibi
3609 4636 3890 4715 gloriosam

2310 4708 2617 4789 ecolesiam,
2676 4727 2777 4789 non
2817 4709 3103 4789 “habentem
3181 4715 3441 4789 maculam
3484 4708 3645 4789 neque
3702 4735 3889 4789 rugam

2314 4779 2536 4852 (ΕρΙιεεἒ
2555 4782 2647 4852 νν).
2683 4779 2782 4847 Ει,
2810 4780 2955 4837 Sicut
2987 4782 3040 4836 in
3070 4785 3300 4839 omnibus
3338 4779 3889 4843 ecclesiis'sanctoi'um

2309 4850 2699 4931 d‘oceo(‘1’bid:).
2727 4852 3094 4931 u_lieres
3111 4856 3168 4931 in
3214 4856 3428 4931 ecclesia
3448 4866 3647 4931 taceant
3670 4858 3887 4931 (Ibid).

2308 4920 2376 4974 Et
2404 4920 2564 4976 multa
2586 4920 2667 4976 his
2695 4923 2910 4996 similia.
2934 4924 3293 4996 Unusquisque
3315 4930 3469 4980 etiam
3498 4920 3774 4981 electorum
3797 4920 3893 4984 do-

2310 5010 2423 5045 mus
2455 5003 2503 5045 et
2524 4995 2789 5067 _templum
2832 4996 2928 5067 Dei
2971 4995 3339 5067 dicitur,rsicuit
3366 4998 3645 5064 Apostolus
3682 5009 3732 5052 et
3757 5017 3889 5067 suo,

2310 5073 2357 5139 tu
2386 5062 2682 5139 prophetico
2714 5066 2985 5139 conﬁrmat
3006 5066 3237 5139 exemplo
3256 5082 3275 5120 :
3299 5062 3890 5139 Templum,inquiens,

2311 5130 2409 5185 Dei
2437 5130 2671 5205 sanctum
2700 5130 2961 5205 est,'quod
2988 5137 3105 5188 estis
3130 5130 3241 5200 vos,
3268 5139 3400 5190 sicut
3427 5130 3549 5191 dicit
3583 5130 3847 5195 Dominus
3872 5130 3892 5194 ἓ

2348 5204 2779 5279 uia_inhabitabo,
2818 5219 2863 5260 et
2917 5206 3329 5279 inambulaboin
3360 5208 3627 5262 vobisEt
3658 5212 3883 5279 reliqua.

2368 5284 2384 5350 ι
2416 5272 2602 5350 Petrus
2633 5293 2650 5331 :
2697 5276 2816 5350 vos
2835 5286 3087 5350 tamquam
3118 5277 3318 5350 lapides
3342 5279 3468 5344 vivi,
3494 5272 3888 5350 supersedi/ica-

2314 5347 2437 5420 mini
2460 5348 2641 5400 domus
2690 5345 2977 5420 spiritales,
3009 5355 3111 5401 elc.
3147 5348 3323 5419 Sicut:
3341 5365 3463 5420 ergo
3489 5345 3697 5404 ecclesia
3721 5345 3775 5405 in
3804 5370 3892 5408 ec-

2314 5418 2503 5484 clesia,
2539 5420 2612 5470 sic
2650 5419 2823 5469 multa:
2858 5418 3068 5487 domus,
3092 5428 3149 5473 et
3180 5418 3370 5485 templa
3399 5418 3459 5473 in
3487 5421 3639 5473 domo
3681 5421 3810 5487 Dei,
3841 5435 3891 5476 et

2313 5490 2500 5558 templo
2521 5489 2840 5542 conveniunt.
2874 5486 2995 5540 Hzcc
3020 5489 3125 5543 ille.
3154 5491 3323 5545 Porro
3355 5492 3598 5545 ecclesia:
3622 5506 3653 5544 ιι
3677 5486 3895 5548 ϐτιιὲεἰς

2310 5575 2454 5628 saepe
2483 5565 2743 5632 vocantur
2766 5559 3022 5632 εὐκτήρια,
3048 5569 3101 5613 et
3130 5576 3156 5612 a
3187 5561 3389 5632 Latinis
3416 5562 3677 5625 oratoria,
3713 5573 3777 5617 ut
3798 5580 3895 5621 su-

2310 5635 2493 5701 perius
2521 5646 2600 5685 ex.
2624 5628 3019 5701 Dshugusiino
3044 5641 3097 5684 et
3122 5631 3412 5686 Benedicto
3433 5632 3607 5685 visum
3641 5643 3748 5695 est.
3782 5636 3898 5693 Sed

2310 5698 2366 5760 ei
2396 5701 2660 5758 Eusebius
2695 5699 2790 5755 lib.
2820 5714 2857 5754 ll
2896 5698 3097 5758 llistor.
3130 5716 3251 5772 cap.
3292 5704 3359 5758 16
3389 5716 3457 5757 ex
3496 5701 3729 5762 Philone
3762 5708 3905 5769 dicit
