4036 6218
182 224 279 303 is“:

653 210 773 294 ne
810 231 1285 293 emnomonun
1322 226 1566 290 INSTIT.
1608 224 1739 287 LIB.
1782 222 1870 285 ιιι.
1905 188 1975 272 4
2004 219 2094 285 DE
2133 217 2409 286 DIC-RN15
2450 222 2933 288 ORATIONIBUS.

184 359 472 432 metipsum
503 354 815 412 admiscere
844 352 1237 424 psallentibus:
1271 351 1365 409 sed
1396 349 1772 420 congregatio-
1798 352 1851 411 Α
1875 346 2283 417 egredientibus
2299 346 2528 412 cunctis,
2557 342 2874 400 submissab
2893 345 2949 400 in
2969 349 3171 403 terram
3192 332 3471 419 paeniten-

186 454 265 509 nis
303 462 331 490 λ
365 450 622 515 missam,
654 457 800 503 stans
820 461 918 517 pro
944 444 1176 511 foribus,
1209 443 1576 515 praestolatur,
1604 444 1778 497 donec

1886 441 1984 509 tia,
2010 440 2355 511 negligentiae
2383 454 2496 495 suae
2524 439 2612 493 vel
2641 438 2915 495 tarditatis
2946 440 3199 509 impetret
3224 442 3467 516 veniam,
3524 432 3528 441 ’

1254 556 1513 613 ALARDI
1552 555 1788 613 GAZiEl
1825 554 2393 613 COMMENTARIUS.

186 660 238 713 tn
304 654 540 726 singulis
600 652 733 726 locis
798 653 1102 726 primorum
1164 647 1554 726 monachorum
1622 647 1767 726 apud

187 719 574 784 Alexandriam
603 719 911 793 degentium
951 720 1119 777 fuisse
1152 734 1334 793 sacras
1359 719 1498 774 azdes
1533 719 1767 793 orationi

187 807 571 854 consecratas:
597 790 718 859 Est,
755 794 957 862 inquit,
988 795 1039 846 in
1070 808 1269 861 quoque
1291 792 1397 860 fere
1434 805 1557 859 agro
1587 790 1723 844 aedes
1750 830 1766 856 ,

184 886 302 937 qua:
330 869 619 939 appellatur
649 872 915 939 aspvstog,
953 864 1017 939 ‘id
1047 872 1153 939 est,
1186 871 1460 939 augustum
1491 864 1768 927 templum,

183 932 265 994 uel
296 932 650 1013 μσῦἆᾳτήριον,
684 932 821 1013 quod
844 935 1028 1013 Latine
1057 934 1210 1013 locus
1220 932 1518 1013 solitarius,
1563 946 1773 1013 separa-

181 1002 371 1078 tusque
394 1012 495 1062 dici
517 1002 709 1072 potest,
735 1007 791 1060 in
814 1022 915 1070 quo
944 1005 1112 1078 illiab
1139 1003 1259 1057 aliis
1280 1002 1525 1070 separati,
1560 1004 1770 1078 sejunc-

180 1073 322 1149 tiquc
345 1081 444 1150 pia:
479 1079 712 1150 vitwLet
748 1086 957 1150 propter
994 1075 1231 1150 virtutem
1257 1082 1489 1150 augusta:
1526 1073 1772 1150 mysteria

178 1141 403 1215 obeunt,
449 1159 553 1205 etc.
604 1141 996 1212 Tertullianus,
1049 1145 1102 1199 in
1134 1141 1487 1216 Apologetico,
1519 1156 1640 1216 cap.
1672 1141 1767 1207 59,

176 1222 372 1278 scribit
392 1214 453 1275 in
479 1219 777 1274 Ecclesium
808 1217 1089 1273 conveniri
1120 1214 1298 1278 primo
1329 1214 1397 1268 ad
1431 1215 1732 1267 orationem
1754 1254 1768 1278 ,

176 1292 420 1347 secundo
446 1292 512 1345 ad
543 1288 855 1353 lectionem,
887 1289 1044 1343 tertio
1067 1282 1136 1341 ad
1153 1284 1617 1340 exhortationem.
1648 1282 1770 1338 Ori-

174 1376 351 1432 genes
382 1361 580 1416 llomil.
604 1360 640 1413 2
661 1360 714 1413 in
746 1359 1011 1424 Exodum,
1038 1355 1310 1432 Ecclesias
1332 1354 1771 1432 Christianorum

174 1423 371 1487 domos
409 1432 679 1487 orationis
728 1438 921 1495 vocat,
971 1427 1270 1483 secundum
1309 1423 1455 1492 quod
1487 1439 1514 1475 a
1546 1423 1772 1495 Domino

173 1503 384 1559 dictum
415 1512 521 1568 est,
551 1501 738 1555 Matth.
767 1514 870 1553 xu
900 1493 955 1553 et
980 1499 1138 1553 Luem
1167 1512 1263 1550 XIX
1291 1513 1305 1568 ς
1330 1495 1527 1568 Domus
1545 1510 1658 1568 mea
1682 1493 1773 1547 do.

171 1589 295 1629 mus
318 1564 569 1628 orationis
603 1571 888 1625 vocabitur.
920 1569 1200 1623 Interdum
1234 1566 1396 1620 etiam
1438 1564 1770 1618 Dominicum

136 1660 204 1697 ,a
216 1645 514 1728 ppell‘a‘tur,‘
530 1642 731 1728 G‘raace‘
751 1640 1014 1728 κυριακὸγ.
1039 1638 1118 1728 I‘ta
1142 1639 1195 1691 in
1214 1635 1441 1691 concilio
1465 1634 1769 1722 L_aodiceno

168 1710 301 1783 cap.
335 1713 430 1776 28,
463 1716 523 1767 οὐ
564 1710 646 1766 δεῖ
675 1714 769 1770 τὰς
792 1710 1014 1783 jejuna:
1052 1711 1103 1783 ἐν
1136 1713 1538 1783 τοῖςῌξυριᾳκοῖς
1586 1713 1765 1760 ποιεῖν.

166 1776 306 1849 Quo
356 1784 524 1839 etiam
577 1796 743 1835 sensu
792 1776 866 1833 DS
905 1776 1354 1850 Cyprianuslib.‘
1388 1778 1667 1850 deopere
1701 1785 1771 1850 et

165 1846 452 1911 aeemos.
473 1894 489 1917 ,
514 1851 582 1904 In
607 1846 1168 1919 Dominicumﬁnquit,
1191 1847 1298 1919 sine
1310 1846 1570 1919 sagiﬁcio
1596 1847 1776 1919 cenis?

163 1926 254 2007 E13!
282 1916 712 2007 ?P“d.R"“.'_‘"'.’.‘
745 1923 871 1974 "is"
900 1916 1052 2007 "ba"
1088 1917 1334 2007 1³91,ίὶ
1369 1916 1772 2007 ΪῨΪῨΞῨΨῩἾΞ
1802 1951 1850 2007 Β

162 1996 248 2050 Si
274 1989 405 2058 hac,
436 1994 633 2062 inquit,
663 1992 736 2062 ita
755 2007 863 2045 esse
883 1989 1069 2054 credis,
1095 2004 1267 2062 surge,
1288 1998 1334 2042 et
1361 2003 1681 2062 “querente
1704 1989 1772 2062 ad

159 2058 539 2121 Dominicuni.
580 2061 748 2131 Hujus
778 2076 940 2131 porro
967 2058 1697 2131 nomenclaturaiAEusebius
1718 2060 1771 2113 in

162 2136 431 2192 oratione
451 2135 519 2189 de
536 2128 790 2187 laudibus
809 2130 1153 2186 Constantini
1178 2130 1316 2183 hanc
1341 2128 1499 2184 all'ert
1520 2144 1769 2184 causam:

162 2205 355 2262 ﬁdes
396 2220 605 2267 sacras,
641 2210 687 2256 et
718 2202 907 2270 templa
937 2202 1028 2255 uni
1063 2201 1294 2254 omnium
1324 2200 1432 2253 Deo
1462 2209 1615 2267 atque
1653 2200 1771 2252 uni-

162 2293 439 2332 versarum
462 2291 635 2329 rerum
662 2270 891 2326 Domino
912 2272 1159 2338 dicundo,
1192 2271 1645 2340 consecrandaque
1673 2286 1767 2323 cu-

161 2350 314 2402 ravit
350 2363 368 2402 :
408 2346 542 2399 unde
581 2345 735 2399 etiam
776 2343 1001 2413 templa,
1034 2358 1151 2413 qua:
1187 2352 1329 2395 erant
1357 2342 1403 2396 ei
1434 2350 1771 2413 consecrata,

160 2418 401 2474 Domini
440 2432 620 2469 nomen
658 2410 1207 2481 obtinuerunt;’quod
1236 2428 1421 2465 nomen
1448 2428 1551 2465 non
1582 2428 1645 2465 ex
1674 2410 1774 2463 ho-

160 2487 443 2553 minibus,
474 2486 563 2539 sed
598 2502 661 2539 ex
688 2488 798 2555 ipso
826 2486 1054 2555 omnium
1087 2483 1310 2537 Domino
1338 2483 1576 2555 illis_fuit
1607 2484 1775 2555 ἕνῃ-ρο-

161 2562 373 2622 situm;
414 2552 462 2610 et
504 2552 777 2627 propterea
824 2554 1272 2627 Dominicdsunt
1315 2552 1599 2627 appellata.
1650 2552 1775 2606 Huic

162 2628 476 2685 Eusebius.
505 2623 809 2681 'Et'eadem
854 2625 969 2680 fere
1014 2623 1314 2679 Wallridus
1351 2625 1441 2677 ubi
1480 2636 1643 2692 supra
1683 2637 1777 2677 ea-

164 2703 297 2768 pite
345 2700 398 2752 7.
434 2698 681 2768 Sutnitur
725 2705 903 2768 tamen
945 2696 1082 2768 alias
1112 2694 1471 2768 _Dominicum
1512 2709 1611 2768 pro
1656 2694 1774 2768 ipso

167 2764 367 2827 Missae
397 2766 672 2823 sacriﬁcio
702 2784 719 2819 :
757 2766 899 2821 unde
936 2767 1069 2820 illud
1104 2765 1361 2835 frequens
1403 2766 1456 2819 in
1497 2765 1645 2819 Actis
1671 2764 1773 2820 SS.

166 2841 482 2909 Martyrum
509 2856 522 2891 :
552 2837 882 2909 Dominicum
913 2837 1198 2909 celebrare,
1228 2835 1372 2909 quod
1406 2835 1547 2909 idem
1574 2846 1677 2909 est,
1711 2850 1776 2909 ac

170 2905 381 2968 Missas
408 2924 581 2979 agere
600 2907 760 2976 (Vide
788 2906 951 2963 Baro.
993 2918 1061 2962 to.
1095 2906 1435 2979 IIAnnalset
1466 2907 1518 2957 in
1552 2907 1685 2979 notis
1708 2905 1776 2958 ad

174 2975 530 3051 Martyrot'.).
560 2975 763 3051 Dicitur
789 2978 1245 3051 praetereaetiam
1269 2975 1488 3051 basilica
1515 2976 1702 3051 :_unde
1724 2987 1778 3030 et

173 3045 361 3107 verba
404 3045 500 3104 illa
530 3049 743 3104 concilii
786 3045 1083 3103 Laodiceni
1122 3046 1316 3101 Latine
1352 3046 1431 3100 sic
1472 3045 1779 3101 referuntur

174 3122 333 3192 apud
357 3120 686 3192 Gratianum
702 3137 714 3173 ε
746 3119 878 3192 Non
897 3128 1099 3192 Oportet
1119 3120 1172 3171 in
1195 3116 1534 3192 basilicisseu
1554 3118 1777 3192 ecclesiis

174 3187 405 3263 A'gapen
434 3192 604 3261 facere
625 3190 788 3263 (Dist.
810 3189 890 3263 ΑΞ
910 3206 955 3243 c.
985 3188 1101 3263 Non
1128 3191 1384 3263 oportet).
1411 3189 1477 3244 Et
1501 3187 1561 3241 D.
1588 3188 1776 3242 Hiero-

176 3259 317 3335 nftu
329 3278 391 3317 us
419 3259 475 3316 in
503 3259 790 3335 epita‘phio‘
810 3260 1080 3335 Marcellae
1108 3278 1121 3312 :
1156 3259 1519 3335 Apostolorum
1555 3270 1602 3335 et
1630 3276 1772 3335 inar-

1872 646 2119 714 nedicto;
2163 663 2263 703 nec
2308 648 2490 702 minus
2539 648 2764 717 provida
2798 649 3033 706 ratione.
3074 649 3166 708 Sic
3212 652 3357 709 enim
3395 657 3467 717 de

1875 735 2033 787 ptena
2066 718 2377 789 hujusmodi
2409 719 2827 789 negligentium,
2868 730 2924 775 et
2968 722 3123 777 tarde
3166 739 3465 783 occurren-

1874 792 2006 844 tium
2035 790 2100 843 ad
2132 803 2269 858 opus
2296 788 2423 858 Dei,
2458 788 2823 845 seu’oltlcium
2847 791 3113 857 divinum,
3145 798 3362 850 statuit:
3397 799 3463 856 Si

1872 862 1986 930 quis
2022 862 2091 934 ad
2119 870 2411 934 nocturnas
2451 859 2671 930 Vigilias
2707 870 2823 934 post
2864 861 3098 916 Gloriam
3140 867 3327 934 psalmi
3370 886 3466 924 no-

1876 932 2128 1002 nagesimi
2155 932 2325 1001 quarti
2356 930 2527 1056 squem
2554 940 2764 1001 propter
2791 933 2886 986 hoc
2919 930 3459 1003 omnino'protrahen-

1876 1003 1963 1056 do.
1992 1014 2038 1055 et
2065 1019 2267 1056 morose
2294 1017 2353 1054 vo
2380 1018 2530 1054 untus
2554 1003 2682 1056 dicil
2707 1005 2985 1056 occurrerit
3007 1021 3026 1056 :
3049 1020 3154 1056 non
3179 1015 3273 1056 stet
3301 1009 3356 1056 in
3379 1028 3459 1056 or.

1875 1003 1963 1067 do,
1992 1014 2038 1055 et
2065 1019 2267 1056 morose
2294 1003 2530 1056 volumus
2554 1003 2682 1071 dici)
2707 1005 2985 1057 occurrerit
3006 1021 3026 1068 ;
3049 1020 3154 1058 non
3179 1015 3273 1061 stet
3301 1009 3356 1061 in
3379 1028 3467 1063 or-

1876 1074 1995 1143 dine
2025 1089 2116 1127 suo
2153 1073 2207 1127 in
2237 1074 2425 1138 choro;
2456 1073 2544 1126 sed
2585 1074 2796 1127 ultimus
2839 1075 3100 1143 omnium,
3130 1083 3255 1143 stet,
3292 1090 3379 1131 aut
3407 1082 3465 1134 in

1876 1142 2020 1210 loco,
2057 1160 2204 1210 quem
2235 1144 2421 1196 talibus
2459 1142 2837 1214 negligentibus
2874 1161 3104 1200 seorsum
3142 1149 3464 1204 constituerit

1874 1214 2062 1286 abbas,
2092 1224 2147 1267 ut
2172 1215 2414 1286 videatur
2435 1215 2499 1265 ab
2523 1218 2661 1286 ipso,
2690 1215 2768 1268 vel
2792 1217 2855 1268 ab
2882 1215 3117 1269 omnibus
3148 1233 3307 1286 usque
3335 1218 3463 1275 dum

1875 1285 2137 1359 completo
2153 1300 2305 1359 oper_e
2324 1282 2418 1337 Dei
2440 1282 2644 1359 publica
2668 1287 3029 1359 satisfactione
3051 1282 3287 1359 paeniteat
3307 1288 3461 1359 (Cap.

1874 1356 1944 1409 45
1970 1355 2230 1427 Regulae).
2261 1355 2329 1408 Et
2355 1370 2423 1409 ne
2449 1355 2722 1427 videretur
2744 1356 2802 1410 S.
2833 1357 2991 1409 Pater
3013 1357 3215 1425 absque
3244 1355 3463 1416 ratione

1874 1426 2075 1495 praeter
2119 1440 2323 1481 morem
2379 1426 2736 1495 antiquorum
2770 1428 2839 1480 ita
2889 1428 3176 1491 statuisse,
3228 1429 3457 1484 subdit:

1874 1496 2006 1550 Ideo
2044 1507 2216 1551 autem
2254 1513 2336 1550 eos
2373 1496 2426 1548 in
2466 1496 2674 1559 ultimo,
2716 1508 2806 1550 aut
2843 1513 3075 1550 seorsum
3106 1498 3462 1567 judicavimus

1876 1570 2057 1623 debere
2094 1580 2263 1633 stare;
2304 1577 2359 1620 ut
2398 1567 2494 1637 uisi
2535 1568 2599 1619 ab
2627 1568 2863 1621 omnibus
2902 1569 2979 1621 vel
3014 1569 3127 1637 ipsa
3154 1574 3461 1626 verecundia

1874 1655 1967 1692 sua
2010 1638 2359 1693 emendentur.
2394 1635 2534 1710 Nam
2564 1639 2609 1690 si
2635 1638 2762 1705 foris
2794 1635 3090 1692 Oratoriu‘m
3126 1651 3459 1710 remaneant,

1874 1711 1970 1763 erit
1999 1710 2131 1779 forte
2153 1710 2296 1783 Alalis
2314 1749 2328 1772 ,
2354 1709 2443 1778 qui
2483 1724 2537 1762 se
2563 1718 2654 1783 aut
2682 1711 2949 1783 recollocet
2982 1710 3133 1783 (sup.
3168 1710 3218 1783 in
3246 1709 3454 1783 lecto),

1874 1791 1965 1834 aut
1996 1781 2242 1844 dormiat,
2273 1789 2360 1832 aut
2383 1789 2514 1831 certe
2542 1780 2715 1834 sedeat
2751 1781 2904 1849 foris,
2947 1780 3023 1833 vel
3055 1780 3243 1849 fabulis
3269 1780 3412 1836 vacet
3440 1800 3463 1838 :

1876 1867 1937 1905 ne
1969 1852 2120 1904 detur
2149 1851 2347 1904 occasio
2388 1850 2619 1920 maligno
2650 1865 2667 1902 .'
2708 1851 2799 1903 sed
2838 1851 3159 1920 ingrediatur
3187 1852 3323 1905 intro
3348 1870 3367 1906 :
3404 1863 3465 1908 ut

1877 1939 1968 1976 nec
1998 1932 2158 1976 totum
2182 1920 2383 1991 perdat,
2416 1931 2463 1973 et
2491 1919 2553 1972 de
2580 1922 2778 1989 reliquo
2811 1919 3105 1975 emendetur
3127 1921 3288 1991 (Vide
3304 1925 3462 1977 etiam

1876 1993 2129 2064 Regulam
2163 1991 2223 2047 S.
2260 1990 2535 2064 Pachomii
2568 2001 2667 2043 art.
2696 1991 2777 2059 2).
2816 1992 2889 2064 De
2914 1993 3068 2064 horis
3093 2007 3220 2064 vero
3250 1992 3461 2048 diurnis

1878 2062 2002 2118 mox
2038 2063 2256 2132 subjicit
2287 2062 2558 2132 :_Diurnis
2598 2068 2782 2132 autem_
2810 2062 2947 2132 horis
2982 2063 3070 2128 qui
3102 2063 3169 2114 ad
3205 2080 3334 2130 opus
3366 2066 3460 2118 Dei

1875 2145 1986 2205 post
2011 2130 2209 2205 versum
2236 2144 2283 2187 et
2309 2130 2541 2205 Gloriam
2568 2130 2975 2205 primiPsalmi,
3012 2132 3099 2205 qui
3125 2143 3237 2196 post
3258 2150 3461 2188 versum

1876 2199 2067 2259 dicitur
2107 2204 2174 2275 (i.
2206 2221 2255 2258 e.
2292 2203 2605 2275 postlinem
2654 2202 2814 2275 primi
2864 2199 3113 2275 psalmi),
3145 2206 3459 2273 occurrerit,

1875 2275 2003 2345 lege,
2026 2272 2184 2346 quam
2207 2292 2365 2346 supra
2392 2274 2637 2346 diximus,
2671 2273 2849 2325 ultimo
2874 2281 2969 2325 stet
2992 2272 3125 2346 loco,
3157 2286 3249 2346 nec
3268 2272 3464 2346 prasit-

1877 2342 1984 2400 mat
2005 2342 2189 2399 sociari
2214 2342 2370 2399 ch'oro
2391 2342 2743 2413 psallentium,
2766 2358 2922 2412 usque
2938 2342 3005 2394 ad
3027 2342 3463 2413 satisfactionem:

1878 2418 1980 2470 nisi
2010 2420 2139 2485 forte
2165 2415 2319 2468 abbas
2357 2412 2617 2467 licentiam
2645 2413 2840 2467 dederit
2870 2412 3202 2485 permissione
3227 2431 3340 2485 sua.
3374 2415 3464 2469 Ita

1878 2483 2047 2539 tamen
2092 2497 2145 2540 ut
2174 2486 2458 2556 satisfaciat
2483 2502 2598 2539 reus
2631 2500 2694 2539 ea:
2731 2483 2972 2556 hoc.ASie
3001 2484 3062 2536 ll.
3098 2484 3462 2556 Benedictus,

1876 2557 2161 2624 Cassiani,
2215 2554 2310 2610 seu
2361 2564 2608 2610 veterum
2666 2554 3055 2624 monachorum
3111 2554 3464 2621 institutum,
3525 2598 3528 2601 λ

1877 2628 2049 2697 quoad
2083 2623 2234 2697 hanc
2252 2635 2465 2696 partem
2497 2627 2739 2680 imitatus
2767 2623 3033 2697 (Yidehic
3059 2625 3463 2697 declarationem

1877 2689 2174 2769 congregat.
2204 2689 2471 2769 Cdssinen.
2494 2706 2546 2769 et
2577 2689 2970 2769 concil.'Basil._
2994 2711 3119 2769 sess:
3148 2695 3239 2760 ‘21,
3276 2695 3303 2768 ᾗ
3330 2700 3384 2763 2,
3415 2709 3467 2753 et

1878 2764 2189 2840 Aquisg'ran.
2223 2786 2271 2821 c.
2304 2768 2448 2840 151).
2479 2767 2633 2840 Quod
2659 2777 2844 2840 autem
2870 2765 3001 2840 dicit
3032 2764 3175 2840 ta
3205 2764 3374 2840 tamen
3403 2778 3463 2823 ut

1877 2835 2164 2905 satisfaciat
2192 2855 2310 2891 reus
2341 2854 2359 2891 :
2384 2838 2618 2906 Exponit
2654 2835 2984 2904 Smaragdus
3027 2837 3195 2891 abbas
3222 2839 3300 2892 sic
3330 2856 3458 2894 cum

1877 2925 1975 2980 per
2005 2910 2275 2964 licentiam
2301 2908 2511 2980 abbatis
2541 2906 2595 2960 in
2624 2906 2796 2960 choro
2827 2908 3025 2980 recipi,
3054 2917 3122 2980 ut
3150 2919 3264 2975 post
3293 2923 3467 2965 actum

1877 2975 2084 3035 cursum
2126 2980 2196 3050 (i.
2238 2995 2290 3034 e.
2334 2976 2569 3030 ofﬁciunt
2611 2975 2921 3050 peractum)
2964 2978 3255 3050 satisfaciat
3294 2982 3469 3036 adhuc

1875 3069 1995 3105 reus
2040 3048 2143 3118 pro
2172 3051 2479 3120 negligentia
2508 3065 2539 3101 a
2569 3065 2622 3102 se
2657 3049 2964 3120 commissa,
2990 3048 3153 3101 donec
3178 3051 3240 3102 ab
3280 3053 3468 3107 abbate

1876 3123 2094 3193 recipiat
2129 3118 2367 3193 veniam,
2409 3127 2456 3173 et
2491 3136 2606 3173 eum
2639 3119 2874 3173 remissio
2910 3118 3065 3188 plena
3104 3121 3466 3192 subsequatur,

1878 3210 1939 3246 ac
1969 3191 2206 3259 pacifica.
2236 3191 2329 3247 Sic
2353 3193 2487 3260 ipse.

1950 3263 1976 3301 ι)
2003 3264 2060 3317 ιιι
2088 3272 2202 3333 est,
2234 3272 2346 3317 toto
2376 3276 2605 3331 corpore
2634 3262 2684 3315 in
2715 3262 2923 3331 signum
2951 3263 3287 3331 pmnitentiac
3315 3266 3468 3321 humi

180 3328 367 3404 ιῇηιηι
384 3328 613 3404 omnium
639 3329 879 3404 basilicas
904 3330 1106 3404 secretis
1127 3328 1412 3404 celebrabat
1435 3330 1772 3404 orationibus.
1802 3328 1848 3387 C
1882 3344 2154 3402 prostrato
2169 3328 2197 3401 ,’
2229 3350 2329 3389 nec
2372 3328 2498 3387 ante
2539 3328 2851 3387 missionem
2893 3328 3127 3397 abbatis,
3162 3346 3215 3388 et
3248 3338 3464 3389 veniam

178 3400 349 3462 [inde
375 3418 507 3459 vero
536 3403 587 3456 id
613 3416 811 3456 nomen
842 3401 1131 3455 deductum
1158 3400 1226 3454 sit
1254 3400 1511 3464 basilicae,
1541 3400 1777 3454 Isidorus

180 3476 288 3531 lib.
333 3489 410 3529 xv
451 3472 692 3544 Etymol.
738 3487 786 3527 c.
829 3472 864 3525 4
894 3471 1173 3544 itahabet
1199 3469 1526 3544 :_Basilieie,
1568 3472 1776 3540 inquit,

182 3548 366 3617 primo
408 3540 737 3617 rogabantur
765 3558 941 3612 regum
979 3542 1290 3617 habitacula.
1324 3540 1473 3595 Unde
1493 3550 1557 3617 _et
1586 3557 1780 3617 nomen

184 3612 400 3671 habent.
432 3614 573 3688 Nam
599 3615 848 3688 ﬁrmata};
868 3628 989 3688 rex;
1027 3623 1079 3688 Aet
1117 3612 1550 3688 basilicw,_reg_i_a:
1576 3612 1778 3688 habita-

182 3690 377 3742 tiones.
411 3687 570 3741 Nunc
596 3683 768 3739 autem
793 3684 909 3739 ideo
935 3684 1107 3737 divina
1140 3683 1334 3749 templa
1364 3684 1587 3734 basilica:
1617 3683 1780 3734 nomi-

180 3767 424 3823 nantur;
454 3757 579 3823 quia
603 3756 676 3809 ibi
698 3754 829 3825 Regi
853 3756 1080 3808 ontnium
1105 3752 1217 3825 Deo
1245 3752 1435 3825 cultus,
1459 3762 1503 3803 et
1527 3753 1783 3825 sacrificia

183 3820 493 3896 offeruntur
536 3825 700 3897 (Yide
738 3820 936 3897 Bhron.
989 3826 1045 3879 in
1089 3820 1782 3897 nqtis_ad_Martyrolog.__5

181 3891 444 3970 August,
472 3907 521 3951 et
545 3891 846 3970 Durantum
871 3894 959 3970 lib.
989 3896 1099 3970 ide
1129 3891 1525 3970 ιέἱιξὺηζξςειεε.
1553 3908 1671 3970 cap:
1703 3891 1779 3961 1).

181 3963 403 4024 Similia
432 3968 634 4022 habent
663 3966 967 4021 Amalarius
991 3967 1087 4021 lib.
1112 3982 1173 4021 ιιι
1202 3964 1272 4017 de
1296 3963 1452 4019 (illic.
1483 3978 1604 4032 cap.
1631 3963 1697 4028 2,
1729 3972 1785 4018 et

183 4039 497 4096 Wiill'ridus
533 4053 654 4107 cap.
680 4037 933 4107 6.,Porro
961 4037 1028 4092 de
1059 4036 1246 4105 templi
1274 4035 1641 4107 appellatione
1667 4036 1784 4107 haec

182 4112 381 4167 itidem
406 4104 645 4164 Isidorus
671 4125 688 4163 :
716 4106 918 4176 Templi
947 4123 1127 4161 nomen
1152 4104 1388 4177 generate
1406 4116 1500 4159 est.
1528 4104 1634 4159 Pro
1656 4106 1780 4177 locis

184 4183 332 4237 enim
360 4182 767 4250 quibuscumque
794 4179 992 4248 magnis
1013 4176 1209 4250 antiqui
1229 4178 1416 4250 templa
1434 4178 1686 4250 dicebant.
1715 4176 1782 4229 Et

186 4249 391 4322 templa
422 4252 559 4304 dicta
587 4250 737 4317 quasi
762 4257 892 4302 tecta
926 4250 1118 4322 ampla.
1151 4249 1257 4302 Sed
1285 4260 1330 4302 et
1364 4249 1780 4322 locushdesigna-

189 4334 278 4375 tus
300 4318 375 4373 ad
403 4322 669 4374 Orientem
695 4337 729 4373 a
760 4320 1190 4389 contemplatione
1217 4318 1459 4389 templum
1495 4318 1776 4371 dicebatur.

190 4394 327 4447 Haec
355 4392 471 4446 ille.
506 4390 853 4460 Nequaquam
899 4405 1028 4443 vero
1067 4405 1093 4442 a
1134 4390 1431 4459 majoribus
1460 4389 1779 4454 delubrum,

193 4464 286 4516 vel
326 4463 509 4515 ianum
540 4476 699 4516 sacer
732 4461 886 4515 locus
916 4460 1091 4515 dictus
1127 4468 1245 4526 est;
1284 4461 1409 4515 licet
1436 4460 1519 4514 his
1558 4461 1780 4515 vocibus

192 4533 539 4587 recentiores
569 4531 813 4586 nonnulli
843 4540 994 4585 certe
1023 4530 1237 4598 quidem
1268 4531 1581 4601 improprie,
1616 4545 1684 4601 ne
1707 4532 1785 4583 di-

190 4619 325 4656 cam
361 4602 629 4672 improbe,
649 4602 729 4655 usi
755 4609 900 4668 sunt,
934 4601 1133 4670 quippe
1158 4617 1278 4671 qua:
1299 4600 1468 4672 magis
1497 4600 1780 4672 gentilium

130 4692 145 4709 ι
195 4671 432 4738 templis
474 4672 789 4724 conveniant
825 4688 840 4728 :
884 4687 1007 4725 nam
1044 4683 1097 4726 et
1134 4672 1321 4727 Patres
1354 4671 1573 4726 nostros
1608 4672 1677 4724 ab
1718 4671 1785 4724 iis

190 4741 548 4798 abstinuisse
575 4741 926 4797 certissimum
949 4751 1054 4797 est.
1086 4742 1160 4797 lta
1190 4743 1470 4797 Baronius.
1501 4742 1784 4796 Postremo

194 4814 443 4879 denique
480 4810 648 4866 etiam
688 4813 1051 4867 sanctuarium
1099 4814 1239 4869 idem
1278 4815 1430 4868 locus
1457 4812 1781 4881 appellatur,

193 4896 291 4938 aut
322 4884 445 4953 quia
474 4882 547 4936 ibi
578 4898 727 4936 sacra
760 4886 1102 4948 continentur,
1134 4895 1258 4955 puta
1299 4884 1547 4954 Reliquia’
1585 4892 1787 4955 sancto—

195 4952 355 5021 rum;
398 4968 487 5007 aut
521 4955 646 5023 quia
688 4954 758 5025 ibi
795 4952 1362 5021 sacramenta'dantur,
1408 4952 1591 5025 quibus
1630 4952 1786 5007 homo

194 5026 579 5099 sanctiﬁcatur,
605 5027 683 5078 ait
701 5024 1148 5099 Turrecrcmatus
1164 5026 1259 5099 (In
1280 5043 1397 5096 cap.
1421 5024 1491 5081 52
1517 5026 1747 5097 Regulae)
1770 5043 1781 5079 :

192 5098 292 5166 qui
320 5108 375 5152 et
417 5098 601 5151 multis
639 5097 945 5168 rationibus
985 5097 1228 5168 ostendit
1260 5106 1461 5168 quanto
1491 5100 1544 5151 in
1583 5101 1787 5152 honore

193 5179 255 5221 et
277 5168 583 5223 reverentia
604 5166 890 5223 habendus
916 5167 986 5223 sit
1007 5166 1235 5223 oratorii
1260 5166 1432 5222 lacus.
1451 5168 1648 5222 Verum
1672 5168 1789 5222 lucc

193 5238 717 5362 deﬂvi'ariisloratorii
747 5239 1202 5307 appellationibus
1233 5255 1297 5295 ex
1336 5240 1625 5294 occasione
1646 5240 1789 5294 dicta

193 5323 262 5361 Sil
327 5325 451 5362 eian
483 5346 498 5361 .

193 5311 498 5364 Sufﬁciunt.

277 5391 303 5415 ι·
342 5378 604 5450 Missam,
645 5378 698 5434 id
736 5386 853 5447 est,
893 5380 1267 5437 dimissionem
1314 5381 1543 5435 fratrum
1577 5390 1794 5450 peracto

192 5448 413 5522 officio.
434 5450 526 5505 Sic
548 5457 603 5504 et
626 5461 849 5522 sanctus
878 5451 1213 5508 Fructuosus
1243 5455 1381 5522 apud
1404 5448 1754 5520 Smaragdum
1777 5470 1791 5506 :

193 5520 288 5574 Ad
317 5525 588 5602 orationes
632 5520 850 5602 diurnas
875 5564 891 5589 ,
916 5525 1006 5592 qui
1045 5525 1111 5602 ad
1140 5520 1362 5594 primum
1392 5522 1663 5602 Psalmth
1698 5540 1798 5576 non

191 5593 524 5657 occurrerit,
563 5593 781 5646 introire
818 5596 874 5647 in
902 5593 1181 5647 oratorium
1213 5612 1325 5647 cum
1359 5595 1553 5648 caeteris
1576 5609 1678 5645 non
1706 5610 1800 5646 au-

192 5662 361 5737 geat,
394 5662 483 5737 sed
531 5663 849 5737 poenitentia:
888 5666 1209 5736 delegabitur
1243 5663 1332 5737 (In
1368 5683 1481 5735 cap.
1514 5664 1585 5717 45
1619 5664 1795 5737 9e51,).

1880 3410 2223 3473 impetratam
2246 3405 2523 3477 erigendo.
2556 3405 2646 3457 Sic
2674 3405 2768 3459 lib.
2802 3418 2991 3477 ucap.
3017 3406 3119 3477 l6:
3151 3405 3343 3475 Siquis
3372 3423 3468 3477 pro

1881 3477 2108 3530 admisso
2141 3478 2364 3546 quolibet
2403 3475 2589 3528 delicto
2631 3477 2785 3546 fuerit
2806 3475 2876 3546 ab
2898 3476 3128 3546 oratione
3153 3475 3465 3544 suspensus,

1881 3546 2058 3600 nullus
2078 3543 2192 3600 cuin
2209 3564 2267 3601 eo
2291 3563 2499 3614 prorsus
2522 3546 2707 3598 orandi
2725 3544 2876 3597 habet
2892 3543 3169 3606 licentiam,
3193 3543 3468 3614 antequam

1879 3617 2127 3671 submissa
2165 3622 2219 3671 in
2251 3627 2436 3670 terram
2478 3616 2804 3684 poenitentia,
2848 3615 3202 3684 reconciliatio
3237 3617 3379 3682 ejus,
3420 3626 3469 3667 et

1882 3688 2108 3741 admissa
2138 3690 2285 3741 venia
2310 3682 2486 3739 coram
2516 3684 2760 3751 fratribus
2802 3684 3024 3751 cunctis,
3075 3682 3285 3750 publice
3313 3684 3469 3751 fuerit

1882 3759 1944 3811 ab
1994 3759 2175 3812 abbate
2219 3750 2601 3810 concessaﬁEt
2646 3765 2833 3803 rursus
2877 3750 2969 3802 lib.
3002 3765 3053 3802 tv
3085 3765 3205 3818 cap.
3241 3750 3353 3806 i6:
3404 3754 3467 3811 Si

1882 3830 1995 3899 quis
2023 3829 2266 3899 gillonem
2306 3824 2512 3892 fictilem
2540 3837 2665 3873 casu
2703 3819 2875 3899 aliquo
2915 3820 3155 3899 fregerit,
3185 3839 3287 3899 non
3317 3825 3471 3899 aliter

1884 3890 2248 3970 negligentiam
2275 3890 2421 3950 suam
2445 3934 2459 3957 ,
2503 3907 2656 3970 quam
2687 3890 2895 3970 publica
2923 3892 3083 3945 diluet
3126 3896 3469 3970 paenitentia;

1883 3963 2182 4040 cu'itclisque
2230 3971 2282 4021 in
2331 3965 2515 4033 synaxi
2570 3963 2815 4040 fratribus
2865 3966 3221 4040 congregatis,
3267 3968 3470 4021 tamdiu

1884 4035 2175 4109 prostratus
2217 4043 2272 4093 in
2322 4048 2513 4093 terrain
2554 4036 2759 4109 veniam
2802 4035 3111 4109 postulabit,
3156 4036 3314 4090 donec
3352 4056 3472 4089 ora-

1886 4106 2085 4165 tionum
2132 4117 2509 4164 consummetur
2546 4106 2874 4170 solemnitas,
2918 4107 3281 4176 impetraturus
3322 4124 3469 4175 eam,

1884 4199 1997 4236 cum
2018 4186 2200 4253 jussus
2232 4180 2393 4253 fuerit
2425 4176 2627 4253 abbatis
2646 4177 2940 4253 judicio_de
2965 4177 3077 4253 solo
3106 4193 3344 4253 surgere.
3365 4179 3474 4234 Ctt-

1880 4256 1969 4321 jus
2012 4247 2372 4306 institutionis
2423 4249 2683 4321 imitatorA
2718 4248 2792 4321 D.
2834 4247 3155 4321 Benedictus
3202 4247 3473 4319 duplicem

1886 4318 2195 4391 hujusmodi
2228 4319 2642 4391 proswationcm
2672 4318 2934 4391 instituit,
2958 4322 3205 4391 alteram
3236 4318 3335 4389 pro
3359 4324 3475 4375 enl-

1884 4388 1971 4464 pis
1993 4388 2350 4464 gravioribus,
2384 4390 2606 4464 alteram
2639 4402 2742 4464 pr_o_
2764 4388 3057 4464 levioribus
3088 4388 3241 4460 (Cap.
3271 4394 3339 4447 «14
3372 4393 3476 4446 lle-

1885 4459 2075 4535 gulae).
2129 4462 2225 4535 De‘
2253 4463 2415 4535 priori
2465 4460 2547 4514 his
2594 4459 2775 4514 verbis
2811 4475 2825 4512 :
2877 4459 2977 4523 Qui
3020 4476 3131 4535 pro
3162 4459 3479 4535 gravioribus

1885 4532 2055 4601 culpis
2084 4537 2146 4587 ab
2189 4532 2468 4595 Oratorio,
2515 4539 2562 4584 et
2594 4546 2767 4584 ntensa
2812 4532 3299 4601 excommunicatur,
3346 4533 3480 4590 hora

1886 4599 1987 4673 qua
2032 4621 2159 4673 opus
2204 4604 2304 4657 Dei
2347 4604 2403 4657 in
2450 4601 2695 4656 Oratorio
2743 4599 3139 4674 percelebratur,
3186 4614 3301 4658 ante
3344 4608 3480 4674 fores

1891 4672 2117 4730 Oratorii
2168 4686 2451 4743 prostratus
2482 4676 2661 4745 jaceat
2699 4672 2827 4726 nihil
2872 4672 3075 4737 dicens,
3127 4674 3231 4728 nisi
3278 4672 3479 4728 tantum

1889 4749 2058 4816 posito
2109 4748 2161 4800 in
2214 4756 2349 4800 terra
2404 4746 2573 4813 capite
2629 4752 2943 4816 prostratus,
3002 4761 3197 4814 pronus
3248 4748 3479 4799 omnium

1890 4815 1955 4871 de
2010 4816 2250 4872 Oratorio
2298 4818 2590 4870 exeuntium
2631 4815 2873 4884 pedibus,
2920 4823 2967 4867 et
3012 4817 3107 4868 hoc
3156 4817 3351 4868 tamdiu
3395 4817 3479 4886 fa-

1889 4890 1991 4941 ciat
2035 4906 2192 4960 usque
2246 4889 2370 4941 dum
2421 4888 2575 4960 abbas
2617 4886 2914 4960 indicaverit
2967 4887 3290 4960 satisfactum
3327 4905 3475 4960 esse.

1894 4960 1994 5032 Qui
2025 4957 2147 5013 dum
2171 4964 2349 5032 jussus
2378 4957 2441 5007 ab
2468 4957 2649 5032 abbate
2678 4958 2898 5032 venerit,
2942 4959 3207 5032 provolvat
3237 4974 3291 5011 se
3316 4959 3482 5032 ipsius

1890 5024 2086 5084 abbatis
2139 5024 2646 5099 pedibus;._d_ei_nde_
2687 5026 2920 5099 omnium
2957 5027 3199 5099 fratrum
3260 5024 3485 5096 uestigiis

1893 5110 1949 5155 ut
1987 5092 2259 5166 orent'pro
2303 5110 2358 5147 eo
2396 5092 2567 5166 (Vide
2595 5092 2675 5143 his
2706 5092 3108 5164 Smaragdum).
3142 5097 3208 5150 Et
3236 5112 3355 5165 quae
3388 5092 3486 5149 se-

1896 5177 2155 5242 quuntur.
2167 5162 2216 5220 ὐ
2227 5166 2274 5218 bi
2297 5170 2447 5242 notat
2466 5162 2912 5242 :l‘urrecrematus
2928 5162 3156 5242 quatuor
3169 5162 3347 5242 partes
3362 5179 3486 5219 con-

1897 5230 2059 5297 tineri
2106 5253 2169 5292 ac
2205 5233 2480 5306 prmscribi
2523 5233 2578 5306 in
2607 5230 2711 5306 hac
2751 5230 3341 5306 lo_rma_satisfactionis
3387 5249 3487 5301 pro

1896 5302 2238 5383 gravioribus
2289 5306 2486 5383 culpis.
2535 5303 2755 5383 Prima,
2805 5302 2976 5383 inquit
3001 5313 3145 5383 ,Jest
3191 5308 3488 5383 prostratio

1899 5373 2027 5437 ante
2078 5381 2226 5437 fores
2266 5373 2486 5433 oratorii
2533 5375 2599 5430 ad
2654 5373 2818 5443 pedes
2870 5373 3114 5438 abbatis,
3156 5381 3210 5427 et
3258 5374 3487 5432 fratrum

1903 5458 2237 5509 exeuntium.
2270 5448 2546 5513 Secunda,
2578 5445 2882 5515 provolutio
2914 5443 3137 5515 pedibus
3169 5443 3400 5513 abbatis,
3434 5456 3491 5502 et

1904 5526 2127 5578 fratrum
2160 5522 2403 5591 vestigiis
2429 5564 2443 5589 ,
2477 5512 2601 5591 cum
2629 5516 2895 5591 petitione
2932 5512 3230 5570 orationum
3254 5560 3279 5591 ,_
3303 5528 3358 5570 et
3388 5518 3492 5591 hoc

1906 5610 2027 5650 cum
2055 5604 2279 5649 vocatur
2303 5586 2377 5645 ad
2402 5586 2934 5659 capitulm._'l‘ertia
2965 5591 3049 5659 est
3082 5587 3341 5659 receptio,
3375 5588 3494 5643 sive

1907 5666 2070 5720 statio
2099 5668 2245 5724 illius
2272 5663 2326 5717 in
2356 5656 2690 5716 loco—humili
2713 5656 2970 5726 deputato
3000 5658 3051 5711 in
3081 5656 3340 5720 oratorio,
3368 5674 3493 5717 cum

192 5734 387 5794 Porro
405 5728 563 5790 aliter
588 5736 770 5803 quoad
799 5728 1094 5793 nocturnas
1127 5728 1287 5800 horas
1310 5728 1486 5803 visum
1516 5743 1598 5799 est
1619 5728 1804 5797 D.'Bc<
1911 5737 2238 5794 abstinentia
2284 5734 2352 5790 ab
2390 5733 2720 5799 incteptione
2760 5728 3131 5799 psalmorum,
3164 5728 3491 5806 lectionum,

494 5827 779 5891 Ps'ruon.
820 5825 1051 5891 XLIX.

2934 5844 2968 5884 ὓ
