4026 6212
1885 293 2168 352 JOANNIS
2205 271 2518 354 Cassam

3739 263 3834 345 uti

566 414 748 472 sciens
781 421 1120 483 nequaquam
1156 425 1216 468 se
1238 426 1398 484 posse
1430 411 1656 469 desidiae
1680 423 1790 468 suae
1822 427 2020 467 noxam
2049 412 2153 467 ali-
2179 420 2227 478 Α
2257 418 2611 485 prtestitutam
2655 410 2928 470 dilationis
2972 410 3162 468 horam
3203 407 3289 466 vel
3345 403 3621 465 modicum
3660 401 3868 484 tardag

569 514 655 563 ter
681 505 935 574 expiare;
969 503 1066 561 sed
1091 520 1158 560 ne
1185 504 1236 559 in
1265 520 1326 560 ea
1352 504 1588 574 quidem,
1615 520 1742 575 qua:
1769 514 1892 575 post
1921 513 2031 559 tres
2059 504 2155 560 ho-

565 609 656 650 ras
681 597 788 650 erit
817 604 1066 649 secutura
1099 595 1440 660 solemnitas,
1470 594 1889 661 admittendum,
1923 595 2022 649 nisi
2055 608 2152 664 pro

564 687 894 757 negligentia
920 688 1171 756 praesenti
1201 687 1488 742 confestim
1520 703 1648 744 vera
1689 687 1996 744 humilitate
2025 686 2153 742 sub-

567 779 744 834 nixius
792 779 1111 835 satisfacere
1164 779 1527 836 festinaverit.
1583 781 1640 836 In
1691 782 1975 837 nocturnis
2024 794 2155 835 vero

564 871 960 926 conventiculis
998 887 1168 941 usque
1195 869 1262 927 ad
1307 873 1610 929 secundum
1645 873 1916 942 psalmum
1945 872 2156 943 praebe-

565 971 653 1017 tur
691 963 926 1018 tardanti
958 963 1176 1032 dilatio,
1218 964 1293 1020 ita
1325 965 1650 1032 dumtaxat,
1683 974 1742 1020 ut
1779 975 2063 1036 antequam
2098 963 2160 1018 ti-

562 1058 679 1112 nito
719 1058 910 1112 eodem
940 1059 1152 1128 psalmo
1181 1058 1383 1114 fratres
1412 1059 1467 1114 in
1496 1059 1744 1114 oratione
1775 1058 2154 1128 procumbunt,

562 1151 918 1219 semetipsum
949 1150 1357 1220 congregationi
1388 1151 1634 1206 inserere
1665 1159 1829 1220 atque
1853 1149 2160 1204 admiscere

562 1240 816 1308 festinet;
865 1242 1039 1299 eidem
1088 1244 1447 1312 proculdubio
1485 1245 1845 1314 increpationi
1882 1258 1946 1298 ac
1979 1241 2160 1313 poeni-

562 1333 777 1402 tentias,
821 1347 982 1402 quam
1033 1335 1420 1406 praediximus,
1473 1335 1878 1406 subjiciendus,
1933 1335 1979 1388 si
2019 1334 2160 1390 ultra

2254 509 2414 565 verit.

2849 637 3078 695 CAPUT
3118 636 3253 692 vnt.
3841 645 3851 700 ;

3850 727 3864 776 i

2263 777 2486 847 Vigilite,
2529 792 2642 847 qua:
2670 792 2700 829 a
2730 791 2938 844 vespera
2968 773 3298 847 illucescente
3336 769 3546 847 sabbato
3574 769 3855 847 celebran-'

2326 842 2431 913 tur,
2463 842 2610 914 quem
2642 842 2884 917 temporis
2915 845 3124 898 modum
3157 850 3390 908 teneant,
3424 842 3504 896 vel
3529 858 3632 912 quo
3663 842 3832 896 ordine

2329 919 2669 974 celebrentur.

2325 1051 2469 1108 Sane
2491 1060 2515 1088 ⁸
2537 1051 2748 1122 vigilias
2774 1065 2893 1120 quae
2915 1047 3143 1120 singulis
3173 1045 3606 1102 hebdomadibus
3622 1061 3652 1102 a
3669 1045 3698 1086 ιι
3724 1061 3836 1103 ves-

2257 1161 2388 1217 pera
2433 1145 2782 1202 illucescente
2819 1144 3050 1202 sabbato
3089 1143 3468 1211 celebrantur,
3515 1141 3720 1198 idcirco
3755 1157 3835 1198 se-

2259 1239 2446 1294 niores
2485 1237 2703 1293 hiemali
2745 1246 3017 1307 tempore,
3044 1249 3152 1305 quo
3182 1245 3371 1290 noctes
3400 1241 3527 1289 sunt
3550 1234 3834 1305 longiores,

2265 1341 2286 1370 ο
2316 1345 2484 1400 usque
2519 1329 2587 1385 ad
2617 1339 2864 1399 quartum
2895 1327 3165 1399 gallorum
3191 1335 3410 1383 cantum
3449 1340 3546 1397 per
3573 1335 3837 1382 monaste-

1637 1449 1898 1505 ALARDI
1937 1445 2176 1505 GAZA‘II
2214 1444 2779 1502 COMMENTARIUS.

563 1540 1052 1609 responsoriorum.
1084 1541 1290 1608 Quarta
1321 1553 1407 1597 est
1440 1541 1737 1611 prostratio
1764 1541 1820 1594 in
1841 1610 1846 1611 ί
1867 1548 2070 1594 terram
2108 1539 2162 1594 in

562 1613 671 1666 ﬁne
703 1611 991 1675 horarum,
1025 1611 1142 1664 sive
1169 1611 1350 1679 operis
1380 1610 1584 1674 divini,
1618 1627 1785 1678 usque
1821 1610 1948 1664 dum
1991 1611 2161 1666 abbas

564 1696 687 1736 eum
715 1680 957 1733 absolvat
987 1683 1054 1733 ab
1084 1680 1182 1734 hac
1215 1683 1604 1736 satisfactione.
1643 1680 1836 1734 Forma
1861 1690 2040 1735 autem
2073 1695 2160 1735 sa-

2260 1547 2568 1609 repugnant.
2610 1536 2866 1609 Nonnulli
2894 1537 3071 1591 mortis
3108 1537 3441 1591 meditatione
3469 1553 3523 1592 se
3569 1546 3834 1609 exercent,

2264 1607 2327 1662 ex
2345 1607 2642 1677 hujusmodi
2669 1609 3072 1679 consideratione
3093 1609 3532 1679 compunctionem
3554 1607 3648 1661 sibi
3672 1608 3840 1679 aequi:

2264 1696 2377 1733 rere
2404 1676 2682 1732 studentes.
2719 1678 2803 1732 Ea:
2829 1680 2907 1733 his
2932 1679 3164 1733 omnibus
3195 1676 3351 1746 primi
3375 1679 3491 1744 illi,
3528 1689 3574 1732 et
3604 1676 3841 1746 postremi

564 1751 884 1804 tistactionis
903 1765 998 1818 pro
1021 1751 1228 1806 levibus
1245 1752 1419 1818 culpis
1449 1754 1518 1805 ita
1545 1752 1932 1819 praescribitur,
1963 1751 2156 1806 eodem
2186 1748 2234 1808 B
2261 1751 2466 1804 diurnis
2491 1751 2718 1803 excubiis
2754 1751 3018 1814 insistunt,
3047 1749 3256 1802 secundi
3283 1765 3398 1804 vero
3419 1751 3714 1803 monastij
3733 1750 3840 1802 vita:

564 1821 984 1893 'Al‘urrecrcmato
1012 1832 1436 1888 comiiietttantc,
1469 1832 1524 1878 et
1547 1825 1850 1893 explicante
1880 1839 1894 1875 :
1931 1823 2033 1886 Qui
2060 1839 2154 1893 pro

566 1891 758 1945 levibus
780 1889 946 1960 culpis
968 1892 1475 1946 excomimtnicuntur
1495 1892 1571 1964 (id
1595 1889 1697 1956 est,
1723 1889 2153 1964 sequestrantur)

566 1972 766 2016 tantum
807 1978 838 2014 α
876 1977 1080 2027 mensa,
1125 1965 1178 2016 in
1221 1966 1453 2017 oratorio
1495 1965 1863 2033 satisfaciant:
1901 1965 2055 2017 sicuti
2088 1979 2154 2019 ex

565 2042 721 2102 parte
750 2033 950 2088 dictum
992 2046 1075 2088 est
1105 2036 1160 2088 in
1189 2035 1353 2104 priori
1385 2034 1557 2088 forma
1577 2076 1591 2098 ,
1623 2034 1877 2089 videlicet
1903 2044 1963 2087 ut
1995 2035 2152 2100 tales,

564 2114 946 2172 permanentes
969 2115 1147 2159 tamen
1173 2106 1224 2158 in
1253 2104 1375 2157 loco
1395 2120 1493 2160 suo
1517 2106 1568 2157 in
1593 2104 1853 2172 oratorio,
1886 2119 1984 2158 nec
2011 2105 2154 2173 psal-

565 2189 742 2239 mum,
777 2189 884 2244 necﬁ
917 2175 1270 2244 antiphonatn
1299 2174 1536 2230 debeant
1561 2176 1872 2244 imponere,
1904 2190 2002 2228 nec
2047 2176 2157 2230 lec-

564 2246 739 2300 tiones
781 2243 1048 2299 recitare.’
1081 2247 1214 2301 ltem
1249 2245 1301 2298 in
1339 2246 1444 2302 line
1486 2243 1740 2300 horarum
1785 2246 2055 2313 projicere
2095 2259 2156 2301 se

563 2315 798 2371 debeant
828 2318 880 2367 in
914 2323 1137 2380 terram,
1172 2317 1310 2369 sicut
1337 2318 1587 2384 superius
1619 2328 1700 2370 cst
1726 2315 2034 2370 ordinatum
2055 2358 2068 2380 ,
2101 2325 2156 2372 et

563 2403 720 2456 usque
752 2387 815 2441 ad
836 2388 1127 2457 jussionem
1149 2386 1350 2457 abbatis
1381 2387 1478 2440 hoc
1501 2387 1693 2456 faciant
1716 2429 1731 2454 ,
1761 2386 1798 2442 i.
1825 2401 1874 2441 e.
1898 2387 2155 2457 impleant

564 2459 848 2521 continue,
890 2470 1048 2524 usque
1088 2456 1212 2510 dum
1252 2456 1408 2510 abbas
1439 2458 1744 2522 benedicat,
1786 2456 1992 2526 signum
2023 2501 2037 2524 ,
2069 2458 2154 2512 vel

563 2527 788 2581 verbum
817 2526 1210 2582 benedictionis
1237 2528 1436 2584 dando.
1468 2529 1546 2582 lta
1571 2527 2018 2583 Turrecrematus
2049 2527 2154 2583 Re-

567 2597 748 2667 gulam
779 2608 1080 2662 expOnens.

634 2676 663 2706 ⁸
689 2667 899 2736 Vigilia:
943 2667 1031 2722 hic
1052 2676 1107 2723 et
1133 2669 1336 2739 passim
1357 2679 1618 2725 vocantur
1641 2676 1917 2725 nocturnas
1943 2683 2151 2737 preces,

563 2747 617 2794 et
647 2749 968 2806 conventus,
1017 2740 1070 2793 in
1101 2740 1300 2808 quibus
1326 2740 1436 2805 illi,
1466 2750 1520 2796 et
1543 2741 1630 2794 alii
1661 2739 1912 2794 monachi
1941 2740 2154 2794 illorum

563 2809 814 2881 exemplo
846 2809 912 2866 tle
943 2818 1102 2865 nocte
1133 2811 1460 2880 rervigilare
1482 2855 1494 2877 ,
1543 2820 1597 2866 et
1627 2821 1898 2881 tamquam
1955 2811 2154 2865 milites

561 2880 878 2948 spiritales,
928 2895 1023 2934 seu
1067 2883 1322 2936 custodes
1367 2898 1530 2952 supra
1580 2880 1770 2936 muros
1815 2881 2153 2935 Hierusalem

561 2952 839 3005 constituti
868 2954 1135 3007 excubare
1187 2953 1384 3008 solent.
1446 2953 1580 3007 llinc
1608 2953 1670 3005 D.
1709 2953 2067 3022 Hieronymus
2099 2953 2153 3008 in

562 3035 682 3089 cap.
715 3035 770 3074 tv
799 3022 1007 3077 Daniel.
1053 3037 1317 3077 enarrans
1349 3024 1435 3076 illa
1471 3024 1631 3076 verba
1667 3039 1681 3076 :
1713 3022 1779 3075 Et
1830 3038 1968 3090 ecce,
2005 3023 2150 3091 vigil,

561 3101 611 3182 ει
631 3101 839 3182 sanctus
865 3094 929 3148 de
956 3092 1387 3182 cﬂodjescendit.
1421 3093 1526 3182 P'ro
1557 3094 1720 3162 vigili,
1749 3094 1920 3182 inquit
1942 3134 1956 3156 ,
1989 3092 2153 3182 Theo-2
2181 3120 2226 3182 ρ

561 3162 703 3215 datio
759 3163 927 3231 ipsum
978 3163 1325 3232 Chaldaicum
1377 3165 1581 3217 verbum
1632 3162 1969 3231 posuit’Hir,
2017 3165 2153 3232 quod

559 3249 653 3304 per
676 3243 776 3286 tres
803 3235 999 3287 litteras
1037 3235 1159 3296 Ain,
1191 3231 1320 3298 Jod,
1345 3245 1394 3287 et
1435 3235 1534 3286 Res
1560 3233 1822 3286 scribitur.
1877 3231 2152 3304 Significat

559 3302 731 3357 autem
758 3304 988 3374 angelos,
1027 3304 1163 3374 quod
1181 3319 1384 3373 semper
1412 3304 1641 3374 vigilant,
1684 3313 1729 3355 et
1761 3304 1828 3355 ad
1870 3302 1966 3356 Dei
1991 3305 2151 3372 impe-

559 3374 693 3427 rium
716 3374 817 3427 sint
835 3373 1032 3444 parati.
1061 3373 1209 3427 Unde
1250 3381 1296 3427 et
1321 3391 1411 3428 nos
1457 3373 1643 3427 crebris
1689 3377 2149 3441 pernoctationihus

558 3445 823 3497 imitamur
844 3444 1150 3516 angelorum
1177 3445 1371 3516 officia.
1406 3444 1551 3499 Idem
1575 3445 1735 3516 epist.
1766 3448 1856 3508 5⁷),
1883 3445 1949 3498 ad
1983 3445 2148 3512 Ripa-

557 3516 700 3586 rium
732 3531 747 3572 :
775 3514 931 3582 Quod
945 3515 1076 3569 dicis
1111 3514 1451 3586 Vigilantium
1490 3515 1694 3586 uigilias
1722 3517 2000 3578 exsecrari,
2024 3518 2148 3585 facit

557 3584 656 3639 hoc
699 3598 880 3641 contra
899 3584 1199 3642 vocabulum
1224 3601 1394 3651 suum,
1428 3595 1483 3639 ut
1510 3584 1629 3640 velit
1658 3586 1884 3640 dormire
1915 3586 2147 3696 Vigilan-

559 3656 660 3696 ιὶηι
709 3665 758 3696 at
803 3675 906 3696 nn»:
960 3658 1107 3696 nardi!
1136 3656 1455 3696 .inmrtnrorn
1509 3658 1762 3696 dirnnlom
1790 3673 1804 3688 ο
1859 3656 1947 3696 ςδι-
2045 3675 2144 3696 srnn

557 3656 679 3722 tius,
709 3665 758 3712 et
803 3675 907 3712 non
959 3658 1107 3712 audit
1133 3656 1456 3712 Salvatorem
1509 3658 1804 3710 dicentem:
1857 3656 1995 3712 Sic?
2045 3675 2147 3712 non

557 3729 793 3798 potuistis
817 3746 920 3783 una
942 3731 1068 3783 hora
1098 3729 1312 3798 uigilare
1338 3744 1536 3782 mecum
1559 3727 1583 3781 ?
1621 3727 1862 3799 Vigilale,
1887 3737 1935 3782 et
1977 3738 2142 3792 orate,

554 3814 620 3851 ne
642 3801 838 3854 intretis
865 3802 920 3854 in
955 3801 1305 3854 tentationem.
1343 3799 1572 3870 Spiritus
1600 3808 1872 3868 promptus
1913 3809 1984 3852 est
2014 3801 2145 3865 ;sed

557 3883 679 3940 caro
709 3871 943 3940 inﬁrma
971 3870 1189 3940 (Matth.
1217 3868 1394 3939 xxrv).
1431 3868 1499 3923 Et
1544 3872 1597 3923 in
1625 3871 1727 3927 alio
1758 3872 1869 3924 loco
1893 3869 2143 3940 prepheta

558 3937 798 4008 decantat
829 3955 848 3991 :
886 3937 1065 4008 Media
1095 3949 1240 3991 nocte
1287 3937 1556 4008 surgebam
1599 3950 1654 3992 ut
1680 3937 1953 4008 conﬁterer
1990 3937 2144 4008 super

557 4006 759 4078 iudicia
789 4017 900 4071 tua,
933 4007 1151 4060 Domine
1181 4008 1352 4076 (l’sal.
1378 4006 1585 4078 cum).
1615 4006 1918 4078 iDominum
1947 4006 2146 4078 quoque

558 4079 614 4132 in
639 4077 919 4148 Evangelia
967 4085 1285 4147 pernoctasse
1333 4077 1545 4148 legimus
1579 4077 1732 4148 (Luc.
1767 4077 1965 4148 γυῖα
2013 4097 2142 4148 apo-

559 4151 714 4203 stolos
737 4145 942 4202 clausos
967 4145 1168 4200 carcere
1187 4154 1295 4198 tota
1324 4154 1469 4198 nocte
1489 4145 1749 4218 vigilasse,
1781 4145 1835 4200 ut
1863 4147 1968 4201 illis
2003 4145 2142 4216 psal-

560 4219 780 4272 lentibus
805 4229 943 4271 terra
972 4225 1265 4289 quateretur
1298 4257 1312 4281 ,
1367 4227 1541 4269 custos
1595 4218 1813 4289 carceris
1862 4219 2090 4274 crederet
2119 4264 2134 4289 ,

559 4291 885 4360 magistratus
913 4296 978 4360 et_
1005 4287 1181 4360 ciuitas
1211 4297 1518 4360 terrerentur
1545 4287 1678 4356 (Act.
1714 4287 1842 4360 xvt).
1889 4287 2139 4357 Loquitur

527 4357 762 4434 'ljaulus
782 4375 809 4434 ί
835 4357 1069 4434 Orationi
1094 4357 1611 4434 insistite-vigilantes
1639 4361 1691 4412 in
1711 4375 1769 4413 ea
1785 4357 2009 4434 (dolosa.
2035 4364 2134 4434 ιν).

558 4427 628 4504 Et
652 4431 707 4482 in
732 4429 843 4504 alio
891 4431 1003 4483 loco
1021 4426 1158 4504 §__In
1207 4426 1404 4504 vigiliis
1446 4430 1730 4504 frequenter
1767 4426 1994 4504 (11001;.
2031 4426 2133 4504 tu).

2258 1823 2522 1889 propiores
2575 1829 2728 1882 sunt;
2759 1821 2895 1874 tertii
2921 1837 3036 1873 vero
3065 1821 3364 1889 inferiorem
3388 1820 3655 1874 ambulant
3687 1821 3837 1873 viam.

2265 1890 2457 1944 Verum
2485 1907 2546 1944 ex.
2567 1892 2832 1945 devotione
2848 1901 2895 1945 et
2915 1891 3100 1943 virtute
3125 1889 3447 1957 offerentium
3470 1889 3614 1943 Deus
3637 1905 3839 1943 munera

2255 1962 2492 2030 suscipit,
2528 1973 2573 2014 et
2603 1965 2844 2017 resumat.
2891 1961 3016 2016 Haec
3068 1960 3158 2015 ille
3187 1961 3254 2015 de
3283 1959 3558 2015 monachis
3591 1961 3675 2015 sui
3707 1972 3837 2016 tem-

2258 2036 2406 2104 poris
2433 2031 2618 2104 (δι-σά.
2667 2033 2778 2104 10).

2325 2101 2353 2141 ιι
2385 2099 2619 2158 sabbato
2669 2099 3014 2158 illucescente
3039 2144 3053 2168 ,
3112 2101 3165 2157 id
3203 2109 3304 2168 est,
3339 2099 3624 2157 inchoante
3663 2118 3693 2157 a
3723 2117 3840 2159 ves-

2257 2187 2405 2242 pera,
2431 2173 2514 2228 vel
2536 2175 2963 2242 paraphrastice,
2996 2181 3053 2227 ut
3077 2173 3383 2244 Dionysius,
3407 2172 3458 2225 in
3474 2184 3634 2228 nocte
3654 2173 3840 2231 feriam

2256 2254 2461 2300 sextam
2487 2253 2746 2314 sequente
2786 2261 2800 2297 :
2833 2259 2954 2298 nam
3003 2243 3546 2300 sabbati’observatio
3569 2245 3709 2313 apud
3741 2244 3840 2300 He-

2260 2314 2437 2370 braeos
2467 2330 2497 2369 a
2526 2329 2756 2379 veSpera
2791 2314 3108 2384 incipiebat,
3135 2315 3236 2369 hoc
3261 2323 3366 2375 est,
3399 2313 3685 2384 decidente
3707 2315 3838 2382 sole,

2257 2393 2313 2439 et
2350 2387 2402 2440 in
2431 2399 2710 2453 vesperam
2743 2383 3045 2440 desinebat.
3073 2385 3168 2439 Est
3199 2393 3378 2439 autem
3409 2383 3499 2440 hic
3547 2385 3837 2441 observan-

2256 2455 2384 2526 dum
2413 2457 2553 2526 apud
2578 2458 2696 2510 illos
2726 2455 3019 2511 monachos
3043 2465 3152 2510 tam
3176 2456 3373 2521 noctis,
3400 2470 3560 2526 quam
3583 2456 3688 2512 diei
3719 2455 3836 2512 sab-

2255 2525 2422 2580 batini
2450 2524 2798 2598 peculiarem,
2825 2536 2879 2582 et
2901 2527 2971 2580 ab
2997 2525 3117 2581 aliis
3161 2525 3431 2598 diversam
3463 2524 3632 2582 fuisse
3678 2541 3836 2583 caere-

2255 2595 2535 2665 moniam,
2598 2608 2652 2652 et
2703 2599 3140 2653 observationem
3198 2595 3404 2668 (Leuit.
3457 2597 3654 2668 nm).
3710 2597 3836 2652 Nam

2257 2668 2469 2736 vigilias
2518 2678 2812 2724 nocturnas
2856 2669 3024 2722 multo
3077 2667 3344 2736 longiores
3389 2677 3444 2723 et
3488 2667 3836 2724 solemniores

2259 2737 2567 2804 habebant;
2598 2740 2668 2792 ita
2707 2749 2764 2793 ut
2795 2747 2961 2793 totam
3001 2739 3118 2794 fere
3158 2747 3375 2793 noctem
3424 2738 3745 2806 insomnem,
3788 2746 3836 2796 et

2257 2809 2569 2878 pervigilem
2602 2811 2886 2876 ducerent,
2940 2809 3136 2878 partim
3193 2809 3417 2878 privatis
3460 2810 3834 2876 orationibus,

2259 2880 2451 2948 partim
2493 2879 2686 2936 ofﬁciis
2729 2880 3049 2945 nocturnis,
3105 2889 3160 2934 et
3211 2880 3488 2935 canonicis
3541 2891 3834 2936 vacantes:

2258 2949 2464 3005 duabus
2508 2960 2712 3007 tantum
2760 2952 2905 3006 horis
2935 2951 3034 3005 sub
3067 2949 3230 3006 linem
3284 2952 3455 3005 noctis
3509 2951 3575 3005 ad
3621 2950 3834 3008 brevem

2257 3022 2526 3093 somnum,
2550 3031 2605 3077 et
2629 3023 2866 3093 quietem
2890 3022 3210 3093 captandam
3230 3020 3331 3093 sibi
3359 3021 3649 3090 concessis,
3670 3035 3833 3093 usque

2258 3091 2383 3145 dum
2415 3107 2606 3146 aurora
2629 3091 3347 3148 adventanteadMatutinos
3369 3093 3625 3161 psalmos,
3655 3094 3706 3147 id
3733 3091 3830 3159 est,

2258 3162 2444 3217 laudes
2470 3164 2756 3218 Matutinus
2785 3171 3134 3218 vocarentur.
3167 3161 3332 3233 Cujus
3361 3163 3630 3218 rationem
3663 3161 3834 3218 reddit

2261 3235 2462 3286 Auctor
2491 3248 2610 3301 cap.
2644 3233 2697 3288 9.
2739 3234 2889 3288 Diem
2945 3248 3074 3288 vero
3118 3234 3325 3288 sabbati
3375 3233 3564 3287 festum
3613 3234 3836 3302 agebant

2256 3318 2409 3357 more
2431 3302 2725 3358 Orientalis
2759 3303 3034 3370 Ecclesize,
3065 3319 3163 3359 nec
3188 3319 3252 3357 eo
3280 3305 3365 3360 die
3391 3303 3704 3372 jejunabant
3727 3346 3741 3368 ,
3781 3313 3836 3358 ut

2254 3373 2377 3427 aliis
2408 3375 2619 3441 diebus,
2649 3386 2706 3428 ut
2738 3373 2872 3428 intra
2900 3375 3059 3428 latius
3086 3375 3401 3430 ostendetur
3428 3372 3575 3444 (Cap.
3611 3374 3645 3428 5
3673 3383 3724 3427 et
3757 3374 3835 3444 6).
3925 3395 3938 3400 α

2328 3454 2352 3483 ο
2401 3445 2744 3517 Simpliciter
2778 3445 2915 3499 dixit
2938 3446 3187 3514 superius
3213 3446 3424 3517 :AnAnte
3439 3445 3689 3517 gallorum
3717 3461 3837 3498 ωη-

2254 3523 2380 3586 t_i_tm.
2419 3515 2485 3568 Et
2514 3513 2626 3584 post
2658 3515 2918 3586 gallorum
2954 3513 3186 3572 cantum.
3236 3513 3335 3570 Hic
3364 3513 3544 3570 addito
3570 3530 3794 3570 numero
3820 3533 3833 3568 :

2257 3583 2528 3658 Usquead
2555 3583 2793 3657 quartum
2818 3587 3078 3658 gallorum
3108 3596 3332 3658 cantum.
3368 3586 3530 3656 Cujus
3558 3588 3838 3658 occasione

2251 3656 2451 3726 aliquid
2479 3656 2766 3713 dicendum
2795 3656 3005 3713 videtur
3047 3658 3116 3713 de
3135 3657 3261 3728 galli
3284 3665 3474 3721 cantu,
3504 3671 3598 3712 seu
3625 3657 3834 3726 gallici-

2251 3728 2378 3798 nio,
2405 3727 2634 3798 ejusque
2671 3731 2901 3792 ratione,
2929 3740 2983 3783 et
3010 3727 3405 3798 signiﬁcatione
3427 3770 3440 3794 ,
3487 3735 3593 3781 tam
3618 3743 3683 3782 ex
3715 3743 3838 3795 pro-

2249 3795 2614 3870 fanis,'qua_m
2641 3816 2707 3855 ex
2739 3800 2910 3854 sacris
2941 3795 3251 3870 auctoribus
3273 3840 3290 3870 ,
3337 3798 3477 3866 quod
3509 3813 3614 3852 non
3660 3800 3839 3870 solum

2249 3867 2316 3922 ad
2343 3867 2504 3939 hujus
2525 3885 2670 3940 cap.,
2695 3871 2790 3928 sed
2820 3881 2874 3926 et
2904 3871 3138 3940 plurium
3166 3869 3658 3940 Scriptum-sacrm
3691 3869 3840 3925 loco-

2252 3953 2370 3993 rum
2407 3939 2814 4011 intelligentiam
2861 3939 3150 4011 cunducat.
3204 3940 3368 4010 Igitur
3398 3939 3604 3994 Plinius
3655 3940 3751 3995 lib.
3803 3955 3839 3995 ι

2246 4024 2368 4083 cap.
2396 4011 2460 4065 21
2501 4029 2514 4065 :
2551 4009 2824 4078 Proxime,
2859 4012 3032 4080 inquit
3075 4009 3333 4083 (scilicet,
3350 4019 3471 4080 post
3506 4024 3743 4083 pavones
3773 4013 3790 4079 )
3819 4053 3836 4078 ,

2245 4078 2469 4149 gloriam
2502 4083 2721 4135 sentiunt
2742 4092 2786 4135 et
2817 4083 2869 4134 hi
2893 4078 3374 4151 vigiles'nocturni,
3405 4097 3533 4151 quos
3554 4078 3838 4137 excitandis

2245 4153 2302 4224 in
2317 4166 2473 4220 opera
2493 4152 2814 4224 mai-talibus,
2837 4167 3116 4224 somnoque
3130 4153 3412 4224 rumpenda
3430 4162 3617 4224 natura
3636 4153 3837 4222 genuit.

2247 4219 2456 4274 Norant
2491 4223 2688 4294 sidera,
2745 4230 2791 4274 et
2834 4231 3005 4277 ternas
3051 4219 3382 4294 distinguunt
3426 4221 3581 4276 horas
3611 4219 3839 4277 interdiu

2244 4298 2420 4364 cantu.
2476 4291 2603 4364 Cum
2648 4293 2755 4347 sole
2803 4303 2922 4364 eunt
2977 4291 3234 4355 cubitum,
3260 4294 3838 4364 quartaque_castrensi

2243 4363 2439 4432 vigilia,
2499 4363 2565 4415 ad
2620 4379 2809 4426 curas,
2867 4363 3192 4434 laboremque
3239 4362 3494 4418 revocant.
3546 4362 3656 4416 Nec
3705 4365 3835 4419 solis

2245 4442 2414 4487 ortum
2441 4436 2661 4490 incautis
2686 4434 2954 4504 patiuntur
2976 4435 3214 4503 obrepere
3240 4476 3253 4500 ,
3285 4435 3515 4505 diemque
3550 4448 3838 4489 venientem

553 4497 796 4582 Dormiat
817 4502 989 4582 itaque
1013 4497 1348 4582 ‘Vigilanti'us,
1350 4511 1416 4582 ft
1433 4497 1495 4554 ab
1509 4497 2142 4582 εζτιςζηιίηᾲςονςε-ίΕθνριὶ
2166 4502 2222 4561 D
2248 4506 2487 4582 nuntiant
2519 4497 2717 4582 c'a‘ntu';
2747 4507 2928 4582 ipsum
2961 4497 3328 4582 vero;c_anttm_t
3361 4497 3549 4582 plausu
3593 4507 3835 4582 laterum.

557 4587 673 4627 cum
699 4570 962 4645 Aigyptiis
989 4570 1244 4626 dormiens
1273 4571 1572 4640 su/focet-ur.
1605 4573 1744 4645 Haec.
1768 4575 1826 4627 ι).
1876 4570 2136 4645 Hierony-

554 4656 677 4714 [nos
739 4642 1137 4712 Scripturarum
1182 4653 1236 4698 et
1263 4645 1628 4713 exemplorum
1657 4642 2130 4714 locupletissimus.

551 4710 826 4769 Praeclare
855 4710 1033 4767 itidem
1062 4716 1297 4769 Joannes
1327 4710 1596 4769 Cliinacus
1629 4710 1798 4784 nuper
1841 4716 2037 4770 citatus
2065 4716 2135 4773 de

552 4785 941 4839 monachorum
967 4785 1187 4854 vigiliis,
1239 4793 1293 4839 et
1341 4787 1613 4840 nocturnis
1661 4788 1932 4842 exercitiis
1963 4788 2135 4843 disse-

550 4870 680 4926 rens
705 4857 757 4910 in
781 4857 922 4910 hunc
946 4859 1160 4909 modum
1184 4873 1197 4906 :
1234 4855 1470 4910 Trrrenis
1493 4857 1716 4926 quidem,
1743 4873 1804 4910 ac
1835 4859 2133 4912 mortalibus

550 4925 755 4997 regibus
777 4927 863 4997 qui
885 4933 1077 4991 astant,
1101 4927 1191 4979 alii
1212 4926 1456 4995 expediti,
1480 4925 1541 4981 ac
1569 4928 1699 4980 nudi
1725 4927 1832 4997 fere
1855 4936 1973 4980 sunt
1997 4945 2017 4993 ;
2038 4929 2134 4983 alii

552 5001 743 5067 fasces,
775 4997 870 5051 alii
893 4999 1122 5068 clypeos,
1173 4997 1264 5050 alii
1316 4998 1517 5067 gladios
1562 5005 1752 5052 tenent.
1810 4997 1902 5053 Est
1958 5008 2132 5054 autem

548 5069 760 5140 ingens.
793 5079 950 5140 atque
975 5069 1389 5140 incomparabili:
1436 5069 1718 5136 primorum
1756 5077 1822 5125 ad
1869 5079 2132 5139 sequentes

548 5138 892 5212 di/ferentia.
919 5138 1120 5212 Quippe
1147 5138 1257 5212 alii
1313 5142 1520 5212 proprie
1563 5143 1767 5212 coquati
1813 5138 1947 5209 regis
2001 5158 2130 5208 esse,

549 5219 702 5282 atque
731 5211 1122 5282 familiarissimi
1150 5211 1312 5282 solent
1339 5229 1351 5265 :
1377 5211 1430 5264 hi
1453 5228 1568 5266 vero
1601 5211 1753 5279 servi,
1789 5221 1837 5266 et
1867 5213 2090 5266 ministri
2113 5227 2133 5267 :

550 5286 598 5332 et
623 5281 947 5353 ista’quidrm
970 5282 1042 5335 ita
1069 5297 1121 5335 se
1141 5281 1344 5335 habent.
1374 5285 1481 5353 Age
1513 5299 1646 5346 vero,
1666 5284 1779 5351 jam
1795 5299 1885 5336 nos
1907 5299 2133 5353 quoque,

550 5365 771 5426 quonam
815 5353 992 5426 modoA
1015 5354 1070 5406 in
1126 5356 1439 5426 vespertinis,
1483 5353 1781 5426 diurnisque
1808 5355 2134 5426 conventibus

551 5426 601 5495 et
622 5424 934 5495 orationibus
961 5424 1090 5486 Deo,
1116 5433 1162 5478 et
1191 5424 1300 5495 regi
1339 5432 1511 5477 nostro
1536 5425 1818 5477 assistimus
1840 5467 1854 5490 ,
1895 5425 2136 5478 solertius

547 5489 900 5565 inspiciamus.
956 5495 1179 5561 Quidam
1208 5489 1342 5549 enim
1372 5496 1423 5546 in
1449 5495 1746 5565 vespertinis
1795 5489 2137 5565 pernoctatio-

547 5561 699 5618 πίσω
719 5566 1084 5633 expeditissimi
1107 5583 1138 5620 a
1160 5583 1285 5620 cura
1314 5565 1494 5625 mundi
1514 5561 1712 5634 ,‘puras
1749 5561 1817 5619 ad
1845 5567 2132 5622 orationem

547 5634 830 5708 extendunt
885 5653 1090 5708 manus.
1140 5639 1242 5691 Alii
1273 5655 1386 5691 cum
1417 5636 1733 5708 psalmorum
1783 5637 2135 5695 modulatione

548 5704 819 5759 assistunt.
870 5705 977 5756 Alii
1006 5707 1214 5780 lectioni
1237 5710 1398 5780 magis
1420 5704 1750 5780 incumbunt.
1785 5709 2009 5778 Quidam
2041 5727 2132 5780 per

495 5784 683 5892 [Qus
709 5785 960 5845 manuum
983 5789 1048 5830 ea:
1065 5775 1364 5839 inﬁrmitate
1383 5779 1601 5839 viriliter
1624 5775 1870 5839 adversus
1895 5775 2131 5840 somnum

2242 4575 2332 4630 Sic
2365 4576 2473 4630 ille.
2529 4575 2720 4630 Cicero
2747 4577 2842 4630 lib.
2887 4590 2922 4629 ιι
2969 4575 3036 4629 de
3088 4575 3471 4632 Divinatione:
3511 4576 3839 4631 Democritus

2239 4646 2444 4718 quidem
2469 4649 2675 4720 aptimis
2699 4647 2860 4720 verbis
2900 4647 3125 4720 applicat
3176 4664 3266 4701 cur
3318 4658 3437 4703 ante
3486 4648 3648 4702 lucem
3700 4648 3835 4720 galli

2241 4717 2428 4772 eanant
2455 4735 2472 4773 :
2507 4717 2735 4786 Depulso
2764 4719 2896 4772 enim
2923 4717 2985 4771 de
3008 4727 3210 4787 pectore
3235 4765 3248 4788 ,
3282 4733 3330 4774 et
3351 4721 3404 4774 in
3453 4735 3600 4772 omne
3641 4717 3838 4786 corpus

2242 4789 2424 4852 diviso,
2448 4800 2495 4843 et
2521 4789 2814 4860 modificato
2838 4789 2946 4843 cibo
2971 4801 3152 4847 cantus
3182 4791 3330 4860 edere
3375 4792 3544 4860 quiete
3571 4790 3797 4844 satiatos
3822 4803 3841 4843 :

2240 4861 2330 4934 qui
2356 4861 2560 4929 quidem
2603 4857 2801 4915 silentio
2827 4863 2988 4934 noctis
3015 4861 3034 4934 (
3058 4872 3113 4916 ut
3139 4863 3208 4915 ait
3232 4857 3434 4912 Ennius
3459 4857 3682 4934 )faverﬂrt
3713 4861 3846 4934 (qu.

2242 4925 2426 4994 cibus;
2454 4947 2636 4984 rursus
2668 4942 2841 4996 cantu,
2870 4925 3415 5002 plausuquepremunt
3455 4927 3584 4977 alas.
3626 4925 3844 5002 §ttidas

2240 5003 2607 5078 vasupwveivi
2623 5003 2708 5055 Al.
2743 4995 2974 5078 sbpéiun]
3011 5020 3024 5054 :
3068 4995 3215 5078 Quis,
3251 4996 3438 5078 inquit,
3491 4995 3846 5078 vocalissimrg

2239 5072 2322 5145 avi
2339 5066 2640 5145 iritratedes
2662 5066 2938 5145 persuasit,
2956 5066 3016 5145 :u_t
3029 5075 3299 5122 nbcturnas
3322 5066 3475 5145 horas
3493 5071 3843 5145 numeraret]

2241 5142 2303 5196 D.
2337 5141 2566 5195 Basilius
2598 5137 2781 5198 ho'tnil.
2814 5146 2846 5199 8
2878 5137 2933 5197 in
2958 5141 3294 5194 Hexameron
3323 5154 3337 5209 :_
3371 5137 3449 5190 Ad
3481 5153 3636 5208 opera
3663 5141 3837 5209 conﬁ-

2237 5213 2418 5267 cienda
2445 5221 2494 5265 te
2521 5215 2794 5281 familiaris
2821 5230 2882 5266 ac
2914 5209 3190 5264 domestica
3228 5207 3410 5281 excitet
3463 5210 3569 5281 ales
3599 5249 3615 5276 ,
3675 5207 3840 5281 acuta

2238 5277 2568 5338 inclamitans
2598 5301 2718 5340 voce
2747 5327 2762 5349 ,
2814 5291 3065 5349 cantuque
3111 5295 3204 5333 suo
3231 5277 3416 5353 solem
3446 5280 3618 5334 adhuc
3671 5278 3836 5353 longe

2237 5356 2585 5411 advenientem
2612 5356 2922 5427 prwdicens,
2951 5366 3162 5420 cumque
3190 5351 3472 5406 viatoribus
3499 5366 3648 5427 mane
3668 5351 3837 5427 evigi-

2245 5428 2380 5489 lans,
2407 5436 2456 5479 et
2483 5428 2551 5481 ad
2579 5422 2699 5480 suos
2728 5425 2943 5487 labores,
2975 5431 3124 5492 atque
3174 5439 3384 5478 messem
3414 5422 3670 5492 agricolas
3701 5422 3836 5476 edu-

2244 5513 2361 5552 cens
2387 5497 2603 5552 ωάὶὺιιε.
2640 5497 2832 5552 Verum
2874 5495 3276 5564 elegantissime
3317 5494 3457 5549 hanc
3505 5493 3638 5564 galli
3673 5492 3839 5560 galli-

2243 5569 2398 5624 nacei
2422 5569 2801 5640 proprietatem
2823 5563 3094 5640 _pra_:dica_t
3141 5565 3577 5640 D.__Am_brosiu_s
3609 5563 3842 5640 hymno

2242 5633 2573 5708 Matutinali,
2611 5642 2724 5694 sive
2749 5636 2938 5711 quiad
2963 5637 3151 5711 laudes
3195 5635 3477 5711 Matutinas
3517 5633 3838 5711 diei_dom_i-

2243 5652 2573 5708 matutina",
2611 5652 2724 5694 sive
2786 5653 2840 5692 ιιι
2870 5652 2938 5693 au
2963 5652 3151 5694 tauaes
3195 5652 3477 5690 matutlnas
3517 5652 3624 5690 (lle!
3653 5652 3836 5689 uomi-

2243 5713 2381 5768 uicaa
2419 5713 2540 5767 cani
2587 5712 2727 5768 solet
2746 5652 2933 5842 ἓιιῇιιε
2963 5708 3083 5779 ipse
3131 5715 3320 5767 auctor
3369 5707 3506 5762 teste
3563 5705 3724 5761 etiam
3764 5703 3836 5760 ι).

2246 5781 2720 5842 Augustinotib.r
2795 5788 3022 5842 etracta.
3054 5791 3174 5842 cap.
3201 5777 3336 5842 21).
3379 5777 3437 5838 in
3485 5789 3593 5842 quo
3636 5773 3836 5835 multi-

2239 5784 2545 5872 ihugustino
2570 5781 2667 5840 lib.
2699 5773 3022 5843 rRet'racta.
3054 5791 3174 5852 cap.
3201 5777 3336 5852 21),
3375 5777 3437 5855 in
3485 5789 3607 5854 quo,
3636 5773 3837 5835 multi-
