4036 6218
586 264 603 290 ί

471 307 586 374 143

1779 295 2060 359 JOANNlS
2097 260 2423 358 cassum

3636 289 3759 351 ιιι

470 422 648 483 noctis
690 419 988 479 refectione
1018 418 1284 476 contenti.
1314 416 1467 486 Quod
1505 427 1606 471 nos
1646 414 1857 487 quoque
1897 416 2046 471 omni
2073 416 2124 477 A
2149 414 2330 470 verius
2366 408 2614 475 dixerim,
2663 420 2770 463 non
2798 400 3069 477 superflua
3090 445 3105 472 ,
3153 403 3251 461 sed
3284 400 3601 458 necessaria
3634 417 3749 457 vo-

474 514 858 575 observatione
880 512 1161 567 custodire
1183 509 1455 576 convenit,
1487 517 1545 562 ut
1576 507 1783 561 scilicet
1809 507 2052 561 contenti

472 626 666 667 somno
694 608 784 679 qui
832 607 987 661 nobis
1024 613 1151 675 post
1190 603 1494 672 vigiliarum
1534 600 1751 655 Missam
1780 614 1949 667 usque
1984 598 2050 650 ad

472 704 612 758 lucis
636 700 949 770 indulgetur
978 695 1291 761 adventum,
1321 693 1374 747 id
1403 700 1507 760 est,
1539 705 1711 761 usque
1738 690 1805 744 ad
1833 687 2052 744 matuti-

473 810 577 851 nos
619 792 859 864 psalmos
896 831 910 855 ,
970 782 1139 842 totum
1180 786 1437 854 deinceps
1477 783 1619 837 diem
1662 781 1717 835 in
1765 795 1929 850 opere
1990 792 2054 833 ac

388 914 395 919 ι
474 886 798 942 necessariis
843 882 1112 937 ducamus
1156 878 1386 941 ofﬁciis;
1442 889 1509 929 ne
1559 888 1840 938 somnum,
1893 884 2054 941 quem

472 979 620 1034 nocti
664 975 1073 1039 subtraximus,
1117 983 1398 1026 resumere
1435 983 1531 1039 per
1572 967 1714 1021 diem
1753 964 2054 1035 vigiliarum

473 1070 795 1127 lassitudine
828 1076 884 1123 et
912 1066 1175 1121 inanitate
1206 1062 1500 1132 compulsi,
1538 1075 1643 1115 non
1675 1068 1782 1113 tam
1813 1057 2053 1126 requiem

473 1162 697 1232 corpori
723 1158 1098 1225 subtraxisse,
1133 1170 1293 1225 quam
1321 1153 1522 1222 quietis
1565 1162 1774 1219 tempus
1805 1158 1859 1204 et
1886 1149 2059 1203 refec-

475 1257 681 1311 tionem
713 1259 1039 1306 nocturnam
1075 1255 1443 1301 commutasse
1478 1242 1782 1299 videamur.
1822 1239 2060 1295 Nullate—

472 1362 579 1401 nus
604 1346 750 1401 enim
784 1342 991 1413 poterit
1019 1338 1223 1408 fragilis
1246 1351 1374 1392 caro
1394 1337 1466 1389 ita
1492 1335 1656 1389 totius
1681 1334 1852 1388 noctis
1878 1332 2061 1402 quiete

474 1438 750 1502 fraudari,
792 1445 849 1489 ut
890 1451 990 1504 per
1030 1440 1457 1502 consequentem
1502 1429 1648 1485 diem
1690 1430 1813 1484 sine
1856 1425 2061 1481 dormi-

475 1529 683 1584 tatione
712 1526 909 1580 mentis
938 1524 1216 1593 animique
1257 1531 1476 1591 torpore
1516 1521 1896 1573 inconcussam
1939 1530 2062 1585 pos-

476 1624 545 1678 sit
570 1634 789 1677 servare
817 1617 1178 1686 vigilantiam.
1206 1616 1340 1680 Quae
1383 1611 1713 1681 impedietur
1738 1624 1804 1663 ex
1837 1608 1939 1663 hoc
1966 1621 2063 1677 po-

480 1715 623 1779 tius,
668 1725 828 1780 quam
870 1706 1182 1778 juvabitur;
1222 1703 1330 1758 nisi
1365 1710 1488 1772 post
1514 1701 1815 1771 vigiliarum
1846 1698 2061 1753 Missam

478 1803 654 1859 somni
681 1800 1238 1871 quantulumcumque
1272 1792 1593 1864 gustaverit.
1627 1791 1696 1846 Et
1723 1790 1925 1845 idcirco
1952 1788 2062 1843 sal-
2086 1792 2135 1853 Β

479 1905 589 1951 tem
613 1893 770 1949 unius
790 1891 938 1945 horae
961 1904 1147 1958 sopor,
1172 1884 1627 1956 quemadmodum
1656 1883 1913 1948 diximus,
1937 1888 2063 1935 ante

479 1987 616 2043 lucis
646 1984 934 2040 adventum
966 1983 1010 2037 si
1037 1968 1201 2036 fuerit
1236 1977 1563 2048 impartitus,
1594 1975 1923 2030 lucrabimur
1948 1988 2065 2029 om-

479 2092 577 2133 nes
612 2076 917 2145 vigiliarum
955 2074 1157 2138 horas,
1195 2084 1331 2140 quas
1370 2076 1484 2124 tota
1527 2076 1685 2123 nocte
1724 2068 1778 2122 in
1821 2067 2063 2123 oratione

481 2169 940 2238 consumpsimus,
965 2166 1340 2236 impartientes
1368 2171 1576 2218 naturae
1597 2160 1742 2232 quod
1773 2176 1929 2215 suum
1956 2166 2062 2228 est,

480 2278 582 2319 nec
603 2262 860 2317 habentes
884 2259 1268 2319 necessitatem
1300 2256 1611 2313 resumendi
1637 2270 1731 2324 per
1760 2254 1901 2309 diem
1924 2252 2067 2324 quod

479 2356 626 2412 nocti
664 2353 1055 2409 subtraximus.
1099 2349 1293 2403 Totum
1334 2348 1478 2403 enim
1510 2348 1663 2401 carni
1698 2346 1824 2400 huic
1852 2346 2069 2415 procul-

480 2447 646 2501 dubio
685 2442 909 2508 reddet,
932 2440 1178 2511 quisquis
1215 2438 1265 2494 ei
1296 2454 1405 2492 non
1437 2439 1832 2493 rationabiliter
1858 2448 2066 2508 partem

480 2534 844 2599 subtrahere,
891 2533 989 2588 sed
1021 2539 1191 2587 totum
1242 2532 1532 2587 tentaverit
1558 2531 1830 2601 denegare
1850 2573 1866 2599 ,
1897 2540 1951 2587 et
1972 2573 1986 2598 ,
2010 2537 2071 2586 ut

2153 504 2315 560 luerit
2341 511 2641 571 amputare.
2662 499 2891 569 Propter
2907 498 3047 569 quod
3072 497 3279 566 majore
3302 494 3491 551 fenore
3516 510 3760 551 necesse

2154 605 2238 653 est
2274 595 2485 666 vigilias
2530 591 2908 663 compensari,
2948 592 2993 644 si
3032 588 3237 643 fuerint
3263 602 3437 657 usque
3465 586 3536 641 ad
3563 586 3758 643 lucem

2156 665 2552 742 inconsiderata
2567 680 3093 755 atqueirrationabili
3116 679 3396 734 nimietate
3420 665 3753 748 protractae.

2154 780 2392 850 Ideoque
2430 793 2525 834 eas
2552 787 2578 815 ⁸
2608 778 2897 847 tripertitis
2938 775 3274 844 distinguunt
3300 772 3533 841 officiis,
3577 783 3636 829 ut
3664 774 3755 830 la-

2155 873 2257 941 bor
2291 873 2394 927 hac
2419 871 2735 927 diversitate
2760 869 2965 925 divisus
2993 867 3357 924 delectatione
3385 867 3620 936 quadam
3646 869 3756 923 de—

2157 963 2448 1019 fectionem
2481 962 2726 1033 corporis
2757 962 2984 1025 relevet.
3022 958 3156 1014 Nam
3207 973 3334 1012 cum
3362 966 3571 1014 stantes
3605 959 3751 1014 anti-

2159 1054 2368 1123 phonas
2399 1062 2511 1108 tres
2537 1052 2963 1119 concinuerunt,
3003 1047 3152 1103 humi
3184 1056 3305 1117 post
3334 1048 3453 1102 hazc
3478 1048 3562 1103 vel
3591 1049 3756 1104 sedi--

2157 1143 2294 1198 libus
2323 1142 2644 1197 humillimis
2672 1140 2989 1205 insidentes,
3020 1147 3131 1194 tres
3154 1138 3395 1207 psalmos
3415 1153 3523 1193 uno
3550 1138 3761 1193 modu-

2156 1238 2303 1293 lante
2346 1236 2713 1305 respondent,
2753 1234 2843 1303 qui
2875 1245 3055 1289 tamen
3088 1229 3286 1301 singuli
3315 1245 3346 1285 a
3373 1230 3599 1299 singulis
3630 1230 3755 1287 fra-

2159 1328 2333 1383 tribus
2358 1327 2592 1381 vicissim
2640 1323 3058 1380 succedentibus
3094 1322 3195 1376 sibi
3222 1321 3557 1390 prtcbentur,
3579 1330 3757 1391 atque

2161 1420 2245 1475 his
2272 1418 2374 1474 sub
2400 1418 2591 1473 eadem
2631 1417 2813 1487 quiete
2858 1412 3230 1470 residentibus
3272 1420 3455 1467 ternas
3484 1412 3756 1481 adjiciunt

2162 1510 2445 1566 lectiones.
2488 1508 2672 1578 itaque
2713 1506 2772 1561 fit
2804 1517 2865 1561 ut
2902 1519 3223 1576 corporeum
3255 1504 3560 1559 minuentes
3588 1504 3750 1560 labo-

2161 1615 2275 1656 rem
2296 1641 2312 1667 ,
2348 1599 2573 1670 Vigilias
2610 1613 2737 1655 suas
2766 1597 2972 1669 majore
3007 1596 3313 1651 intentione
3351 1596 3553 1650 tuentis
3586 1609 3747 1652 exer-

2163 1702 2341 1747 ceant.

2760 1781 2994 1855 .CAPUT
3034 1781 3127 1838 IX;

2168 1899 2337 1966 Quare
2360 1898 2680 1954 illucescente
2708 1899 2791 1953 die
2816 1898 3010 1952 sabbati
3070 1895 3274 1968 Vigilitc
3295 1904 3503 1952 statutae
3529 1898 3630 1953 sint
3651 1938 3666 1963 ,
3698 1906 3757 1952 et

2234 1986 2396 2042 quare
2425 1987 2512 2038 per
2536 1986 2737 2024 onmem
2769 1968 3052 2035 Orientem,
3091 1970 3341 2023 absolutio
3358 1970 3553 2040 jejunii
3580 1971 3636 2022 in
3664 1969 3759 2023 die

2236 2041 2433 2095 sabbati
2463 2050 2822 2109 prwsumatur.

2237 2158 2384 2225 Quas
2402 2171 2431 2211 a
2450 2164 2696 2226 tempore
2721 2153 3470 2226 prmdicationlsapostolicze,
3496 2166 3597 2221 quo
3621 2152 3761 2207 reli-

2168 2250 2257 2321 gio
2287 2264 2349 2304 ac
2370 2249 2500 2304 tides
2527 2247 2833 2304 Christiana
2863 2247 3083 2303 fundata
3103 2256 3209 2313 est,
3249 2245 3277 2284 δ
3316 2262 3415 2316 per
3441 2246 3758 2301 universum

2169 2344 2444 2399 Orientem
2476 2341 2681 2397 idcirco
2722 2349 2982 2397 statutum
3019 2349 3104 2396 est
3143 2341 3492 2395 illucescente
3524 2339 3759 2395 sabbato

2169 2436 2369 2493 debere
2396 2434 2677 2503 celebrari,
2716 2434 2863 2505 quod
2893 2433 3122 2489 Domino
3156 2442 3211 2489 et
3242 2432 3521 2489 Salvatore
3564 2440 3763 2488 nostro

2168 2539 2355 2586 sexta°
2388 2528 2601 2583 sabbati
2628 2527 2910 2593 crucifixo,
2932 2526 3185 2596 discipuli
3206 2526 3380 2581 adhuc
3406 2524 3611 2582 recenti
3635 2525 3765 2595 ejus

1552 2684 1809 2740 ALARDI
1850 2684 2082 2741 GAZ/El
2120 2684 2682 2744 COMMENTARIUS.

486 2807 681 2863 dicitur
700 2804 1056 2876 gallicinium.
1089 2802 1304 2859 Marcus
1333 2816 1463 2872 ergo
1487 2801 1566 2856 rei
1590 2802 1642 2855 in
1676 2800 1838 2876 Retro
1859 2810 2024 2876 gestae
2047 2845 2062 2869 ,

487 2890 547 2934 ut
578 2895 606 2931 a
635 2871 796 2933 Petro
836 2877 1078 2930 audierat
1111 2915 1126 2939 ,
1176 2871 1479 2929 accuratam
1512 2871 1857 2941 perscrihens
1903 2874 2071 2927 hism—

485 2951 640 3015 riam,
674 2949 951 3016 utriusque
980 2955 1170 3001 cantus
1212 2945 1341 3013 galli
1392 2944 1675 2999 meminit:
1710 2942 2069 3016 reliquivero

486 3029 596 3074 tres
620 3013 1318 3089 evangelistaaiposterioris
1347 3023 1551 3069 tantum
1590 3020 1777 3067 cantus
1802 3013 1925 3082 galli
1952 3029 2069 3089 me-

486 3084 786 3155 minerunt,
822 3098 878 3141 ut
901 3084 1085 3157 qiti'sit
1111 3085 1530 3157 principuustet
1558 3100 1585 3136 a
1616 3099 1731 3157 quo
1748 3098 1871 3152 pars
1898 3084 2071 3157 noctis

488 3161 696 3214 dicatur
723 3153 1193 3230 gallicinium.ASic
1215 3156 1325 3210 ille.
1351 3155 1507 3209 Nulla
1531 3169 1658 3230 ergo
1680 3153 2064 3230 discrepantia,

488 3231 582 3285 sed
608 3207 815 3284 stt-mina
843 3207 1189 3289 concordia
1215 3207 1621 3279 eti—consensio”
1640 3224 1781 3277 inter
1829 3207 2067 3292 Elvange:
2095 3207 2141 3270 C

488 3301 636 3355 listas
661 3299 837 3372 quoad
862 3298 991 3367 galli
1034 3304 1270 3372 cantum.
1297 3293 1458 3372 llam
1505 3302 1559 3347 et
1608 3301 1732 3372 ante
1778 3306 2027 3372 auroram
2050 3331 2067 3355 ,

488 3372 629 3440 quod
661 3362 1117 3440 tempus'proprie
1138 3363 1465 3440 gallicinium
1490 3363 1790 3440 appellatur
1815 3403 1831 3427 ,
1876 3362 2069 3440 Petrus

486 3431 573 3495 t'er
601 3431 876 3495 Christum
902 3431 1161 3504 negavit;
1203 3444 1262 3487 ut
1288 3433 1591 3497 Matthaeus,
1618 3431 1808 3497 Lucas,
1836 3442 1890 3504 et
1908 3432 2071 3504 Joan-

488 3524 586 3564 nes
616 3510 891 3563 scribunt:
926 3502 1149 3574 tat—quod
1171 3504 1313 3574 idem
1338 3513 1440 3568 est,
1474 3510 1760 3572 antequam
1791 3502 1961 3571 gallus
1991 3503 2071 3559 bis

490 3586 774 3645 cantaret,
837 3575 1006 3631 semel
1029 3573 1101 3629 ad
1153 3573 1384 3628 mediam
1436 3582 1676 3645 noctem,
1714 3573 1906 3627 iterum
1945 3582 2071 3629 ante

489 3664 776 3715 auroram,
834 3655 915 3702 ter
964 3645 1154 3701 Petrus
1198 3645 1454 3710 negavit,
1511 3644 1830 3715 ut_Marcus
1883 3645 2072 3715 scribit

488 3712 947 3804 (VideMaldonu‘.
992 3717 1206 3804 iuncap.
1241 3712 1634 3804 χημΜιιιιΙυ).
1684 3714 1884 3804 Euhoe
1912 3714 2073 3804 modo

488 3784 874 3862 intelligendus
896 3790 961 3845 D.
992 3784 1351 3862 Hieronymus
1381 3789 1433 3842 in
1459 3802 1579 3856 cap.
1613 3801 1703 3862 xui
1732 3784 1902 3839 Esaiae
1930 3786 2069 3840 scri-

489 3856 965 3928 benszpostolus
1022 3856 1213 3914 Petrus
1256 3867 1529 3928 antequam
1575 3856 1746 3929 gallus
1795 3865 2071 3929 cantaret,

490 3934 684 3985 scilicet
712 3927 931 3984 secundo
963 3940 1137 3995 cantu,
1190 3939 1263 3983 ter
1309 3927 1590 3983 Dominum
1635 3929 1877 3998 negavit:
1937 3927 2073 3993 quod

491 4002 657 4054 media
684 4015 787 4052 nos:
808 3998 1129 4067 intelligitur.
1156 3998 1441 4066 Postquam
1467 4009 1636 4051 autem
1665 4014 1766 4049 nox
1788 3998 2069 4065 praecessit,

492 4081 540 4125 et
570 4070 717 4139 coepit
745 4069 853 4122 dies
881 4068 1333 4139 appropinquare,
1388 4067 1642 4133 superatis
1687 4068 1868 4139 medim
1914 4068 2076 4121 noctis

493 4132 733 4206 tenebris,
774 4149 821 4192 et
849 4132 991 4209 gallo
1021 4132 1163 4190 lucis
1183 4136 1365 4187 nuntio
1390 4144 1682 4195 resonante,
1713 4132 1850 4209 ﬂevit
1876 4150 2072 4209 amare,

492 4220 539 4262 et
553 4204 804 4265 intellexit
828 4204 1088 4277 p'eccatum
1104 4220 1283 4277 suum,
1300 4212 1346 4255 et
1366 4218 1424 4255 eo
1444 4211 1668 4277 tempore
1690 4204 1855 4277 dicere
1875 4205 2073 4277 potuit:

492 4280 573 4333 Ad
594 4274 854 4343 vesperam
883 4274 1230 4329 demorabitur
1245 4275 1419 4343 ﬂetus,
1452 4282 1497 4326 et
1526 4274 1594 4325 ad
1619 4275 1923 4326 matutinum
1946 4275 2077 4327 (teti-

492 4351 563 4402 tia
602 4349 620 4419 (
649 4343 1009 4419 Psal._xx_tx).
1044 4344 1151 4419 sed
1180 4344 1441 4419 hactenus
1466 4343 1539 4419 de
1554 4344 1844 4419 gallicinio,
1867 4353 1921 4398 et
1949 4344 2074 4413 galli

492 4412 655 4474 cantu
686 4432 783 4486 pro
808 4412 976 4484 hujus
994 4415 1095 4469 loci
1128 4415 1411 4486 occasione
1444 4415 1574 4486 satis
1597 4412 1822 4486 dictum.

567 4497 595 4525 α
643 4484 847 4555 Nempe
879 4487 1037 4541 trium
1089 4484 1502 4553 antiphonarum
1532 4484 1572 4555 η(
1596 4484 1877 4552 legendum
1928 4488 2071 4540 enim

2174 2802 2423 2861 chorum.
2449 2802 2539 2869 qui
2567 2800 2858 2872 duodecim
2880 2802 3119 2872 psalmos
3136 2815 3253 2857 cum
3274 2801 3487 2855 caeteris
3508 2802 3766 2870 partibus

2174 2872 2226 2927 itt
2258 2872 2582 2942 quolidianis
2608 2871 2816 2941 Vigiliis
2848 2870 3115 2927 habebant
3141 2912 3155 2935 ,
3204 2880 3261 2926 ut
3287 2886 3382 2925 suo
3423 2873 3541 2925 loco
3570 2873 3765 2929 visum

2175 2952 2287 3006 est;
2316 2957 2655 3009 consequens
2679 2956 2802 2997 esse
2828 2943 3042 2997 videtur
3070 2950 3163 2997 aut
3180 2942 3521 3010 antiphonas,
3554 2952 3607 2996 et
3639 2942 3753 2999 lec-

2176 3014 2480 3083 tionesillas
2508 3014 2674 3068 fuisse
2693 3012 2981 3068 admodum
3006 3014 3259 3083 prolixas,
3291 3022 3381 3067 aut
3402 3012 3545 3068 lente
3567 3014 3762 3068 admo‘

2176 3082 2301 3138 dum
2331 3124 2347 3147 ,
2402 3086 2662 3153 graviter,
2691 3094 2744 3139 et
2775 3082 3019 3138 tractim’
3047 3083 3213 3138 fuisse
3260 3083 3569 3138 decantatas
3602 3101 3615 3145 ;
3662 3095 3760 3139 aut

2177 3155 2456 3210 residuum
2488 3154 2663 3209 noctis
2690 3156 2921 3220 spatium
2973 3153 3093 3207 aliis
3120 3155 3341 3221 privatis
3372 3154 3710 3209 orationibus
3738 3196 3757 3220 ,

2172 3232 2226 3278 et
2252 3225 2688 3279 meditationibus
2715 3225 2879 3279 fuisse
2918 3226 3256 3294 impensum:
3288 3239 3412 3279 cum
3444 3241 3626 3289 unam,
3655 3236 3749 3281 aut

2172 3294 2402 3349 alteram
2432 3295 2802 3349 tantummodo
2831 3294 3016 3350 horam
3043 3304 3165 3361 post
3197 3295 3358 3349 totius
3387 3298 3554 3350 noctis
3586 3311 3730 3350 excu

2172 3364 2309 3429 bias,
2357 3373 2414 3417 ut
2442 3366 2521 3418 ait
2569 3368 2799 3434 Auctor,
2856 3366 2961 3419 sibi
3012 3374 3353 3419 reservarent
3394 3366 3459 3420 ad
3508 3368 3763 3434 corporis

2172 3434 2637 3505 refocillationem,
2696 3443 2752 3488 et
2795 3435 3053 3505 quietem,
3083 3445 3141 3488 ut
3168 3436 3368 3489 dictum
3400 3445 3516 3498 est,
3567 3451 3634 3491 ne
3665 3439 3759 3492 vel

2174 3506 2338 3559 nimia
2361 3504 2697 3568 lassitudine,
2724 3515 2777 3559 et
2806 3504 3084 3575 pervigilio
3104 3505 3431 3572 delicercnt;
3458 3507 3540 3562 vel
3559 3522 3760 3563 somno

2174 3575 2406 3645 interdiu
2435 3582 2808 3645 gravarentur.

2242 3644 2352 3701 διὰ
2397 3644 2508 3711 est,
2561 3660 2658 3714 per
2703 3650 2985 3700 universas
3035 3645 3278 3702 Orientis
3333 3647 3638 3715 Ecclesias,
3686 3658 3750 3704 ut

2174 3717 2507 3799 paulonpost
2554 3716 2793 3799 exponit.
2836 3716 3175 3799 factacenim
3207 3717 3494 3799 divisione
3524 3720 3756 3774 Romani

2174 3787 2409 3855 imperii,
2456 3787 2666 3842 duobus
2707 3787 2967 3843 videlicet
3013 3788 3433 3857 imperatoribus
3482 3789 3532 3843 in
3566 3799 3756 3857 partes

2174 3858 2610 3926 succedentibus,
2641 3857 2883 3913 Ecclesia
2909 3858 3272 3913 Occidentalis
3313 3860 3453 3913 dicta
3490 3870 3595 3923 est,
3636 3876 3762 3926 quae

2180 3928 2410 3998 imperio
2435 3929 2767 3985 Occidentali
2807 3930 3225 3992 continebatur;
3268 3929 3558 3984 Orientalis
3601 3945 3760 3997 vero,

2174 4014 2293 4068 quas
2339 4001 2623 4055 Orientali.
2674 4001 2771 4055 Illa
2816 4000 3051 4066 Italiam,
3097 3999 3459 4063 Germaniam,
3502 4000 3763 4068 Galliam,

2175 4068 2412 4150 africani
2455 4070 2954 4150 complectebatur._
2982 4071 3215 4150 Undeet
3263 4070 3527 4150 Romana,
3559 4070 3758 4150 etia-

2178 4140 2308 4205 tina,
2339 4140 2793 4212 siveLatingrnm
2830 4140 3071 4212 Ecclesia
3102 4140 3245 4212 dicta
3274 4150 3378 4196 est.
3412 4142 3538 4196 Hmc
3570 4142 3761 4212 Illyri-

2176 4222 2321 4272 cum,
2357 4207 2929 4281 Syriam,‘AEgyptum_,
2975 4209 3257 4281 Graeciam,
3290 4214 3530 4281 aliasque
3575 4207 3764 4281 regio-

2177 4292 2275 4332 nes
2302 4292 2494 4333 versus
2539 4277 2803 4332 orientem
2832 4277 3000 4330 solem
3030 4279 3181 4332 sitas.
3214 4277 3484 4335 Caeterum
3514 4283 3615 4335 ista
3643 4277 3763 4337 Ec-

2175 4348 2462 4402 clesiarum
2500 4347 2777 4402 distinctio
2820 4362 2928 4399 non
2976 4362 3043 4401 ex
3086 4349 3191 4401 situ
3237 4351 3413 4414 orbis,
3456 4353 3763 4407 secundum

2175 4425 2423 4488 exactam
2467 4416 2987 4488 cosmographorum
3015 4417 3435 4488 descriptionem
3478 4423 3613 4476 facta
3648 4432 3762 4488 est,

2175 4487 2272 4541 sed
2302 4487 2657 4556 pro‘ratione
2686 4486 2869 4554 partiti
2906 4485 3131 4539 Romani
3173 4487 3406 4556 imperii,
3454 4501 3511 4543 ut
3548 4485 3763 4547 dictum

492 4554 814 4627 antiphonas
842 4564 971 4631 tres,
1000 4564 1057 4610 ut
1086 4555 1374 4631 Dionysius
1395 4564 1447 4608 et
1463 4554 1801 4631 _alii.codices
1831 4555 2071 4631 habent)
2098 4571 2149 4631 D
2176 4565 2286 4631 est._
2310 4554 2627 4631 Undeillud
2646 4556 2872 4631 accidit,
2899 4566 2957 4610 nt
2978 4554 3401 4631 interdum'quu:
3433 4559 3485 4611 in
3520 4564 3763 4618 meridie

492 4638 544 4684 et
585 4624 747 4683 trium
777 4628 1134 4696 psalmorum,
1178 4624 1236 4680 et
1274 4624 1773 4696 triumilectionum,
1811 4635 1866 4679 ut
1903 4624 2071 4696 paulo

492 4708 615 4768 post
645 4694 881 4767 exponit.
916 4698 1058 4768 Quo
1080 4696 1302 4768 exgloco
1348 4694 1620 4768 colligitur
1648 4695 1804 4763 quale
1833 4695 2067 4768 officium

492 4764 818 4825 nocturnum
844 4766 1126 4820 habuerint
1163 4764 1237 4819 illi
1294 4766 1565 4829 monachi,
1619 4779 1796 4834 quove
1838 4767 1941 4819 ritu
1967 4807 1983 4832 ,
2016 4774 2072 4821 et

492 4840 654 4896 modo
684 4838 813 4893 illud
849 4836 1177 4907 percgerint.
1232 4834 1362 4887 Nam
1408 4834 1751 4907 primo_loco
1802 4835 2071 4907 habebant

492 4921 606 4964 tres
629 4904 1102 4977 antiphonas,’hoc
1131 4913 1213 4960 est
1251 4919 1441 4977 suaves
1470 4904 1877 4977 cantionessibi
1902 4919 1930 4954 a
1958 4919 2067 4959 ma-

491 4980 700 5106 Laribus
726 4974 973 5043 traditas.
1000 4992 1129 5046 quas
1160 4990 1280 5029 cum
1311 4975 1489 5044 aliqua
1520 4974 1882 5029 modulatione
1911 4988 2073 5027 cane-

530 5060 623 5104 ant
660 5058 864 5104 stantes
887 5088 903 5106 .
956 5058 1009 5102 et
1032 5047 1196 5100 erecti
1222 5062 1236 5099 :
1269 5053 1325 5098 ut
1373 5046 1550 5099 solent
1580 5046 1719 5106 apud
1748 5058 1845 5100 nos
1876 5042 2071 5097 invita-

530 5060 623 5104 ant
660 5058 864 5104 stantes
887 5088 903 5115 ,
956 5042 1196 5102 et'erecti
1222 5062 1236 5099 :
1269 5053 1325 5098 ut
1373 5042 1550 5099 solent
1580 5046 1719 5115 apud
1748 5058 1845 5100 nos
1876 5042 2071 5115 invita-

492 5120 630 5175 toria
687 5135 808 5175 cum
858 5114 1066 5188 psalmo
1122 5116 1469 5188 nonagesimo
1520 5114 1709 5186 quarto
1774 5114 2067 5188 decantari.

492 5190 699 5247 Deinde
754 5186 923 5254 humi,
976 5187 1066 5242 vel
1115 5186 1371 5241 sedilibus
1417 5187 1731 5241 humillimis
1773 5187 2072 5241 insidentes

495 5272 608 5317 tres
641 5261 875 5331 psalmos
909 5273 1016 5331 uno
1066 5257 1370 5331 inchoante,
1395 5268 1457 5331 Aet
1488 5258 1836 5331 prmcinente.
1890 5258 2072 5312 caeteri

492 5328 841 5387 succihebant
869 5346 881 5383 :
909 5329 997 5399 qui
1030 5344 1145 5384 mos
1171 5329 1309 5397 apud
1359 5328 1645 5399 plerosque
1654 5398 1657 5399 ν
1692 5328 1957 5399 usitatus,
1994 5343 2072 5399 ac

492 5402 770 5457 familiaris
826 5397 945 5466 fuit,
977 5410 1033 5455 ut
1064 5407 1211 5469 patet
1260 5414 1325 5453 ex
1357 5399 1581 5469 epistola
1630 5397 1693 5450 1).
1751 5397 1930 5469 Basilii
1980 5397 2067 5453 65.

401 5518 403 5521 .
493 5472 675 5527 Tertio
703 5472 917 5527 demum
949 5467 1089 5537 loco,
1132 5469 1343 5525 Ternas.
1388 5468 1467 5521 ait
1495 5469 1805 5537 Cassianus,
1860 5467 2073 5533 adjicie-

494 5543 617 5597 bant
649 5544 886 5596 lectiones
910 5558 932 5607 ;
957 5536 1081 5595 cum,
1108 5540 1246 5609 apud
1276 5536 1560 5608 Egyptios
1586 5536 1909 5609 monachos
1935 5552 2072 5591 unus

494 5620 703 5665 tantum
738 5606 976 5681 psalmos
1015 5606 1329 5681 decantaret
1350 5606 1397 5681 ,ξ
1417 5606 1629 5681 steteris
1657 5606 1714 5681 in_
1735 5608 1950 5681 silentio
1977 5623 2073 5662 au-

494 5677 869 5735 scultantibus.
894 5680 1045 5746 Quod
1063 5679 1278 5748 quidem
1301 5678 1680 5748 officiumcum
1704 5677 1863 5732 breve
1886 5678 2072 5733 admo-

496 5749 623 5829 dum
656 5748 897 5804 videatur
926 5747 1330 5819 comparatione
1385 5747 1553 5819 officii
1608 5747 1839 5821 aliorum
1883 5764 2072 5809 mona-

2175 4626 2357 4695 potius
2384 4626 2712 4681 collocandm
2737 4636 2948 4693 essent,
2976 4627 3119 4682 inter
3139 4626 3443 4683 Orientales
3470 4633 3765 4697 reperian-

2172 4706 2261 4752 tur
2298 4707 2701 4763 annumeratze;
2744 4706 2800 4753 et
2829 4708 3021 4753 contra
3065 4697 3446 4753 Occidentales
3493 4702 3622 4755 item
3670 4704 3761 4757 di—

2172 4778 2387 4835 cantur,
2415 4785 2537 4840 quas
2563 4778 2826 4841 spectant
2852 4769 2917 4823 ad
2951 4769 3247 4837 Meridiem,
3282 4780 3373 4823 aut
3400 4769 3748 4841 Septentrio-

2177 4854 2334 4911 nem;
2390 4839 2500 4911 nun
2532 4839 2919 4911 raliagquidem
2971 4842 3199 4905 ratione,
3246 4856 3402 4909 quam
3456 4839 3599 4911 quod
3644 4844 3758 4897 illa:

2173 4908 2483 4980 Qrienﬁtalis,
2528 4910 2612 4964 hae
2659 4908 3020 4966 Occidentalis
3064 4921 3248 4980 partes
3288 4908 3487 4966 essent
3517 4912 3755 4979 imperii.

2172 4976 2285 5042 Qua
2312 4979 2380 5031 de
2411 4994 2470 5033 re
2513 4981 2681 5035 semel
2714 4979 2801 5037 hic
2827 4976 3082 5036 lectorem
3117 4984 3378 5035 monitum
3416 4982 3556 5037 volui
3576 4976 3605 5047 ;’
3623 4996 3757 5039 cum

2173 5060 2318 5116 δωρεᾷ
2343 5046 2506 5116 hujus
2536 5050 2901 5106 distinctionis
2928 5052 3130 5105 Auctor
3156 5053 3485 5106 meminerit.

2248 5126 2270 5155 ο
2294 5115 2351 5170 ld
2378 5115 2481 5185 eSt,
2514 5117 2646 5173 feria
2694 5133 2868 5175 sexta.
2899 5121 3031 5175 Nam
3079 5123 3217 5189 apud
3256 5121 3510 5177 Hebrmos
3556 5123 3759 5179 sabba-

2178 5195 2372 5261 tumet
2397 5203 2494 5261 pro
2523 5200 2629 5243 tota
2666 5191 3023 5255 hebdomada,
3057 5199 3112 5244 et
3155 5206 3253 5260 pro
3283 5193 3514 5261 septimo
3543 5194 3757 5249 hebdo-

2177 5259 2349 5332 madis
2387 5259 2476 5332 die
2523 5261 2785 5330 accipitur
2814 5278 2826 5312 :
2853 5275 3093 5332 cumque
3130 5259 3296 5332 tutam
3343 5259 3611 5332 significat
3656 5266 3757 5320 he-

2176 5328 2539 5402 bdomadam,
2590 5328 2793 5398 primus
2840 5331 2958 5402 dies
3003 5330 3346 5402 hebdomade
3394 5328 3566 5402 prima
3623 5335 3756 5388 sab-

2178 5400 2310 5465 bati,
2358 5402 2627 5456 secundus
2673 5401 2905 5455 secunda
2937 5401 3168 5467 sabbati,
3201 5400 3407 5458 tertius
3438 5405 3589 5459 tertia
3622 5409 3760 5461 sab-

2182 5470 2314 5543 bati,
2340 5472 2641 5541 eodemque
2664 5471 3129 5543 modosequentes
3152 5472 3267 5527 dies
3288 5474 3649 5543 appellantur.
3681 5476 3753 5532 D.

2178 5539 2620 5613 Hieronymusin
2651 5540 2870 5613 epistol.
2896 5542 2959 5593 ad
2992 5542 3268 5597 Hedibiam
3292 5539 3485 5613 quaest.
3516 5546 3551 5598 4
3584 5560 3603 5597 :
3628 5544 3759 5602 Una

2174 5610 2398 5683 sabbati,
2425 5612 2618 5680 inquit,
2653 5611 2929 5683 Dominica
2971 5610 3326 5683 intelligenda
3344 5625 3417 5666 est
3447 5617 3607 5683 :quia
3637 5633 3760 5670 ont-

2173 5681 2253 5733 nis
2279 5682 2611 5735 hebdomadas
2640 5682 2693 5735 in
2723 5682 3013 5750 sabbatum,
3052 5693 3097 5737 et
3124 5681 3176 5739 in
3216 5685 3455 5752 primam,
3490 5681 3537 5739 et
3564 5702 3759 5741 secun-

2172 5752 2315 5820 dam,
2352 5760 2399 5807 et
2434 5753 2659 5825 tertiam,
2707 5760 2755 5809 et
2783 5763 3041 5825 quartam,
3084 5763 3131 5811 et
3169 5755 3416 5825 quintam,
3460 5765 3508 5813 et
3545 5766 3757 5827 sectam
