4026 6212
230 280 320 340 με

733 280 824 336 DE
858 278 1340 341 C(ENOBIORUM
1372 279 1615 340 INSTIT.
1656 278 1782 338 LIB.
1822 276 1910 338 Ill.
1932 310 2005 323 —-
2028 280 2119 339 DE
2156 281 2436 341 DIURNIS
2470 283 2949 344 ORATIONIBUS.

3370 288 3475 348 ιω

235 396 469 469 passione
497 396 761 466 perculsi,
791 396 1078 467 pervigiles
1106 404 1217 452 tota
1256 410 1415 452 nocte
1446 397 1783 460 manserunt,
1812 398 1868 461 Α
1890 402 1994 464 est,
2028 393 2352 451 hebdomadi
2384 395 2584 461 pariter
2619 406 2675 452 et
2710 395 2941 467 ogdoadi
2981 395 3225 453 eamdem
3259 364 3480 468 parteml

234 489 523 544 nullatenus
553 489 750 558 quietis
772 496 1023 543 somnum
1058 488 1232 544 oculis
1275 490 1388 544 suis
1429 487 1793 558 indulgentes.

234 580 581 648 Quamobrem
623 594 693 635 ex
740 580 833 635 illo
877 589 1123 650 tempore
1150 588 1177 617 ι
1207 581 1334 635 huic
1371 580 1516 635 nocti
1544 580 1796 650 deputata

233 672 521 744 vigiliarum
545 672 865 728 solemnitas
893 687 1065 743 usque
1093 673 1149 729 in
1176 673 1500 729 hodiernum
1529 673 1673 729 diem
1700 689 1798 744 per

235 764 535 819 universum
574 764 853 821 Orientem
898 765 1150 821 similiter
1191 766 1531 822 observatur.
1566 765 1800 835 Ideoque

232 856 321 911 etb
342 856 610 912 absolutio
630 856 823 927 jejunii
852 866 974 929 post
1001 857 1308 927 vigiliarum
1339 857 1603 923 laborem,
1630 869 1652 896 ο
1676 855 1802 912 toti-

232 948 345 1003 dem
373 948 687 1017 apostolicis
713 948 845 1003 viris
869 949 926 1003 in
955 948 1043 1004 die
1067 948 1280 1004 sabbati
1306 958 1526 1015 statuta,
1557 963 1665 1003 non
1692 948 1797 1003 im-

233 1040 416 1093 merito
441 1040 789 1108 praesumitur
808 1054 906 1110 per
926 1041 1213 1096 universas
1241 1038 1480 1096 Orientis
1506 1041 1795 1110 Ecclesias,

234 1131 524 1187 secundum
583 1131 729 1186 illam
783 1147 999 1203 quoque
1054 1127 1397 1189 Ecclesiastes
1446 1133 1797 1200 sententiam,

230 1239 342 1293 quae
366 1225 495 1279 licet
520 1224 714 1280 habeat
744 1232 801 1280 et
827 1225 992 1279 alium
1020 1225 1304 1296 mysticum
1342 1239 1584 1293 sensum,
1618 1232 1800 1280 tamen

228 1315 300 1369 ab
326 1314 426 1371 hoc
452 1330 665 1386 quoque
692 1330 802 1371 non
837 1315 1114 1384 abhorret,
1144 1330 1251 1385 quo
1270 1312 1297 1353 ἀ
1328 1314 1546 1385 utrique
1584 1313 1719 1382 diei,
1750 1313 1803 1369 id

1901 486 2563 557 solemnitatisimpartire
2594 488 2962 557 praecipimur,
2987 488 3057 543 ita
3087 488 3314 547 dicentis
3344 507 3356 541 :
3388 489 3477 546 Da

1898 588 2093 651 partem
2108 579 2188 635 his
2204 588 2416 652 septem,
2438 588 2485 633 et
2503 580 2707 651 quidem
2725 580 2805 634 his
2823 590 2935 635 octo
2950 580 3170 651 (Eeeles.
3192 582 3289 654 ιι).
3313 593 3336 623 θ
3354 583 3477 641 Non

1900 671 2043 727 enim
2071 670 2139 726 ad
2163 671 2597 727 communionem
2622 670 3186 728 festivitatisJudaicaa
3206 675 3478 731 absolutio

1899 761 2003 817 ista
2016 814 2017 817 η
2022 760 2217 831 jejunii
2248 761 2549 832 reputanda
2572 769 2675 828 est,
2700 761 2785 816 his
2809 764 3104 831 praesertim
3130 765 3220 835 qui
3240 765 3307 821 ab
3330 767 3481 823 omni

1902 852 2123 909 Judaica
2150 855 2537 923 supersutione
2566 853 2731 908 alieni
2759 862 3151 920 monstrantur,
3182 856 3278 910 scd
3302 857 3369 911 ad
3393 873 3479 913 re-

1899 945 2198 1003 fectionem
2243 962 2407 1017 quam
2449 947 2684 1003 diximus
2724 946 2852 1001 lassi
2898 948 3143 1015 corporis
3180 949 3480 1016 pertinere;

1901 1040 2043 1110 quod
2070 1054 2168 1111 per
2199 1047 2339 1095 totas
2360 1040 2485 1094 anni
2508 1038 2837 1109 scptimanas
2856 1037 3060 1108 jugiter
3089 1038 3267 1107 quinis
3292 1038 3484 1095 diebus

1899 1131 2172 1201 jejunans,
2191 1132 2294 1186 nisi
2316 1132 2533 1186 duobus
2553 1131 2745 1185 saltem
2765 1129 3102 1200 interpositis
3122 1127 3485 1187 refocillatum

1904 1223 2089 1292 fuerit,
2113 1224 2274 1280 facile
2298 1223 2564 1291 lassescit,
2594 1237 2658 1278 ac
2687 1222 2885 1280 deﬁcit.

1250 1426 1510 1482 ALARDI
1548 1425 1786 1481 GAZAEI
1820 1424 2382 1485 COMMENTARIUS.

227 1522 419 1578 sabbati
448 1522 732 1576 dividitur:
758 1521 1161 1592 quamethniciA
1177 1520 1465 1592 idolorum,
1506 1528 1554 1592 δέ
1581 1520 1805 1592 elemen-

227 1606 387 1648 torum
442 1593 732 1646 nominibus
770 1586 1071 1659 'appellant.
1130 1589 1223 1645 Sic
1272 1605 1461 1644 rursus
1512 1586 1805 1659 Cassianus

228 1667 319 1719 lib.
357 1678 409 1716 IV
440 1678 563 1733 cap.
600 1662 666 1717 19
710 1658 989 1715 secundum
1017 1659 1210 1714 sabbati
1239 1660 1374 1715 dixit
1399 1673 1497 1729 pro
1539 1658 1673 1713 feria
1718 1674 1805 1716 se-

229 1734 494 1858 “mica
524 1801 732 1857 scilicet
762 1802 1080 1867 sabbatinae,
1108 1814 1222 1864 seu,
1255 1815 1378 1869 quae
1407 1798 1617 1854 sabbati
1657 1800 1800 1856 diem

228 1873 520 1931 antecedit.
570 1872 649 1926 Ea
686 1874 827 1926 enim
860 1883 1017 1925 nocte
1046 1870 1332 1939 prolixius,
1381 1878 1433 1925 et
1477 1870 1799 1938 solemnius,

226 1927 379 2069 δυδῶ
436 1942 565 1995 aliis
614 1942 860 2021 noctibus
914 1927 1237 2022 vigilabant,
1291 1927 1356 1994 ac
1413 1927 1881 2009 pernoctabaniB

277 2013 548 2069 rientales.
581 2021 885 2069 praesertim
933 2010 1203 2069 monachi,
1237 2022 1295 2065 ut
1334 2011 1540 2066 dictum
1586 2021 1693 2069 est.
1735 2012 1807 2069 ob

277 2013 548 2073 rientales,
581 2011 885 2081 praesertim
933 2010 1203 2075 monachi,
1237 2022 1295 2065 ut
1334 2011 1540 2066 dictum
1586 2021 1693 2080 est,
1735 2012 1807 2069 ob

226 2087 483 2139 rationem
512 2081 600 2137 hic
627 2096 972 2151 expressam.

294 2154 322 2192 ι’
343 2155 450 2208 Hoc
479 2163 582 2218 est,
604 2152 866 2222 jejunium
907 2151 1154 2215 solvitur,
1187 2159 1243 2207 et
1290 2151 1591 2220 relaxatur,
1627 2151 1716 2206 vel
1747 2160 1806 2208 ut

226 2225 448 2280 verbum
477 2221 644 2278 verbo
664 2221 894 2291 propius
922 2222 1173 2287 accedat,
1224 2236 1252 2274 a
1277 2221 1481 2290 jejunio
1512 2223 1804 2277 absolvun-

226 2311 313 2349 tur
341 2294 555 2349 fratres.
589 2293 870 2349 Mirabitur
899 2293 1071 2363 lector
1112 2294 1409 2347 monachos
1444 2293 1566 2347 illos
1590 2308 1695 2347 non
1718 2293 1805 2363 je-

224 2368 488 2435 junasse;
532 2365 623 2419 sed
654 2363 875 2435 omnino
902 2362 1167 2435 jejunium
1197 2364 1427 2418 solvisse
1449 2363 1537 2418 die
1566 2362 1798 2435 sabbati,

222 2433 357 2489 cum
388 2435 506 2487 aliis
531 2435 701 2502 quiuis
744 2433 937 2487 diebus
970 2433 1036 2487 ad
1066 2448 1349 2501 vesperam
1396 2449 1565 2502 usque
1591 2434 1800 2503 jejuna-

223 2515 374 2572 rent,
402 2514 457 2558 et
480 2519 543 2559 eo
571 2504 657 2560 die
684 2503 909 2573 perinde
940 2518 1004 2574 ac
1030 2503 1161 2574 feria
1188 2515 1359 2567 sexta,
1388 2505 1661 2574 jejunare,
1698 2504 1801 2560 hoc

224 2584 331 2640 est,
378 2575 447 2628 ab
496 2590 592 2630 esu
638 2574 878 2629 carnium
924 2573 1197 2629 abstinere
1237 2574 1529 2629 Christiani
1568 2576 1799 2631 soleant.

226 2646 427 2700 Verum
458 2648 601 2701 scire
641 2644 803 2700 debet
831 2644 1012 2715 hacin
1054 2655 1209 2715 parte
1240 2644 1510 2700 diversam
1544 2646 1802 2701 Ecclesia:

226 2714 516 2771 Orientalis
544 2717 611 2771 ab
636 2714 974 2770 Occidentali
1004 2714 1171 2769 fuisse
1212 2719 1561 2778 sententiam,
1597 2725 1651 2770 et
1673 2730 1803 2770 con-

226 2787 586 2842 suetudinem.
627 2785 759 2840 Nam
788 2784 1090 2840 Orientales
1119 2795 1177 2840 et
1219 2785 1391 2840 Graaci
1419 2787 1659 2841 sabbatis
1687 2802 1801 2841 om-

227 2859 358 2912 nino
386 2873 489 2912 non
514 2857 866 2926 jejunabant;
915 2871 982 2910 ne
1019 2855 1237 2925 quidem
1271 2856 1325 2909 in
1354 2856 1797 2924 Quadragesima,

226 2928 392 2998 idque
430 2944 496 2982 ex
528 2927 838 2998 traditione,
859 2935 923 2998 et
970 2940 1178 2998 canone
1203 2926 1435 2998 quodam
1482 2927 1798 2998 apostolico,

226 2996 334 3067 quo
358 2998 623 3067 jejunium
662 2997 869 3053 sabbati
899 2996 1214 3065 prohibetur
1244 2996 1457 3052 clericis
1500 2996 1602 3051 sub
1628 2997 1799 3067 depo-

224 3066 463 3134 sitionis,
491 3069 645 3123 laicis
688 3067 791 3121 sub
820 3068 1398 3121 excommunicationis
1437 3082 1619 3135 ptena.
1648 3066 1800 3124 Unde

224 3142 293 3194 D.
324 3142 561 3209 lgnatius
608 3139 855 3194 scribens
900 3137 966 3192 ad
997 3136 1370 3209 I’hilippenses
1399 3156 1411 3189 :
1446 3138 1507 3192 Si
1534 3139 1671 3207 quis,
1716 3140 1799 3192 in-

224 3207 371 3280 quit,
415 3210 742 3263 Dominieum
773 3208 1058 3280 diemtv‘el
1083 3207 1356 3280 sabbatum
1380 3209 1654 3279 jejunarit,
1694 3226 1796 3264 uno

1979 1519 2007 1558 ά
2031 1522 2182 1577 Diem
2208 1523 2522 1591 septimum,
2547 1522 2599 1578 id
2629 1532 2735 1590 est,
2768 1524 3078 1591 sabbatum,
3107 1522 3484 1592 hebdomadis,

1907 1602 1960 1647 et
1988 1592 2130 1647 diem
2164 1604 2440 1654 octavum.
2474 1592 2527 1647 id
2555 1601 2659 1658 est,
2692 1594 3044 1661 dominicum,
3092 1594 3350 1662 ogdoadis
3386 1610 3489 1648 no-

1910 1664 2056 1717 mine
2085 1662 2349 1732 designat,
2386 1662 2633 1718 alludens
2676 1664 2742 1717 ad
2794 1665 2970 1719 locum
3016 1666 3147 1717 satis
3186 1664 3485 1719 obscurum

1906 1733 2273 1797 Ecclesiastaa,
2299 1733 2386 1802 qui
2429 1734 2479 1786 in
2511 1734 2728 1803 vulgata
2756 1735 2998 1789 editione
3046 1735 3127 1788 sic
3170 1734 3334 1789 habet
3364 1752 3377 1788 :
3403 1732 3489 1789 Da

1906 1814 2103 1873 partem
2130 1812 2341 1873 septem,
2376 1818 2465 1855 nec
2493 1819 2594 1856 non
2638 1814 2685 1857 et
2736 1814 2869 1866 octo,
2912 1819 3011 1873 pro
3040 1820 3147 1873 quo
3179 1804 3341 1861 vertit
3369 1806 3490 1861 Au-

1908 1884 2028 1928 ctor
2055 1889 2120 1927 ex
2152 1873 2523 1943 Septuaginta.
2567 1873 2792 1943 Utrique
2832 1890 2961 1944 ergo
2989 1874 3096 1930 diei
3139 1886 3347 1943 partem
3398 1890 3488 1932 so-

1911 1944 2205 1999 lemnitatis
2240 1944 2627 2009 impertiebant
2661 1945 3005 2000 Orientales:
3031 1945 3153 2013 quia
3182 1945 3323 1999 diem
3364 1950 3489 2003 sab-

1907 2015 2039 2081 bati,
2063 2023 2118 2070 et
2142 2013 2286 2068 diem
2307 2014 2647 2085 Dominicum
2673 2016 2789 2082 pari
2817 2016 3204 2085 propemodum
3233 2017 3402 2083 cultu,
3432 2025 3489 2073 et

1907 2086 2254 2141 solemnitate
2311 2084 2723 2155 observabant;
2775 2084 2883 2138 nun
2924 2085 3163 2155 iJudaica
3220 2089 3488 2155 supersti-

1906 2154 2078 2222 tione,
2107 2166 2165 2210 ut
2191 2156 2459 2209 Ebionitae
2482 2153 2758 2219 haeretici;
2785 2155 2881 2209 sed
2909 2154 3241 2220 Christiano,
3271 2153 3327 2211 et
3355 2159 3488 2213 reli-

1905 2227 2060 2296 gioso
2086 2240 2273 2289 sensu,
2300 2234 2356 2280 et
2384 2224 2695 2296 ritu.rQuod
2727 2232 2903 2279 autem
2938 2226 3003 2277 ad
3036 2225 3322 2294 mysticum
3351 2242 3485 2283 sen-

1906 2295 2024 2351 Sum
2057 2297 2270 2360 attinet,
2300 2311 2460 2365 quem
2488 2295 2661 2350 eidem
2690 2296 2975 2350 sententiae
3004 2296 3251 2350 attribuit
3276 2307 3486 2363 auctor,

1905 2366 1972 2421 D.
2007 2368 2366 2437 Hieronymus
2394 2367 2804 2437 interpretatur,
2839 2366 2980 2437 Dare
3005 2374 3175 2436 partes
3204 2377 3413 2437 septem,
3441 2377 3489 2423 et

1905 2448 2019 2491 octo
2066 2436 2287 2507 (Eecles.
2338 2452 2414 2505 ιι,
2452 2436 2709 2490 Ezechiel.
2745 2452 2835 2503 XL,
2893 2436 3491 2508 Ps.7cxviu),’utrique

1904 2509 2133 2581 credere
2176 2508 2521 2581 Testamento
2562 2508 2849 2581 (Adversus
2879 2507 3371 2581 Luciferian._cap.
3404 2510 3485 2581 8).

1905 2578 2058 2645 Quod
2083 2580 2242 2632 latius
2267 2578 2542 2647 explicans
2564 2579 2615 2630 in
2644 2580 3039 2632 commentario
3074 2596 3085 2630 ε
3109 2577 3175 2631 1η
3194 2577 3481 2647 Ezechiele,

1905 2649 2097 2717 inquit,
2146 2658 2356 2719 septem,
2409 2659 2455 2701 et
2505 2658 2621 2719 octo
2674 2649 2867 2719 gradus
2914 2647 2983 2701 ad
3028 2649 3201 2718 templi
3250 2651 3491 2716 leguntur

1903 2717 2209 2772 ascensum.
2247 2717 2315 2771 Et
2362 2730 2477 2788 post
2521 2718 2742 2772 ethicum
2790 2718 2937 2771 illuni
2981 2717 3257 2786 psalmum,
3296 2721 3351 2773 id
3391 2729 3488 2787 est,

1905 2791 2234 2842 centesimum
2277 2798 2532 2855 octavum,
2576 2788 3195 2860 etdecimum,quinque
3230 2790 3490 2860 graduum

1903 2860 2091 2926 psalmi
2119 2869 2239 2911 sunt
2264 2873 2282 2911 :
2306 2875 2394 2929 per
2420 2874 2547 2926 quos
2572 2859 2791 2927 primum
2814 2858 3079 2911 erudimur
3103 2860 3157 2911 in
3185 2858 3313 2929 lege,
3339 2869 3385 2912 et
3412 2878 3494 2914 se-

1905 2930 2139 2996 ptenario
2186 2944 2395 2981 numero
2452 2929 2658 2998 expleto
2688 2969 2702 2991 ,
2752 2936 2926 2995 postea
2971 2945 3059 2998 prr
3103 2930 3385 2998 ogdoadem
3423 2931 3492 2984 ad

1904 2998 2241 3068 Evangelium
2281 3000 2597 3051 seandimus.
2630 2997 2944 3068 Prtecipitur
2975 2997 3102 3067 ergo
3128 3010 3183 3051 ut
3212 3001 3265 3052 in
3293 3010 3493 3054 utrum-

1902 3085 2000 3139 que
2030 3068 2430 3144 Testamentum,
2461 3078 2740 3144 tantpetus
2760 3068 2953 3144 scilicet
2975 3085 3127 3137 quam
3156 3086 3337 3125 novum
3373 3076 3489 3144 pari

1901 3138 2222 3215 ueneratione
2250 3140 2538 3215 credamus.
2564 3138 2740 3215 Judtei
2769 3139 3018 3215 dederunt
3045 3150 3241 3211 partem
3272 3138 3485 3215 septem,

1902 3213 2163 3265 credentes
2200 3210 2467 3265 sabbatum
2498 3227 2515 3264 .'
2542 3212 2631 3266 sed
2662 3227 2763 3263 non
2794 3210 3051 3265 dederunt
3086 3224 3221 3275 ceto,
3264 3210 3491 3267 resurre-

225 3276 452 3352 éxcepto
486 3282 706 3352 (nempe
738 3277 1008 3352 Paschali)
1035 3276 1122 3352 hic
1162 3276 1351 3352 Christi
1381 3276 1691 3352 interfector
1730 3292 1805 3336 est
1833 3288 1879 3352 ο
1909 3284 2126 3336 etioncm
2145 3282 2247 3335 diei
2270 3282 2553 3336 ﬂaminica:
2571 3283 2896 3351 dcnegantes.
2925 3281 2971 3335 E
2990 3286 3246 3337 contrario
3268 3285 3491 3339 Itwrctici

226 3347 398 3421 (Vide
420 3347 607 3405 Collat.
634 3351 697 3403 21
737 3366 852 3419 cap.
876 3347 995 3421 27).
1024 3347 1186 3417 Cujus
1214 3350 1292 3403 rei
1319 3347 1539 3421 causam
1563 3350 1807 3421 referunt

222 3419 523 3491 Scriptores
554 3422 609 3475 in
639 3419 1240 3491 quosdambzcreticos,
1278 3421 1367 3488 qui
1394 3420 1585 3489 primis
1610 3420 1803 3475 Eccle-

220 3494 324 3547 sia:
343 3488 690 3561 temporibus
736 3491 791 3544 in
828 3490 1050 3544 Oriente
1080 3488 1417 3561 potissimum
1448 3492 1626 3545 exorti
1657 3500 1804 3560 sunt,

220 3559 583 3630 quorum—alii
618 3561 1077 3616 resurrectionem
1111 3559 1313 3615 Christi
1349 3561 1636 3630 negabant,
1669 3572 1722 3617 et
1753 3563 1808 3617 in

221 3643 599 3702 contemptum
646 3631 1087 3702 resurrectionis,
1133 3630 1275 3702 diem
1307 3631 1661 3694 dominicum,
1703 3647 1809 3700 quo

221 3700 525 3759 Christiani
558 3704 612 3757 in
643 3703 758 3771 ejus
778 3700 1036 3756 memoria
1064 3700 1298 3767 gaudere
1324 3702 1523 3766 solent,
1558 3703 1657 3769 ipsi
1681 3716 1814 3755 con-

223 3788 315 3829 ira
357 3775 414 3828 in
447 3790 702 3839 maerore,
745 3772 1022 3841 ctjejunio
1048 3772 1317 3825 ducebant
1348 3790 1359 3823 :
1386 3772 1479 3825 alii
1507 3785 1636 3825 vero
1665 3771 1814 3826 dice-

224 3847 361 3900 bant
388 3845 557 3900 Deum
601 3844 954 3898 llebraaorum
991 3841 1177 3896 mundi
1220 3844 1558 3897 conditorem
1598 3851 1650 3895 et
1680 3842 1810 3912 legis

221 3926 513 3970 auctorem
563 3916 764 3969 malum
811 3928 955 3979 esse,
1003 3912 1383 3981 Christumque
1430 3914 1496 3967 ad
1550 3928 1672 3966 eum
1720 3915 1814 3967 de-

221 3989 557 4041 struendum
607 3988 866 4039 venisse:
900 3994 953 4038 et
1000 3982 1205 4038 idcirco
1255 3984 1395 4038 diem
1444 3983 1676 4050 sabbati;
1721 3984 1812 4052 qui

221 4057 440 4111 Iudaeis
481 4060 640 4111 laetus
688 4062 827 4118 erat,
871 4064 924 4108 et
972 4064 1189 4108 sanctus
1231 4054 1299 4108 ob
1330 4054 1568 4123 quietem
1607 4053 1701 4108 Dei
1744 4055 1812 4109 ab

223 4128 510 4196 operibus,
538 4128 875 4196 jejunabant,
910 4125 1511 4196 tristemqueagebant,
1541 4124 1596 4196 in
1621 4132 1814 4196 contu-

226 4194 455 4252 rncliam
494 4194 797 4261 Gre—storis,
840 4204 902 4249 ut
940 4195 1110 4250 refert
1157 4195 1484 4264 Epiphanius
1516 4195 1715 4249 Haires.
1742 4194 1809 4248 41

222 4280 284 4322 et
326 4268 421 4321 42.
469 4268 526 4322 ln
576 4269 772 4322 borum
822 4266 1002 4335 itaque
1051 4266 1233 4318 odium
1288 4280 1350 4319 ac
1394 4266 1813 4320 detestationem

224 4340 545 4393 Orientales
593 4337 905 4401 orthodoxi,
945 4336 1105 4391 sicuti
1165 4335 1253 4389 die
1294 4336 1585 4400 dominico,
1640 4336 1710 4389 ita
1760 4344 1817 4390 et

225 4410 467 4464 sabbato
514 4409 782 4470 illicitum,
830 4416 922 4461 aut
964 4407 1317 4475 incongruum
1368 4406 1638 4459 ducebant
1672 4405 1818 4475 jeju-

224 4494 411 4545 nare;
462 4495 530 4533 ne
570 4494 696 4532 cum
740 4479 842 4533 illis
891 4477 1164 4531 haereticis
1208 4477 1539 4540 consentire,
1584 4487 1677 4529 aut
1724 4490 1817 4530 eos

225 4550 443 4604 imitari
471 4550 801 4603 viderentur.
828 4550 896 4603 At
924 4562 1059 4602 vero
1087 4549 1139 4601 in
1166 4547 1405 4601 Ecclesia
1429 4547 1616 4600 Latina
1647 4545 1820 4601 etOc-

228 4618 525 4681 cidentali,
555 4621 670 4673 aliis
696 4635 765 4674 ex
800 4618 999 4681 causis,
1033 4633 1166 4684 quas
1204 4618 1451 4687 sequenti
1500 4632 1618 4686 cap.
1652 4631 1817 4685 expo-

223 4703 468 4751 nemus,
495 4689 745 4757 jejunium
776 4689 984 4743 sabbati
1014 4688 1124 4755 jam
1152 4688 1280 4742 inde
1325 4688 1394 4741 ab
1422 4688 1554 4755 ipsis
1600 4696 1817 4755 aposto«

224 4762 425 4815 lorum
460 4764 784 4827 temporibus
822 4758 1188 4827 introductum
1217 4768 1269 4811 et
1299 4758 1642 4810 observatum
1680 4759 1815 4827 luit;

224 4830 387 4900 quod
443 4830 759 4895 etiamnum,
808 4831 936 4884 licet
981 4826 1297 4900 imperfecte
1341 4827 1710 4900 observatur;
1749 4826 1819 4900 de

222 4897 348 4969 quo
395 4900 687 4967 Gregorius
714 4900 827 4964 VII,
869 4899 1008 4965 apud
1043 4897 1491 4969 _Gratian.,gdist.
1544 4897 1621 4951 5:
1658 4898 1817 4969 Quia,

222 4966 443 5040 inquit,
476 4966 583 5024 dies
628 4972 825 5024 sabbati
863 4969 1003 5037 apud
1034 4966 1220 5040 Patres
1264 4968 1315 5020 in
1342 4966 1660 5040 'abstinentia
1690 4968 1820 5022 cele-

223 5038 343 5096 bris
369 5043 573 5095 habitus
595 5051 691 5105 est,
722 5057 985 5094 monemus
1017 5048 1069 5090 ut
1099 5039 1404 5107 quicumque
1434 5055 1486 5091 se
1513 5038 1821 5093 Christiante

222 5113 503 5180 religionis
526 5114 806 5183 participes
830 5127 938 5166 esse
960 5110 1275 5176 desiderant,
1298 5108 1359 5161 ab
1399 5125 1487 5163 esu
1505 5110 1739 5164 carnium
1765 5125 1823 5163 ea

222 5184 323 5235 die
351 5183 672 5237 abstineant.

312 5265 336 5290 ε·
361 5253 455 5308 Sic
482 5267 695 5317 omnes,
730 5266 865 5322 quos
905 5251 1082 5321 legere
1110 5248 1284 5322 potui,
1318 5248 1538 5322 codices
1584 5258 1693 5303 tam
1724 5263 1821 5322 ert-

221 5325 381 5385 cnsi,
417 5339 577 5391 quam
619 5319 842 5376 mszt
880 5319 1135 5390 quorsum
1166 5321 1308 5375 istud
1340 5320 1547 5373 totidem
1596 5319 1817 5391 cumdc

218 5390 480 5448 numero
516 5393 605 5447 hic
637 5394 780 5447 nulla
826 5392 899 5445 sit
935 5393 1174 5445 mentio?
1220 5392 1354 5445 Puto
1396 5393 1574 5456 itaque
1606 5390 1817 5441 totidem

216 5479 531 5534 perperam
575 5464 815 5531 positum
844 5476 940 5529 pro
987 5462 1182 5534 itidem,
1232 5463 1266 5514 i.
1315 5477 1366 5515 e.
1419 5460 1668 5534 similiter
1699 5477 1725 5534 :_
1744 5460 1815 5534 ita

214 5530 384 5590 enim
414 5543 471 5588 et
498 5530 691 5588 sensus
713 5533 984 5599 exposcit,
1014 5541 1068 5583 ct
1098 5532 1383 5602 Dionysius
1411 5530 1612 5598 optime
1638 5531 1813 5583 reddi-

208 5606 311 5661 dit
350 5624 365 5657 :
398 5604 556 5659 Unde
585 5615 633 5658 et
662 5603 849 5656 solutio
865 5603 1056 5673 jejunii
1087 5603 1147 5653 ab
1171 5603 1467 5667 apostolicis
1512 5602 1634 5653 viris
1674 5602 1821 5673 insti-

208 5686 356 5729 tuta
399 5687 472 5729 est
514 5676 725 5748 sabbato
761 5671 879 5748 post
906 5674 1265 5748 prtedictnrum
1324 5672 1635 5748 Vigiliarum
1680 5671 1822 5729 labo-

208 5761 373 5819 rem,
399 5757 535 5817 etc,
564 5747 655 5803 ubi
687 5745 831 5807 nulla
866 5743 1205 5816 ambiguitas.

1909 3352 2145 3408 Marcion
2173 3361 2220 3406 et
2252 3352 2686 3424 Manichteus,jet
2716 3369 2908 3419 omnes,
2949 3355 3035 3420 qui
3076 3364 3293 3409 veterem
3330 3356 3493 3424 legem

1906 3424 2089 3495 albida
2134 3440 2220 3476 ore
2259 3424 2540 3495 dilaniant,
2576 3422 2713 3495 dant
2749 3432 2958 3495 partem,
2980 3432 3115 3487 octo,
3155 3422 3491 3495 suscipientes

1907 3491 2245 3562 Evangelium
2272 3508 2290 3546 :
2318 3494 2407 3546 sed
2437 3494 2663 3546 eamdem
2708 3491 2995 3561 septenario
3036 3511 3244 3546 numero
3275 3491 3377 3547 non
3402 3498 3494 3546 tri-

1910 3561 2086 3634 buunt,
2125 3564 2287 3634 legem
2334 3571 2546 3615 veterem
2587 3572 2905 3634 respuentes.
2962 3562 3073 3615 Nos
3110 3564 3267 3629 igitur
3294 3564 3494 3634 utrique

1909 3630 2267 3685 Instrumenta
2322 3634 2612 3685 credamus.
2658 3632 2779 3685 Non
2828 3633 2961 3684 enim
3004 3646 3275 3697 possumus
3311 3632 3494 3699 dignos

1911 3703 2191 3767 cruciatus,
2217 3701 2521 3769 dignamque
2546 3716 2744 3770 poenam
2768 3704 2882 3769 jam
2917 3716 3052 3750 nunc
3075 3710 3238 3752 mente
3272 3716 3497 3768 compre-

1911 3772 2156 3835 hendere,
2199 3787 2312 3838 qua:
2343 3771 2568 3839 reperita
2599 3779 2671 3822 est
2710 3770 2787 3821 his
2832 3770 2917 3836 qui
2944 3777 3209 3839 versantur
3235 3772 3286 3823 in
3335 3781 3491 3836 terra,

1910 3840 2133 3912 Juda'is,
2178 3850 2331 3909 atque
2360 3838 2636 3912 haereticis,
2664 3839 2912 3912 eduobus
2948 3838 3166 3912 alterum
3197 3840 3497 3912 deneganti-

1912 3913 2024 3966 bus.
2077 3911 2208 3984 Htec
2258 3910 2485 3984 mySIice
2534 3919 2589 3984 et
2639 3909 2935 3984 allegorice
2988 3909 3050 3962 D.
3107 3909 3491 3984 Hieronymus.

1911 3984 2061 4037 Alias
2090 3983 2253 4037 etiam
2282 3980 2538 4052 mysticas
2569 3982 3045 4052 interpretationes
3070 3982 3234 4052 tradit
3266 3980 3325 4037 DZ
3358 3982 3497 4037 Grc-

1913 4056 2096 4123 gorius
2123 4052 2215 4106 lib.
2258 4067 2404 4105 xxxv
2429 4052 2623 4106 Moral.
2655 4067 2779 4119 cap.
2805 4051 2938 4123 “lita
2968 4051 3216 4123 scribens
3248 4070 3262 4106 :
3290 4053 3394 4107 Per
3415 4070 3498 4108 se-

1913 4121 2209 4195 ptenarium
2236 4138 2525 4190 numerum,
2561 4124 2673 4195 hoc,
2711 4121 2851 4195 quod
2882 4131 3068 4195 septem
3099 4122 3275 4175 diebus
3300 4125 3498 4194 agitur,

1916 4191 2138 4265 praesens
2171 4204 2368 4263 tempus
2394 4194 2660 4263 expressit.
2700 4191 2802 4245 Per
2841 4191 3161 4265 octonarium
3193 4210 3309 4247 vero
3335 4191 3498 4247 vitam

1915 4262 2211 4336 perpetuam
2238 4262 2559 4336 designavit:
2583 4277 2735 4336 quam
2764 4279 2859 4315 sua
2880 4262 3026 4336 nobis
3052 4262 3303 4317 Dominus
3329 4280 3502 4318 resur-

1916 4332 2141 4390 rectione
2190 4332 2448 4403 patefecit.
2498 4333 2772 4386 Dontinico
2826 4332 3018 4386 scilicet
3072 4335 3155 4387 die
3196 4336 3495 4399 resurrexit,

1917 4408 2005 4466 qui
2036 4422 2152 4458 cum
2183 4405 2316 4457 diem
2352 4406 2641 4475 septimum,
2682 4403 2735 4454 id
2756 4412 2851 4475 es_t,
2882 4403 3145 4456 sabbatum
3175 4416 3435 4473 sequatur,
3466 4421 3502 4458 ιι

1919 4477 2213 4529 conditione
2238 4470 2443 4528 octavus
2473 4474 2749 4531 invenitur.
2776 4470 2917 4527 Bene
2955 4482 3121 4526 autem
3153 4470 3343 4528 dicitur
3369 4491 3387 4529 :
3416 4476 3502 4531 Da

1922 4557 2093 4614 partes
2134 4554 2347 4615 septem,
2398 4560 2491 4597 nec
2532 4559 2635 4597 non
2690 4552 2736 4595 et
2792 4553 2944 4616 octo:
2974 4544 3093 4616 quia
3138 4547 3346 4616 ignoras
3376 4547 3502 4615 quid

1842 4652 1897 4713 Β
1920 4616 2390 4713 maljfuturumft't
2426 4629 2576 4713 ευριπ
2599 4623 2803 4713 terrqm.
2840 4614 2918 4713 Ac.
2943 4614 2987 4667 si
3018 4614 3190 4684 aperte
3219 4618 3501 4713 diceretur,

1922 4689 1993 4739 sic
2020 4684 2260 4756 dispenso
2300 4684 2621 4756 temporalia,
2668 4692 2723 4735 ut
2768 4694 3006 4753 appetere
3043 4700 3142 4739 non
3183 4688 3500 4741 obliviscaris

1919 4766 2130 4811 teterna.
2170 4755 2391 4827 Oportet
2430 4770 2649 4823 namque
2675 4756 2820 4827 utin
2853 4764 3108 4821 posterum
3151 4758 3272 4811 bene
3304 4758 3501 4827 agendo

1922 4828 2208 4896 provideas,
2236 4828 2325 4896 qui
2350 4826 2413 4880 de
2443 4827 2629 4896 futuro
2637 4825 2861 4894 judicio,
2892 4836 3082 4892 quanta
3112 4825 3375 4882 tribulatio
3419 4844 3503 4882 se—

1922 4894 2135 4966 quatur,
2179 4894 2411 4966 ignoras,
2457 4906 2557 4950 ctc.
2604 4894 2774 4948 Porro
2823 4911 3110 4965 germanus
3158 4909 3209 4952 et
3254 4899 3505 4954 litterulis

1924 4966 2484 5038 ejusdetmsententim
2513 4979 2708 5019 sensus
2735 4980 2857 5020 esse
2886 4967 3118 5035 videtur,
3150 4983 3309 5038 quem
3341 4969 3505 5023 tradit
3555 5017 3571 5038 ,

1923 5037 2121 5091 Franc.
2161 5036 2551 5108 Titelmannus,
2602 5038 2703 5089 hoc
2732 5038 3082 5108 praintonito,
3102 5036 3242 5108 quod
3288 5051 3502 5103 septem,
3553 5036 3569 5073 δ

1925 5118 1972 5162 et
2002 5115 2114 5159 octo
2141 5121 2301 5161 casus
2339 5113 2465 5159 sunt
2507 5106 2694 5169 dativi,
2728 5106 3179 5175 quemadmodum
3220 5124 3283 5162 ex
3315 5110 3505 5162 Grteco

1926 5179 2117 5246 liquet,
2151 5176 2239 5230 ubi
2266 5177 2527 5246 articulus
2551 5184 2663 5237 τοῖς
2690 5177 2856 5231 dativi
2890 5192 3047 5232 casus
3090 5177 3339 5232 similiter
3373 5175 3507 5229 utri-

1926 5245 2031 5317 qUe
2056 5247 2406 5316 prmpooilur.
2456 5245 2644 5316 Estque
2667 5248 2838 5317 hujus,
2874 5247 3064 5316 inquit,
3108 5247 3354 5317 orationis
3384 5261 3504 5297 sen-

1923 5316 2010 5372 sus
2042 5333 2058 5369 :
2087 5318 2151 5369 da
2181 5325 2375 5387 partem
2414 5318 2543 5385 ipsis
2571 5316 2779 5387 septem,
2826 5327 2980 5387 atque
3019 5317 3173 5387 etiam
3202 5316 3326 5387 ipsis
3367 5327 3503 5379 octo,

1922 5390 2022 5441 sive
2050 5384 2292 5455 septenis,
2332 5396 2377 5440 et
2408 5384 2635 5445 octonis,
2671 5389 2726 5440 id
2766 5396 2860 5450 est,
2888 5384 3149 5445 distribue,
3179 5394 3225 5434 et
3267 5385 3506 5455 disperge

1921 5474 2036 5529 qua:
2064 5459 2236 5515 habes.
2270 5460 2321 5511 in
2364 5474 2535 5511 omnes
2564 5466 2808 5526 quotquot
2849 5455 2940 5506 tibi
2970 5463 3263 5529 occurrant,
3295 5458 3397 5508 sive
3424 5471 3506 5508 se-

1924 5522 2057 5596 ptem
2077 5530 2177 5581 sint
2196 5530 2298 5581 sive
2325 5537 2437 5579 octo
2461 5543 2477 5591 ;
2508 5522 2842 5596 quotcumque
2865 5532 2911 5573 et
2936 5522 3337 5593 quibuscumque
3362 5532 3505 5595 ροιε-

1925 5600 2019 5659 ris,
2053 5599 2357 5666 benefacito.
2391 5598 2515 5651 lituo
2544 5597 2661 5666 ille,
2686 5604 2739 5666 et
2766 5607 2885 5666 qua:
2914 5600 3231 5666 sequuntur.

2001 5679 2023 5707 ε
2046 5669 2100 5724 Itl
2132 5660 2234 5728 est,
2269 5682 2371 5718 non
2406 5677 2462 5720 ut
2486 5680 2607 5717 cum
2636 5663 2837 5718 .ltldzL'iS
2869 5660 3244 5732 convenirent,
3275 5678 3328 5721 et
3358 5680 3505 5721 com-

1931 5740 2265 5803 lnunicareut
2288 5738 2340 5793 in
2357 5735 2757 5807 celebratione,
2783 5743 2837 5791 et
2861 5733 3246 5809 superstitione
3270 5738 3499 5801 sabbati.
