4026 6212
438 180 470 196 1..

466 257 569 314 J51

1786 256 2068 316 JOANNIS
2104 258 2421 318 CASSIANI

3649 260 3768 321 152

469 376 668 434 dinarii
694 362 886 445 psalmi
922 374 1103 430 solent
1149 382 1203 429 et
1226 374 1519 444 subsequi:
1552 373 1649 429 sed
1684 377 2055 432 tantummodo
2078 392 2135 453 Α
2158 377 2293 434 chos
2322 376 2425 435 ista
2454 378 2700 447 refectio,
2724 392 2835 456 nec
2858 392 3050 436 omnes
3071 379 3141 435 ad
3174 390 3294 437 eam
3324 351 3622 436 convenire
3650 395 3761 437 co-

468 466 702 537 simplici
728 465 973 521 oratione
1004 466 1141 521 facta
1167 467 1433 522 accedunt
1459 466 1525 520 ad
1557 480 1794 532 omnem,
1820 481 2050 537 eamque

468 573 685 616 rursum
715 567 1105 629 consurgentes
1138 559 1205 613 ab
1253 560 1388 628 ipsa,
1421 559 1533 613 sola
1557 558 1805 615 oratione
1827 559 2051 615 conclu-

470 651 625 719 dunt,
655 649 800 721 quod
826 651 1035 708 scilicet
1075 651 1503 707 extraordinaria
1556 651 1627 707 sit
1674 652 1814 706 inter
1860 666 2051 706 mona-

2158 479 2377 540 gantur,
2408 471 2514 527 nisi
2544 482 2638 528 aut
2668 472 2943 543 peregrini
2965 473 3055 542 qui
3075 471 3493 543 supervenerint
3522 471 3755 539 fratres,

2159 573 2251 618 aut
2281 564 2336 618 hi
2371 579 2508 635 quos
2535 564 2824 623 infirmitas
2853 562 3128 636 corporis,
3163 572 3260 622 aut
3290 565 3511 637 propria
3557 565 3764 622 invitat

2161 654 2430 713 voluntas.

1536 764 1795 820 ALARDI
1832 762 2066 820 GAUEI
2104 764 2670 826 COMMENTARIUS.

472 858 753 915 monachis
778 857 1043 927 Egyptiis
1069 871 1231 927 agens
1256 872 1271 911 :
1302 855 1429 910 Post
1473 855 1654 909 lteram
1676 895 1691 919 ,
1721 853 1815 927 ait,
1870 869 2059 927 nonam

473 933 527 985 in
574 945 840 983 commune
854 924 1195 982 'c'oncurri'tur
1224 946 1243 981 :
1278 927 1458 995 psalmi
1490 936 1753 991 resonant,
1775 924 2063 992 Scriptum

472 1002 755 1055 recitantur
802 1015 867 1053 ea;
894 1014 1055 1063 more,
1078 1007 1125 1052 et
1153 999 1416 1069 completis
1446 996 1760 1050 orationibus
1784 1040 1797 1063 ,
1842 996 2064 1069 cunctis-

471 1086 572 1138 que
613 1070 969 1136 residentibus,
1018 1080 1123 1124 etc.
1171 1066 1365 1123 Dehinc
1413 1076 1726 1137 consurgunt
1774 1066 1996 1138 pariter,
2015 1074 2065 1119 et

474 1136 864 1211 lignmoaicto,
897 1144 964 1193 ad
991 1140 1505 1211 praesepiaredeunt,
1534 1136 1719 1211 idest,
1748 1136 1815 1191 ad
1839 1136 2064 1191 cellulas

472 1208 604 1267 suas
633 1209 804 1279 (Vide
836 1208 1024 1265 Euseb.
1056 1212 1146 1265 lib.
1180 1226 1216 1265 ll
1248 1209 1388 1264 Hist.
1420 1208 1627 1280 σ.10).
1658 1208 1946 1280 νετιιηιῄιιι
1972 1221 2062 1261 re-

471 1280 577 1337 bus
610 1278 767 1336 seriis
788 1283 992 1351 aliquid
1021 1282 1209 1336 ludicri
1242 1278 1636 1336 admisceamus
1659 1324 1673 1347 ,
1724 1289 1777 1334 et
1805 1278 2063 1351 spiritua-

471 1352 587 1408 lem
618 1348 998 1407 austeritatem
1028 1352 1255 1420 alicujus
1278 1352 1388 1421 joci
1419 1351 1685 1407 suavitate
1710 1348 2060 1421 gicondiamAus

474 1423 647 1495 (quod
675 1423 848 1506 δι’ῳοὶ
874 1417 1211 1506 carpamus»
1234 1417 1618 1505 vocant.Arist.
1634 1436 1685 1475 ιν
1701 1418 1871 1506 Ethlic.
1903 1435 1957 1506 c.

476 1492 806 1548 Succurrtmt
846 1492 975 1548 mihi
1022 1495 1121 1549 hac
1152 1494 1435 1549 occasione
1464 1508 1653 1548 versus
1684 1492 1903 1560 quidam
1936 1504 2064 1558 per-

478 1564 668 1632 lcpidi,
702 1574 755 1617 et
778 1566 1039 1618 memoria
1066 1565 1234 1633 digni,
1267 1579 1401 1635 quos
1432 1565 1483 1617 in
1508 1572 1729 1617 vetusto
1744 1560 1938 1635 codice
1961 1574 2065 1635 ms.

479 1629 570 1688 me
602 1635 799 1702 legisse
829 1629 1567 1703 memini,quibus'consueta
1590 1648 1790 1687 mensae
1814 1629 2061 1703 benedic-

480 1707 555 1757 tio
583 1714 637 1783 c_t
665 1705 961 1783 gratiarum
983 1702 1150 1783 aetio,
1172 1714 1293 1783 tam
1320 1706 1374 1783 in_
1402 1705 1591 1759 diebus
1638 1702 1847 1783 jejunii,
1875 1715 2063 1783 _quam

2164 858 2382 932 quidam
2410 857 2599 932 frater,
2629 860 2719 931 qui
2749 858 2887 916 forte
2905 858 3172 930 jejunium
3212 873 3324 916 non
3361 861 3621 932 amabat,
3654 874 3771 919 suo

2167 928 2328 983 modo
2354 928 2691 985 versiﬁcatus
2713 938 2829 985 est:

2294 1019 2620 1089 qonﬁteantur
2638 1036 2764 1083 amo,
2783 1025 2897 1089 quia
2923 1036 3112 1089 cannam
3136 1038 3348 1089 vespere
3367 1025 3541 1077 clamo.

2292 1083 2719 1150 Oditltemoriam,
2744 1083 2859 1149 quia
2878 1087 3006 1137 tollit
3028 1083 3243 1150 vesperé
3268 1100 3478 1138 ecetram.

2239 1168 2379 1237 Quia
2406 1170 2683 1237 nimirum,
2739 1185 2881 1241 cum_
2919 1187 3026 1225 non
3059 1170 3337 1241 jejunatur
3364 1212 3379 1238 ,
3433 1171 3772 1228 inchoantur

2168 1241 2353 1321 gratiae
2384 1241 2651 1323 versicqu
2682 1242 2773 1323 illo
2800 1258 2814 1298 :
2848 1239 3208 1323 conﬁteantur
3224 1243 3336 1307 tibi,
3366 1241 3609 1323 D_om_ine,
3649 1259 3774 1323 orn-

2166 1304 2259 1363 nia
2287 1326 2440 1383 opera
2465 1320 2572 1378 tua,
2599 1321 2702 1366 etc.
2734 1313 2866 1366 Cum
2893 1304 3186 1381 ieiunatur,
3218 1328 3249 1367 a
3276 1304 3546 1383 versiculo
3573 1304 3604 1365 ι’
3632 1304 3773 1383 ,Με-

2167 1382 2385 1453 moriam
2412 1382 2532 1450 fecit
2554 1383 2871 1436 mirabilium
2895 1399 3125 1453 suorum,
3174 1395 3279 1439 etc.
3306 1382 3599 1453 Utramque
3629 1398 3771 1440 vero

2169 1451 2609 1508 benedictionem
2656 1468 2818 1508 versu
2850 1452 3192 1510 claudicante
3219 1451 3536 1524 complexus
3558 1462 3645 1510 est
3672 1471 3685 1507 :

2291 1543 2376 1594 Bis
2393 1544 2656 1595 comedent
2683 1541 2825 1596 Oculi
2848 1554 2866 1593 :
2893 1548 3084 1593 tantum
3107 1542 3263 1594 semel
3287 1544 3479 1604 Edent;

2169 1628 2223 1683 id
2252 1637 2357 1693 est,
2388 1628 2443 1682 in
2474 1628 2666 1683 diebus
2690 1642 2794 1683 non
2818 1626 3034 1696 jejunii,
3065 1628 3356 1682 inchoatur
3385 1625 3698 1683 benedictio
3726 1640 3763 1680 ε

2175 1699 2448 1754 versiculo
2482 1717 2494 1753 :
2533 1698 2684 1753 Oculi
2725 1700 2955 1754 omnium
2980 1699 3033 1751 in
3060 1709 3107 1751 te
3128 1707 3355 1766 sperant,
3390 1696 3626 1760 Domine,
3648 1705 3772 1751 etc.

482 1788 592 1828 non
610 1761 823 1844 jejunii,
856 1789 919 1828 ex
953 1761 1237 1829 versiculis
1262 1761 2062 1844 psalmorum,quibusincho-
2091 1761 2139 1821 Β
2168 1769 2225 1824 ln
2257 1770 2452 1844 diebus
2476 1784 2609 1826 vero
2643 1770 2861 1844 jejunii,
2895 1761 3221 1844 aversiculo
3252 1766 3461 1844 :Edent
3481 1782 3773 1836 pauperes,

480 1843 934 1908 antur,distincte
946 1847 1323 1913 exprimuntur
1347 1855 1400 1901 et
1420 1843 1793 1917 designantur.
1808 1843 1899 1899 Sic
1920 1844 2067 1897 enim

2174 1849 2222 1895 et
2246 1840 2637 1906 saturabuntur,
2650 1838 2762 1896 etc.
2791 1841 2880 1895 Sic
2894 1840 2984 1895 ille
2998 1839 3207 1908 lepidus
3229 1838 3585 1895 versificator.

494 1935 3771 1965 ——-———.——_—_—————————————————-—————

1440 1984 1923 2095 LIBER
2012 1983 2806 2110 QUARTUS.

991 2257 1222 2315 CAPUT
1254 2256 1543 2314 PRIMUM.

559 2355 638 2409 De
666 2352 933 2410 canonico
965 2350 1126 2405 modo
1162 2350 1516 2419 psalmorum,
1554 2358 1718 2418 atque
1769 2349 2078 2405 orationum

484 2445 579 2515 qui
603 2446 798 2500 debeat
844 2444 897 2497 in
939 2442 1151 2496 diurnis
1177 2442 1569 2496 conventiculis
1598 2458 1694 2512 per
1746 2443 2077 2498 monasteria

486 2537 775 2602 custodiri,
800 2536 865 2590 ad
892 2545 917 2571 ιι
946 2535 1338 2590 institutionem
1370 2536 1510 2605 ejus,
1539 2536 1632 2605 qui
1655 2536 1930 2591 renuntiat
1952 2534 2080 2590 huic

485 2631 714 2700 mundo,
732 2630 1056 2686 narrationis
1074 2644 1173 2685 nos
1201 2629 1391 2685 ordine
1412 2639 1748 2700 provocante
1761 2628 2077 2685 transimus:

485 2723 835 2780 conditiones
859 2727 912 2777 in
937 2724 1151 2792 primis,
1183 2723 1382 2792 quibus
1422 2722 1500 2789 hi,
1553 2723 1644 2792 qui
1689 2721 1755 2775 ad
1794 2721 2103 2785 Dominum

487 2817 733 2873 converti
762 2817 1005 2886 cupiunt,
1060 2815 1393 2886 recipiantur
1448 2815 1502 2870 in
1561 2814 1849 2879 coenobiis,
1902 2814 2075 2881 brevi,

489 2918 751 2979 quantum
782 2922 1091 2977 possumus,
1123 2908 1405 2964 studentes
1458 2922 1710 2964 sermone
1740 2905 2072 2976 complecti;

488 3001 736 3071 quaedam
759 3002 969 3057 scilicet
994 3001 1061 3057 de
1096 2999 1498 3073 Egyptiorum,
1535 3002 1781 3073 quaedam
1822 3000 1891 3056 de
1920 2998 1947 3038 ιι
1974 2999 2080 3055 Ta-

1594 2127 1680 2180 DE
1711 2125 2071 2180 lNSTlTUTlS
2104 2124 2652 2178 BENUNTIANTIUM.

2179 2260 2285 2314 sub
2313 2272 2420 2313 uno
2467 2257 2664 2314 abbate
2689 2264 2953 2327 reguntur
2978 2298 2993 2325 ,
3053 2262 3307 2326 tantaque
3344 2254 3408 2310 ﬁt
3452 2252 3774 2311 obedientia

2182 2351 2271 2407 hic
2299 2360 2407 2407 tam
2437 2352 2675 2421 prolixus
2705 2350 3090 2407 Monachorum
3142 2364 3403 2406 numerus
3449 2350 3597 2405 omni
3646 2364 3774 2405 aevo

2181 2444 2384 2500 seniori
2415 2458 2515 2500 suo
2564 2443 2835 2510 subditus,
2867 2453 3065 2514 quanta
3098 2458 3208 2499 non
3256 2450 3430 2513 potest
3485 2442 3625 2512 apud
3667 2458 3775 2499 nos

2183 2554 2322 2596 unus
2344 2538 2436 2594 uni
2479 2538 2568 2596 vel
2591 2538 2813 2596 obedire
2844 2552 2942 2609 pro
2966 2536 3179 2594 modico
3209 2544 3481 2608 tempore,
3503 2536 3595 2593 vel
3623 2551 3775 2608 pra:-

2184 2648 2329 2693 esse.

2806 2747 3034 2806 CAPUT
3073 2747 3140 2804 ll.

2259 2865 2411 2935 Quod
2435 2865 2504 2921 ad
2543 2862 2779 2920 ultimam
2816 2879 2974 2934 usque
2998 2870 3305 2917 senectutem
3342 2861 3482 2933 apud
3514 2876 3597 2916 eos
3639 2862 3694 2916 in

2662 2934 2899 2992 coenobiis
2949 2943 3285 3006 perseverent.

488 3095 972 3150 bennensiotarum
1002 3096 1202 3166 regulis
1226 3096 1553 3161 admiscens,
1589 3110 1820 3164 quorum
1853 3093 1907 3149 in
1928 3093 2075 3149 The-

2255 3078 2495 3146 Quorum
2519 3085 2629 3131 tam
2657 3075 2813 3144 longa
2843 3072 3247 3144 perseverantia
3267 3112 3282 3139 ,
3309 3080 3363 3128 et
3388 3070 3661 3127 humilitas
3687 3081 3776 3126 at.

488 3188 651 3244 baide
699 3198 783 3243 est
821 3189 1126 3245 coenobium
1163 3229 1177 3253 ,
1231 3197 1435 3257 quanto
1491 3203 1716 3243 numero
1762 3186 2077 3258 populusius

490 3281 728 3348 cunctis,
752 3290 899 3336 tanto
933 3282 1358 3336 conversationis
1398 3281 1580 3350 rigore
1620 3280 1938 3335 districtius.
1981 3278 2070 3334 Si-

489 3374 713 3445 quidem
756 3376 811 3430 in
853 3389 920 3431 eo
950 3373 1237 3444 plusquam
1297 3384 1319 3412 ο
1348 3373 1588 3444 quinque
1641 3372 1806 3427 millia
1856 3368 2086 3427 fratrum

2184 3186 2295 3245 que
2331 3169 2601 3241 subjectio
2651 3164 3108 3236 quemadmodum
3141 3174 3249 3219 tam
3288 3163 3542 3219 diuturna
3570 3164 3775 3233 perdu~

2185 3276 2291 3333 ret,
2334 3279 2507 3335 quave
2535 3262 2876 3318 institutione
2917 3259 3182 3314 formetur
3206 3300 3220 3324 ,
3253 3272 3349 3328 per
3388 3273 3544 3327 quam
3598 3272 3778 3327 usque

2188 3359 2297 3418 adt1
2320 3362 2594 3415 incurvam
2621 3362 2894 3411 senectam
2922 3352 2977 3409 in
2997 3351 3247 3410 ctenobio
3274 3351 3779 3423 perseverent,0pi-

1539 3465 1796 3522 suam
1834 3464 2065 3522 eam
2101 3436 2669 3519 COMMENTARIUS.

620 3561 909 3617 Rationem
939 3560 1214 3615 insinuare
1254 3558 1489 3622 videtur,
1520 3572 1618 3612 cur
1648 3556 1773 3610 huic
1824 3556 1961 3611 libro
1991 3568 2085 3625 pe-

489 3632 750 3691 culiarem
783 3636 924 3687 hunc
972 3631 1182 3685 titulum
1214 3628 1405 3684 fecerit
1434 3647 1447 3680 :
1483 3627 1559 3683 De
1586 3628 1830 3682 institutis
1874 3627 2087 3681 Renun-

493 3706 738 3760 tiantium
769 3720 785 3757 :
815 3701 1071 3774 quodliic
1095 3699 1439 3774 peculiariter
1478 3709 1698 3774 acturus
1722 3698 1792 3752 sit
1830 3697 2086 3774 de_in_s_ti-

489 3777 640 3833 tione
668 3768 857 3832 eorum
892 3773 982 3845 qui
1022 3768 1244 3845 sreculo‘
1274 3772 1680 3845 renuntiabant,
1708 3778 1764 3825 et
1789 3768 1931 3838 apud
1962 3768 2084 3822 illos

494 3847 683 3901 Patres
712 3842 949 3916 legitime
975 3843 1207 3916 probati
1224 3842 1704 3916 inrmonachorum
1746 3852 2002 3916 ςιιιπιιιιιῐι,⁸
2030 3846 2086 3894 et

490 3919 739 3971 ordinem
764 3910 1190 3983 recipiebantur,
1222 3914 1409 3968 habitu
1434 3923 1724 3982 suscepto,
1775 3922 1829 3967 et
1870 3910 2087 3983 proles:

493 3991 650 4042 sione
681 3980 1003 4047 monastica,
1033 3986 1150 4037 sive
1199 3999 1467 4050 expressa
1490 4024 1506 4049 ,
1540 3980 1652 4037 sive
1705 3984 1860 4035 tacita
1889 3998 1904 4036 :
1936 3980 2083 4049 quod

491 4058 617 4111 aliis
646 4055 831 4108 verbis
860 4054 996 4107 dixit
1023 4054 1085 4106 D.
1124 4054 1459 4121 Benedictus
1486 4092 1499 4113 ,
1545 4052 1621 4121 De
1644 4052 1942 4121 disciplina
1971 4068 2088 4105 sus-

491 4127 844 4198 cipiendorum
868 4125 1092 4192 fratrum
1117 4122 1136 4193 (
1158 4121 1289 4198 βαρ.
1322 4123 1391 4175 58
1422 4120 1612 4191 chul.
1642 4120 1683 4188 ).
1718 4119 1872 4198 Unde
1898 4131 1954 4198 et
1976 4122 2090 4189 ipsa

495 4192 770 4266 professio
794 4196 927 4250 alias
955 4192 1292 4266 renuntiatio
1327 4200 1697 4266 nuncupatur,
1728 4201 1782 4245 et
1834 4192 1935 4261 ipsi
1965 4207 2089 4266 pro-

493 4261 735 4328 ﬁtentes,
778 4266 1154 4321 renuntiantes
1202 4262 1547 4327 dicebantur,
1596 4261 1732 4315 alias
1784 4262 2087 4317 conversi:

495 4348 550 4394 et
578 4340 643 4393 ad
670 4338 836 4390 Deum
866 4334 1140 4399 converti,
1168 4334 1309 4388 idem
1342 4332 1485 4402 quod
1514 4332 1832 4402 religionem
1859 4332 2087 4402 ingredi,

2199 3547 2418 3609 abbate,
2446 3552 2508 3599 ut
2555 3542 2642 3595 hic
2689 3546 2957 3594 memorat
2979 3536 3286 3609 Cassianus.
3318 3536 3449 3609 Nam
3482 3536 3541 3609 S.
3566 3533 3779 3609 {acho-

2192 3620 2334 3674 mius
2360 3604 2514 3686 plura
2546 3611 2878 3686 monasteria
2898 3608 3139 3686 condidit
3159 3616 3213 3686 et
3240 3608 3468 3686 instituit
3486 3608 3547 3686 in
3563 3604 3778 3686 {Egyp-

2193 3700 2249 3745 to
2287 3700 2343 3744 et
2364 3677 2668 3742 Thebaide.
2711 3681 2779 3737 At
2809 3680 2863 3734 in
2891 3680 3140 3735 ctenobio
3161 3678 3499 3734 'l'ahenuensi
3528 3677 3637 3748 (de
3662 3691 3778 3746 quo

2191 3760 2281 3817 hic
2310 3760 2542 3830 agitur),
2566 3755 2652 3809 cui
2682 3752 2745 3830 S._
2769 3752 3089 3807 Pachomius
3122 3749 3446 3830 praesidebat
3473 3790 3487 3814 ,
3518 3749 3778 3830 quodque

2192 3840 2309 3888 erat
2334 3817 2577 3885 omnium
2601 3826 2923 3887 maximum,
2947 3829 3003 3877 et
3020 3817 3182 3890 caput
3206 3830 3524 3892 creterorum
3550 3820 3632 3892 (ut
3658 3817 3780 3874 dic-

2194 3912 2306 3958 tum
2333 3900 2464 3971 est),
2485 3913 2551 3953 ex
2576 3911 2684 3966 quo
2703 3896 2873 3971 etiam
2901 3906 3031 3947 suos
3049 3892 3331 3971 praefectos
3353 3900 3407 3945 et
3435 3890 3657 3971 abbates
3680 3902 3778 3943 ac~

2194 3962 2482 4045 cipiebant,
2528 3962 2633 4022 non
2668 3967 2850 4045 plures
2881 3962 3235 4045 quaminille
3252 3962 3481 4045 trecenti
3512 3969 3603 4042 aut
3634 3974 3777 4029 qua-

2195 4032 2477 4113 dringenti
2497 4032 2749 4113 monachi
2762 4037 2872 4113 sub
2900 4035 3091 4090 eodem
3115 4032 3407 4089 Pachomio
3425 4032 3625 4113 vixisse
3652 4044 3776 4113 tne:

2197 4101 2498 4172 morantur.
2519 4110 2619 4175 Qui
2650 4108 2867 4177 quidem
2884 4119 3143 4177 numerus
3163 4120 3231 4160 ex
3250 4106 3564 4177 praescripto
3589 4101 3776 4177 angeli

2194 4171 2283 4252 qui
2315 4171 2574 4252 Regulam
2604 4171 2968 4252 'mbnasticam
3025 4174 3197 4228 eidem
3231 4171 3558 4252 dictaverat,
3604 4171 3775 4252 in

2193 4241 2426 4319 classes:
2448 4252 2563 4304 sive
2584 4248 2824 4319 ordines,
2849 4246 2995 4319 justa
3029 4259 3314 4319 numerum
3348 4245 3655 4319 Graecarum
3677 4241 3776 4319 lit-

2191 4313 2459 4390 terarum,
2493 4322 2566 4375 ita
2596 4327 2730 4390 erat,
2761 4313 3117 4390 distributus;
3162 4324 3222 4390 ut
3269 4316 3496 4386 singula:
3522 4313 3775 4390 singulis

492 4386 1419 4478 aut—profiteri:‘Uude’lit’ulusfin
1463 4386 1593 4458 iure
1617 4386 1963 4478 ‘Canonico?
2007 4386 2087 4478 De
2111 4410 2162 4471 υ
2194 4397 2396 4478 litteris
2425 4386 2525 4448 suo
2556 4388 2857 4478 ingenio-eet
2887 4386 3776 4478 conditioniaccommpdatisvp-

495 4474 826 4535 conuersione
851 4479 1268 4547 conjugatorum,
1294 4475 1346 4530 id
1374 4476 1747 4547 estutransitu
1770 4475 1839 4547 ad
1870 4474 2085 4547 religio-

490 4567 617 4606 nem
650 4549 804 4622 (Lib.
837 4565 893 4604 ιιι
919 4544 1297 4622 Decretalium,
1324 4547 1406 4622 tit.
1449 4544 1517 4600 5‘2
1543 4544 1583 4616 ).
1631 4547 1694 4622 Et
1726 4546 1787 4599 Ι).
1822 4546 2084 4622 Benedic-

491 4634 579 4676 tus
613 4640 624 4675 :
659 4615 899 4675 'Noviter
950 4621 1067 4685 quis
1096 4620 1300 4672 veniens
1336 4617 1406 4670 ad
1455 4617 1859 4682 conversionem,
1894 4615 1944 4669 id
1996 4624 2083 4671 est

491 4694 783 4773 ad‘statum
815 4693 1114 4773 religionis.

566 4765 593 4801 ι’
639 4764 895 4818 Tabenna
923 4757 1177 4815 insulain
1214 4760 1334 4815 Nilo
1358 4758 1598 4823 ﬂumine,
1639 4758 1691 4812 in
1737 4772 1838 4823 qua
1869 4757 1929 4812 S.
1978 4757 2084 4811 Pa-

488 4836 740 4890 chomius
783 4833 997 4902 insigne
1047 4829 1738 4902 monasteriumgcondidit,
1773 4829 1913 4902 quod
1945 4827 2077 4882 relic

488 4908 612 4974 quis
641 4906 757 4974 ejus
787 4900 1015 4958 instituti
1047 4910 1231 4971 caput,
1266 4909 1320 4955 et
1373 4900 1545 4974 veluti
1590 4900 2075 4974 metropolis-crat,

490 4967 552 5031 ut
608 4967 871 5031 testantur
919 4967 1190 5027 Palladius
1219 4967 1222 4969 ⁷
1251 4980 1306 5024 et
1355 4973 1691 5024 Sozomenus
1736 4970 1755 5041 (
1801 4967 2077 5041 Palladius

488 5048 650 5102 Laus.
683 5064 729 5099 c.
756 5046 843 5101 '58.
887 5044 993 5099 Vit.
1031 5043 1298 5096 Pachumii
1326 5058 1344 5106 ;
1368 5042 1642 5096 Sozomen.
1677 5037 1766 5094 lib".
1799 5055 1854 5093 ut
1886 5055 1932 5091 ο.
1960 5037 2072 5107 15).
2103 5076 2111 5085 .

488 5120 571 5172 Ab
598 5134 661 5174 ea
685 5115 958 5177 monachi,
989 5116 1077 5185 qui
1103 5113 1379 5169 Pachomii
1410 5113 1659 5185 instituta
1685 5111 2073 5180 sequebantur.
2094 5132 2109 5136 -

488 5190 942 5244 Tabcnnensiotee
970 5183 1432 5240 etTabennenses
1477 5183 1610 5238 dicti
1638 5191 1786 5249 sunt,
1843 5195 2073 5250 quorum

490 5261 707 5314 vivendi
737 5261 901 5315 ritum
927 5257 1279 5327 institutaque
1328 5255 1640 5327 summatim
1694 5252 2070 5327 d_esc_ribit_D.

488 5329 850 5402 llicronymus
900 5322 1327 5402 praefatioaeuin
1375 5326 1643 5402 [tegulam
1685 5324 1936 5402 ejusdem
1974 5322 2076 5376 Pa-

490 5393 887 5470 chomiilquam
902 5393 1093 5455 Latine
1116 5396 1370 5463 reddidit,
1395 5410 1553 5465 quam
1573 5395 1737 5448 etiam
1768 5393 1833 5447 ad
1857 5394 2063 5449 calcem

488 5470 646 5538 hujus
669 5474 849 5539 operis
876 5472 1246 5540 subjiciemus.

566 5533 585 5577 δ
622 5533 840 5609 Septem
873 5533 1039 5596 millia
1079 5540 1469 5596 monachorum
1512 5537 1609 5591 sub
1653 5534 1852 5606 Regula
1888 5533 1944 5590 S.
1971 5533 2071 5609 Pa-

490 5606 820 5681 cltomii'uno
858 5614 1157 5681 eodemque
1200 5622 1441 5675 tempore
1483 5610 1979 5681 vixissc‘teslantur
2004 5606 2067 5663 ί).

490 5679 1261 5753 llicrouymus,_Sozomenus,
1296 5681 1647 5751 Nicephorus,
1702 5679 1971 5753 Palladius
2010 5685 2066 5737 ct

2189 4474 2459 4529 carentur,
2484 4457 2635 4517 verbi
2664 4460 2856 4529 gratia,
2884 4458 3246 4529 simpliciores
3270 4467 3325 4515 et
3363 4457 3720 4514 modestiores
3751 4477 3772 4512 ι

2187 4548 2241 4593 et
2272 4560 2319 4601 ο,
2352 4535 2487 4589 vafri
2518 4543 2572 4589 et
2602 4531 2809 4601 dyscoli
2840 4530 3172 4596 t;etl§,etalii
3201 4530 3429 4585 aliarum
3471 4530 3773 4601 litterarum

2186 4598 2496 4664 nominibus
2507 4598 2927 4673 appellarentur,
2944 4602 3375 4673 proutcujusque
3388 4602 3584 4656 litterae
3596 4598 3776 4673 forma

2185 4681 2450 4735 rationem
2476 4670 2600 4729 vita}
2616 4688 2679 4728 ac
2699 4686 2882 4728 mores
2903 4670 3163 4743 cujusque
3178 4670 3380 4729 ‘classis
3410 4681 3534 4742 apte
3560 4670 3775 4724 videre-

2186 4761 2271 4806 tur
2314 4748 2617 4819 exprimere
2658 4760 2672 4801 :
2706 4744 2829 4799 solis
2853 4744 3225 4819 spiritualibus
3243 4744 3775 4819 _intelli_gentibus_ea

2183 4838 2299 4891 qua
2320 4812 2752 4891 signiﬁcabantur
2773 4856 2787 4881 ,
2816 4816 2896 4891 ait
2916 4815 3205 4891 Palladius.
3242 4814 3477 4891 Proinde
3501 4813 3647 4891 quod
3679 4812 3778 4867 hic

2183 4880 2250 4948 de
2276 4880 2545 4964 quinque
2572 4880 2810 4964 millibus
2837 4887 3061 4964 fratrum
3090 4887 3142 4940 in
3165 4898 3281 4964 uno
3311 4883 3404 4937 illo
3431 4880 3681 4964 cten'obio
3714 4890 3777 4937 et

2182 4950 2442 5018 sub'uno'
2461 4960 2657 5015 abbate
2688 4958 2985 5013 viventium
3010 4956 3289 5017 asseritur,
3323 4967 3430 5005 non
3457 4950 3523 5004 ad
3547 4950 3773 5006 Pacho-

2184 5036 2301 5095 mii,
2334 5034 2427 5088 sed
2460 5030 2528 5083 ad
2558 5031 2854 5099 posteriora
2886 5037 3124 5099 tempora
3148 5021 3767 5099 referendum_videtur°

2181 5092 2375 5175 quibus
2398 5092 2656 5157 credibile
2694 5110 2784 5175 est
2812 5092 3419 5175 monac'horumftetutu
3448 5092 3516 5147 ad
3547 5100 3769 5175 tantum

2180 5163 2462 5229 titinierum
2491 5173 2821 5226 excrevisse.
2845 5167 2975 5222 Nam
2997 5174 3049 5220 et
3074 5164 3140 5219 Ι).
3174 5163 3540 5236 Hieronymus
3560 5164 3773 5236 ineui-

2181 5247 2315 5299 stola
2348 5245 2415 5299 ad
2463 5242 2818 5297 Eustochium
2855 5237 3054 5291 scribit
3098 5237 3153 5289 in
3197 5233 3399 5290 eodem
3420 5237 3536 5292 loco
3570 5233 3774 5291 Nitriae

2179 5313 2396 5372 circiter
2453 5314 2690 5385 quinque
2755 5308 2917 5367 millia
2981 5305 3170 5365 divisis
3214 5307 3423 5365 cellulis
3480 5305 3771 5363 habitasse

2177 5388 2373 5459 (Epist.
2396 5386 2485 5453 ea,
2510 5385 2695 5451 αα).
2988 5448 3003 5459 _
3121 5450 3133 5459 ,
3474 5450 3489 5459 ,
3540 5393 3545 5397 ‘

2249 5448 2277 5495 ει
2305 5448 2524 5513 Incurva
2572 5448 2822 5510 senectus
2846 5465 2966 5521 quas
2988 5448 3238 5506 homines
3268 5450 3446 5507 reddit
3474 5450 3767 5521 incurvos,

2176 5537 2232 5586 et
2252 5531 2575 5590 silicernios,
2602 5527 2681 5580 sic
2707 5519 2882 5579 dictos
2903 5522 3047 5593 quod
3071 5524 3292 5578 incurvo
3312 5536 3541 5593 corpore
3561 5519 3770 5584 silices,

2176 5603 2230 5656 id
2260 5612 2364 5663 est,
2398 5601 2616 5654 humum
2632 5604 2875 5652 cernant.
2904 5594 2979 5649 De
2996 5597 3099 5651 hac
3122 5608 3283 5664 porro
3306 5603 3548 5649 veterum
3573 5602 3774 5644 mona-

2173 5673 2399 5732 chorum
2457 5681 2511 5725 et
2557 5666 3394 5752 anaclioretarumlAlongzelvitate
3436 5674 3491 5719 et
3518 5672 3773 5752 extrema

489 5749 605 5819 allio
633 5733 718 5816 Μ’
743 5733 940 5813 sonis
966 5733 1444 5825 ning'éaaémqu'e'
1459 5733 1728 5824 coenobio,
1748 5733 1811 5812 et
1829 5733 1930 5814 sub
1962 5733 2069 5815 uno
2171 5753 2450 5834 senectute
2470 5755 2690 5821 agemus
2704 5739 2823 5819 alio
2846 5738 2966 5801 loco
2999 5736 3102 5815 (Ad
3123 5733 3339 5816 Cottas,
3367 5750 3484 5811 cap.
3514 5733 3589 5809 1),

2030 5851 2129 5863 ⁵-⁸,-

2752 5852 2775 5859 η,
2790 5845 2966 5860 νοοοο-φο

3810 421 3850 452 ,ι
