4036 6218
202 322 306 387 153

598 323 693 381 DE
730 322 1211 383 C(ENOBIORUM
1250 323 1493 382 INSTIT.
1533 324 1671 381 LIB.
1714 322 1805 380 IV.
1835 321 2015 379 -DE
2054 320 2441 381 lNSTl'IUTlS
2479 318 3073 379 RENUNTIANTIUM.

3369 319 3485 385 εει

205 473 305 517 nor
360 472 463 515 nos
502 466 625 515 ante
674 460 850 515 omnia
898 460 1100 516 debere
1150 460 1531 531 perstringere.
1577 458 1775 515 'Tant:

1898 435 2085 493 blimia
2128 433 2480 505 perfectionis
2508 434 2721 507 fastigia
2752 435 2942 492 talium
2988 434 3264 493 initiorum
3292 427 3483 497 futuis?-

208 565 446 621 namque
470 560 573 620 est,
590 562 840 623 quantam
860 552 1137 608 neminem
1164 552 1215 606 in
1233 550 1574 609 monasteriis
1593 553 1794 609 nostris

212 645 523 714 ingressum
545 660 607 701 ne
629 660 769 700 anno
798 645 1017 717 quidem
1042 645 1255 716 integro
1282 644 1521 701 tenuisse
1546 645 1795 700 memini-

216 750 341 791 mus
364 777 382 803 ,
403 745 461 794 ut
484 751 597 793 cum
617 737 1032 793 renuntiationis
1056 751 1247 792 eorum
1279 737 1572 808 primordia
1595 737 1793 793 videri-

218 843 369 898 mus,
401 844 725 901 consequens
754 829 923 889 fuisse
967 830 1357 902 intelligamus,
1392 838 1451 884 ut
1475 831 1528 886 in
1560 839 1666 886 tam
1698 848 1793 888 su-

286 1077 313 1107 ι
337 1067 650 1139 Ambiguum
676 1069 850 1126 videri
876 1076 1178 1139 potestque
1194 1067 1387 1139 referri
1411 1067 1648 1125 debeant
1678 1069 1779 1126 ista

207 1140 395 1212 verba;
429 1134 518 1194 an'
540 1142 604 1195 ad
644 1134 1128 1212 perseverantiam,
1162 1134 1545 1212 humilitatem,
1572 1150 1626 1195 et
1648 1139 1782 1197 sub-

204 1208 518 1279 jectionem,
548 1213 613 1267 de
646 1208 852 1282 quibus
900 1226 1101 1280 supra:
1136 1226 1204 1266 an
1252 1209 1318 1264 ad
1376 1211 1777 1268 institutionem

204 1282 323 1355 sive
344 1296 593 1349 examen,
623 1284 687 1337 de
712 1300 821 1355 quo
849 1282 961 1353 agit
988 1297 1110 1352 cap.
1138 1282 1401 1355 sequenti,
1428 1282 1585 1351 cujus
1615 1284 1777 1355 etiam

202 1351 363 1421 paulo
399 1363 527 1410 ante
569 1351 848 1410 meminit:
883 1351 940 1408 ut
983 1351 1172 1409 sensus
1218 1351 1310 1417 Sit,
1355 1363 1562 1407 tantum
1614 1353 1780 1411 fuisse

200 1437 450 1494 examen,
485 1435 541 1479 et
570 1427 962 1494 probationem,
1005 1440 1126 1491 qua:
1161 1423 1325 1479 fiebat
1356 1422 1481 1494 ipso
1532 1425 1779 1493 ingressu

202 1492 336 1562 apud
366 1494 489 1551 illos
506 1492 918 1562 Tabennenses,
938 1495 1193 1551 utsimile
1210 1508 1315 1565 non
1349 1492 1512 1549 fuerit
1528 1492 1776 1565 examen,

200 1580 292 1619 seu
320 1567 660 1634 probatio,et
686 1568 949 1623 institutio
970 1565 1098 1620 anni
1122 1564 1315 1632 integri
1345 1566 1395 1618 in
1433 1569 1773 1622 monasteriis

199 1636 466 1692 Cassiani.
503 1639 577 1691 At
605 1640 753 1706 prior
795 1638 1108 1694 intellectus
1128 1636 1511 1706 etlpromptior
1545 1647 1597 1692 et
1628 1652 1781 1692 com-

200 1707 420 1763 modior
449 1705 679 1778 apparet
704 1728 717 1764 :
745 1712 861 1765 vult
890 1709 1038 1764 enim
1067 1705 1364 1777 significare
1394 1716 1588 1762 tantam
1617 1707 1781 1766 fuisse

200 1778 428 1849 illorum
481 1779 873 1849 constantiam,
906 1778 1253 1833 humilitatem
1280 1784 1379 1849 ,et
1417 1778 1780 1836 obedientiam

202 1848 290 1901 vel
324 1849 548 1918 abipsis
580 1851 854 1915 tirociniis,
888 1866 981 1906 seu
1006 1851 1172 1918 prima
1200 1848 1535 1904 institutione
1558 1890 1574 1913 ,
1599 1862 1654 1905 et
1676 1867 1779 1907 no-

202 1919 421 1984 vitiatu;
451 1930 508 1975 ut
531 1921 722 1975 mirum
754 1938 857 1976 non
878 1922 947 1976 sit
977 1934 1068 1975 eos
1096 1919 1161 1973 ad
1187 1934 1452 1973 summam
1482 1921 1777 1989 perfectio-

1904 536 2085 585 menta
2113 536 2526 599 consurgerent.

2512 598 2738 656 CAPUT
2776 600 2865 656 lll.

1973 690 2087 757 Quo
2112 690 2346 745 examine
2383 692 2645 815 probetizr,
2674 692 2837 815 qui'in
2866 694 3092 749 coenobio
3123 688 3409 765 suscipien-

2612 779 2673 815 us
2705 780 2755 815 68
2782 803 2797 815 .

2612 779 2673 816 us
2705 779 2797 817 εει.

1967 834 2133 906 Igitur
2158 832 2187 873 δ
2210 833 2455 890 ambiens
2500 834 2623 905 quis
2653 834 2791 889 intra
2820 835 3058 893 emnobii
3101 836 3270 909 recipi
3314 836 3481 895 disci-

149 938 195 1008 :Lf
1262 946 1525 1005 ALAltDl
1564 947 1775 1005 GAZIEI

1880 946 2401 1008 DMMENTARIUS.

1884 1069 2104 1139 quidem
2132 1069 2371 1125 instituti
2395 1069 2681 1141 vestigium
2702 1070 2905 1138 pressit
2923 1070 2985 1124 D.
3002 1070 3326 1127 Benedictus
3348 1073 3477 1129 dunt

1887 1150 1998 1196 tres
2026 1141 2230 1211 gradus
2271 1141 2610 1209 probationis
2644 1141 2912 1208 instituit,
2945 1150 3004 1197 ut
3050 1143 3259 1197 notavit
3279 1143 3478 1199 Turre-

1885 1210 2203 1267 crematus:
2235 1213 2465 1277 Quorum
2506 1210 2703 1281 primus
2731 1253 2745 1276 ,
2782 1213 2985 1282 inquit,
3039 1222 3111 1267 est
3159 1214 3228 1266 ad
3272 1224 3473 1283 portam

1885 1284 2219 1350 monasterii,
2251 1292 2495 1353 quatuor,
2522 1292 2609 1337 aut
2636 1285 2858 1353 quinque
2884 1284 3098 1349 diebus;
3120 1287 3371 1338 secundus
3398 1293 3473 1339 est

1883 1353 1937 1406 in
1971 1353 2102 1425 cella
2139 1355 2435 1425 hospitum,
2468 1354 2668 1408 duobus
2704 1355 2993 1420 mensibus;
3037 1356 3215 1409 tertius
3244 1355 3297 1408 in
3338 1355 3471 1409 cella

1884 1424 2431 1491 novitiorum,'decem
2480 1425 2753 1479 mensibus.
2797 1426 3107 1481 Secundum
3156 1425 3469 1482 institutum

1885 1494 1987 1549 fuit
2014 1496 2216 1551 veteris
2245 1497 2554 1551 vestimenti
2587 1495 2930 1565 etspoliatio,
2954 1505 3009 1552 et
3038 1496 3164 1551 novi
3189 1497 3464 1552 inductio:

1885 1565 1955 1637 de
2006 1581 2116 1636 quo
2143 1565 2440 1621 Cassianus
2470 1583 2589 1637 cap.
2634 1566 2696 1631 5,
2748 1566 3096 1637 Pacltomius,
3150 1567 3382 1622 Basilius
3419 1576 3474 1623 et

1882 1635 2245 1703 Benedictus,
2268 1637 2355 1692 ubi
2378 1635 2561 1708 supra.
2576 1638 2677 1706 Qui
2695 1638 2829 1693 ritus
2852 1635 3281 1708 antiquiSsimus,
3313 1646 3368 1693 et
3395 1638 3465 1694 ab

1884 1708 2251 1778 apostolorum
2286 1709 2572 1764 traditione
2617 1717 2909 1778 receptus,
2958 1717 3018 1764 ut
3057 1708 3193 1764 infra
3235 1710 3469 1764 dicetur.

1884 1776 2013 1834 Inde
2043 1793 2179 1851 vero
2217 1794 2335 1834 mos
2351 1780 2597 1851 obtinuit
2618 1820 2633 1844 ,
2674 1776 2943 1835 ut'novitii
2977 1780 3216 1851 habitum
3250 1781 3467 1851 religio-

1881 1862 2000 1903 sum
2022 1849 2272 1905 deterant
2291 1892 2306 1917 ,
2332 1849 2645 1905 distinctum
2674 1860 2852 1905 tamen
2884 1851 2951 1905 ab
2973 1850 3157 1905 habitu
3188 1849 3470 1920 professo-

1884 1934 2023 1973 rum.
2057 1920 2329 1985 Tertium,
2360 1930 2418 1975 ut
2445 1922 2649 1977 novitio
2686 1922 2821 1975 nihil
2850 1922 3072 1977 omnino
3112 1923 3376 1977 bonorum
3406 1921 3463 1976 in

201 2004 333 2062 nem
363 1992 415 2045 in
444 1999 681 2046 extrema
708 2001 979 2047 senectute
1000 1989 1311 2061 pervenisse
1346 2008 1358 2043 :
1388 1991 1533 2061 quod
1560 2006 1630 2049 ex
1657 2009 1777 2049 ver-
1809 1989 1856 2051 Β
1884 1993 2274 2047 monasterium
2304 1992 2506 2047 inferre
2536 1994 2755 2053 liceret,
2791 2008 2858 2047 ne
2886 1994 3140 2057 pecunias
3160 1993 3377 2062 quidem
3411 1993 3465 2046 in

206 2060 298 2133 bis
325 2062 675 2133 sequentibus
699 2064 984 2133 colligitur.

266 2130 902 2205 {Hanclrinsiitutionem
939 2133 1008 2205 de
1048 2131 1340 2205 probandis
1391 2140 1447 2187 et
1490 2133 1782 2205 diligenter

194 2202 569 2273 explorandis,
603 2219 706 2261 nec
730 2205 906 2259 subite
933 2202 1282 2258 admittendis
1309 2203 1373 2257 iis
1407 2206 1497 2273 qui
1522 2202 1775 2264 monachi

194 2272 312 2345 fleri
342 2273 574 2338 vellent,
608 2275 666 2330 S.
687 2275 1009 2331 Pachomius
1038 2273 1109 2329 ab
1137 2274 1330 2345 angelo
1361 2272 1582 2345 Regula:
1610 2278 1780 2345 ipsius

197 2342 462 2415 dictatore
500 2346 711 2415 accepit
736 2389 750 2409 ,
780 2361 1007 2413 eamque
1032 2342 1777 2415 suisl'l‘abennensiotis'tra-

193 2413 348 2488 didit.
384 2414 475 2470 Sic
502 2413 651 2470 enim
682 2417 840 2473 habet
862 2416 1124 2488 articulus
1143 2414 1215 2488 26
1247 2416 1492 2483 ejusdem
1533 2417 1774 2488 Regulae,

194 2485 495 2560 interprete
521 2488 591 2542 D.
618 2488 970 2560 Hieronymo:
992 2487 1053 2543 Si
1074 2487 1188 2560 quis
1209 2487 1479 2560 accesserit
1499 2489 1568 2541 ad
1590 2485 1779 2543 ostium

192 2559 489 2613 monasterii
513 2559 693 2613 volens
717 2557 906 2614 saeculo
948 2557 1266 2623 renuntiare,
1295 2566 1345 2610 et
1385 2557 1609 2625 fratrum
1657 2577 1779 2614 con-

191 2629 392 2697 gregari
416 2646 670 2696 numero,
704 2648 807 2685 non
829 2629 1028 2684 habebit
1056 2628 1293 2681 intrandi
1323 2636 1663 2697 potestatem;
1684 2632 1777 2686 sed

188 2702 325 2773 prius
348 2702 687 2755 nuntiabitur
718 2701 865 2755 Patri
914 2700 1249 2773 monasterii,
1273 2708 1322 2752 et
1357 2702 1578 2773 manebit
1599 2704 1777 2773 paucis

191 2771 358 2843 diebus
376 2774 509 2843 foris
528 2782 659 2826 ante
669 2773 925 2843 jauuam;
949 2770 1576 2843 etdocebiturorationem
1599 2770 1778 2827 Domi-

191 2842 350 2895 nicam
374 2840 422 2896 et
452 2840 962 2914 Psalmos,quantos
988 2842 1212 2914 potuerit
1235 2840 1468 2914 discere;
1492 2842 1775 2913 etdifigen-

190 2916 365 2985 tersui
387 2910 811 2985 experimentum
833 2910 1004 2978 dabit;
1034 2928 1095 2965 ne
1116 2911 1249 2980 forte
1270 2910 1468 2985 eliquid
1502 2910 1694 2981 fecerit,
1724 2925 1776 2969 et

192 2983 411 3055 turbatus
440 2981 507 3038 ad
529 2985 725 3040 horam
743 2985 1032 3038 discesserit
1052 2998 1070 3047 ;
1091 2992 1184 3034 aut
1212 2981 1506 3055 sublaliqua
1530 2994 1776 3055 potestate

191 3053 265 3118 sit,
288 3065 334 3110 et
359 3065 530 3110 utrum
559 3057 732 3125 possit
775 3055 1069 3110 renuntiare
1094 3052 1543 3125 parentibussuis,
1570 3066 1616 3111 et
1646 3074 1772 3123 pro-

191 3125 343 3198 priam
387 3128 705 3198 facultatem
748 3124 1182 3198 contemneresSi
1208 3140 1325 3178 eum
1353 3124 1571 3179 viderint
1592 3138 1771 3195 aptum

191 3196 253 3247 ad
268 3196 456 3261 omnia,
499 3210 641 3253 tunc
665 3198 933 3253 docebitur
973 3205 1019 3250 et
1046 3196 1269 3265 reliquas
1297 3199 1590 3252 monasterii
1617 3199 1773 3254 disci-

189 3267 365 3333 plinas,
397 3286 525 3339 quas
571 3271 753 3337 facere
798 3269 997 3333 debeat,
1026 3267 1307 3339 quibusque
1334 3268 1560 3334 servire,
1592 3271 1696 3324 sive
1715 3273 1769 3325 in

190 3339 388 3393 collecta
408 3338 661 3395 omnium
695 3345 941 3411 fratrum,
969 3340 1072 3392 sive
1106 3338 1179 3411 in,
1200 3340 1357 3393 domo
1376 3340 1463 3392 cui
1490 3340 1772 3398 tradendus

192 3417 273 3473 est,
312 3412 413 3466 sive
450 3414 504 3466 in
526 3410 783 3465 vescendi
835 3412 1011 3465 ordine
1036 3418 1119 3474 ;et
1165 3410 1442 3465 instructus
1469 3420 1624 3481 atque
1654 3432 1773 3479 per-

192 3482 341 3554 fectus
367 3484 422 3536 in
462 3482 619 3537 omni
650 3498 803 3551 opere
848 3483 982 3536 bono
1027 3481 1270 3554 fratribus
1309 3484 1595 3554 capuletnr.
1634 3484 1778 3540 Tunc

195 3552 448 3618 nudabunt
473 3570 603 3609 eum
629 3554 941 3609 vestimentis
973 3552 1303 3607 sacularibns
1326 3595 1341 3618 ,
1365 3552 1411 3607 et
1438 3555 1652 3610 induent
1684 3558 1779 3611 Ita-

190 3616 338 3677 bitum
375 3628 769 3680 monachorum
805 3642 823 3679 :
853 3625 1089 3687 tradetur
1126 3616 1374 3689 ostiario,
1420 3635 1477 3679 ut
1525 3628 1779 3686 orationis

190 3701 400 3762 tempore
428 3698 673 3752 adducat
694 3712 807 3750 eum
833 3696 887 3749 in
912 3703 1237 3763 conspectum
1260 3696 1493 3749 omnium
1516 3702 1737 3765 fratrum
1755 3717 1775 3755 :

189 3765 365 3819 sedebit
400 3769 455 3821 in
496 3785 567 3825 eo
622 3768 735 3821 loco
767 3768 819 3821 in
857 3782 956 3838 quo
985 3767 1032 3838 ei
1061 3775 1377 3838 praeceptum
1397 3769 1573 3836 fuerit.
1607 3770 1776 3824 Vesti-

188 3845 351 3907 menta
382 3848 590 3903 autem,
617 3854 731 3907 quae
756 3835 929 3894 secum
972 3835 1249 3899 detulerat,
1269 3835 1521 3907 accipient
1546 3841 1633 3907 qui
1657 3841 1775 3896 huic

188 3906 257 3956 rei
293 3912 562 3980 pra'positi
610 3919 729 3964 sunt
751 3926 770 3964 :
794 3920 841 3963 et
889 3907 1180 3976 inferentur
1218 3907 1272 3980 in
1298 3906 1659 3980 repositorium
1680 3953 1696 3976 ,
1727 3923 1775 3966 et

190 3988 328 4030 erunt
344 3978 409 4051 in
422 3990 682 4049 potestate
704 3981 954 4051 principis
976 3978 1297 4051 monasterii.
1333 3979 1457 4051 [late
1482 3980 1575 4037 ibi.
1603 3982 1772 4049 Quam

188 4050 631 4122 constitutionem
686 4049 1228 4122 etiam'aliiPatres
1274 4050 1448 4105 secuti
1499 4063 1645 4118 sunt,
1678 4054 1772 4122 qui

190 4113 411 4187 Regulas
441 4123 783 4177 monasticas
806 4120 1284 4188 conscripserunt,
1320 4129 1445 4185 puts
1480 4113 1784 4180 monacho--

188 4199 304 4260 ruln
336 4193 673 4260 patriarchae.
720 4192 783 4246 D.
814 4191 1044 4246 Basilius
1066 4232 1083 4256 ,
1116 4198 1170 4245 et
1215 4191 1278 4244 D.
1311 4192 1671 4259 Benedictus,
1714 4204 1773 4251 ut

188 4258 607 4337 suislcuiusque
640 4263 775 4337 loeie
816 4263 1006 4337 v_idere
1035 4271 1153 4337 est_
1176 4261 1381 4337 (_Basil.
1422 4264 1475 4337 in
1496 4264 1628 4337 Reg.
1660 4258 1767 4337 fus.

189 4342 234 4380 c.
266 4330 360 4398 10,
392 4330 591 4390 Bened.
628 4351 674 4387 c.
709 4333 781 4389 58
827 4332 1090 4403 Regula).
1121 4330 1228 4387 Sed
1266 4340 1326 4387 ut
1371 4335 1437 4387 ad
1480 4330 1768 4391 Auctorem

187 4408 430 4474 nostrum
470 4406 790 4469 redeamus;
824 4406 949 4474 quia
995 4403 1243 4472 probatio
1271 4404 1336 4458 ad
1371 4404 1768 4473 professionem

186 4469 444 4543 refertur,
476 4485 533 4529 et
569 4476 623 4529 in
662 4490 726 4531 ea
761 4469 1082 4529 terminatur
1111 4483 1164 4528 et
1192 4469 1498 4543 completur
1524 4494 1533 4527 :
1561 4477 1770 4532 idcirco

185 4542 494 4605 promiscue
526 4545 642 4601 fere
670 4544 782 4615 agit
810 4546 863 4600 in
895 4545 997 4599 hoc
1022 4544 1161 4599 libro
1190 4554 1296 4599 tam
1323 4542 1392 4601 de
1424 4546 1765 4615 probatione,

186 4623 305 4688 qua:
337 4622 423 4667 est
464 4616 713 4671 inchoata
742 4616 1092 4688 renuntiatio,
1124 4630 1283 4688 quam
1306 4616 1372 4671 de
1401 4616 1763 4685 professione,

190 4692 246 4730 In
279 4695 384 4746 qua
406 4689 624 4754 proprie
645 4697 703 4742 et
719 4687 961 4754 perfecte
980 4687 1319 4741 renuntiatur
1346 4688 1548 4742 sarculo
1577 4704 1591 4740 :
1623 4688 1767 4742 unde

186 4759 425 4828 eumpta
439 4752 597 4828 hujus
619 4752 740 4811 libri
766 4757 1363 4828 peculiarislinscriptio
1380 4774 1392 4809 :
1408 4757 1487 4810 De
1512 4758 1772 4813 lnstitutis

184 4818 655 4903 Reriuntiantium,
704 4818 913 4903 id'est,
947 4818 1314 4903 proll‘tentiu'm
1356 4828 1772 4903 menaebatum,

182 4904 295 4970 seu.
318 4898 492 4970 vitam
525 4900 878 4955 monasticam
901 4940 915 4963 ,
948 4908 1007 4952 ut
1044 4898 1245 4952 dictum
1269 4909 1381 4970 eest.
1428 4898 1660 4970 Proinde
1686 4900 1775 4965 ju-

184 4964 323 5017 verit
356 4964 447 5039 hic
481 4972 792 5024 summatim
824 4978 1087 5023 annotare
1111 4984 1233 5037 quae
1260 4968 1462 5023 fuerint
1489 4969 1631 5039 apud
1674 4964 1772 5026 ve-

182 5036 489 5114 teresillos
522 5042 816 5095 monachos
858 5041 1103 5114 instituta
1136 5036 1611 5114 Renuntiatttiunt,
1659 5042 1775 5097 sive

181 5106 269 5167 qui
290 5106 461 5179 ritus,
491 5125 611 5177 quae
640 5114 801 5175 ratio,
822 5121 876 5166 et
895 5113 1091 5164 modus
1116 5120 1222 5164 tam
1246 5112 1581 5178 probationis
1603 5127 1768 5179 quam

181 5177 563 5249 professionis,
588 5182 699 5246 vel,
721 5190 781 5236 ut
792 5182 853 5236 D.
870 5181 1196 5236 Benedictus
1217 5177 1601 5249 loquitur,qu:e
1616 5177 1775 5237 disci-

179 5244 801 5321 pliua_suscipiendorum
832 5254 1071 5321 fratrum.
1096 5244 1334 5306 Primum
1364 5244 1525 5319 igitur
1556 5253 1774 5308 institu-

182 5326 291 5368 tum
321 5318 445 5383 fuit,
472 5330 531 5375 ut
555 5324 802 5378 venienti
828 5318 893 5376 ad
919 5323 1305 5377 monasterium
1328 5318 1771 5389 nt’reeiperetur,

180 5400 289 5462 neu
312 5394 505 5444 statim
523 5393 859 5460 prreberetur
879 5395 1153 5462 ingressus
1172 5410 1187 5458 ;
1203 5392 1296 5446 sed
1322 5406 1419 5460 pro
1439 5392 1662 5457 foribus,
1687 5394 1773 5449 vel

179 5456 245 5508 ad
272 5456 559 5534 introitum
590 5464 911 5519 monasterii
936 5456 1022 5534 'ad
1066 5456 1272 5534 aliquot
1318 5456 1438 5517 dies
1463 5456 1766 5534 iuberetur,

178 5536 273 5580 aut
301 5531 583 5589 sineretur
603 5535 904 5597 excubare,
929 5533 996 5588 ad
1024 5531 1354 5601 probandam
1386 5534 1504 5601 ejus
1524 5533 1773 5588 volunta-

175 5605 309 5673 tem,
337 5600 737 5672 humilitatem,
762 5600 1119 5658 constantiam
1140 5647 1153 5670 ,
1178 5617 1284 5660 etc.
1316 5600 1483 5673 Cujus
1515 5603 1591 5656 rei
1622 5618 1772 5658 com-

178 5666 336 5744 plura
383 5678 634 5743 exempla
684 5666 996 5744 suppeditat
1038 5666 1307 5730 Palladius
1340 5666 1411 5728 inv
1438 5673 1723 5730 Lausiacis
1754 5692 1767 5744 ς

177 5736 281 5815 ειεά
306 5736 739 5815 unua-maxime
754 5736 1118 5801 memorabile
1141 5746 1289 5802 Pauli
1318 5744 1600 5815 simplicis,
1616 5743 1773 5815 quod

175 5805 374 5871 ιωιοιί
403 5812 705 5877 videndum
756 5824 815 5877 et
864 5816 1241 5876 admirandum
1286 5805 1773 5890 relinquesc'ujus

1882 2075 2225 2118 communem
2245 2077 2401 2117 usum
2431 2062 2745 2117 monasterii
2760 2062 3140 2127 conferendas,
3156 2075 3211 2117 ut
3234 2062 3464 2117 habetur

1880 2145 2002 2201 cap.
2026 2133 2240 2204 b;quod
2264 2136 2318 2188 in
2342 2133 2451 2188 illis
2475 2131 2754 2188 monachis
2778 2132 2880 2204 fuit
2900 2133 3205 2204 singulare:
3226 2148 3346 2204 cum
3370 2133 3466 2187 alii

1878 2202 2147 2326 plerique,
2164 2205 2331 2259 etiam
2353 2220 2381 2258 a
2399 2203 3062 2285 temporeapostolorum,
3078 2202 3120 2255 si
3136 2204 3261 2271 quid
3290 2203 3458 2284 habe:

1916 2283 2011 2326 ant
2032 2290 2085 2326 tn
2107 2276 2327 2326 sarculo.
2345 2284 2684 2326 monasterns
2705 2273 3040 2326 conferrent.
3059 2272 3185 2325 dum
3206 2272 3456 2326 monachi

1916 2283 2011 2328 ant
2032 2272 2085 2329 in
2107 2276 2327 2339 saeculo,
2345 2272 2684 2329 monasteriis
2705 2273 3040 2335 conferrent,
3059 2272 3185 2325 dum
3206 2272 3456 2326 monachi

1880 2342 2077 2399 fiebant
2101 2346 2239 2414 (Act.
2265 2346 2362 2415 tv),
2388 2354 2444 2400 ut
2484 2345 2623 2400 infra
2645 2343 3174 2409 dicetur.Quartum,
3206 2351 3267 2396 ut
3296 2342 3464 2415 frater

1879 2411 2127 2487 receptus
2143 2411 2338 2471 annum
2354 2417 2622 2487 integrum
2640 2415 2739 2471 sub
2757 2415 3063 2487 obedientia
3079 2424 3133 2487 et
3149 2411 3465 2487 monasterii

1881 2484 2169 2556 disciplina
2193 2484 2534 2556 probaretur.
2559 2486 2801 2556 lntellige
2832 2486 2898 2541 de
2928 2484 3298 2556 adultis,sive
3324 2484 3458 2538 ado-

1878 2554 2208 2628 lescentibus
2232 2570 2259 2627 ,‘
2282 2573 2387 2613 non
2417 2557 2482 2612 de
2515 2558 2698 2628 pueris
2720 2554 2861 2625 ,‘aut
2889 2555 3299 2628 impuberibus.‘
3313 2555 3465 2628 Qeod

1876 2627 2080 2694 quidem
2105 2624 2305 2697 tempus
2327 2624 2664 2698 probationis,
2689 2631 2804 2683 sive
2828 2627 3141 2692 novitiatus,
3165 2624 3325 2698 αδδ.
3353 2626 3459 2679 Ρα-

1877 2698 2039 2751 tribus
2082 2696 2342 2754 indultum
2369 2700 2469 2769 fuit
2498 2706 2601 2753 tam
2626 2699 2680 2751 in
2710 2703 2938 2769 favorem
2963 2698 3189 2769 conversi
3213 2738 3228 2763 ,
3261 2696 3314 2751 id
3342 2705 3458 2761 est,

1877 2770 2087 2834 novitii,
2115 2787 2267 2838 quant
2295 2768 2614 2835 monasterii;
2636 2777 2689 2820 ut
2710 2779 2757 2823 et
2775 2768 2865 2822 ille
2883 2784 3045 2821 mores
3062 2768 3228 2829 istius.
3254 2776 3301 2820 et
3326 2768 3466 2838 istud

1876 2853 2041 2892 mores
2065 2837 2207 2893 illius
2230 2839 2397 2893 valeat
2424 2840 2677 2906 experiri,
2704 2840 2779 2892 ait
2808 2838 3152 2893 Innocentius
3186 2838 3249 2893 Ill
3280 2837 3457 2907 ponti-

1876 2907 1986 2979 fex.
2012 2910 2177 2979 (Cap.
2202 2910 2283 2963 Ad
2306 2909 2675 2979 Apostolicam,
2716 2909 2780 2962 de
2801 2909 3096 2979 Regular.).
3129 2908 3281 2965 Unde
3311 2918 3365 2963 et
3392 2908 3460 2963 D.

1878 2977 2200 3050 Benedictus
2223 2977 2393 3035 tribus
2424 2980 2527 3035 illis
2546 2980 2806 3050 gradibus
2840 2977 3176 3049 probationis
3201 2996 3361 3049 supra
3385 2980 3467 3034 di—

1875 3048 1979 3121 etis
2014 3064 2215 3105 annum
2247 3052 2515 3121 integrum
2553 3048 2614 3106 et
2650 3052 2855 3119 aliquot
2878 3050 2995 3106 dies
3024 3048 3452 3120 comprehendit.

1875 3119 2131 3192 Quintum
2152 3161 2167 3187 ,
2198 3130 2255 3175 ut
2282 3119 2384 3192 per
2410 3121 2463 3175 id
2491 3130 2705 3190 tempus
2739 3123 3067 3178 novitiorum
3099 3119 3158 3177 et
3178 3122 3457 3191 juniorum

1877 3191 2151 3247 humilitas
2214 3191 2296 3248 et’
2341 3192 2647 3248 obedientia
2726 3192 2899 3265 modis
2955 3193 3205 3249 omnibus
3264 3193 3464 3265 proba-

1875 3270 2029 3335 retur
2075 3275 2130 3318 et
2176 3275 2535 3319 exerceretur
2566 3282 2579 3319 :
2608 3265 2679 3320 de
2710 3279 2814 3335 qua
2856 3264 3149 3321 Cassianus
3194 3279 3226 3317 a
3270 3264 3400 3335 cap.
3428 3265 3463 3318 4

1879 3332 1993 3405 fgre
2020 3349 2191 3404 usque
2213 3335 2279 3389 ad
2307 3335 2467 3390 finem
2491 3335 2633 3402 libri,
2660 3332 2958 3405 prazsertim
2982 3351 3102 3405 cap.
3128 3336 3216 3400 l0,
3246 3334 3334 3388 ubi
3355 3333 3458 3388 ait:

1886 3402 2053 3479 Tanta
2098 3402 2424 3479 observantia
2456 3402 2757 3461 obedientia
2809 3408 3005 3479 Regula
3048 3402 3360 3479 custoditur,
3407 3414 3465 3459 ut

1872 3477 2112 3546 juniores
2151 3476 2341 3547 absque
2371 3479 2633 3549 praepositi
2661 3479 2743 3532 sui
2786 3476 3024 3549 scientia,
3054 3479 3134 3532 vel
3169 3477 3460 3549 permissu,

1878 3562 1982 3599 non
2017 3549 2186 3601 solum
2224 3565 2329 3602 non
2362 3547 2586 3603 audeant
2626 3557 2775 3604 extra
2802 3548 2987 3602 cellam
3032 3547 3237 3617 egredi;
3258 3547 3364 3617 sed
3396 3563 3460 3599 ne

1880 3618 1978 3689 ipsi
2002 3618 2206 3688 quidem
2224 3620 2484 3674 communi
2513 3628 2561 3673 et
2590 3620 2819 3673 naturali
2850 3615 3139 3689 necessitati
3166 3615 3465 3689 satisfacere

1879 3684 1974 3741 sua
2004 3684 2307 3743 auctoritate
2338 3700 2686 3759 praesumant:
2717 3689 2885 3754 sicque
2916 3687 3153 3739 universa
3185 3684 3461 3759 complere,

1877 3774 2207 3829 quacumque
2235 3751 2425 3829 fuerint
2469 3760 2531 3831 ab
2576 3751 2961 3831 eo__prtecepta,_
2997 3763 3253 3831 tamquam
3282 3751 3313 3804 ἀ
3352 3751 3463 3807 Deo

1878 3824 1981 3883 sint
2008 3824 2204 3886 caelitus
2232 3824 2403 3895 edita,
2445 3830 2555 3881 sine
2585 3828 2696 3881 ulla
2742 3824 3061 3895 discussione
3102 3824 3463 3895 festinant,lut

1878 3915 2266 3970 nonnumquam
2293 3894 2446 3952 etiam
2487 3894 2827 3968 impossibilia
2863 3895 2956 3970 sibi
2989 3894 3253 3970 imperata_
3266 3909 3326 3946 ea
3354 3894 3458 3970 ﬁde

1877 3986 1939 4025 ac
1968 3964 2233 4026 devotione
2261 3964 2588 4039 suscipiant,
2624 3979 2678 4022 ut
2716 3974 2820 4020 tota
2867 3964 3081 4035 virtute,
3111 3980 3172 4019 ac
3209 3964 3464 4039 sineulla

1878 4045 2050 4097 cordis
2074 4042 2416 4107 hwsitatione,
2462 4056 2523 4093 ea
2549 4039 2792 4111 perﬁcere
2820 4044 2866 4111 et
2899 4052 3253 4111 censummare
3293 4038 3465 4090 nitan-
3544 4038 3551 4045 “

1878 4120 1983 4179 tur,
2008 4123 2117 4170 etc.
2151 4114 2380 4169 Sextum
2400 4153 2415 4179 ,
2450 4120 2510 4166 ut
2540 4107 2715 4165 annua
2740 4108 3066 4181 probatione
3094 4107 3331 4176 expleta,
3363 4122 3462 4161 no-

1876 4184 2173 4259 v_itii_,qui
2204 4184 2415 4259 habiles
2462 4192 2518 4237 et
2564 4182 2756 4259 idonei.
2794 4182 3132 4259 viderentur,
3165 4192 3464 4259 eongrega-

1877 4249 2271 4309 tionitratrum
2303 4256 2662 4319 sociarentur,
2705 4252 2760 4307 id
2803 4262 2886 4307 est
2910 4294 2924 4317 ,
2964 4252 3031 4306 ad
3064 4249 3462 4322 professionem

1875 4324 2791 4402 admitterentur,professionem,
2836 4319 3092 4393 inquam,
3127 4319 3460 4402 quoad-sul)-

1874 4397 2164 4472 stantiam,
2200 4390 2446 4472 eamdem
2494 4411 2616 4450 cum
2646 4411 2708 4451 ea
2758 4390 2926 4464 quam
2970 4408 3113 4472 nune
3148 4390 3352 4472 novitii
3386 4390 3467 4472 fa-

1876 4466 2052 4531 ciunt,
2094 4482 2288 4536 nempe
2313 4467 2475 4522 trium
2500 4463 2784 4529 votorum,
2806 4464 3169 4536 paupertatis,
3200 4463 3468 4517 castitatis

1875 4545 1929 4590 et
1951 4535 2300 4592 obedientia).
2324 4537 2457 4592 Nam
2486 4539 2555 4593 de
2576 4536 2915 4607 professione
2936 4544 2993 4607 et
3013 4535 3164 4607 votis
3189 4536 3242 4587 in
3265 4547 3464 4607 genere

1876 4610 2127 4662 meminit
2156 4608 2450 4664 Cassianus
2489 4603 2611 4678 cap.
2641 4607 2745 4673 '53,
2787 4606 2879 4661 ubi
2918 4605 3052 4678 dicit
3088 4605 3256 4678 abbas
3289 4603 3469 4678 Pynu-

1877 4678 2035 4746 phius
2060 4695 2235 4750 patnas
2259 4674 2591 4750 gravissimas
2613 4686 2935 4750 praeparatas
2963 4677 3034 4750 iis
3046 4678 3132 4745 qui
3160 4674 3367 4750 Regule:
3387 4675 3469 4727 in-

1796 4741 1850 4801 D
1875 4741 2196 4832 stitutienem
2230 4741 2398 4832 tepide
2444 4741 2883 4832 neglig'enterque.
2904 4741 3096 4832 fuerint
3123 4741 3400 4832 exsecuti,
3422 4754 3471 4797 et

1877 4821 2161 4896 secundum
2188 4815 2326 4896 quod
2358 4815 2883 4896 professi'wntfvel
2905 4815 3044 4889 quod
3081 4818 3145 4871 ab
3170 4815 3471 4896 [mmini-bus

1877 4882 2646 4963 creduntur,'fruclus'etiam
2705 4882 2959 4963 congruos
3012 4887 3304 4963 sanctitatis
3359 4882 3472 4937 Deo

1878 4964 2117 5017 exhibere
2144 4958 2476 5034 neglexerint.
2509 4962 2696 5016 Melius
2728 4958 2821 5015 est'
2849 4962 3012 5025 enim,
3045 4958 3250 5028 inquit,
3281 4971 3468 5010 secun-

1878 5034 2001 5087 dum
2042 5035 2402 5098 Scripturam,
2451 5047 2551 5083 non
2584 5048 2761 5085 vovere
2784 5073 2798 5097 ,
2846 5046 3001 5102 quam
3040 5044 3219 5102 vovere
3246 5036 3469 5102 ,_et__non

1842 5136 1847 5141 ς
1879 5106 2112 5156 reddere.
2147 5096 2213 5155 Et
2242 5116 2363 5167 cap.
2390 5096 2647 5164 sequenti
2675 5096 2838 5166 dicit,
2858 5096 3200 5155 'tnonaclmm
3233 5096 3469 5167 similem

1879 5187 2002 5229 esse
2028 5172 2229 5225 debere
2261 5163 2552 5231 crucifixi),
2587 5172 2678 5238 qui
2726 5163 2831 5223 non
2881 5171 3058 5224 solum
3089 5185 3195 5221 non
3228 5163 3470 5238 ambulat

1882 5259 1989 5313 quo
2018 5242 2155 5303 vult,
2189 5254 2288 5295 nec
2318 5240 2444 5313 facit
2470 5233 2619 5305 quod
2640 5240 2779 5313 vult,
2807 5240 3042 5313 sedunec
3070 5246 3248 5307 potest
3276 5233 3468 5313 ambu-

1881 5302 2014 5379 lare,
2047 5302 2149 5367 nec
2176 5310 2372 5380 aliquid
2408 5302 2607 5375 facere,
2634 5309 2737 5364 nisi
2767 5311 2836 5363 ab
2867 5310 2977 5362 alio
3004 5302 3307 5380 moveatur.
3330 5302 3471 5355 Ilur-

1882 5400 1976 5439 sus
1998 5374 2118 5457 cap.
2142 5384 2211 5439 58
2233 5374 2382 5449 dicit,
2400 5374 2717 5457 monachum
2744 5380 3136 5457 perfectionem
3168 5374 3471 5457 professum

1884 5472 1989 5511 non
2024 5452 2141 5511 leve
2161 5464 2435 5529 peccatum
2465 5453 2769 5529 admittere,
2794 5452 2837 5504 si
2862 5464 2946 5529 ea,
2977 5460 3096 5529 quae
3119 5455 3243 5529 sunt
3263 5452 3471 5529 imper-

1881 5531 2045 5591 fecta,
2078 5518 2336 5598 sectetur.
2363 5526 2438 5581 De
2461 5526 2599 5579 vetis
2631 5522 2816 5577 itidem
2850 5518 3098 5598 singulis,
3130 5525 3186 5572 et
3216 5518 3269 5598 in
3303 5518 3473 5598 parti-

1880 5585 2081 5664 cnlari,
2126 5599 2198 5652 ita
2251 5597 2455 5651 diserte
2496 5604 2549 5651 et
2595 5606 2856 5662 expresse
2909 5585 3170 5664 laquitur,
3220 5596 3278 5664 ult
3309 5585 3473 5654 plane

1880 5658 2152 5739 significet
2206 5678 2470 5739 quotquot
2537 5658 2911 5739 monaebatum
2977 5658 3471 5739 amplectebantur,

1882 5731 2053 5796 tribus
2084 5739 2189 5795 illis
2223 5731 2371 5793 votis
2411 5738 2458 5793 si
2506 5752 2612 5793 non
2654 5735 2929 5805 explicite,
2983 5731 3175 5790 saltem
3227 5731 3387 5784 tacite
3418 5741 3476 5787 et

1866 5808 2288 5886 ‘interpretative
2326 5810 2630 5883 susceptis,
2673 5821 2739 5866 ex
2769 5807 3106 5868 institutione
3156 5809 3475 5864 sanctorum
