4026 6212
575 304 687 363 ’155

1896 295 2176 354 JOANNIS
2212 295 2522 354 CASSIANI
3469 297 3498 353 κ’

3745 279 3850 360 tsi

585 423 809 492 plinam,
844 431 950 472 non
983 424 1110 472 ante
1148 429 1370 488 prorsus
1401 415 1722 480 aomtttitur,
1769 427 1927 486 quam
1969 414 2160 468 diebus
2189 419 2236 476 Α
2266 413 2456 471 Sciunt
2483 414 2625 468 enim
2663 428 2784 470 eum
2817 414 2918 470 sub
2960 412 3279 472 monasterii
3309 411 3597 484 disciplina
3623 406 3839 473 diuini-:-

585 514 794 577 decem,
827 513 910 566 vel
954 526 1019 566 eo
1053 512 1278 580 amplius
1305 524 1401 580 pro
1428 508 1639 562 foribus
1685 509 1993 576 excubans,
2027 507 2165 561 indi-

584 607 724 662 cium
760 605 1176 674 perseverantia:
1202 644 1216 670 ,
1267 616 1331 657 ac
1385 601 1636 656 desiderii
1702 601 1820 667 sui,
1857 599 2162 670 pariterque

585 695 906 751 humilitatis
946 709 1008 749 ac
1055 693 1330 764 patientia:
1385 693 1857 747 demonstraverit.
1915 690 2162 760 Cumque

589 788 828 846 omnium
855 784 1288 856 praetereuntium
1317 783 1542 840 fratrum
1573 785 1798 855 genibus
1823 783 2156 854 provolutus,

583 888 638 935 et
661 879 728 932 ab
758 877 1022 934 universis
1051 878 1118 932 de
1147 877 1408 932 industria
1452 877 1712 932 refutatus
1743 887 1902 948 atque
1932 877 2159 948 despec-

580 980 688 1038 tus,
716 981 981 1041 tamquam
1011 970 1102 1040 qui
1129 986 1237 1025 non
1268 971 1562 1038 religionis,
1585 969 1679 1024 sed
1703 969 2041 1024 necessitatis
2066 969 2164 1024 ob-

584 1071 736 1118 tentu
768 1063 1158 1117 monasterium
1199 1070 1350 1132 optet
1388 1061 1588 1115 intrare
1613 1077 1626 1117 :
1654 1069 1679 1096 α
1704 1060 1915 1130 injuriis
1945 1072 2158 1130 quoque

576 1165 633 1212 et
660 1155 1167 1225 exprobrationibus
1210 1153 1392 1208 multis
1439 1153 1679 1220 allectus,
1715 1152 2148 1222 experimentum

576 1247 785 1305 dederit
813 1247 1134 1303 constantia:
1159 1261 1298 1313 suae,
1323 1246 1599 1316 qualisque
1626 1244 1836 1300 futurus
1858 1247 1928 1299 sit
1951 1245 2006 1299 in
2033 1253 2152 1300 ten-

575 1343 896 1406 tationibus,
952 1340 1366 1412 opprobriorum
1428 1339 1709 1394 tolerantia
1758 1337 2152 1402 declaraverit;

575 1445 735 1505 atque
767 1435 839 1488 ita
869 1433 1034 1488 fuerit
1066 1433 1345 1502 eXplorato
1367 1430 1562 1486 mentis
1592 1431 1789 1485 ardore
1819 1439 2104 1500 susceptus
2138 1448 2152 1486 :

576 1527 853 1597 diligentia
882 1541 1089 1581 summa
1121 1525 1467 1596 perquiritur,
1501 1539 1570 1579 ne
1604 1524 1673 1579 de
1712 1525 1949 1593 pristinis
1989 1524 2157 1580 laeui-

575 1618 770 1672 tatibus
800 1617 913 1671 suis
942 1616 1220 1672 inhaeserit
1247 1617 1298 1671 ei
1331 1615 1416 1670 vel
1448 1615 1605 1670 unius
1633 1616 1838 1670 nummi
1873 1617 2150 1687 contagio.

2268 522 2398 563 num
2431 521 2550 562 esse
2579 521 2685 562 non
2715 515 2897 578 posSe,
2923 507 3018 562 sed
3053 521 3120 562 ne
3151 505 3472 562 humilitatis
3496 507 3736 578 quidem,
3757 520 3847 566 aut

2269 600 2589 656 obedientize
2628 599 3096 671 apprehensurum
3139 614 3262 656 esse
3299 600 3592 671 virtutem,
3625 617 3727 659 nec
3755 604 3844 662 illa

2268 695 2499 751 coenobii
2540 701 2863 764 paupertate
2890 708 2954 748 ac
2991 693 3331 748 districtione
3360 701 3676 750 contentum
3705 696 3839 762 fore,

2267 790 2314 850 si
2346 791 2396 844 in
2418 787 2754 844 conscientia
2774 786 2892 856 ejus
2914 785 3157 856 pecunia:
3180 783 3738 856 quantulumcumque
3763 787 3846 842 la-

2267 881 2506 938 titaverit
2538 880 2668 937 :sed
2699 879 2789 936 ubi
2822 879 3056 949 primum
3087 887 3273 933 exorta
3301 877 3466 931 fuerit
3493 878 3738 947 qualibet
3755 893 3846 935 oc-

2263 975 2484 1030 casione
2515 971 2832 1039 commotio,
2863 968 2891 1010 b
2925 970 3114 1025 liducia
3147 969 3308 1040 stipis
3339 969 3480 1024 illius
3507 970 3804 1027 animatum
3827 1015 3843 1041 ,

2263 1071 2524 1125 continuo
2547 1066 2617 1123 de
2647 1065 2982 1122 monasterio
3007 1105 3022 1131 ,
3051 1063 3203 1119 velut
3242 1063 3408 1118 funda
3437 1071 3668 1133 rotante,
3701 1063 3846 1138 fugi-

2261 1170 2462 1218 turum.

2866 1268 3092 1326 CAPUT
3131 1268 3222 1325 ιν.

2257 1412 2361 1469 Cur
2384 1412 2655 1484 facultates
2707 1408 2839 1484 ejus,
2878 1407 2970 1476 qui
3014 1405 3641 1484 collegio“monach_orum
3687 1408 3852 1464 acri-

2436 1484 2609 1553 ,bitur,
2642 1480 2809 1534 nolint
2837 1479 3135 1532 monasterii
3151 1476 3342 1532 usibus
3371 1477 3651 1549 applicari.

2328 1625 2394 1679 Et
2415 1623 2617 1679 idcirco
2648 1631 2671 1660 ο
2697 1635 2764 1676 ne
2793 1618 2982 1676 usibus
3008 1615 3229 1688 quidem
3261 1616 3498 1675 cmnobii
3539 1616 3853 1703 prqiuturas

1640 1735 1896 1791 ALARDI
1934 1736 2165 1794 GAZA‘II
2204 1736 2781 1796 COMMENTARIUS.

577 1827 793 1888 Patrum
823 1839 878 1886 et
906 1830 1175 1902 communi
1204 1828 1544 1902 observantia
1576 1828 1742 1884 fuisse
1771 1830 2040 1885 astrictos.
2075 1833 2149 1888 De
2179 1837 2227 1898 Β
2253 1836 2316 1888 de
2345 1833 2574 1886 claustro
2612 1829 2960 1886 ventilaberis.
2993 1827 3249 1902 Craterum
3292 1829 3482 1902 videris
3508 1830 3751 1902 impotem
3782 1831 3854 1887 ad

577 1911 703 1957 voto
732 1903 1059 1970 panpertatis
1094 1900 1225 1954 nihil
1258 1901 1568 1969 expressius
1607 1909 1661 1953 et
1688 1902 2018 1957 enucleatius
2039 1903 2148 1957 dici

576 1973 744 2042 potuit
772 1987 928 2041 quam
960 1972 1101 2042 quod
1135 1974 1273 2026 inter
1302 1974 1402 2024 alia
1421 1973 1674 2042 Whabetur
1701 1985 1821 2040 cap.
1863 1974 1960 2038 56,
2012 1983 2067 2027 ut
2096 1975 2151 2027 in

577 2041 673 2115 hac
703 2046 950 2115 nuditate,
974 2041 1145 2115 quam.
1186 2059 1362 2095 coram
1406 2041 1514 2115 Deo
1557 2051 1604 2115 e_t
1647 2043 1845 2112 angelis
1874 2046 1986 2115 ejus
2027 2061 2149 2110 pro-

577 2113 741 2182 fessus
764 2131 834 2176 es,
858 2114 927 2166 ad
947 2114 1099 2181 ﬁnem
1114 2130 1272 2184 usque
1291 2113 1733 2179 perdures.Quam
1757 2113 2148 2183 paupertatem,

576 2186 689 2240 sive
712 2185 1030 2251 nuditatem,
1056 2185 1212 2238 docet
1242 2185 1308 2237 ab
1338 2185 1447 2236 illis
1472 2185 1815 2238 strictissime
1846 2187 2009 2239 luisse
2037 2200 2151 2240 ser-

574 2266 774 2321 vatam,
805 2271 924 2325 cap.
950 2257 983 2310 5
1004 2267 1056 2310 et
1081 2255 1552 2325 sequentibus.,De
1573 2263 1699 2308 voto
1725 2256 2070 2310 continentiae
2099 2265 2153 2312 et

575 2324 884 2389 castitatis,
917 2341 1024 2378 non
1065 2327 1352 2379 obscurum
1388 2324 1610 2379 exhibet
1645 2326 2010 2380 testiinonium
2037 2337 2148 2382 tum

573 2399 627 2453 in
669 2399 756 2452 illa
802 2397 1089 2450 collatione
1135 2397 1381 2450 monachi
1422 2405 1475 2449 et
1524 2396 1755 2450 hominis
1802 2398 1947 2452 cruci
1980 2398 2145 2463 at‘lixi,

575 2469 756 2522 dicens
804 2468 1078 2521 monac/tos
1108 2468 1286 2520 timore
1329 2465 1420 2519 Dei
1461 2467 1609 2533 quasi
1637 2467 1941 2531 quibusdam
1994 2469 2151 2523 clavis

575 2539 870 2605 cruciﬁxos,
897 2548 1130 2605 Oportere
1155 2553 1254 2590 non
1277 2539 1444 2589 solum
1472 2538 1770 2590 carnalibus
1794 2539 1951 2604 vitiis,
1977 2555 2151 2593 verum

576 2610 730 2680 etiam
769 2609 889 2676 ipsis
920 2609 1178 2680 elementis
1207 2608 1580 2680 quodaminodo
1610 2619 1837 2680 mortuos
1861 2625 1970 2663 esse
1994 2609 2146 2680 (Cap.

576 2679 644 2735 34
666 2690 712 2732 et
738 2681 852 2747 55),
881 2687 1007 2742 etc.;
1029 2689 1138 2732 tum
1168 2679 1217 2732 in
1249 2695 1313 2733 eo
1340 2679 1480 2747 quod
1510 2678 1921 2747 diligentissime
1947 2678 2016 2735 ab
2043 2683 2150 2735 illis

577 2751 926 2804 observatum
949 2751 1155 2815 scribit,
1185 2760 1239 2803 ut
1258 2751 1494 2821 juniores
1519 2751 1803 2821 praesertim
1831 2767 1951 2804 suas
1977 2767 2149 2805 omnes

577 2822 942 2891 cogitationes,
991 2823 1140 2874 etiam
1180 2817 1594 2892 occultissimas,
1637 2830 1681 2873 et
1712 2817 1996 2874 diabolicas
2027 2839 2151 2892 sug-

577 2894 851 2964 gestiones,
878 2910 964 2946 seu
995 2893 1155 2962 ignita
1168 2895 1350 2964 jacula
1380 2891 1574 2964 seniori
1588 2893 1961 2964 patefacerent.
1993 2891 2147 2964 (Cap.

579 2961 615 3016 8
641 2971 688 3015 et
719 2963 796 3029 9.)
825 2963 956 3017 llinc
988 2961 1047 3016 D.
1079 2961 1302 3016 Basilius
1330 2964 1383 3016 in
1410 2962 1630 3032 Regulis
1657 2963 1759 3016 ius.
1790 2961 2146 3033 dispnt.'cap.

577 3033 646 3088 15
677 3034 820 3087 serio
867 3034 1122 3088 admonet
1166 3048 1260 3088 eos
1304 3033 1394 3103 qui
1428 3034 1589 3086 vitam
1632 3035 1986 3088 monasticam
2028 3049 2149 3089 cum

577 3105 900 3173 virginitatis
931 3104 1260 3173 professione
1288 3105 1565 3172 suscipere
1606 3105 1793 3158 nolunt
1820 3105 2043 3159 omnino
2068 3105 2152 3160 di-

577 3175 871 3230 mittendos
917 3191 1060 3230 esse.
1112 3175 1180 3228 Et
1229 3174 1288 3228 in
1340 3177 1600 3243 prooemio
1627 3177 1845 3229 constit.
1879 3186 2147 3231 monast.:

534 3313 536 3316 ι
578 3243 790 3315 Itaque,
821 3247 1026 3314 inquit,
1053 3246 1140 3315 qui
1168 3262 1199 3299 a
1219 3246 1398 3317 mundi
1428 3245 1642 3299 vinculis
1674 3245 1802 3317 liber
1833 3262 1941 3300 esse
1976 3248 2150 3317 cupit,

577 3318 789 3385 nuptias
814 3317 949 3370 velut
960 3320 1174 3388 pedicas
1195 3315 1446 3386 quasdam
1468 3317 1600 3388 fugit
1624 3333 1643 3366 :
1664 3316 1746 3370 his
1773 3326 1944 3369 autem
1965 3315 2157 3373 relictis

578 3389 734 3440 vitam
769 3394 916 3458 suam
947 3388 1058 3440 Deo
1084 3396 1363 3454 consecrat,
1389 3396 1436 3441 et
1464 3388 2068 3458 castitatengproﬁtetur,
2099 3399 2156 3444 ut

579 3473 736 3530 neque
761 3457 989 3527 facultas
1023 3459 1123 3530 ipsi
1152 3459 1216 3511 sit
1246 3459 1588 3513 conversionis
1626 3460 1694 3513 ad
1725 3457 1951 3527 nuptias.
1983 3459 2155 3516 Porro

578 3527 647 3601 de
677 3529 1012 3601 obedientia,
1043 3527 1270 3598 ejusque
1298 3530 1514 3584 vinculo
1542 3538 1598 3585 et
1633 3530 2012 3585 observatione
2043 3533 2156 3601 agit

576 3597 866 3656 Cassianus
895 3600 1008 3656 lere
1037 3597 1146 3654 tetu
1176 3597 1278 3655 hoc
1307 3601 1471 3667 libro,
1503 3609 1561 3655 ut
1597 3617 1664 3656 ex
1693 3603 1853 3655 dictis
1889 3610 2033 3669 patet
2054 3597 2156 3669 ,vct

575 3669 776 3726 clarius
800 3689 867 3727 ex
894 3671 1241 3742 sequentibus
1262 3671 1470 3742 patebit
1496 3690 1508 3724 :
1533 3673 1854 3728 nominatim
1881 3687 2010 3726 vero
2033 3689 2150 3741 cap.

576 3742 647 3796 12
696 3743 855 3799 docet
898 3759 995 3799 eos
1041 3744 1292 3798 virtutem
1321 3744 1647 3800 obedientiae
1677 3745 1746 3799 ita
1795 3745 2030 3798 coluisse
2053 3784 2067 3809 ,
2100 3753 2157 3800 et

576 3817 789 3885 cunctis
810 3817 1099 3870 virtutibus
1129 3816 1430 3885 praetulisse
1449 3857 1465 3884 ,
1485 3826 1541 3870 ut
1571 3816 1694 3871 huic
1719 3814 2157 3884 judicarentom-

577 3882 666 3956 pia
696 3888 1087 3952 postponenda,
1119 3882 1176 3938 et
1206 3882 1456 3941 universa
1483 3882 1762 3956 dispendia
1807 3886 1989 3940 subire
2019 3886 2152 3940 mal-

576 3951 718 4025 lent,
768 3951 926 4022 quam
981 3957 1083 4008 hoc
1133 3956 1327 4009 bonum
1371 3959 1424 4010 in
1476 3951 1655 4025 aliquo
1683 3957 1910 4010 violare.
1944 3957 2152 4023 Habes,

578 4021 792 4093 lector,
825 4025 1122 4093 praecipuos
1169 4026 1307 4079 ritus
1337 4034 1394 4080 et
1442 4021 1780 4079 conditiones
1811 4034 1920 4079 tam
1962 4021 2155 4092 proba;

578 4092 744 4164 tionis
777 4109 938 4164 quam
971 4092 1326 4164 professionis
1354 4095 1666 4148 monasticae
1695 4095 1833 4163 apud
1859 4100 2155 4154 monachos

577 4162 1062 4238 'l‘_a_benn‘ensiot‘a_s,
1084 4165 1200 4238 sive
1226 4165 1638 4238 Pachumianos,
1663 4162 1998 4234 observatas,
2021 4182 2153 4238 quas

577 4233 699 4287 vide
731 4236 942 4302 plenius
973 4236 1041 4287 ab
1067 4234 1306 4289 Auctore
1336 4235 1654 4303 explicatas.
2037 4233 2083 4270 ’-

654 4313 680 4338 η
702 4304 795 4380 Sic
819 4304 1142 4380 D._Basil_ius
1167 4319 1283 4374 cap.
1303 4306 1460 4380 7sua3
1491 4305 1730 4380 Regulae,
1755 4319 1808 4364 et
1831 4310 2005 4380 ipsum
2034 4311 2154 4366 imi-

579 4381 721 4430 tatus
766 4375 828 4429 D.
879 4375 1196 4448 Benedictus
1225 4393 1346 4446 cap.
1395 4378 1462 4432 58
1489 4394 1503 4432 :
1529 4377 1693 4448 Ergo,
1726 4382 1829 4447 ait,
1854 4375 1907 4434 'si
1948 4385 2152 4437 veniens

576 4448 968 4524 perseveraverit
993 4447 1204 4518 pulsans
1232 4493 1245 4517 ,
1281 4456 1328 4502 et
1364 4447 1540 4502 illatas
1565 4447 1662 4502 sibi
1689 4452 1906 4523 injurias
1931 4493 1944 4512 ,
1979 4462 2026 4506 et
2047 4455 2153 4524 dif-

576 4517 859 4591 ﬁ‘cultatem
877 4517 1162 4591 ingressus,
1193 4529 1307 4588 post
1331 4530 1583 4590 quatuor,
1627 4517 1978 4591 aut’quinque
2005 4517 2147 4590 dies,

2253 1903 2611 1975 supportando
2655 1918 2811 1975 onera
2856 1902 3053 1975 gravitr
3077 1901 3365 1975 religionis.
3389 1899 3537 1975 Haec
3580 1899 3632 1956 et
3651 1903 3854 1975 similia

2251 1969 2414 2046 potest
2439 1976 2484 2028 ei
2510 1973 2706 2046 dicere.
2739 1973 2832 2028 Sic
2861 1969 2975 2027 ille.
2995 1970 3222 2046 _Veruni_
3249 1981 3306 2024 ut
3345 1969 3433 2024 hic
3461 1972 3612 2026 locus
3647 1972 3853 2046 insigni

2253 2041 2438 2116 aliquo
2467 2045 2773 2116 illustretur
2797 2042 3069 2116 exemplo,
3100 2041 3411 2116 audiamus,
3443 2056 3646 2116 quasso,
3676 2041 3853 2116 Joan-

2252 2110 2375 2171 nem
2405 2115 2700 2171 Climacum
2747 2115 2814 2169 de
2857 2112 3089 2181 quodam
3122 2110 3444 2166 monasterio
3467 2111 3568 2164 ista
3602 2115 3854 2172 referen-

2253 2196 2359 2242 tem
2390 2187 2609 2257 (Gradu
2639 2184 2693 2254 4)
2727 2204 2739 2237 :
2772 2185 3103 2257 Admirabar,
3136 2183 3340 2257 inquit,
3370 2197 3459 2252 ego
3483 2182 3594 2257 illic
3618 2200 3854 2257 praesens

2251 2254 2446 2312 novitEr
2475 2273 2540 2311 ea:
2567 2257 2757 2311 saeculo
2801 2255 3116 2310 venientium
3159 2254 3335 2322 ﬁdem,
3388 2261 3434 2306 et
3476 2254 3849 2322 tolerantiam,

2251 2339 2401 2398 atque
2425 2332 2478 2382 in
2505 2327 2800 2398 ignominiis
2829 2335 2874 2379 et
2902 2325 3251 2398 contumeliis,
3281 2332 3332 2398 et
3371 2324 3661 2398 aliquando
3693 2328 3855 2382 etiam

2254 2395 2687 2467 persecutionibus
2730 2396 3129 2467 insuperabilem
3181 2395 3486 2464 patientiam
3515 2438 3529 2463 ,
3577 2412 3701 2464 quas
3742 2414 3853 2454 non

2252 2465 2453 2524 tantum
2485 2470 2546 2522 ab
2573 2468 2785 2535 abbate,
2825 2468 2914 2522 sed
2961 2467 3026 2520 ab
3069 2465 3134 2536 iis
3160 2481 3361 2536 quoque
3407 2467 3496 2534 qui
3537 2467 3682 2536 longe
3709 2467 3852 2535 infe-

2252 2544 2420 2596 riores
2445 2549 2609 2602 erant,
2640 2534 3075 2610 perpetiebantur.
3106 2534 3294 2610 Itaque
3325 2534 3697 2610 aedificationis
3720 2534 3853 2608 gra-

2253 2615 2344 2676 tia,
2373 2608 2648 2681 quemdam
2694 2608 2757 2663 ea:
2801 2608 3050 2679 fratribus
3079 2608 3372 2681 sciscitatus
3424 2624 3576 2681 sunt,
3613 2609 3700 2678 qui
3726 2621 3852 2665 ante

2252 2678 2541 2753 quindecim
2567 2698 2728 2734 annos
2753 2678 2808 2734 in
2833 2678 3142 2753 monasterio
3170 2687 3364 2753 egerat,
3398 2678 3724 2753 Abbacgrum
3745 2697 3850 2735 no-

2252 2748 2408 2816 mine,
2438 2769 2590 2823 quem
2621 2753 2842 2805 maxime
2869 2750 3013 2818 affici
3041 2750 3252 2820 injuriis
3275 2751 3381 2823 fere
3409 2748 3473 2823 ab
3505 2748 3735 2823 omnibus
3770 2753 3852 2805 vi-

2254 2820 2464 2889 det-am,
2497 2838 2887 2892 nonnumquam
2907 2837 3025 2874 vero
3055 2825 3204 2892 etiam
3242 2837 3274 2874 a
3293 2820 3543 2892 ministris
3576 2837 3638 2874 ea:
3666 2837 3848 2877 mensa

2256 2893 2613 2966 fugari.7Erat
2657 2890 2794 2966 enim
2832 2890 3113 2966 fraterille
3162 2891 3479 2966 naturaliter
3506 2891 3849 2966 _l_i_ngute_ali-_

2253 2961 2563 3034 quantulum
2585 2961 2924 3018 incontinens.
2953 2962 3196 3016 Dicebam
3220 2963 3393 3034 itaque
3412 2961 3479 3014 ad
3500 2961 3648 3015 illuni
3664 2979 3683 3016 .'
3700 2963 3851 3029 Quid

2253 3033 2351 3100 est,
2385 3038 2546 3106 frater
2574 3036 2863 3105 Abbacgre,
2895 3033 3035 3106 quod
3067 3042 3114 3086 te
3142 3033 3371 3106 quotidie
3395 3049 3427 3086 a
3454 3049 3628 3106 mensa
3651 3036 3851 3106 expelli

2256 3103 2429 3171 video,
2460 3122 2520 3159 ac
2550 3103 2938 3171 nonnumquam
2989 3105 3213 3158 dormire
3247 3105 3601 3158 inctenatum?
3642 3103 3741 3170 Qui
3779 3109 3854 3161 ad

2258 3175 2366 3231 litvo
2417 3179 2487 3231 ita
2531 3176 2848 3247 respondit:
2875 3175 3039 3229 Crede
3087 3175 3234 3240 mihi,
3291 3172 3472 3242 Pater,
3517 3177 3733 3244 probant
3768 3194 3854 3233 me

2259 3249 2443 3303 Patres
2470 3249 2587 3312 mei,
2616 3258 2796 3300 utrum
2817 3247 3097 3300 monachus
3119 3262 3231 3301 esse
3259 3247 3466 3311 cupiam
3488 3262 3509 3311 ;
3539 3262 3641 3300 non
3670 3257 3854 3302 autem

2257 3336 2371 3374 vere
2387 3320 2440 3374 id
2455 3319 2675 3386 faciunt.
2698 3319 2864 3382 Quam
2881 3333 2975 3388 ego
2993 3316 3170 3372 Patris
3183 3318 3498 3384 aliorumque
3509 3316 3856 3388 intentionem

2259 3407 2361 3444 non
2392 3392 2666 3461 ignorans,
2711 3386 2964 3461 levissime
3005 3403 3066 3461 ac
3105 3390 3216 3442 sine
3254 3389 3362 3442 ulla
3392 3386 3624 3439 molestia
3668 3391 3858 3461 omnia

2259 3459 2430 3516 tolero
2446 3477 2465 3516 :
2484 3471 2530 3513 et
2551 3476 2666 3513 ecce
2686 3459 2942 3513 decimum
2962 3459 3199 3530 quintum
3215 3464 3334 3531 jam
3361 3473 3556 3531 annum
3577 3474 3675 3527 ago
3703 3459 3858 3515 istud

2257 3533 2508 3602 cogitans,
2538 3532 2671 3584 sicut
2711 3539 2756 3584 et
2794 3531 2894 3602 ipsi
2921 3571 2935 3593 ,
2967 3529 3175 3598 quando
3212 3529 3582 3602 monasterium
3618 3531 3819 3602 intravi
3840 3577 3855 3599 ,

2257 3598 2501 3656 dixerunt
2528 3602 2674 3665 mihi,
2705 3598 2842 3670 quod
2871 3617 3029 3669 usque
3048 3602 3114 3654 ad
3137 3616 3334 3656 annum
3379 3601 3447 3656 30
3470 3598 3862 3670 ﬁenuntiantes

2256 3674 2474 3745 probare
2502 3669 2744 3728 solerent.
2772 3672 2837 3726 Et
2860 3683 2995 3726 recte
3018 3673 3260 3745 quidem,
3280 3669 3702 3745 l‘aterjoannes,
3735 3673 3864 3728 sine

2255 3741 2554 3815 probatione
2579 3746 2713 3799 enim
2737 3759 2927 3798 aurum
2951 3759 3053 3796 non
3083 3744 3368 3811 per/icitur.
3407 3741 3506 3796 llic
3527 3742 3685 3815 igitur
3709 3758 3864 3815 egre-

2255 3813 2370 3886 gius
2413 3816 2709 3886 Abbacyrus
2756 3815 2979 3870 secundo
3017 3830 3152 3868 anno
3193 3821 3478 3886 postquam
3517 3813 3864 3886 adveneram,

2255 3882 2491 3958 migravit
2513 3882 2882 3958 ad'Dominupt
2906 3887 2961 3958 in
2981 3882 3291 3958 monasterio
3310 3882 3705 3958 _Itoc,Patribus,
3732 3882 3866 3958 c_um

2257 3954 2526 4026 deficeret,
2561 3959 2732 4013 dicens
2761 3973 2778 4011 .'
2806 3955 3012 4010 Gratias
3041 3973 3138 4025 ago
3168 3954 3389 4020 Domino
3424 3964 3481 4026 et
3530 3957 3702 4018 vobis,
3744 3954 3866 4011 Pa-

2257 4025 2357 4084 tres
2377 4071 2391 4093 ,
2420 4029 2558 4100 quod
2591 4046 2669 4082 me
2695 4029 2761 4081 ad
2789 4029 3005 4100 salutem
3032 4043 3196 4080 meam
3225 4025 3458 4100 tentastis
3486 4026 3679 4100 iugiter
3708 4040 3728 4080 :
3752 4025 3866 4082 hac

2252 4101 2390 4154 enim
2414 4097 2476 4154 ea:
2497 4115 2654 4153 causa
2684 4098 2971 4152 immunisa
2987 4101 3268 4152 tentatione
3296 4097 3588 4151 dazmonum
3602 4099 3868 4153 hactenus

2257 4173 2448 4225 mansi.
2479 4169 2571 4226 Sic
2597 4171 2706 4224 ille.

2324 4238 2352 4278 δ
2397 4239 2679 4310 Dionysius
2717 4238 3156 4306 Paraphrastes:
3191 4237 3382 4295 Statim
3421 4238 3484 4292 de
3534 4242 3869 4310 monasterio

2256 4312 2417 4385 fugiet
2445 4312 2717 4385 animatus
2728 4310 2923 4379 ﬁducia
2935 4326 3051 4385 sum
3078 4311 3332 4385 pecuniat,
3365 4311 3501 4385 velut
3533 4309 3697 4385 funda
3716 4328 3871 4385 prq-

2243 4379 2432 4455 jectus.
2464 4381 2722 4455 Sequenti
2751 4395 2904 4455 cap.,_
2923 4379 3008 4455 Ne
3035 4379 3350 4455 confidentia
3378 4380 3538 4450 hujus
3565 4379 3870 4438 oblationis

2253 4450 2464 4522 inﬂatus
2490 4494 2503 4517 ,
2538 4461 2645 4524 etc.
2680 4450 3043 4524 Porro'funda
3073 4452 3214 4524 dicta
3251 4469 3312 4507 eo
3339 4455 3478 4524 quod
3526 4468 3597 4524 ex,
3635 4468 3694 4524 ea
3729 4455 3876 4524 fun-

2255 4525 2446 4577 dantur
2502 4521 2741 4588 lapides,
2791 4523 2843 4576 id
2891 4530 3012 4586 esl,
3066 4521 3401 4590 emittantur,
3452 4524 3528 4578 ait
3581 4521 3870 4581 Isidorus.

575 4587 712 4640 visus
755 4589 907 4657 fuerit
945 4587 1207 4667 patienter
1258 4587 1479 4660 portare,
1526 4587 1872 4667 et__persistere
1920 4587 2152 4667 petitioni
2177 4587 2231 4648 D
2257 4594 2514 4667 (Etgmol.
2542 4592 2637 4667 lib.
2663 4587 3610 4667 xvntc.18.)Instrumentumsatis
3634 4604 3870 4667 notum,

574 4673 699 4736 suae,
731 4669 989 4736 annuatur
1015 4662 1061 4713 ei
1081 4663 1372 4736 ingressus,
1400 4672 1508 4736 etc.
1539 4662 2145 4736 (ExqversioneRu/ini).

573 4726 640 4782 Et
669 4731 823 4795 inira,
851 4741 1079 4798 quatuor
1099 4726 1436 4788 conditiones
1467 4733 1519 4788 in
1547 4726 1760 4788 novitio
1788 4726 2146 4802 explora'ndas

572 4802 824 4874 requirit,
842 4803 920 4874 _i.
949 4803 992 4856 si
1022 4817 1196 4874 revera
1215 4801 1378 4855 Deum
1397 4806 1576 4874 quierit
1593 4821 1612 4868 ;
1635 4804 1690 4858 2.
1722 4806 1767 4859 si
1793 4806 2042 4861 sollicitus
2071 4816 2147 4862 est

573 4870 642 4943 ad
672 4887 796 4941 opus
830 4872 924 4927 Dei
954 4873 1132 4943 (quod
1163 4875 1382 4942 exponit
1410 4870 1853 4931 Turrecrematus
1873 4917 1887 4941 ,
1920 4877 1987 4931 ad
2023 4892 2144 4932 ora-

572 4941 1291 5029 tionem,‘_ad.lectionetu,
1351 4944 1426 5029 ‘ad
1473 4945 2052 5029 meditationemjrﬁ.
2099 4951 2149 5029 si

552 5013 641 5066 -ad
697 5013 1067 5082 obedientiam,
1132 5016 1457 5084 implendam
1525 5019 1731 5072 scilicet
1784 5013 2046 5073 sollicitus
2096 5028 2150 5074 et

571 5094 879 5158 promptus;
908 5086 962 5140 4.
992 5087 1037 5141 si
1066 5086 1132 5139 ad
1169 5088 1476 5158 opprobria,
1513 5087 1566 5142 id
1605 5100 1717 5156 est,
1748 5090 2146 5158 increpationes

571 5155 740 5228 duras
770 5157 1078 5228 tolerandas
1108 5155 1398 5226 patienter,
1422 5155 1564 5228 quod
1595 5155 1844 5228 superius
1872 5155 2043 5214 dixit:
2069 5161 2148 5214 Ad

537 5227 744 5320 mea?
774 5227 1019 5320 uer:-
1041 5227 1624 5320 Plrifla'fvas'rius
1639 5227 2142 5320 ,=chrismri4tmt

568 5297 775 5372 inquit,
796 5297 933 5367 quod
962 5299 1330 5371 stpitalarius
1361 5301 1678 5372 probationis
1705 5317 1881 5365 causa,
1912 5311 2073 5372 potest
2103 5297 2148 5356 ei

569 5371 655 5443 qui
683 5373 839 5439 recipi
870 5374 995 5443 petit
1025 5373 1194 5424 dicere
1221 5372 1395 5439 aliqua
1425 5371 1596 5434 verba,
1623 5386 1738 5440 qua:
1767 5371 2147 5438 impatientiam

568 5441 768 5514 anilitas
803 5441 902 5496 cito
933 5453 1139 5514 possent
1174 5457 1452 5510 provocare
1483 5453 1526 5493 ct
1554 5456 1904 5514 commovere;
1933 5453 2106 5514 utpote
2128 5460 2146 5497 .'

473 5521 484 5531 '
567 5509 753 5578 frater,
779 5514 904 5582 quid
932 5509 1139 5575 scimus,
1173 5509 1240 5566 an
1271 5523 1326 5564 tu
1359 5515 1428 5566 sis
1470 5513 1668 5567 servilis
1696 5509 2054 5566 conditionis?
2081 5529 2149 5566 an

567 5590 801 5649 apostata
829 5582 1043 5637 alterius
1075 5585 1389 5654 religionis?
1418 5600 1488 5638 an
1526 5583 1887 5646 latrocinium,
1915 5584 2018 5635 sive
2041 5584 2168 5652 fur-'

567 5658 673 5726 tum
718 5655 1049 5726 commiseris,
1083 5664 1129 5707 et
1178 5657 1360 5709 timore
1406 5657 1475 5709 ad
1521 5671 1613 5710 nos
1657 5670 1795 5708 nunc
1840 5654 2149 5726 confugias?

566 5717 836 5800 Prwterea
863 5723 1156 5800 dubitamus
1176 5728 1311 5800 quod
1339 5744 1500 5800 parva
1516 5728 1724 5780 tentatio
1756 5735 1802 5800 t_e
1827 5717 2150 5800 cito'dEjic-iet

568 5805 598 5864 ρ
614 5793 872 5858 proposito
895 5793 1028 5857 quod
1050 5809 1182 5847 nunc
1204 5794 1390 5853 videris
1411 5797 1617 5858 habere.
1635 5807 1684 5853 et
1703 5798 1837 5852 velut
1859 5797 1981 5852 levis
2001 5793 2151 5868 palea

2255 4653 2324 4720 ex
2352 4653 2591 4720 funiculo
2621 4674 2711 4717 aut
2760 4653 3358 4732 fasciola'cout‘ectum,
3405 4663 3471 4719 ad
3505 4663 3774 4721 rotandos
3810 4653 3876 4723 ei

2251 4735 2535 4806 jactandos
2564 4735 2774 4804 lapides
2802 4750 2952 4808 :quo
2980 4735 3151 4793 David
3181 4737 3474 4807 superbum
3488 4735 3694 4792 Goliam
3721 4752 3877 4806 pro-

2252 4811 2442 4863 Stravit
2472 4808 2521 4875 (Ι
2553 4806 2681 4875 Reg.
2715 4809 2877 4875 xvu).

2252 4811 2442 4863 Stravit
2472 4811 2521 4863 ll
2553 4811 2681 4863 Rea.
2715 4811 2877 4863 xvui.

2327 4811 2442 4863 'avit
2472 4809 2521 4875 (Ι
2553 4809 2681 4878 Reg.
2715 4809 2877 4879 xvu).

2327 4890 2348 4917 ε
2377 4877 2568 4948 Magno
2593 4876 2942 4946 perieCtionis
2970 4879 3091 4940 zelo
3116 4875 3364 4933 monachi
3387 4875 3464 4948 illi
3488 4875 3884 4938 Pacbomiani

2250 4944 2514 5004 summam
2547 4944 2922 5023 paupertatem
2953 4959 3244 5023 sectantes,
3282 4956 3335 5000 et
3365 4944 3694 5023 solo-Opere
3732 4963 3884 5008 ma-

2250 5035 2414 5074 nuum
2453 5011 2709 5092 sua-rum,
2752 5032 2830 5092 ut
2865 5022 2995 5074 alias
3039 5019 3245 5092 dictum
3289 5023 3373 5069 est
3405 5011 3548 5083 (Lib.
3579 5026 3638 5068 nt
3683 5031 3740 5069 c.
3781 5023 3887 5092 ὅ),

2248 5091 2432 5144 vivere
2452 5090 2688 5154 assueti,
2720 5090 2859 5146 nihil
2906 5089 3130 5143 oinnino
3165 5085 3433 5154 bonorum
3465 5095 3562 5139 aut
3587 5085 3889 5152 pecunia;

2250 5175 2367 5215 rum
2397 5161 2462 5216 ab
2494 5161 2558 5214 iis
2579 5153 2716 5230 ques
2738 5159 3102 5229 recipiebant,
3146 5153 3332 5230 inferri
3362 5155 3717 5230 monasteriis
3760 5177 3887 5230 pa-

2251 5231 2547 5301 tiebantur,
2575 5226 2642 5286 ne
2683 5226 2897 5299 quidem
2923 5226 3300 5301 communibus
3331 5226 3525 5301 usibus
3567 5226 3891 5301 applicas“-

2249 5302 2410 5368 dum;
2441 5297 2550 5372 quo
2571 5297 2817 5370 sieoperi
2849 5297 3891 5372 manualidiligentiusincumberent

2251 5367 2488 5442 (Sozam.
2526 5374 2613 5428 lib.
2664 5367 2739 5436 ni,
2794 5387 2909 5435 cap.
2940 5371 3032 5442 '5;_
3057 5367 3363 5442 Nicephgrr
3392 5368 3482 5423 lib.
3520 5384 3596 5437 ut,
3639 5383 3683 5422 c.
3753 5373 3890 5442 μς

2252 5439 2468 5501 Pallad.
2501 5445 2556 5498 in
2591 5442 2948 5514 Lausia._cap.
2975 5440 3064 5496 58.
3096 5439 3220 5494 Vid.
3249 5439 3558 5514 Coll.ﬁxx1v,
3583 5456 3700 5510 cap.
3727 5439 3887 5514 10);

2253 5529 2360 5586 quo
2381 5517 2596 5586 quidem
2635 5513 2750 5567 solo
2779 5511 2962 5586 vivere
2996 5525 3090 5586 eos
3117 5512 3358 5586 potuisse
3383 5513 3582 5586 liquet;
3623 5511 3892 5580 quando

2252 5581 2320 5640 de
2348 5581 2666 5653 quibusdam
2688 5584 2879 5637 scribit
2903 5582 3198 5639 Cassianus
3225 5581 3402 5651 capite
3432 5583 3643 5638 decimo
3672 5597 3892 5650 quar-

2251 5665 2308 5712 to
2333 5656 2492 5726 hujus
2530 5654 2682 5718 libri,
2713 5654 2869 5726 quod,
2887 5663 3058 5708 tantos
3087 5654 3440 5726 unusquisque
3467 5668 3642 5709 eorum
3661 5661 3894 5726 quasi.

2252 5729 2336 5781 die
2383 5722 2447 5780 de
2491 5742 2644 5794 opere
2687 5722 2748 5779 ac
2778 5725 2966 5797 sudore
3013 5722 3243 5797 praprio‘
3273 5724 3504 5778 redditus
3550 5722 3893 5797 conferebat

2252 5792 2593 5861 monasterio;
2638 5805 2785 5853 utea:
2813 5795 2893 5853 his
2921 5792 3073 5853 suam
3100 5792 3386 5852 sustentare
3413 5810 3517 5849 non
3544 5792 3710 5860 solum
3775 5812 3894 5869 οφ.
