4026 6212
226 255 330 329 ιᾶῚ

622 257 712 315 DE
750 256 1228 320 C(ENOBIORUM
1269 262 1513 322 lNSTlT.
1552 266 1687 333 ΠΒ.
1729 267 1818 325 IV.
1850 294 1922 317 --ι-
1945 272 2037 330 DE
2078 273 2464 336 INSTITUTIS
2502 275 3100 340 RENUNTIAN’I‘IUM.

225 372 506 467 suscipere
531 375 602 443 ab
634 390 704 432 eo
725 378 989 446 pecunias
1027 381 1399 449 acquiescunt.
1439 382 1706 450 Primum,
1751 400 1821 442 ne
1846 391 1896 452 Α
1924 405 2041 445 rum
2073 407 2192 461 qtae
2237 392 2563 460 intulerant,
2591 410 2823 466 qumque
2862 397 2918 451 in
2963 396 3062 453 Dei
3090 409 3258 467 opere
3292 396 3506 456 fuerant

223 466 553 526 confidentia
588 468 749 539 hujus
784 471 1075 529 oblationis
1106 473 1345 541 inflatus,
1378 491 1713 549 nequaquam
1758 493 1819 537 se

228 559 639 631 pauperioribtis
663 560 925 627 fratribus
947 579 1234 636 coaequare
1253 553 1539 639 dignetur;
1583 577 1717 639 tum,
1746 587 1815 628 ne

230 666 329 723 per
341 652 482 709 hanc
502 652 795 710 elationem
820 657 1132 733 nullatenus
1148 659 1215 719 ad
1237 660 1596 718 humilitatem
1612 663 1814 719 Christi

228 745 588 814 descendens,
618 761 741 805 cum
769 726 873 807 sub
902 730 1193 823 disciplina
1223 753 1459 811 coenobii
1489 769 1597 813 non
1628 766 1817 826 potue-
1902 804 1909 807 .

225 837 301 892 rit
342 838 658 906 perdurare,
701 851 957 909 egressus
985 842 1190 899 exinde
1214 858 1278 900 ea
1308 859 1434 914 quae
1465 845 1519 901 in
1552 842 1818 916 principio

226 928 646 984 renuntiationis
667 945 781 986 sua:
810 931 1041 1001 spiritali
1070 932 1295 992 fervore
1327 950 1627 992 succensus
1672 936 1819 993 intu-

226 1017 396 1085 lerat,
418 1021 721 1091 tepefactus
747 1033 934 1093 postea
963 1040 1073 1083 non
1112 1029 1233 1102 sine
1274 1029 1475 1099 injuria
1504 1033 1822 1089 monasterii

225 1112 500 1184 sacrilego
529 1115 725 1185 spiritu
752 1118 1021 1188 recipere
1060 1129 1229 1191 atque
1272 1122 1494 1195 exigere
1545 1125 1821 1181 moliatur.

219 1202 380 1270 Quod
428 1207 761 1264 omnimodis
787 1210 1069 1269 obsonari
1094 1214 1314 1283 debere,
1355 1217 1541 1276 multis
1570 1228 1696 1275 sunt
1726 1235 1823 1275 ex-

219 1300 543 1369 perimentis
586 1301 908 1374 frequenter
934 1307 1133 1365 edocti.
1159 1309 1293 1365 Nam
1339 1326 1442 1382 per
1493 1312 1596 1366 alia
1640 1313 1821 1369 minus

216 1401 377 1447 cauta
404 1396 732 1453 monasteria
777 1398 1105 1471 simpliciter
1135 1404 1354 1475 quidam
1394 1406 1676 1476 suscepti,
1722 1421 1817 1462 eo-

1917 483 2230 553 dispensata
2254 525 2269 553 ,
2302 500 2425 541 cum
2450 496 2477 525 ι
2501 487 2699 557 ingenti
2740 496 2866 558 post
2896 489 3235 562 blasphemia
3263 485 3296 531 ι’
3322 492 3503 550 redhi-

1917 572 2177 631 bitionem
2209 588 2433 646 poscere
2471 586 2833 636 tentaverunt.

2526 714 2752 772 CAPUT
2798 715 2867 777 ν.

1919 825 2025 884 Cur
2056 828 2127 894 hi,
2156 830 2245 898 qui
2270 830 2589 896 renuntiant,
2617 830 2835 902 suscepti
2865 830 2918 885 iu
2941 832 3261 901 monasteriis
3288 849 3501 902 propria

1992 902 2285 956 vestimenta
2311 901 2586 971 deponant,
2618 912 2665 956 et
2686 902 2745 955 ab
2764 900 2958 957 abbate
2981 903 3100 955 aliis
3122 900 3425 960 induantur.

1994 1040 2355 1108 Quamobrem
2401 1040 2473 1095 ita
2525 1038 2760 1094 nudatur
2788 1038 3054 1110 quisque,
3084 1051 3211 1094 cum
3256 1050 3502 1109 receptus

1920 1129 2107 1197 fuerit,
2140 1130 2287 1186 omni
2312 1130 2536 1202 pristina
2564 1130 2839 1196 facultate,
2870 1138 2931 1185 ut
2960 1144 3029 1185 ne
3056 1129 3230 1197 ipsum
3258 1130 3503 1199 quidem,

1920 1237 2030 1293 quo
2060 1233 2282 1293 opertus
2328 1232 2432 1289 est,
2483 1221 2862 1277 indumentum
2918 1221 3122 1278 habere
3162 1222 3504 1291 permittatur

1921 1314 2172 1379 ulterius,
2216 1314 2309 1369 sed
2352 1315 2405 1369 in
2455 1314 2686 1371 concilio
2714 1314 2937 1370 fratrum
2983 1314 3280 1384 productus
3318 1315 3370 1370 in
3396 1329 3503 1372 mea

1921 1404 2072 1461 dium
2107 1417 2129 1445 ε
2155 1415 2383 1462 exuatur
2407 1407 2663 1477 propriis,
2693 1421 2758 1462 ac
2806 1421 2903 1477 per
2940 1421 3132 1463 manus
3165 1406 3378 1464 abbatis
3424 1407 3504 1463 in-

1292 1539 1549 1596 ALARDI
1586 1537 1819 1596 GAZIEI
1857 1537 2422 1596 COMMENTARIUS.

210 1657 345 1716 feret
368 1658 696 1728 parvitatem,
723 1673 898 1713 verum
940 1658 1098 1728 etiam
1127 1656 1301 1713 usibus
1338 1666 1506 1728 posset
1533 1656 1810 1712 exuberare
1837 1657 1886 1717 B
1912 1654 2301 1711 donationibus
2351 1654 2677 1728 novitiorum
2716 1652 3136 1728 contingebant,
3173 1659 3267 1728 aut
3295 1653 3503 1728 contin-

212 1727 529 1785 multorum.
558 1731 628 1783 At
654 1743 759 1782 non
787 1728 978 1782 eadem
1012 1727 1109 1782 fuit
1150 1727 1375 1783 aliorum
1418 1728 1802 1782 monachorum

213 1811 261 1856 et
291 1801 632 1866 religionum
665 1798 931 1851 institutio
956 1805 1009 1850 et
1030 1798 1387 1853 consuetudo.
1420 1798 1551 1852 Nam
1575 1799 1643 1853 ab
1670 1798 1802 1867 ipsis

213 1872 488 1927 Ecclesiae
509 1868 818 1938 primordiis
846 1868 1004 1936 primi
1036 1868 1273 1938 religiosi
1314 1868 1597 1935 alferebant
1642 1871 1806 1938 pretia

209 1959 387 1997 rerum
428 1937 645 1995 suarum
692 1940 760 1992 ad
807 1937 1347 2009 pedesrapostolorum
1378 1956 1395 1991 :
1427 1949 1474 1993 et
1512 1937 1801 1993 inde’diui-

209 2015 434 2069 dabatur
463 2010 703 2080 singulis,
730 2008 883 2079 praut
908 2008 1089 2077 cuique
1116 2026 1245 2078 opus
1267 2017 1394 2063 erat.
1416 2010 1542 2065 Act.
1566 2026 1639 2065 tv.
1660 2010 1828 2066 Talis'

212 2084 379 2140 etiam
412 2083 515 2136 fuit
539 2096 664 2135 usus
692 2080 1036 2147 antiquorum
1069 2082 1521 2136 monasteriorum
1546 2123 1560 2146 ,
1611 2090 1669 2135 ut
1717 2097 1801 2136 re-

214 2156 465 2225 ciperent
506 2152 577 2225 si!
596 2150 723 2219 quid
755 2150 809 2203 in
838 2164 1124 2225 commune
1152 2149 1408 2225 conferre
1446 2152 1683 2225 vellent,
1696 2152 1803 2225 (qui

207 2220 462 2281 monachi
496 2223 698 2277 flebant
728 2236 742 2273 :
777 2220 914 2274 unde
938 2228 982 2275 et
1009 2237 1063 2276 se
1087 2230 1135 2275 et
1176 2238 1273 2276 sua
1302 2222 1490 2289 olferre
1520 2222 1630 2277 Deo
1652 2220 1803 2279 dice-

208 2296 416 2351 bantur
447 2314 457 2348 :
486 2293 612 2348 hinc
660 2294 719 2346 D.
770 2292 1105 2361 Augustinus
1143 2307 1262 2362 cap.
1310 2295 1343 2349 5
1392 2308 1503 2348 sua:
1535 2293 1800 2362 Regulae:

209 2366 322 2432 Qui
369 2365 571 2435 aliquid
594 2362 844 2436 habebant
882 2362 935 2416 in
964 2363 1173 2436 sarculo,
1206 2363 1415 2436 quando
1445 2365 1664 2436 ingressi
1684 2372 1803 2436 sunt

208 2431 610 2494 monasterium.
658 2432 869 2486 libenter
897 2431 1053 2485 velint
1096 2431 1228 2487 illud
1259 2452 1365 2488 esse
1397 2431 1687 2488 commune.
1742 2434 1801 2491 S.

208 2506 753 2571 etiamBenedictus,
778 2513 838 2558 ut
859 2503 914 2557 in
944 2503 1059 2558 Vita
1090 2503 1150 2559 S.
1185 2505 1384 2560 Placidi
1410 2506 1632 2573 legitur,
1662 2506 1801 2560 bona

246 2593 343 2633 ua:
370 2576 577 2632 fuerant
602 2575 995 2630 monachorum
1020 2589 1273 2641 suorum.
1316 2591 1423 2630 non
1453 2577 1667 2631 sinebat
1694 2577 1804 2632 alio

247 2648 457 2704 erivari
479 2690 491 2709 ,
514 2662 671 2717 quam
718 2646 784 2700 ad
828 2660 924 2700 sua
949 2647 1330 2717 monasteria,
1360 2656 1415 2700 ut
1443 2646 1569 2701 inde
1600 2648 1803 2702 multos

200 2720 309 2774 Dei
334 2715 694 2774 servos‘alere
715 2725 921 2787 posset.
946 2715 1015 2770 Et
1033 2731 1154 2786 cap.
1186 2717 1256 2772 58
1280 2731 1394 2771 suae
1419 2718 1664 2785 Regulae,
1688 2727 1800 2772 sta-

211 2793 315 2845 tuit
343 2806 491 2854 eum,
518 2790 605 2859 qui
635 2788 995 2860 suscipiendus
1014 2795 1109 2860 est,
1133 2803 1215 2841 res
1239 2788 1285 2860 si
1311 2804 1436 2860 quas
1463 2787 1633 2860 habet,
1659 2790 1803 2851 prius

190 2862 430 2934 'erOgare
476 2859 837 2934 pauperibusa
869 2867 958 2914 aut
1006 2859 1144 2912 facta
1192 2859 1486 2913 solemniter
1528 2859 1802 2913 donatione

210 2930 455 3001 conferre
474 2930 784 2986 monasterio
866 2954 867 2957 η

282 2998 621 3070 {Quaeritur
649 3016 765 3063 cur,
792 3014 984 3069 etquae
1012 2998 1089 3058 sit
1117 2999 1307 3070 ingens
1338 2998 1695 3069 blasphemia,
1719 3014 1803 3055 re-

208 3084 406 3143 petere
440 3073 581 3127 bona
622 3072 955 3127 monasterio
982 3071 1230 3143 collata?_
1256 3070 1323 3143 Β.
1366 3071 1580 3143 Duobus
1627 3071 1806 3143 modis

207 3141 261 3201 id
304 3145 553 3214 intelligi
602 3157 764 3212 posse
793 3159 806 3195 :
844 3143 902 3214 to
926 3142 993 3214 de
1023 3141 1305 3214 monachis
1338 3141 1622 3214 professis,
1649 3141 1709 3195 2⁸
1737 3142 1805 3199 de

211 3216 461 3282 novitiis,
491 3211 728 3273 nondum
753 3211 1039 3283 professis,
1069 3213 1162 3268 sed
1182 3213 1235 3268 in
1258 3212 1577 3283 probatione
1606 3215 1808 3269 consti-

210 3288 372 3343 tutis.
400 3288 527 3357 Agit
572 3285 717 3340 enim
759 3285 962 3340 Auctor
987 3284 1042 3357 i_n
1091 3284 1193 3357 hoc
1222 3284 1359 3357 libro
1396 3284 1706 3357 promiscue
1736 3285 1804 3339 de

208 3353 486 3425 utrisque,
517 3365 578 3412 ut
608 3357 808 3411 dictum
837 3363 938 3409 est.
989 3354 1056 3409 Et
1097 3355 1141 3408 si
1181 3353 1411 3424 quidem
1447 3353 1514 3409 de
1544 3355 1806 3424 professis

212 3429 576 3495 intelligatur.
618 3438 675 3480 ut
707 3425 961 3480 videntur
1006 3425 1094 3480 illa
1120 3425 1286 3480 verba
1335 3425 1692 3494 praecedentia
1731 3428 1806 3481 si-

208 3500 474 3568 gniﬁcare
503 3518 515 3553 :
553 3498 685 3566 Qua:
711 3500 767 3552 in
791 3496 1046 3568 principio
1074 3497 1470 3551 renuntiationis
1499 3513 1627 3564 sum,
1649 3498 1798 3568 spiri-

210 3567 304 3623 tali
334 3571 546 3640 fervore
594 3567 865 3623 succensus
916 3567 1439 3640 intuleratimertum
1486 3575 1569 3621 est
1619 3583 1803 3623 mona-

210 3638 382 3696 chuir.
414 3642 558 3695 bona
591 3654 686 3693 sua
715 3638 1044 3693 monasterio
1072 3638 1287 3705 collata,
1320 3648 1374 3691 et
1428 3639 1796 3707 incorporata,

210 3718 316 3767 non
362 3713 481 3766 sine
509 3712 713 3779 ingenti
732 3710 1087 3776 blasphemia,
1118 3708 1168 3762 id
1191 3716 1294 3772 est,
1319 3708 1540 3776 injuria,
1573 3719 1628 3762 et
1663 3709 1805 3763 irre-

212 3783 464 3838 verentia
493 3782 545 3836 in
574 3783 740 3835 Deum
769 3788 823 3835 et
845 3781 1020 3834 locum
1051 3794 1291 3847 sacrum,
1321 3793 1480 3848 posse
1509 3787 1758 3848 repetere
1787 3796 1800 3830 :

210 3854 527 3924 praesertim
579 3852 624 3924 si
672 3851 883 3924 haec;
938 3858 1251 3924 contemptu
1284 3847 1403 3903 aut
1447 3847 1810 3924 delegatione

208 3919 397 3979 énltus
421 3923 596 3979 divini
627 3933 683 3978 et
712 3921 996 3990 religionis
1022 3919 1179 3976 faciat
1202 3961 1218 3986 ,
1251 3928 1310 3974 ut
1346 3928 1607 3989 apostatte
1651 3919 1810 3990 (Vide

162 4043 167 4046 .
216 3993 279 4051 S.
308 3994 412 4049 Th.
444 3994 543 4048 2-2
566 4010 615 4061 q.
652 3993 723 4046 15
747 4001 791 4046 et
827 3992 947 4059 14);
979 3990 1121 4062 quod
1150 3994 1357 4047 crimen
1405 3990 1675 4062 etiam__ad
1722 4004 1810 4045 sa-

215 4064 506 4136 erilegium
531 4060 815 4136 pertinet:
839 4060 1058 4136 undeet
1085 4062 1527 4136 superiusdixit:
1557 4060 1682 4115 Non
1701 4062 1811 4136 sine

214 4132 413 4205 injuria
440 4132 742 4190 monasterii
765 4133 1015 4205 sacrilego
1044 4135 1230 4205 spiritu
1258 4134 1504 4203 recipere,
1532 4140 1686 4205 atque
1710 4132 1814 4205 eai-

210 4202 333 4275 gere
363 4205 633 4261 moliatur.
666 4204 723 4261 Si
762 4219 895 4275 vero
919 4202 987 4259 de
1016 4202 1239 4259 novitiis
1281 4202 1523 4260 nondum
1552 4202 1812 4274 professis

214 4274 314 4331 aut
336 4287 469 4332 voto
496 4275 735 4329 astrictis
778 4274 1147 4346 intelligatur;
1177 4283 1267 4328 aut
1296 4275 1543 4346 absolute
1572 4275 1813 4346 donave-

213 4356 343 4417 rant
370 4356 428 4403 et
454 4346 807 4402 contulerant
839 4361 935 4400 sua
973 4347 1110 4417 bona
1132 4345 1462 4417 monasterio
1486 4345 1698 4417 (utpote
1723 4345 1808 4399 sui

207 4415 380 4491 juris,
399 4427 455 4473 et
476 4416 684 4486 liberi),
702 4425 793 4472 aut
811 4432 922 4470 non
943 4416 1211 4491 absolute,
1234 4416 1331 4491 sed
1351 4415 1451 4471 sub
1471 4415 1805 4491 conditione,
1832 4427 1888 4491 Ῑ)

210 4486 263 4542 si
306 4498 691 4553 remanerent,
734 4494 789 4542 et
837 4487 1218 4555 profiterentur
1269 4487 1323 4541 in
1362 4487 1730 4542 monasterio:
1761 4486 1808 4540 si

214 4557 495 4625 absolute,
546 4557 732 4625 procul
769 4556 935 4612 dubio
963 4558 1153 4627 ingens
1181 4572 1276 4614 seu
1312 4571 1505 4627 magna
1532 4568 1648 4613 erat
1667 4557 1812 4614 blas-

213 4628 549 4695 phemia,.itl
578 4638 683 4693 est,
708 4628 930 4697 injuria,
965 4637 1020 4683 et
1050 4630 1616 4692 irreverentia,immo
1646 4638 1699 4683 et
1724 4642 1813 4684 sa-

215 4697 511 4768 crilegium
535 4699 740 4767 proprii
768 4699 1028 4768 nominis,
1045 4699 1188 4754 bona
1216 4697 1332 4754 Deo
1353 4706 1686 4761 consecrata,
1719 4705 1815 4755 aut

211 4765 430 4839 dicata,
446 4765 690 4839 exemplo
708 4770 934 4825 Ananiae
959 4765 1065 4822 sibi
1089 4768 1368 4839 vindicare
1383 4778 1469 4839 aut
1501 4781 1806 4837 reposcere.

212 4837 385 4906 Quod
407 4839 591 4895 multis
605 4837 913 4895 canonibus
941 4838 1232 4894 confirmat
1250 4837 1541 4894 Gratianus
1566 4840 1651 4903 l7,
1675 4854 1730 4907 q.
1752 4841 1810 4905 4,

211 4916 271 4964 et
304 4909 399 4976 l9,
424 4926 481 4980 q.
513 4911 568 4975 5,
594 4925 712 4980 cap.
749 4911 878 4976 Quae
905 4911 1060 4964 semel
1079 4953 1093 4977 ,
1122 4923 1194 4965 ex
1241 4909 1471 4965 concilio
1516 4907 1814 4980 Chalcedo-

211 4926 271 4964 ει
304 4926 399 4976 w,
464 4950 481 4967 .
513 4926 568 4975 ο.
594 4926 712 4980 cap.
749 4926 878 4976 υαω
905 4926 1093 4977 semet,
1122 4926 1194 4965 ex
1241 4926 1471 4965 concnto
1516 4926 1814 4965 unatceao-

207 4983 376 5036 nensi
409 4926 563 5051 ($03).
594 4981 650 5047 2,
683 4982 738 5045 5,
763 4980 821 5047 4,
853 4980 969 5050 21).
1009 4980 1081 5051 Et
1100 4979 1245 5051 ratio
1275 4980 1433 5036 docet
1462 4979 1669 5036 morale
1690 4994 1814 5036 esse

209 5049 552 5120 praeceptum
584 5051 807 5107 Levitici
834 5049 982 5106 xxvtr
1007 5068 1018 5104 :
1048 5049 1302 5121 Quicquid
1328 5051 1486 5121 semel
1506 5051 1663 5119 fuerit
1690 5066 1815 5106 con-

206 5119 497 5186 secratum,
529 5122 784 5179 Sanctum
826 5121 1131 5176 Sanctorum
1179 5119 1277 5175 erit
1314 5119 1579 5190 ,Domino,
1616 5121 1667 5176 id
1694 5130 1809 5189 est,

207 5194 464 5249 manebit
492 5201 756 5262 perpetuo
787 5192 1180 5248 sanctificatum
1202 5235 1217 5259 ,
1246 5204 1343 5246 nec
1370 5193 1563 5261 poterit
1595 5193 1649 5247 in
1677 5193 1814 5248 alios

209 5276 347 5317 usus
401 5264 681 5329 converti,
734 5272 794 5319 ut
838 5262 1060 5333 exponit
1110 5263 1169 5320 S.
1202 5262 1441 5318 Thomas
1470 5262 1609 5333 (Μ,
1637 5280 1690 5332 q.
1719 5263 1810 5329 88,

205 5348 259 5388 c.
290 5333 415 5403 Η).
449 5335 505 5391 Si
537 5334 644 5391 sub
690 5332 1031 5400 conditiOne,
1079 5335 1242 5390 etiam
1292 5332 1487 5403 ingens
1519 5333 1658 5402 apud
1687 5332 1814 5389 illos

202 5402 512 5474 religiosos
533 5415 591 5462 et
616 5415 836 5459 sanctos
858 5404 1044 5460 Patres
1073 5402 1427 5474 reputabatur
1456 5402 1811 5472 blasphemia,

204 5490 304 5530 res
336 5477 682 5532 monasterio
703 5475 924 5529 collatas
966 5473 1236 5544 repetere,
1283 5475 1365 5530 vel
1404 5473 1638 5545 auferre,
1669 5476 1812 5545 quod

203 5546 262 5602 id
292 5555 681 5616 contemptum
710 5544 997 5616 quemdam
1023 5546 1187 5602 divini
1216 5544 1444 5601 honoris
1487 5553 1542 5599 et
1575 5544 1814 5613 Religio-

203 5619 293 5701 nis
328 5631 452 5701 pra:
482 5614 757 5701 seferret.
786 5614 984 5701 Yerunt
1026 5616 1419 5701 posterioribus
1464 5616 1680 5698 saeculis
1706 5616 1811 5671 Ec-

203 5686 383 5744 clesia
406 5688 600 5743 multis
619 5686 1007 5757 experimentis
1018 5686 1233 5755 edocta,
1250 5689 1320 5745 oh
1337 5688 1582 5757 graviora
1612 5690 1814 5742 incom-

109 5813 168 5843 ,Ἴ
200 5758 383 5817 modo
407 5796 431 5830 ,
460 5766 519 5817 et
546 5758 850 5818 animarum
880 5757 1220 5829 discrimina,
1253 5774 1373 5832 quae
1403 5774 1469 5816 ex
1504 5757 1815 5831 hujusmodi

1910 1741 2041 1797 gere
2068 1734 2338 1795 poterant,
2372 1726 2425 1780 in
2456 1724 2688 1797 cnncilio
2715 1723 3035 1797 Tridentino
3082 1725 3299 1797 statuit:
3335 1725 3386 1778 1.
3435 1724 3501 1780 Ut

1910 1794 2058 1851 nulla
2076 1794 2402 1851 renuntiatio
2419 1805 2510 1849 aut
2530 1794 2777 1864 obligatio
2804 1796 3002 1867 novitii,
3030 1795 3185 1849 etiam
3210 1812 3324 1848 cum
3346 1797 3501 1867 jura-

1909 1878 2078 1922 mento
2109 1870 2269 1937 facta,
2297 1867 2375 1921 vel
2412 1868 2465 1921 in
2506 1868 2733 1937 favorem
2775 1866 3138 1936 cujuscumque
3176 1866 3497 1934 caustepite,

1909 1936 2223 2005 valeat,nisi
2246 1955 2360 1991 cum
2382 1939 2590 1993 licentia
2617 1936 2861 2007 episcOpi,
2886 1937 2965 1990 vel
2994 1937 3106 2006 ejus
3125 1937 3327 2001 vicarii,
3356 1937 3495 1992 intra

1909 2010 2038 2064 duos
2070 2026 2267 2064 menses
2288 2010 2545 2080 proximos
2575 2015 2697 2060 ante
2730 2007 3137 2080 professionem;
3158 2024 3221 2061 ac
3242 2025 3345 2063 non
3366 2009 3499 2063 alias

1907 2081 2230 2151 intelligatur
2257 2079 2494 2147 effectum
2531 2091 2681 2133 suum
2719 2079 2913 2151 sortiri,
2949 2079 3046 2132 nisi
3093 2087 3269 2133 secuta
3299 2080 3499 2150 profes-

1884 2150 2156 2206 sioneﬁﬂ.
2192 2150 2298 2206 Sed
2346 2164 2506 2217 neque
2549 2156 2668 2203 ante
2704 2150 3092 2220 professionem,
3127 2161 3336 2220 excepto
3360 2151 3499 2204 victu

1907 2232 1954 2277 et
1982 2224 2163 2279 vestitu
2190 2222 2394 2286 novitii,
2426 2222 2535 2286 ejus
2567 2219 2807 2291 temporis
2830 2235 2948 2291 quo
2984 2219 3039 2291 in
3076 2219 3377 2291 probatione
3401 2229 3497 2287 est,

1907 2309 2224 2361 quocumque
2256 2302 2528 2360 praztextu,
2554 2307 2587 2345 a
2614 2290 2931 2360 parentibus,
2964 2290 3042 2361 uel
3070 2290 3391 2361 prapinquis,
3420 2293 3498 2345 vel

1909 2359 2232 2417 curatoribus
2254 2364 2368 2434 ejus
2394 2402 2409 2427 ,
2438 2362 2747 2416 monasterio
2773 2360 2974 2434 aliquid
3007 2359 3077 2414 ex
3098 2359 3241 2414 bouis
3271 2361 3499 2434 ejusdem

1909 2434 2169 2487 tribuatur
2193 2450 2211 2487 :
2239 2431 2301 2487 ne
2343 2431 2443 2486 hac
2472 2434 2735 2487 occasione
2777 2431 3038 2486 discedere
3078 2431 3317 2500 nequeat,
3357 2432 3495 2501 quod

1908 2514 2093 2571 totam,
2127 2505 2207 2577 uel
2231 2507 2480 2577 (majorem
2520 2503 3048 2577 partemrsubstantin:
3088 2518 3199 2577 sua:
3243 2512 3498 2557 monaste-

1906 2577 2041 2647 rium
2062 2573 2339 2647 possideai,
2374 2591 2465 2628 nec
2493 2574 2664 2644 facile,
2692 2576 2739 2647 si
2762 2574 3074 2647 digesserit,
3105 2573 3161 2626 id
3188 2589 3495 2647 recuperare

1907 2644 2086 2716 possit.
2122 2648 2175 2703 '5.
2206 2645 2344 2714 Quin
2368 2646 2534 2717 potius
2554 2644 2788 2717 pra’cipit
2813 2644 2873 2717 S.
2906 2646 3133 2717 synodus
3157 2645 3259 2717 sub
3275 2644 3497 2717 anathe-

1906 2710 2490 2788 matisiparna'dantibus
2514 2710 2965 2788 et'recip'ientibus,
2981 2730 3058 2767 ne
3082 2714 3178 2768 hoc
3208 2715 3316 2788 ullo
3341 2715 3497 2788 modo

1907 2787 2021 2856 ﬁat.
2046 2786 2099 2840 4.
2138 2787 2206 2842 Ut
2230 2787 2532 2840 abeuntibus
2556 2796 2673 2841 ante
2699 2786 3086 2857 professionem,
3139 2787 3315 2838 omnia
3340 2787 3497 2839 resti-

1908 2854 2119 2911 tuantur
2153 2874 2269 2927 (ματ
2306 2873 2405 2911 sua
2445 2865 2609 2911 erant.
2642 2854 2707 2913 5.
2742 2854 2850 2927 Per
2900 2856 3008 2911 haec
3055 2865 3225 2911 tamen
3267 2857 3498 2927 synodus

1908 2929 2040 2981 nihil
2069 2926 2291 2998 intendit
2317 2929 2559 2981 innovare
2594 2927 2649 2980 in
2676 2927 2761 2998 pio
2788 2926 3372 2998 institutoclericorum‘
3393 2926 3498 2983 So-

1909 2999 2107 3053 cietatis
2132 2997 2281 3053 Jesu.
2312 2998 2439 3053 Haec
2467 2997 2544 3052 ibi
2578 2996 2788 3068 (“(25,
2821 3013 2866 3050 θ.
2900 2996 2989 3063 16,
3011 2997 3075 3050 de
3104 2996 3407 3071 Regular.).

1984 3090 2012 3132 δ
2046 3091 2358 3148 Redhibitio
2406 3089 2547 3161 apud
2594 3089 3013 3161 jurisconsultos
3059 3102 3141 3146 est
3169 3090 3498 3147 venditionis

1914 3164 2208 3229 resolutio,
2265 3174 2321 3218 et
2347 3162 2635 3219 redhibere
2677 3162 2875 3218 dicitur
2918 3162 3185 3230 venditor,
3238 3164 3327 3232 qui
3382 3179 3496 3218 rem

1914 3234 2208 3296 venditant.
2234 3233 2447 3296 reddito
2471 3236 2670 3305 pretio,
2701 3234 2892 3303 recipit
2938 3234 3009 3289 ab
3049 3245 3313 3302 emptore.
3344 3234 3498 3290 Unde

1912 3305 2103 3377 Festus
2132 3323 2146 3361 :
2178 3305 2524 3362 Bedhibitum
2547 3351 2562 3374 ,
2591 3305 2789 3374 inquit,
2840 3306 3057 3377 proprie
3104 3307 3301 3361 dicitur
3355 3305 3496 3377 quod

1912 3376 2320 3448 redditumest,
2353 3375 2860 3448 improbatumque,
2912 3375 2966 3431 et
3008 3377 3098 3448 qui
3141 3377 3321 3440 dedit,
3352 3375 3496 3448 idem

1894 3448 2100 3502 rursus
2122 3447 2323 3503 habere
2350 3457 2571 3503 coactus
2600 3460 2681 3503 est
2706 3447 2851 3519 quod
2879 3455 3004 3502 ante
3024 3447 3236 3519 habuit.
3273 3448 3369 3501 Est
3399 3447 3488 3515 igi-

1916 3526 2002 3572 tur
2031 3519 2321 3576 redhibitio
2342 3521 2587 3588 quaedam
2622 3521 2674 3574 in
2703 3517 2967 3583 integrum
2989 3517 3281 3573 restitutio.
3315 3520 3384 3570 At
3408 3519 3496 3572 hic

1917 3589 2236 3658 simpliciter
2268 3587 2370 3659 pro
2404 3592 2772 3646 restitutione.
2802 3589 2933 3645 Nam
2974 3588 3116 3659 idem
3148 3601 3229 3643 est
3259 3587 3497 3659 redhibi-

1917 3655 2118 3715 tion'em
2143 3655 2390 3731 pose—ere,
2432 3661 2574 3730 quod
2599 3660 2845 3729 superius
2887 3656 3130 3728 recipere
3177 3667 3337 3726 atque
3385 3655 3497 3710 exi-

1915 3743 2062 3798 gere.

1988 3830 2014 3862 ο
2037 3821 2131 3877 Sic
2159 3821 2224 3877 D.
2256 3819 2584 3876 Benedictus
2610 3817 2703 3890 ubi
2732 3832 2893 3888 supra
2926 3816 3355 3890 :Suscipiendus
3385 3819 3498 3890 fra-

1915 3899 1991 3946 ter
2018 3893 2071 3946 in
2112 3892 2339 3947 oratorio
2367 3899 2582 3945 emuntur
2610 3889 2759 3944 rebus
2791 3889 3012 3959 prapriis
3030 3930 3045 3954 ,
3075 3888 3267 3959 quibus
3286 3888 3499 3943 vestitus

1916 3974 2021 4027 est,
2073 3970 2120 4017 et
2151 3962 2399 4016 induatur
2421 3959 2575 4032 rebus
2608 3957 2902 4016 monasterii
2940 3959 3092 4031 (Cap.
3139 3959 3207 4015 58
3236 3957 3497 4032 Regulae).

1915 4034 2085 4101 Quam
2129 4033 2346 4104 quidem
2392 4031 2747 4104 mutationem
2791 4032 3016 4104 vesnum
3051 4033 3191 4104 inter
3220 4032 3356 4104 alios
3386 4046 3499 4085 mo-

1916 4101 2156 4160 nasticae
2180 4102 2532 4175 professionis
2575 4102 2710 4175 ritus
2767 4101 2838 4157 ab
2876 4103 3138 4173 apostolis
3176 4101 3408 4175 traditos
3443 4104 3499 4156 et

1916 4171 2195 4230 institutos
2222 4183 2465 4231 recenset
2491 4173 2551 4228 Β.
2585 4174 2874 4245 Dionysius
2916 4171 3248 4245 ‘Areopagita
3288 4171 3497 4245 Eccles.

1917 4247 2198 4302 llierarch.
2226 4261 2346 4315 cap.
2368 4245 2422 4311 6,
2438 4246 2660 4316 ejusque
2679 4242 2940 4300 rationem
2959 4242 3141 4300 reddit
3166 4242 3247 4316 his
3277 4242 3457 4316 verbis
3483 4262 3496 4296 ε

1860 4351 1867 4360 ι
1918 4309 2309 4396 Priorisntjestis
2340 4309 2616 4396 depositio,
2639 4316 2950 4396 alteriusque
2978 4314 3264 4386 assumptio
3303 4314 3499 4396 migra-

1916 4390 2103 4442 tionem
2128 4389 2272 4442 illam
2301 4405 2332 4441 a
2372 4386 2541 4441 inedia
2568 4388 2672 4440 vita
2700 4386 2829 4454 (hoc
2856 4395 2968 4452 est,
3016 4400 3045 4440 a
3074 4386 3346 4440 communi
3390 4386 3501 4441 vita

1914 4458 2277 4530 saecularium)
2307 4458 2376 4511 ad
2418 4459 2777 4530 perfectionem
2799 4457 3054 4530 signiﬁcat
3082 4472 3099 4509 :
3124 4456 3255 4530 sicut
3282 4455 3335 4508 in
3368 4454 3502 4530 divi-

1915 4547 1985 4584 na
2008 4527 2395 4600 regeneratione
2439 4527 2516 4598 (id
2546 4538 2657 4600 est,
2691 4527 2987 4600 baptismo)
3010 4528 3384 4600 promotionem
3420 4527 3501 4580 in-

1914 4601 2055 4673 dicat
2068 4597 2355 4673 apurgata
2382 4597 2487 4673 vita
2521 4599 2589 4673 ad
2611 4598 3059 4673 contemplantem,
3079 4597 3501 4673 Aitluﬂminanmmg

1913 4688 2011 4740 que
2036 4666 2300 4735 habitum,
2332 4670 2592 4724 candentis
2639 4670 2789 4740 uestis
2831 4668 3144 4740 immutatio.
3172 4666 3273 4722 Cui
3305 4668 3497 4740 rationi

1914 4737 2116 4797 insistit
2145 4740 2210 4796 Ι).
2256 4739 2789 4812 liierortymus_dutn
2837 4739 3121 4812 Paulinum
3173 4737 3499 4793 monachum

1915 4813 2189 4867 instruens
2222 4810 2415 4882 (Epist.
2448 4809 2536 4881 {5)
2573 4829 2584 4865 :
2615 4809 2904 4876 Tunicam,
2936 4810 3141 4880 inquit,
3172 4819 3343 4864 mutas
3384 4824 3501 4862 cum

1914 4885 2107 4952 animo,
2132 4893 2258 4949 etc.;
2288 4882 2443 4952 quasi
2472 4882 2636 4947 dicat,
2671 4897 2857 4950 parum
2900 4890 2983 4952 est
3007 4882 3239 4935 tunicam
3269 4887 3496 4952 mutare,

1915 4954 2020 5009 nisi
2046 4950 2207 5007 simul
2232 4962 2288 5007 et
2306 4950 2551 5007 animum
2572 4961 2748 5007 mutes
2776 4952 2828 5005 in
2858 4951 3073 5006 melius.
3103 4953 3165 5006 Et
3188 4953 3348 5022 epist.
3374 4950 3497 5022 dad

1915 5024 2199 5080 Rusticum
2215 5023 2555 5088 monachum,
2574 5022 3157 5092 perstringitquosdam
3178 5020 3497 5088 menachos,

1915 5094 2006 5166 qui
2050 5104 2319 5165 postquam
2337 5095 2703 5166 renuntiauere
2742 5095 2971 5166 swculo,
2993 5093 3324 5166 vestimentis
3347 5093 3501 5143 dunt-

1916 5162 2092 5231 taxat,
2143 5175 2189 5217 et
2237 5165 2372 5218 vocis
2402 5164 2739 5235 professione,
2767 5179 2869 5218 non
2898 5164 3066 5230 rebus,
3110 5162 3244 5235 nihil
3291 5162 3351 5215 de
3381 5174 3502 5212 con-

1913 5237 2200 5311 versatione
2227 5234 2450 5311 pristina
2478 5244 2822 5311 mutaverunt.
2850 5235 3141 5311 Cassianus
3164 5234 3501 5311 alteramOra-

1916 5310 2116 5380 tionem
2173 5304 2455 5372 insinuat,
2505 5306 2757 5380 nimirum
2812 5312 2870 5360 ut
2924 5304 3213 5380 pernhauc
3269 5304 3499 5380 vestium

1916 5378 2334 5448 depositionem,
2349 5374 3246 5448 etexspoliationem,_signilicetur
3262 5374 3503 5448 omnium

1918 5439 2098 5505 rerum
2140 5439 2442 5515 abdicatio,
2496 5439 2653 5517 quam
2690 5444 2940 5517 monachi
2965 5439 3313 5517 profitentur
3343 5439 3503 5517 (Vide

1915 5521 2168 5592 Regulam
2196 5520 2258 5575 S.
2304 5510 2572 5592 Pachumii
2606 5528 2708 5592 art.
2752 5511 2891 5592 26).:
2917 5510 3236 5592 utperltoc,
3294 5510 3499 5592 innuit,

1913 5609 1970 5647 se
1995 5583 2102 5646 non
2131 5592 2299 5646 solum
2326 5589 2575 5644 universis
2600 5587 2746 5639 rebus
2775 5583 2884 5636 suis
2905 5584 3132 5655 antiquis
3159 5583 3354 5638 noverit
3378 5598 3503 5655 spot

1916 5664 2097 5717 liatum
2112 5680 2131 5727 ;
2164 5676 2338 5714 verum
2362 5662 2533 5721 etiam,
2556 5655 2695 5711 omni
2715 5654 2854 5727 [astu
2880 5654 3112 5727 deposito
3129 5653 3415 5725 mundiali,
3433 5653 3503 5713 ad

1917 5726 2485 5802 Christipaupertatem
2510 5737 2559 5782 ct
2585 5726 2817 5807 inopiam
2843 5727 3187 5799 descendisse,
3217 5737 3324 5786 etc.

3400 284 3595 360 iss,

3532 600 3542 629 ξ

3531 632 3546 663 ξ

3536 732 3545 761 l
