4036 6218
564 291 671 353 159

1896 270 2178 332 somnus
2213 269 2527 333 cassum
3051 251 3061 259 '
3718 267 3804 330 rso

564 405 763 462 duntur
798 395 1113 456 monasterii
1152 395 1513 460 vestimentis,
1548 398 1612 447 nt
1650 404 1749 461 per
1781 387 1885 444 hoc
1926 401 1988 444 se
2037 401 2146 443 non
2169 387 2225 448 Α
2248 392 2342 440 aut
2376 391 2526 440 certe
2577 381 2684 438 hoc
2721 380 2914 437 ordine
2953 389 3010 437 et
3047 379 3389 448 professione
3437 375 3698 446 judicatus
3737 376 3806 432 in-

565 497 742 553 solum
787 490 1066 547 universis
1093 488 1258 544 rebus
1285 485 1401 542 suis
1429 483 1667 554 antiquis
1702 480 1915 537 noverit
1951 477 2156 549 spolia-

566 594 715 650 tum,
753 597 944 638 verum
999 579 1164 636 etiam
1205 575 1353 632 omni
1383 574 1526 630 fastu
1585 572 1826 645 deposito
1871 569 2150 637 mundiali,

570 676 639 733 a'd
669 674 870 731 Christi
893 679 1260 744 paupertatem
1282 678 1338 725 et
1362 668 1598 738 inopiam
1617 665 1989 730 descendisse,
2011 663 2155 734 jam-

569 785 675 842 que
703 769 899 839 opibus
918 764 1329 822 sustentandum
1365 777 1474 818 non
1503 761 1688 817 saeculi
1733 769 1851 815 arte
1877 757 2149 829 quaesitis,

567 877 668 919 nec
696 861 766 917 de
787 859 1104 914 infidelitate
1139 855 1359 929 pristina
1383 853 1706 917 reservatis;
1736 850 1832 906 sed
1861 849 1929 904 de
1953 849 2154 904 sanctis

567 968 630 1010 ac
655 953 758 1024 piis
785 950 1100 1007 monasterii
1124 947 1503 1020 largitionibus
1519 945 1726 1001 militiae
1755 959 1865 1000 suae
1886 942 2153 1015 stipendia

567 1055 980 1119 perceptarum,
1031 1050 1192 1113 atque
1228 1040 1355 1096 inde
1406 1052 1466 1094 se
1512 1038 1772 1107 deinceps
1814 1035 2152 1092 vestiendum

566 1137 930 1207 alendumque
959 1147 1320 1205 cognoscens,
1360 1140 1414 1186 et
1441 1130 1575 1186 nihil
1598 1129 1827 1195 habere;
1856 1136 1910 1184 et
1949 1127 2151 1182 nihilo-

572 1231 752 1286 minus
799 1229 867 1284 de
916 1227 1157 1283 crastino
1203 1239 1313 1280 non
1359 1238 1480 1281 esse
1543 1221 1808 1279 sollicitus
1854 1220 2152 1277 secundum

568 1320 848 1392 Evangelii
871 1320 1045 1376 discat
1065 1318 1389 1375 sententiam
1408 1357 1424 1386 ,
1459 1330 1560 1373 nec
1587 1315 1874 1372 erubescat
1897 1312 2152 1385 pauperi-

568 1412 690 1480 bus,
745 1411 800 1466 id
829 1422 948 1478 est,
999 1411 1219 1481 corpori
1261 1409 1620 1466 fraternitatis
1670 1407 1906 1479 aequari,
1957 1406 2154 1477 quibus

567 1501 949 1558 connumerari
983 1500 1253 1565 Christus,
1309 1509 1364 1556 et
1405 1514 1634 1570 quorum
1665 1514 1723 1555 se
1769 1500 1990 1554 fratrem
2042 1511 2152 1552 non

568 1595 782 1650 erubuit
805 1606 1119 1662 nuncupare
1147 1591 1518 1663 (Mattltwi,vr)
1551 1611 1565 1647 :
1598 1592 1726 1660 quin
1758 1592 1935 1660 potius
1954 1589 2154 1661 glorie-

569 1694 656 1741 tur
682 1684 998 1740 domesticis
1022 1684 1140 1754 ejus
1163 1683 1362 1739 factum
1389 1699 1449 1740 se
1469 1698 1591 1741 esse
1619 1691 1945 1740 consortem.

1196 1795 1427 1852 CAPUT
1465 1796 1554 1853 Vl.

572 1885 690 1960 Qua
711 1887 773 1942 de
812 1902 972 1960 causa
997 1887 1300 1942 uestimenta
1329 1885 1775 1960 Renuntianlinm.
1822 1903 1938 1941 cum
1963 1888 2152 1960 quibus

639 1959 858 2028 ingressi
917 1965 1038 2012 sunt
1102 1958 1502 2027 monasterium,
1553 1975 1586 2013 a
1635 1958 1986 2029 dispensatore
2047 1975 2154 2014 ser-

638 2037 839 2083 ventur.

638 2142 736 2200 Illa
764 2157 896 2199 vero
923 2158 1044 2213 quae
1065 2142 1320 2215 deposuit
1339 2143 1688 2210 vestimenta,
1717 2157 2000 2200 oeconomo
2021 2157 2154 2200 con-

568 2233 801 2304 signata,
857 2234 1059 2290 tamdiu
1111 2245 1476 2303 reservantur,
1521 2235 1694 2292 donec
1745 2235 2058 2306 profectus,
2104 2243 2160 2292 et

569 2325 1000 2380 conversationis
1043 2324 1198 2393 ejus,
1254 2339 1318 2380 ac
1345 2325 1649 2380 tolerantiae
1690 2327 1944 2381 virtutem
1979 2324 2158 2381 diver-

569 2415 647 2469 sis
700 2414 1092 2470 tentationibus
1123 2428 1187 2467 ac
1215 2415 1624 2484 probationibus
1662 2416 1948 2472 evidenter
1988 2430 2158 2488 agno-

571 2513 749 2558 scant.
800 2503 867 2558 Et
919 2503 966 2559 si
1017 2502 1234 2574 quidem
1284 2519 1446 2574 posse
1502 2521 1624 2561 eum
1666 2506 1798 2562 inibi
1856 2507 2158 2577 perdurare

571 2605 816 2664 tempore
842 2593 1176 2665 procedente
1204 2597 1609 2666 perspexerint,
1641 2605 1697 2652 et
1726 2598 1780 2652 in
1806 2598 2022 2666 eodem,
2050 2613 2159 2668 quo

571 2687 777 2758 coepit,
807 2686 1028 2744 fervore
1056 2689 1353 2758 persistere
1375 2730 1390 2755 ,
1423 2689 1793 2759 indigentibus
1816 2689 2006 2745 eadem
2054 2691 2163 2746 lar-

572 2780 792 2851 giuntur
822 2796 836 2833 :
869 2778 967 2835 Sin
1011 2794 1142 2836 vero
1194 2780 1462 2851 quoddam
1491 2795 1560 2837 ex
1603 2795 1671 2837 eo
1714 2782 2160 2838 murmurationis

573 2870 792 2938 vitium,
845 2869 931 2926 vel
963 2884 1144 2940 parvae
1183 2872 1472 2943 cujuslibet
1509 2873 1892 2930 inobedientia:
1945 2873 2159 2945 culpam

573 2963 906 3034 processisse
928 2963 1419 3036 deprehenderint,
1448 2975 1718 3024 exuentes
1743 2981 1865 3023 eum
1887 2975 2161 3023 monaste-

573 3055 640 3112 rii
688 3054 887 3124 quibus
927 3055 1147 3114 indutus
1189 3057 1386 3122 fuerat,
1427 3059 1793 3126 vestimentis,
1835 3069 1890 3116 et
1920 3059 2161 3130 antiquis

2255 477 2478 547 dignus,
2508 489 2633 531 cum
2678 471 3000 529 confusione
3031 481 3086 528 et
3117 483 3247 527 ηοω
3272 483 3453 526 coram
3482 468 3687 524 cunctis
3718 468 3805 524 ira-

2255 565 2685 638 tribusdeposita
2707 572 2860 622 veste
2884 562 3226 628 monasterii,
3256 570 3284 599 ι
3304 559 3621 631 expellatur.

2841 677 3069 735 CAPUT
3113 677 3228 733 VII.

2256 774 2364 830 Cur
2407 775 2462 828 in
2509 772 2820 829 monasterio
2844 770 3068 842 suscepti
3112 785 3215 842 non
3269 767 3630 842 permittuntur
3663 767 3804 842 statim

2328 846 2712 915 congregationi
2759 835 3368 914 fratrum'commisceri;
3396 839 3488 893 sed
3518 835 3804 892 xenodocln'o

2323 924 2443 971 ante
2467 917 2759 970 tradantur.

2324 1029 2462 1086 Cum
2485 1029 2646 1100 igitur
2673 1027 2798 1099 quis
2827 1033 3135 1096 susceptus,
3163 1032 3219 1080 et
3265 1022 3368 1078 hac
3415 1019 3803 1092 perseverantia,

2254 1135 2414 1192 quam
2431 1120 2687 1188 diximus,
2707 1117 3111 1188 comprobatus,
3137 1129 3201 1192 a‘c
3215 1113 3476 1184 depositis
3497 1113 3715 1184 propriis
3731 1125 3808 1166 ve-

2258 1181 2553 1280 stimentis,
2571 1181 2759 1267 habitu
2780 1181 3336 1266 monasteriali‘fuerit
3351 1181 3652 1270 accinctus;
3670 1203 3695 1241 ι’
3718 1216 3808 1258 non
3877 1195 3882 1199 ’

2254 1305 2438 1362 statim
2483 1302 2894 1375 congregationi
2924 1301 3153 1357 fratrum
3181 1298 3524 1355 commisceri
3571 1294 3810 1367 permitti-

2257 1405 2366 1464 tur,
2409 1395 2504 1452 sed
2547 1395 2841 1466 deputatur
2863 1392 3098 1458 seniori,
3131 1391 3224 1461 qui
3255 1389 3486 1445 seorsim
3516 1387 3653 1444 haud
3676 1387 3810 1457 longe

2255 1501 2286 1544 a
2311 1487 2580 1545 vestibulo
2601 1484 2924 1543 monasterii
2949 1495 3328 1548 commanens,
3359 1480 3524 1537 habet
3540 1495 3711 1536 curam
3735 1493 3813 1548 pe-

2255 1582 2597 1653 regrinorum
2616 1590 2674 1636 et
2699 1577 3103 1635 advenientium
3132 1575 3465 1646 deputatam,
3497 1573 3676 1644 elsque
3709 1586 3811 1628 om-

2256 1688 2380 1729 nem
2401 1672 2737 1742 diligentiam
2782 1667 3149 1740 susceptionis
3177 1676 3234 1722 et
3262 1665 3612 1721 humanitatis
3632 1666 3814 1734 impen-

2183 1777 2236 1840 Β
2259 1765 2356 1822 dit.
2386 1765 2629 1833 Cumque
2653 1761 2855 1818 ibidem
2877 1762 3092 1832 integro
3120 1773 3263 1815 anno
3287 1757 3606 1814 deserviens
3632 1757 3812 1824 absque

2257 1856 2365 1912 ulla
2391 1854 2611 1926 querela
2637 1867 2794 1908 suum
2825 1852 2968 1909 circa
2993 1851 3312 1922 peregrinos
3340 1849 3646 1906 exhibuerit
3669 1847 3814 1902 lamu-

2257 1949 2464 2016 latum,
2507 1947 2748 2003 imbutus
2777 1960 2874 2016 per
2907 1945 3010 1999 hoc
3049 1944 3220 2014 prima
3248 1942 3586 1999 inStitutione
3627 1938 3816 1996 humili-

2256 2040 2405 2108 tatis,
2431 2055 2498 2095 ac
2539 2039 2843 2109 patientia},
2875 2046 3041 2108 atque
3085 2036 3141 2090 in
3170 2050 3235 2092 ea
3268 2035 3427 2106 longa
3457 2033 3816 2090 exercitatione

2258 2135 2648 2206 praecognitus,
2677 2130 3061 2188 admiscendus
3087 2145 3150 2186 ex
3167 2129 3271 2185 hoc
3300 2127 3700 2199 congregationi
3721 2123 3817 2179 fra-

2261 2237 2440 2294 trum;
2468 2227 2558 2282 alii
2603 2225 2836 2281 traditur
2861 2223 3101 2291 seniori,
3145 2221 3237 2291 qui
3259 2221 3448 2277 decem
3494 2229 3516 2258 ο
3545 2216 3818 2290 junioribus

2259 2327 2477 2391 praeest,
2507 2331 2644 2389 quos
2667 2317 2768 2373 sibi
2794 2315 3033 2372 creditos
3053 2312 3121 2369 ab
3143 2313 3341 2368 abbate
3368 2310 3606 2366 instituit
3622 2305 3818 2378 pariter,

2260 2421 2316 2469 et
2343 2412 2610 2482 gubernat
2640 2427 2653 2464 :
2709 2409 3009 2465 secundum
3036 2406 3167 2462 illud
3196 2405 3404 2460 scilicet
3450 2402 3601 2474 quod
3628 2399 3819 2458 ordina-

2261 2514 2374 2561 tum
2399 2505 2455 2560 in
2481 2501 2507 2541 ἀ
2537 2502 2725 2560 Exodo
2752 2502 2985 2574 legimus
3012 2515 3109 2571 per
3139 2499 3386 2570 Moysen.

2846 2611 3074 2671 CAPUT
3112 2609 3252 2667 Vill.

2264 2708 2462 2775 Quibus
2487 2709 2706 2777 primum
2741 2706 2995 2761 institutis
3017 2703 3256 2777 juniores
3283 2712 3644 2777 exerceantur,
3675 2709 3725 2754 ut
3764 2696 3823 2751 ad

2391 2773 2713 2849 superandus
2743 2793 2918 2832 onmes
2945 2773 3388 2846 concupiscentias
3415 2773 3708 2844 proﬁciant.

2333 2871 2500 2940 Cujus
2527 2870 2643 2926 haec
2673 2871 2776 2926 erit
2815 2867 3120 2924 sollicitudo
3155 2875 3210 2922 et
3238 2863 3470 2922 eruditio
3499 2862 3823 2934 principalis.

2265 2977 2361 3031 per
2384 2977 2543 3033 quam
2567 2961 2751 3032 junior
2774 2959 3112 3016 introductus
3138 2957 3434 3014 ascendere
3457 2963 3826 3026 consequenter

2263 3055 2426 3110 etiam
2476 3055 2710 3110 culmina
2757 3051 3106 3124 perfectionis
3151 3065 3360 3106 summa
3411 3050 3730 3119 praevaleat,
3780 3054 3828 3101 ut

573 3145 934 3215 revestitum,
993 3161 1112 3216 quae
1161 3147 1379 3204 fuerant
1428 3158 1797 3218 sequestrata,
1854 3149 2157 3220 depellunt.
2185 3169 2231 3232 ο
2264 3148 2455 3204 doceat
2478 3163 2604 3204 eum
2631 3148 2878 3219 primitus
2908 3161 3033 3202 suas
3054 3144 3274 3200 vincere
3299 3142 3634 3210 voluntates;
3683 3153 3827 3212 quem

573 3236 786 3296 Nullum
815 3237 1019 3294 etenim
1045 3238 1124 3294 fas
1160 3247 1243 3294 est
1277 3252 1400 3294 cum
1422 3238 1532 3294 illis
1556 3255 1677 3309 qua:
1706 3238 1936 3308 accepit,
1966 3240 2156 3294 absce-

575 3330 735 3397 dere,
776 3344 877 3385 nec
901 3343 1222 3400 quemquam
1271 3329 1548 3398 patiuntur
1594 3329 1702 3385 illis
1752 3329 1928 3385 adhuc
1978 3330 2158 3397 indui,

576 3437 738 3493 quem
790 3421 961 3478 semel
1009 3421 1080 3475 ab
1127 3419 1485 3476 institutionis
1532 3436 1644 3478 sua:
1682 3421 1871 3492 regula
1921 3422 2160 3492 tepuisse

574 3515 928 3587 perviderint.
961 3513 1118 3572 Unde
1163 3515 1327 3571 etiam
1358 3515 1514 3586 copia
1568 3514 1702 3570 nulli
1739 3515 1952 3585 penitus
1981 3516 2159 3586 palam

577 3605 890 3664 discedendi
920 3605 1262 3674 conceditur,
1294 3605 1400 3663 nisi
1427 3618 1520 3662 aut
1549 3607 1604 3662 in
1633 3620 1842 3663 morem
1883 3607 2026 3662 servi
2080 3605 2163 3662 fu—

575 3701 724 3773 gacis
746 3710 971 3774 captans
1012 3699 1364 3760 densissimas
1395 3701 1648 3759 tenebras
1697 3711 1857 3759 nocte
1885 3700 2160 3774 diifugiat;

2261 3242 2504 3298 studiose
2535 3242 2589 3296 in
2631 3241 2714 3296 his
2740 3255 2803 3296 ac
2831 3241 3118 3310 diligenter
3141 3253 3425 3307 exercens,
3456 3238 3573 3294 lucc
3605 3238 3681 3294 illi
3705 3249 3829 3292 sem-

2261 3351 2358 3408 per
2389 3336 2656 3406 imperare
2687 3334 2754 3390 de
2784 3335 3048 3390 industria
3079 3332 3392 3406 procurabit
3415 3375 3429 3400 ,
3461 3347 3579 3403 quae
3616 3329 3831 3387 senserit

2261 3427 2442 3482 animo
2474 3425 2604 3495 ejus
2633 3439 2756 3481 esse
2785 3425 3083 3480 contraria.
3113 3423 3294 3478 Multis
3325 3421 3586 3493 siquidem
3629 3420 3832 3492 experi-

2263 3520 2460 3576 mentis
2489 3519 2665 3598 edocti
2705 3519 2955 3584 tradunt,
3003 3515 3328 3572 monachum
3354 3558 3370 3584 ,
3414 3525 3470 3573 et
3499 3517 3725 3572 maxime
3757 3514 3833 3584 ju-

2265 3613 2467 3678 niores,
2510 3626 2579 3666 ne
2631 3611 2963 3680 voluptatem
2993 3607 3210 3679 quidem
3245 3607 3699 3678 concupiscentia:
3733 3619 3833 3660 sum

2265 3705 2541 3762 refrenare
2571 3719 2732 3776 posse
2756 3745 2771 3773 ,
2818 3702 2921 3758 nisi
2971 3703 3122 3773 prius
3154 3711 3178 3740 ο
3206 3702 3541 3761 mortificare
3582 3716 3678 3772 per
3715 3699 3833 3755 obe-

1641 3841 1898 3900 ALARDI
1936 3842 2173 3900 GAZ/El
2211 3840 2775 3902 COMMENTARIUS.

653 3945 678 3973 α
699 3935 858 3990 Notet
882 3937 1056 4006 lector
1077 3939 1392 4001 monachos,
1421 3952 1514 3992 seu
1535 3936 1858 4006 Religiosos,
1882 3951 1948 4006 ex
1965 3936 2147 4006 veteri

578 4020 729 4060 more
754 4014 811 4058 et
839 4005 1085 4071 instituto
1129 4021 1287 4072 posse
1331 4007 1400 4059 ob
1439 4007 1650 4072 aliquas
1690 4019 1880 4072 causas
1906 4005 2027 4070 ejici
2064 4014 2155 4058 aut

578 4076 779 4130 dimitti
809 4088 839 4128 a
890 4071 1171 4142 religione,
1205 4073 1346 4141 quod
1392 4071 1552 4125 etiam
1584 4088 1650 4124 ex
1688 4071 1908 4142 Regalis
1950 4071 2153 4142 D._Au-

578 4146 774 4216 gnstini
801 4153 856 4199 et
883 4145 948 4201 Ι).
976 4138 1253 4216 Benedicti
1279 4142 1661 4216 comprobatur
1698 4138 1965 4216 (Lib.-_tn_
1983 4138 2151 4216 ρεστ.

579 4208 694 4284 ἔαρ.
741 4215 911 4268 ultim.
958 4215 1021 4266 de
1049 4211 1323 4284 Regulam;
1368 4208 1909 4284 S:_Tl_t_ont._quodlib.
1946 4208 2033 4284 1},
2063 4226 2150 4284 qu.

578 4278 702 4354 ull.;
725 4285 945 4353 August.
975 4299 1020 4336 ε.
1043 4278 1383 4354 ΞοἙβρηέίω
1413 4278 1568 4354 (lusit.
1589 4280 1641 4332 in
1657 4279 1855 4354 Regula
1883 4295 1929 4332 c.
1955 4280 1985 4333 7
2008 4290 2054 4334 et
2077 4278 2150 4346 '8;

578 4349 847 4408 Benedici.
873 4370 920 4408 c.
949 4353 1020 4408 ‘28
1049 4363 1095 4406 et
1125 4349 1236 4423 58):
1273 4349 1581 4423 Et_quidern
1612 4351 1779 4423 multo
1803 4354 2064 4423 severius
2093 4365 2156 4406 ac

578 4425 910 4503 frequentius
931 4423 1073 4493 apud
1100 4420 1309 4503 veteres
1329 4421 1769 4503 iilosmonachos
1799 4422 1849 4476 id
1880 4420 1993 4476 ﬁeri
2025 4423 2156 4503 solif
2182 4442 2237 4503 D

581 4491 691 4550 tum
711 4535 726 4560 ,
759 4495 920 4549 etiam
952 4491 1016 4550 ex
1045 4493 1222 4548 causis
1272 4491 1593 4557 levioribus,
1620 4505 1764 4561 puta
1791 4507 1890 4563 pro
1919 4494 2158 4562 qualibet

577 4564 935 4620 inobedientia
957 4609 970 4632 ,
1001 4573 1093 4619 aut
1124 4564 1569 4628 murmuratione,
1619 4572 1677 4616 ut
1709 4563 1912 4617 indicat
1938 4563 2154 4618 Cassia-

578 4652 699 4692 nus.
729 4637 986 4704 Quamvis
1015 4636 1157 4690 enim
1200 4635 1300 4688 hoc
1323 4635 1440 4689 loco
1469 4648 1574 4688 non
1624 4633 1692 4688 de
1712 4703 1719 4704 ί
1742 4635 2028 4703 professis,
2059 4633 2156 4689 sed

577 4707 647 4763 de
673 4703 891 4762 novitiis
913 4706 1085 4761 adhuc
1109 4706 1165 4760 in
1204 4705 1521 4774 probatione
1550 4703 1860 4774 constitutis
1895 4719 2054 4774 agere
2073 4705 2158 4760 vi-

577 4779 797 4843 deatur;
851 4786 1027 4832 tamen
1056 4773 1387 4830 idem’etiam
1429 4774 1498 4828 de
1543 4773 1830 4842 professis,
1873 4773 1968 4828 seu
2013 4776 2157 4830 veris

577 4850 875 4907 monachis.
910 4845 1313 4916 intelligendum
1344 4844 1475 4898 satis
1505 4844 1704 4899 indicat
1739 4844 1802 4897 D.
1829 4844 2156 4899 Benedictus

576 4935 758 4990 supra,
784 4919 874 4973 ubi
905 4918 974 4972 de
1002 4914 1272 4990 monacho
1291 4914 1394 4980 iam
1427 4916 1673 4990 professo
1695 4928 1890 4990 agens,
1916 4923 1971 4968 et
1995 4916 2154 4990 plane

577 4985 937 5045 consentanee
981 4987 1045 5040 ad
1095 4990 1233 5060 hunc
1259 4985 1439 5060 locum
1468 5003 1480 5039 ε
1517 4985 1644 5060 Mos:
1670 5002 1848 5060 ergo,
1872 4985 2070 5054 inquit,
2101 4987 2158 5039 in

576 5063 802 5116 oratorio
828 5068 1047 5114 eruatur
1076 5057 1224 5110 rebus
1243 5057 1489 5125 pr0priis,
1518 5058 1702 5126 quibus
1728 5057 1938 5111 uestitus
1967 5066 2038 5111 est
2057 5102 2071 5126 ,
2107 5067 2156 5112 et

574 5134 820 5186 induatur
848 5131 998 5185 rebus
1028 5128 1358 5182 monasterii:
1378 5126 1472 5180 illa
1493 5138 1661 5182 autent
1689 5130 2008 5192 vestimenta,
2041 5129 2157 5194 qui-

574 5205 668 5256 bus
710 5204 940 5268 eauitur,
973 5207 1292 5271 reponantur
1325 5199 1376 5251 in
1405 5200 1644 5252 vestiario
1674 5201 2022 5271 conservanda
2052 5217 2073 5271 ξ
2103 5209 2157 5253 ut

573 5275 618 5328 si
649 5275 930 5345 aliquando
959 5270 1199 5345 suadenti
1232 5270 1452 5345 diabolo
1478 5270 1815 5345 consenserit,
1839 5278 1895 5322 ut
1922 5270 2156 5342 egredia-

573 5354 659 5396 tur
688 5339 1172 5414 m'onasterio(quod
1192 5339 1503 5408 absit),tunc
1533 5349 1712 5414 exutus
1742 5342 1888 5392 rebus
1903 5339 2156 5414 monaste-

573 5416 639 5467 rii
661 5419 988 5485 projiciatur.
1017 5408 1094 5485 lie,
1111 5411 1212 5485 hac
1229 5426 1470 5485 porro‘ex
1480 5408 1724 5485 pulsione
1743 5408 2152 5485 monachorum,

573 5477 918 5540 etmoriachis
937 5483 1200 5552 expulsis,
1225 5477 1338 5552 sive
1361 5481 1570 5548 eiectis,
1588 5477 2154 5552 videndtts_Navarrus

573 5556 627 5609 in
652 5547 1047 5610 commentario
1076 5554 1140 5607 de
1172 5547 1526 5623 Regularibus
1553 5547 1939 5623 (Commemg).

642 5623 670 5661 ι)
693 5625 783 5679 Sic
804 5635 857 5678 et
883 5626 942 5681 S.
982 5623 1218 5677 Isidorus
1259 5619 1317 5674 in
1346 5623 1546 5690 Regula
1577 5636 1694 5688 cap.
1719 5620 1752 5675 4
1780 5638 1792 5673 :
1825 5619 1928 5684 Qui
1956 5636 2152 5674 renun-

575 5695 707 5748 tians
752 5696 940 5749 swculo
975 5695 1040 5745 ad
1084 5693 1452 5745 monasterium
1482 5692 1689 5755 venerit,
1746 5707 1849 5744 non
1897 5694 2072 5745 statim
2099 5691 2154 5746 in

573 5771 754 5823 canum
780 5764 1076 5831 deligendus
1105 5771 1177 5818 est
1208 5763 1610 5820 monachorum:
1637 5763 1794 5818 vitam
1819 5763 1953 5822 enim
1974 5763 2155 5823 unius-

2257 3941 2506 4009 cujusque
2553 3939 2607 3991 in
2657 3936 3028 4007 hospitalitatis
3073 3936 3334 3991 servitium
3385 3935 3548 4009 tribus
3599 3931 3835 3988 mensibus

2257 4005 2587 4060 considerare
2611 4005 2832 4078 oportet,
2862 4009 3045 4078 quibus
3075 4009 3327 4078 peractis,
3359 4005 3426 4058 ad
3448 4015 3633 4078 cretum
3663 4011 3834 4057 sanctis

2254 4077 2662 4144 congregationis
2689 4078 2917 4130 accedet.
2953 4077 3133 4145 Neque
3152 4080 3287 4130 enint
3313 4079 3449 4131 intus
3463 4077 3658 4139 suscipi
3677 4089 3838 4144 quent-

2255 4159 2408 4222 quam
2437 4145 2693 4222 conuenit,
2727 4145 2826 4196 nisi
2853 4147 2996 4222 prius
3021 4147 3148 4222 foris
3169 4149 3386 4222 posiius,
3421 4146 3836 4222 ejusjtumilitas,

2255 4214 2362 4286 sive
2390 4214 2660 4286 patientia,
2689 4215 3069 4281 comprobetur.
3098 4214 3177 4286 Α(
3197 4215 3264 4270 de
3286 4216 3387 4272 hac
3413 4214 3469 4270 re
3505 4215 3660 4286 plura
3691 4228 3837 4286 supe-

2259 4282 2372 4337 rius
2391 4281 2544 4336 dicta
2573 4292 2720 4335 sunt.
3161 4281 3168 4296 '

2333 4363 2354 4424 ιῖ
2381 4352 2534 4424 Unde
2557 4351 2753 4424 Decani
2776 4351 2926 4407 dieti.
2959 4353 3038 4408 De
3064 4354 3258 4424 quibus
3278 4357 3414 4410 alias
3436 4358 3712 4424 pluribus.

2329 4421 2356 4460 ά
2388 4423 2558 4498 Exodi
2589 4423 2803 4498 decimo
2824 4433 3038 4498 octavo.
3063 4421 3342 4498 Constituit
3369 4421 3839 4498 Moyses(consilio

2260 4503 2314 4550 et
2341 4493 2756 4570 monitu_soceri
2786 4492 3110 4570 sui_.l_etl_t_ro)
3146 4492 3488 4570 centuriones;
3519 4505 3568 4546 et
3593 4492 3840 4570 quinque:

2258 4581 2412 4636 genas
2429 4606 2444 4630 ,
2471 4574 2516 4619 et
2536 4566 2772 4636 decanos,
2792 4564 2886 4636 qui
2903 4564 3200 4636 judicarent
3223 4563 3421 4632 plebem
3446 4563 3690 4636 Domini,
3718 4563 3840 4624 omni

2259 4631 2502 4702 tempore.
2537 4631 2999 4704 Quidquid'auiem
3035 4631 3242 4704 gravius
3261 4643 3371 4687 erat
3395 4675 3410 4699 ,
3458 4631 3756 4704 referebant
3781 4636 3840 4690 ad

2259 4723 2394 4775 eum,
2427 4703 3069 4777 facilioratantummodo
3089 4705 3410 4777 judicantes.
3443 4703 3522 4777 Ad
3559 4704 3708 4764 hunc
3739 4723 3842 4764 mo-

2258 4774 2386 4832 dum
2406 4774 2532 4832 olim
2563 4779 2616 4832 in
2649 4775 2993 4848 monasteriis
3038 4774 3463 4830 instituebantur
3493 4774 3692 4836 decani
3713 4823 3726 4846 ,
3758 4777 3840 4848 qui

2261 4849 2714 4921 novem,_vel,q_ut
2763 4848 2885 4921 aliis
2917 4847 3349 4921 placet,‘d_ecem
3392 4848 3674 4906 monachis
3713 4847 3843 4921 pric-

2261 4928 2437 4989 erant,
2463 4919 2529 4973 de
2557 4919 2751 4987 quibus
2783 4919 2918 4973 infra
2944 4917 3100 4989 (Cap.
3121 4917 3238 4988 20).

2333 4998 2356 5060 ε
2389 4988 2568 5042 Prima
2590 4990 2854 5060 institutio
2871 4991 3122 5060 monachi
3141 5001 3221 5042 est
3241 4989 3587 5045 mortificatio
3604 4991 3838 5060 propria:

2256 5059 2552 5112 voluntatis
2584 5077 2595 5111 :
2631 5058 2779 5112 Finis
2804 5060 2938 5114 enim
2961 5059 3223 5113 coenobitte
3250 5071 3323 5111 est
3351 5075 3525 5115 omnes
3551 5058 3679 5116 suas
3706 5058 3839 5116 inor-

2257 5129 2455 5200 ti/icare
2486 5140 2543 5200 κεῖ
2576 5129 2875 5200 cruciﬁgere
2908 5130 3229 5200 voluntates,
3271 5129 3347 5183 ait
3389 5132 3558 5186 abbas
3605 5133 3842 5188 Joannes

2257 5199 2440 5270 collat.
2477 5199 2542 5255 l9
2563 5215 2684 5268 cap.
2721 5199 2778 5263 8,
2817 5216 2974 5270 quam
3008 5199 3395 5270 perfectionem
3429 5215 3659 5270 prorsus
3685 5218 3718 5256 a
3756 5218 3842 5256 nc-

2257 5268 2433 5332 mine,
2482 5271 2582 5324 nisi
2608 5286 2636 5322 a
2677 5268 2945 5324 ccenobita
2969 5313 2983 5336 ,
3021 5268 3235 5336 impleri
3269 5268 3724 5338 posse'aflirmat.
3769 5272 3843 5325 De

2255 5354 2358 5408 qua
2391 5340 2580 5395 itidem
2611 5340 2675 5394 D.
2710 5340 3065 5408 Hieronymus
3098 5340 3151 5392 in
3183 5340 3339 5406 epist.
3371 5340 3425 5406 4,
3452 5342 3516 5395 ad
3561 5343 3839 5398 Rusticum

2256 5413 2580 5483 monachum
2615 5427 2628 5462 :
2670 5408 2790 5462 Non
2811 5412 2980 5483 facias
3006 5410 3146 5483 quod
3191 5412 3559 5483 vis;eomedas
3584 5415 3729 5482 quod
3749 5414 3840 5483 ju-

2257 5481 2420 5544 beris;
2452 5483 2665 5535 uestiare
2685 5480 2819 5551 quod
2859 5479 3151 5551 acceperis;
3185 5481 3352 5551 operis
3377 5482 3450 5533 tui
3483 5479 3700 5550 pensum
3728 5479 3841 5551 per-

2254 5551 2454 5623 solvas;
2483 5550 2776 5623 subjiciart's
2806 5549 2889 5623 cui
2932 5549 3033 5623 non
3057 5551 3162 5614 vis;
3193 5550 3361 5623 lassus
3401 5549 3736 5623 adistrratum'
3759 5569 3840 5608 re-

2254 5622 2407 5686 nias;
2434 5620 2803 5690 ambulansque
2831 5620 3087 5690 dormias,
3115 5631 3159 5671 rt
3189 5621 3403 5673 necdum
3429 5622 3632 5690 expleto
3664 5640 3841 5678 somno

2255 5708 2462 5762 surgere
2480 5688 2825 5764 compeilaris.
2845 5688 2905 5741 D.
2929 5691 3089 5742 etiam
3107 5690 3426 5764 Benedictus
3445 5688 3582 5764 hanc
3602 5696 3841 5763 preprite

2255 5759 2551 5822 voluntatis
2576 5759 2995 5831 abdicationem,
3027 5774 3122 5818 seu
3153 5759 3621 5820 mortificationem
3649 5759 3840 5824 multis
