4036 6218
221 214 319 301 ω’

617 232 715 297 DE
752 232 1233 298 CIENOBIORUM
1269 234 1521 301 ΙΝΒΤΙἹἎ
1550 232 1686 293 LIB.
1729 235 1781 295 li

1883 235 2024 295 -υε
2061 233 2445 297 lNSTlTUTIS
2485 211 3079 309 itENUNTlANTIUM.

3388 263 3500 335 ΙϐΞ

214 350 480 419 ’ἀίοηιῑιιηι
525 374 655 417 suas
701 359 988 415 didicerint
1031 357 1355 412 voluntates.
1396 353 1628 425 ldeoque
1675 367 1805 424 pro-
1830 352 2220 427 Acumvenire
2242 353 2496 423 juvenem
2528 356 2753 413 callidus
2781 358 3034 418 inimicus
3061 364 3212 423 velut
3241 368 3498 443 inexper-

226 457 476 512 nuntiant
496 453 801 508 nullatenus
830 450 1158 522 praevalere,
1187 449 1276 504 vel
1307 448 1440 503 iram
1461 491 1475 515 ,
1522 448 1604 502 vel
1640 446 1812 502 tristi-

226 550 351 605 tiam
372 592 387 616 ,
414 548 504 603 vel
527 547 769 616 spiritum
798 544 1169 600 fornicationis
1198 543 1560 611 exstinguere,
1588 541 1682 597 sed
1711 555 1811 597 nec

227 641 592 695 humilitatem
622 639 797 694 cordis
826 652 1031 701 veram,
1063 649 1314 690 neccum
1348 634 1602 689 fratribus
1635 636 1810 689 unita-

226 741 334 788 tem
385 741 732 801 perpetuam,
774 744 877 785 nec
923 728 1134 782 ﬁrmam
1185 727 1603 795 diuturnamqne
1650 739 1809 795 posse

224 826 461 880 retinere
516 823 888 890 concordiam,
922 820 1018 875 sed
1066 833 1165 875 nec
1207 819 1262 873 in
1301 817 1556 873 coenobio
1586 817 1806 886 quidem

1921 456 2030 503 tum
2050 449 2400 518 ignarumque
2421 451 2729 519 praevaleat,
2757 468 2857 509 nec
2876 455 2985 511 ulla
3010 457 3199 516 fraude
3221 463 3499 537 decipere,
3574 536 3581 543 ο

1914 556 2073 610 quem
2116 542 2375 611 praevidet
2404 558 2510 598 non
2555 557 2687 612 sna,
2739 547 2834 602 sed
2884 551 3119 608 senioris
3166 553 3499 619 discretione

1913 634 2154 699 muniri,
2217 641 2272 689 et
2312 635 2687 705 suggestiones
2738 652 2865 693 suas
2894 642 3043 696 velut
3080 645 3251 713 ignita
3282 648 3458 719 jacula
3481 695 3497 721 ,

1911 738 2269 795 quaecumque
2299 725 2352 780 in
2376 740 2474 781 cor
2502 725 2622 794 ejus
2650 726 2922 800 injecerit,
2948 741 3007 787 ut
3032 737 3301 794 seniorem
3331 744 3497 814 celet,

1910 832 2020 872 non
2051 832 2215 887 posse
2247 818 2491 874 suaderi.
2525 820 2698 875 Aliter
2726 821 2930 891 quippe
2969 825 3351 887 subtilissimus
3382 834 3499 890 dia-

1910 907 2071 963 bolus
2118 908 2347 964 illudere
2374 910 2459 964 vel
2506 910 2744 981 dejicere
2782 911 3056 982 juniorem
3102 932 3209 974 non
3260 926 3488 993 poterit,
3531 916 3553 985 fi

1908 1000 2016 1056 nisi
2047 1015 2169 1056 cum
2197 1017 2317 1056 eum
2341 1044 2357 1069 ,
2386 1018 2483 1057 seu
2517 1017 2611 1072 per
2639 1007 3033 1076 arrogantiam,
3061 1011 3176 1067 sive
3204 1028 3301 1083 per
3340 992 3495 1074 vere-

1907 1090 2182 1159 cundiam,
2206 1092 2274 1145 ad
2302 1092 2687 1162 cogitationum
2720 1109 2940 1152 suarum
2964 1076 3491 1163 velamen-illexerit.

1907 1182 2178 1239 Generale
2209 1198 2445 1254 namque
2472 1193 2527 1240 et
2560 1187 2782 1243 evidens
2803 1189 3061 1248 indicium
3090 1194 3371 1254 diabolica:
3401 1216 3492 1256 eo-
3532 1167 3563 1290 ξ

225 916 420 971 diutius
438 928 769 985 permanere,
795 927 919 968 eum
937 911 1029 982 qui
1051 911 1201 981 prius
1220 909 1530 965 voluntates
1551 922 1678 964 suas
1701 922 1806 964 non

223 1007 460 1063 didicerit
498 1020 779 1076 superare.

827 1096 1057 1154 CAPUT
1093 1095 1187 1152 IX.
1218 1144 1221 1147 ,

222 1189 387 1256 Quare
435 1189 737 1262 junioribus
765 1188 1065 1262 imperetur
1100 1197 1156 1242 ut
1195 1187 1392 1262 seniori
1421 1202 1513 1241 suo
1563 1186 1697 1242 nihil
1740 1186 1805 1241 de

565 1260 959 1330 cogitationibus
988 1259 1092 1313 suis
1120 1259 1451 1313 subtrahunt.

287 1372 378 1427 llis
409 1373 570 1442 igitur
602 1372 871 1427 institutis
892 1412 908 1440 ,
940 1386 1036 1427 eos
1056 1386 1194 1442 quos
1224 1370 1441 1426 initiant
1461 1414 1476 1439 ,
1506 1370 1658 1426 velut
1695 1369 1805 1425 ele-

214 1465 407 1520 mentis
436 1465 763 1535 quibusdam
805 1480 868 1520 ac
890 1464 1117 1537 syllabis
1148 1464 1395 1520 imbuere
1414 1462 1482 1517 ad
1511 1463 1801 1533 perfectio-

212 1572 334 1614 nem
359 1568 519 1628 atque
546 1558 845 1613 informare
872 1557 1159 1623 festinant,
1184 1572 1281 1626 per
1311 1556 1427 1611 haec
1448 1556 1511 1611 ad
1540 1556 1801 1626 liquidum

210 1649 609 1715 discernentes,
641 1658 826 1703 utrum
853 1649 980 1703 ficta
1005 1659 1059 1703 et
1082 1648 1415 1719 imaginaria,
1442 1662 1507 1702 an
1538 1662 1666 1703 vera
1690 1648 1801 1702 sint

1905 1277 2182 1346 gitationis
2213 1292 2335 1333 esse
2374 1279 2725 1348 pronuntiant
2794 1283 2845 1338 si
2872 1298 2993 1340 eam
3023 1288 3227 1344 seniori
3257 1291 3489 1348 confun-

1904 1366 2094 1423 damur
2122 1370 2361 1439 aperire.

2533 1462 2761 1521 CAPUT
2797 1465 2866 1521 Χ.

1910 1551 2120 1617 Quanta
2135 1552 2410 1624 juniorum
2431 1554 2742 1633 obedientia,
2762 1558 2991 1633 etiamin
3019 1559 3099 1616 his
3124 1578 3240 1633 qua:
3259 1568 3487 1625 naturali

2326 1626 2617 1679 necessitati
2655 1629 2883 1699 subjecta
2930 1640 3068 1685 sunt.

206 1739 521 1794 humilitate
552 1738 783 1794 fundati.
816 1739 900 1794 Ad
927 1739 1069 1810 quod
1101 1747 1157 1794 ut
1182 1738 1334 1794 facile
1361 1739 1575 1794 valeant
1606 1752 1797 1808 perve-
1826 1760 1875 1820 Β
1974 1735 2103 1790 Post
2148 1734 2265 1791 haec
2293 1733 2321 1773 ι’
2355 1743 2501 1791 tanta
2550 1738 2893 1795 observantia
2944 1741 3270 1802 obedientiaa
3299 1751 3482 1821 regula

207 1831 356 1897 nire,
390 1839 791 1900 consequenter
816 1829 1169 1886 instituuntur
1204 1830 1373 1885 nullas
1407 1832 1622 1898 penitus
1650 1832 1797 1902 cogi-

203 1923 446 1979 tationes
480 1924 785 1993 prurientes
827 1925 879 1977 in
920 1923 1086 1978 corde
1128 1923 1427 1992 perniciosa
1474 1924 1795 1980 confusione

198 2016 423 2083 celare,
474 2015 570 2071 sed
621 2014 902 2071 confestim
957 2023 1019 2070 ut
1059 2023 1262 2071 exortae
1301 2015 1523 2083 fuerint,
1558 2032 1651 2073 eas
1696 2033 1796 2074 suo

196 2106 503 2176 patefacere
535 2116 560 2145 ι
590 2106 793 2162 seniori
824 2125 835 2158 :
864 2121 965 2163 nec
994 2122 1157 2177 super
1185 2123 1368 2163 earnm
1397 2108 1607 2177 judicio
1633 2111 1792 2180 quid-

197 2213 357 2268 quam
392 2213 505 2253 suaa
534 2198 846 2253 discretioni
876 2200 1247 2265 committere,
1281 2200 1375 2255 sed
1407 2194 1537 2256 illud
1568 2203 1793 2259 credere

192 2289 399 2343 malum
431 2303 581 2354 esse,
628 2290 713 2343 vel
742 2289 974 2356 bonum,
1008 2290 1149 2360 quod
1195 2290 1521 2346 discusserit
1560 2298 1635 2347 ac”
1660 2308 1791 2363 pro-

191 2381 534 2435 nuntiaverit
574 2380 804 2437 senioris
831 2396 1081 2437 examen.
1116 2382 1195 2437 Ita
1219 2382 1280 2437 lit
1308 2392 1367 2438 ut
1404 2383 1458 2439 in
1491 2384 1641 2440 nullo
1682 2386 1792 2440 cir-

1901 1828 2225 1894 custoditur,
2259 1837 2317 1883 ut
2341 1829 2589 1898 juniores
2615 1830 2815 1899 absque
2843 1836 3121 1903 prmpositi
3143 1838 3227 1892 sui
3255 1841 3482 1898 scientia

1898 1920 1983 1975 vel
2008 1921 2297 1990 permissu,
2327 1935 2431 1975 non
2454 1921 2627 1976 solum
2652 1936 2759 1976 non
2787 1922 3023 1980 audeant
3049 1928 3184 1982 cella
3207 1933 3478 2003 progredi,

1901 2012 1996 2068 sed
2029 2028 2096 2068 ne
2128 2014 2227 2083 ipsi
2270 2013 2486 2083 quidem
2518 2015 2793 2068 communi
2823 2030 2885 2070 ac
2909 2020 3139 2074 naturali
3166 2026 3481 2083 necessitati

1898 2104 2212 2160 satisfacere
2240 2119 2333 2159 sua
2365 2105 2686 2162 auctoritate
2711 2118 3056 2176 praesumant.
3088 2122 3111 2149 ο
3138 2111 3334 2184 Sicque
3364 2120 3481 2173 uni-

1899 2212 2052 2253 versa
2083 2198 2361 2267 complere
2390 2213 2741 2268 quaecumque
2771 2199 2968 2255 fuerint
2998 2202 3064 2257 ab
3092 2217 3157 2259 eo
3184 2218 3474 2276 praecepta,

1902 2301 2173 2360 tamquam
2207 2291 2251 2344 si
2283 2306 2312 2344 a
2356 2291 2463 2347 Deo
2492 2294 2603 2346 sint
2630 2291 2842 2346 caelitus
2873 2292 3038 2358 edita,
3072 2294 3188 2350 sine
3230 2296 3337 2352 ulla
3368 2299 3478 2353 dis-

1900 2384 2153 2439 cussione
2180 2381 2472 2448 festinant;
2507 2392 2565 2438 ut
2592 2398 2995 2454 nonnumquam
3031 2385 3194 2441 etiam
3221 2385 3249 2423 ἀ
3278 2388 3477 2459 impos-

1274 2500 1535 2557 ALARDI
1575 2501 1804 2557 GAZZEI
1841 2499 2404 2558 COMMENTARIUS.

188 2593 325 2663 locis
356 2593 734 2659 commendat,
758 2600 813 2648 et
841 2592 1076 2648 inculcat
1104 2606 1225 2663 cap.
1254 2594 1311 2659 4,
1336 2596 1391 2659 7,
1420 2594 1511 2660 49,
1537 2595 1627 2650 58.
1652 2595 1789 2651 Vide

184 2661 248 2718 D.
274 2665 621 2720 Bernardum
650 2679 816 2720 serm.
847 2666 880 2718 3
905 2664 973 2720 de
1003 2661 1338 2728 Resurrect.,
1376 2664 1463 2717 ubi
1496 2666 1667 2720 multa
1694 2667 1789 2720 ad-

184 2749 381 2805 versus
444 2737 713 2805 prepriam
754 2735 1090 2805 voluntatem
1141 2734 1379 2789 disserit.
1419 2733 1511 2804 (ι).
1538 2734 1708 2792 Basil.
1731 2737 1787 2790 in

185 2803 362 2861 Instit.
392 2803 679 2860 monacho.
710 2822 826 2875 cap.
852 2804 922 2860 46
946 2814 994 2857 et
1025 2804 1146 2873 50.)

249 2885 276 2913 ι
326 2877 409 2933 De
450 2879 552 2930 hac
582 2875 968 2946 cogitationum
1025 2876 1291 2946 malarum
1343 2876 1785 2935 manifestatione

182 2947 403 3017 seniori,
449 2957 539 3001 aut
561 2944 829 3017 spirituali
856 2946 1022 3013 Patri,
1057 2944 1323 3014 iacienda,
1346 2946 1474 3001 vide
1499 2958 1680 3003 notata
1712 2950 1781 3005 ad

183 3019 360 3072 collat.
390 3016 448 3074 '2
474 3016 601 3084 cap.
628 3016 717 3072 10.

244 3088 271 3126 δ
302 3089 381 3144 lta
403 3089 485 3145 D.
513 3089 873 3156 Hieronymus
896 3086 963 3142 de
975 3085 1266 3142 cmnobitis
1286 3086 1554 3158 [Egyptiis
1576 3104 1742 3157 agens
1766 3109 1780 3145 :

181 3158 383 3226 Prima,
420 3160 634 3230 inquit,
652 3162 804 3230 apud
831 3175 916 3212 eos
941 3159 1307 3228 confoederatio
1336 3170 1410 3213 est
1442 3160 1646 3230 obedire
1674 3178 1786 3214 ma-

179 3230 405 3297 ioribus,
467 3228 787 3301 et'quidquid
816 3230 1059 3301 iusserint
1087 3230 1257 3298 facere
1282 3230 1475 3301 (Epist.
1510 3228 1625 3301 22).
1661 3232 1786 3287 Sul-

179 3303 336 3365 pitius
380 3304 437 3357 in
479 3298 695 3369 dialogo
729 3301 905 3367 primo
952 3298 1019 3354 de
1068 3298 1361 3355 virtutibus
1407 3300 1466 3355 S.
1511 3298 1729 3357 Martini
1766 3321 1778 3356 :

179 3369 490 3443 Prwcipua,
523 3370 815 3443 inquit,_ibi
841 3370 1024 3443 virtus,
1056 3378 1105 3423 et
1131 3371 1319 3443 prima,
1346 3380 1422 3443 est
1442 3371 1734 3426 obedientia
1767 3390 1780 3428 :

1894 2604 2062 2674 r'etur,
2115 2610 2312 2674 moram
2354 2594 2480 2674 pati
2507 2595 2738 2674 nesciunt
2780 2596 2835 2674 in
2876 2595 3146 2674 faciendo;
3191 2601 3257 2674 de
3292 2604 3497 2674 quibus

1893 2661 2146 2742 Dominus
2189 2665 2311 2742 dicit
2353 2661 2679 2742 :_0bguditu
2705 2667 2849 2742 auris
2876 2661 3475 2742 ὀρςάευίιςηιειιίξρεαι.

1893 2744 2072 2813 svnt).
2101 2735 2341 2813 Denique
2372 2735 2789 2813 _D.A_Bernn_ardt_t_s
2818 2737 2871 2790 in
2917 2735 3158 2813 librode
3194 2735 3474 2813 Praicepto

1892 2813 1949 2876 et
2005 2806 2223 2876 Dispen.
2270 2803 2404 2874 (Col.
2433 2804 2488 2876 6)
2514 2820 2531 2876 7:
2565 2805 2687 2859 Sive
2724 2804 2897 2869 Deus,
2937 2808 3040 2862 sive
3064 2809 3215 2865 homo
3254 2803 3473 2871 vicarius

1892 2873 2010 2954 Dei,
2056 2875 2356 2954 man-datum
2382 2873 2740 2954 quodcumque
2759 2878 3064 2954 tradiderit,
3098 2882 3217 2954 pari
3236 2886 3471 2954 profecto

1893 2886 2010 2940 Dei,
2056 2886 2356 2928 mandatum
2382 2886 2738 2944 quOdcumque
2759 2886 3064 2943 tradiderit,
3098 2886 3217 2951 pari
3236 2886 3471 3007 prqj'ecto

1893 2945 2275 3025 obsequendum
2318 2955 2388 2997 est
2433 2960 2590 3025 cura,
2627 2947 2740 3013 pari
2783 2951 3063 3025 reverentia
3099 2952 3303 3025 deferen
3347 2974 3471 3025 um;

1808 3013 1855 3075 C
1888 3015 1972 3068 ubi
2004 3013 2171 3088 tamen
2203 3014 2313 3088 Deo
2340 3015 2601 3088 contraria
2631 3032 2734 3088 non
2762 3017 2994 3088 praecipit
3030 3013 3199 3077 homo.
3235 3024 3303 3079 Et
3349 3013 3468 3084 rur:

1890 3102 2009 3141 sum
2057 3103 2071 3140 :
2107 3083 2405 3155 Imperfecti
2435 3086 2602 3140 cordis
2628 3098 2675 3139 et
2704 3083 2929 3156 inﬁrma!
2955 3106 3164 3156 prorsus
3194 3083 3470 3155 voluntatis

1884 3158 2139 3232 indicium
2156 3167 2251 3232 est,
2272 3165 2458 3232 statuta
2480 3157 2739 3232 seniorum
2765 3158 3042 3215 studiosius
3069 3163 3341 3232 discutere,
3361 3168 3470 3223 Ita:-

1886 3228 2043 3282 sitare
2072 3227 2139 3282 ad
2167 3226 2372 3305 singula
2392 3244 2504 3298 qua
2524 3228 2903 3305 iniunguntur;
2927 3234 3132 3305 erigere
3157 3236 3220 3289 de
3264 3226 3468 3305 quibus-

1884 3314 2100 3378 cumque
2121 3300 2396 3378 ratio-nent,
2414 3307 2461 3378 et
2492 3298 2628 3352 male
2647 3298 2917 3378 suspicari.
2927 3303 2995 3378 de
3012 3298 3162 3359 vomni
3178 3298 3433 3378 prcecepto
3448 3352 3464 3375 ,

1882 3368 2033 3439 cujus
2058 3385 2217 3442 causa
2244 3368 2482 3442 latuerit;
2510 3385 2602 3422 nec
2630 3372 3111 3442 umquamlibenter
3140 3368 3467 3442 audire,'nisi

1882 3454 2000 3511 cum
2028 3440 2208 3511 audire
2223 3441 2493 3511 contigerit
2513 3440 2649 3511 quod
2667 3441 2798 3510 forte
2824 3441 3055 3508 libuerit;
3078 3454 3169 3497 aut
3194 3440 3339 3511 quod
3360 3467 3465 3505 non

1881 3509 2034 3588 aliter
2072 3509 2378 3588 licere,_seti
2413 3509 3246 3588 expedire,_demonstrauerit‘vel
3283 3531 3463 3588 aperta

1883 3582 2037 3641 ratio,
2084 3581 2162 3635 vel
2190 3580 2483 3634 indubitata
2508 3581 2810 3634 auctoritas.
2844 3581 2970 3634 Haec
3020 3581 3077 3637 S.
3130 3580 3459 3642 Bernartius.

1882 3648 1977 3704 llis
2014 3651 2242 3720 aliisque
2284 3650 2379 3705 SS.
2412 3649 2625 3704 Patrum
2666 3650 2856 3717 elogiis
2899 3652 3181 3717 perspicue
3225 3655 3457 3710 demon-

1881 3728 2083 3775 stratur
2114 3720 2405 3789 perfectam
2445 3720 2620 3789 illam,
2646 3728 2698 3772 et
2728 3720 2836 3771 Deo
2876 3720 3308 3784 acceptissimam
3337 3740 3460 3784 esse

1881 3788 2268 3855 obedientiam,
2293 3805 2396 3855 qua
2418 3789 2540 3856 quis
2564 3788 2681 3841 sine
2709 3789 2907 3859 praevio
2929 3794 3184 3859 praecepti
3208 3796 3460 3853 examine

1879 3862 2198 3931 simpliciter
2226 3859 2584 3931 obtemperat,
2608 3871 2709 3912 nec
2731 3858 3042 3931 scirecupit
3074 3858 3171 3917 cur
3201 3865 3335 3931 hoc,
3367 3871 3455 3924 vel

1880 3928 2022 4007 illud
2035 3932 2136 4007 sibi
2159 3945 2190 3983 a
2217 3930 2502 4007 superigre
2527 3928 2856 4007 imperetan
2880 3930 2979 4007 hoc
3003 3933 3121 3988 solo
3148 3928 3456 4007 contentus,

1880 4003 2025 4079 quod
2059 4003 2354 4071 imperatur
2382 3999 2612 4079 (Similia
2636 3999 2787 4079 habet
2816 4000 3050 4057 Cassian.
3074 4020 3124 4079 c._
3150 4004 3239 4079 4i,
3266 3999 3455 4079 infra):

1880 4071 2111 4141 Semper
2139 4070 2332 4143 tamen
2377 4070 2700 4140 excipiendo
2732 4081 3060 4141 prmceptum
3109 4070 3454 4143 hujusm'odi',

1876 4143 2020 4215 quod
2051 4142 2392 4215 manifestum
2419 4143 2724 4196 contineret
2754 4154 3032 4213 peccatum
3062 4190 3076 4213 ,
3104 4148 3156 4199 in
3184 4142 3290 4215 quo
3328 4162 3457 4203 esa-

1878 4213 2101 4267 minatio
2119 4211 2388 4281 superflua
2412 4222 2576 4279 esset,
2608 4228 2730 4265 cum
2756 4211 2969 4269 constet
2988 4211 3098 4271 Deo
3118 4211 3456 4274 obedientium

1876 4299 1983 4355 esse
2010 4286 2174 4354 magis
2200 4299 2354 4355 quam
2390 4282 2681 4355 hominibus
2710 4283 2851 4351 (Act.
2880 4285 2960 4355 v).
3280 4286 3285 4287 ⁷

1948 4351 1976 4390 ἀ
2008 4351 2634 4425 lmposs’ibiliaintellige
2675 4367 2781 4425 non
2826 4351 2999 4410 solum
3043 4370 3163 4425 quae
3202 4359 3455 4415 videntur

1873 4423 2037 4479 alicui
2069 4424 2444 4493 impossibilia,
2490 4426 2614 4492 quia
2647 4423 2802 4477 valde
2828 4428 3005 4493 gravia
3044 4423 3099 4481 et
3142 4428 3389 4484 difﬁcilia
3435 4449 3451 4487 :

1870 4509 1978 4570 quo
2008 4494 2169 4570 modo
2212 4494 2286 4570 _D._
2313 4494 2637 4570 Benedictus
2664 4495 2909 4570 accipere
2938 4496 3171 4570 videtur,
3219 4516 3337 4570 cap.
3383 4502 3453 4557 68

1872 4564 2109 4641 Regulae,
2138 4565 2224 4619 cui
2255 4566 2436 4619 titulus
2465 4581 2477 4617 :
2609 4566 2759 4634 fratri
2796 4566 3132 4641 impossibilia
3171 4564 3452 4641 iniungan-

1872 4644 1976 4701 tur;
2004 4636 2098 4689 sed
2122 4650 2240 4704 quae
2263 4650 2449 4691 revera
2482 4637 2605 4690 talia
2634 4647 2777 4702 sunt,
2811 4647 2865 4690 ut
2896 4637 3159 4693 humanas
3189 4636 3344 4697 vires'
3364 4659 3451 4695 sn-

1871 4715 2080 4773 perent,
2104 4706 2189 4760 vel
2215 4721 2336 4777 qua:
2362 4706 2655 4761 secundum
2679 4723 2740 4763 se
2765 4716 2891 4762 sunt
2911 4709 3116 4775 illicita,
3141 4727 3259 4777 quae
3287 4714 3448 4768 etiam

1868 4777 2424 4853 r_n_oraliter__dicunt_nr
2448 4778 2804 4853 impossibilia
2829 4778 2991 4850 (Vide
3013 4780 3075 4853 δ.
3103 4777 3281 4836 Thom.
3314 4786 3366 4849 i,
3394 4800 3447 4853 q.

1870 4848 1958 4915 l5,
1992 4858 2094 4901 art.
2139 4846 2191 4915 5,
2216 4850 2302 4903 ad.
2324 4850 2402 4917 5),
2438 4846 2615 4917 qualia
2637 4860 2761 4904 sunt
2784 4846 2985 4905 intrare
3012 4851 3227 4907 furnum
3252 4846 3451 4909 arden-

1870 4925 1976 4989 tem
2000 4960 2013 4982 ,
2068 4918 2358 4973 advolvere
2385 4934 2574 4989 saxum
2616 4921 2977 4988 importabile,
3022 4922 3251 4989 irrigare
3286 4924 3450 4978 bacu-

1866 4988 1974 5061 lum
2018 4989 2226 5042 aridum
2277 4989 2450 5041 donec
2485 4987 3087 5061 fronde:it,_projicere
3126 4987 3357 5061 puerum
3391 4996 3447 5048 in

1866 5059 2089 5123 ﬂumen,
2115 5070 2530 5130 curreresuper
2557 5071 2757 5130 aquas,
2792 5058 3017 5130 leaenam
3048 5058 3321 5130 alligatam
3351 5064 3446 5115 ad-

1865 5130 2084 5193 ducere,
2116 5135 2169 5178 ct
2198 5126 2298 5178 alia
2343 5126 2676 5193 huiusmodi,
2704 5142 2822 5194 qua:
2846 5128 3041 5183 abillis
3069 5126 3270 5185 sanctis
3324 5147 3445 5184 mo-

1866 5197 2052 5253 nachis
2077 5205 2139 5268 et
2157 5196 2403 5250 eremitis
2434 5197 2550 5250 zelo
2588 5196 2907 5268 oliedicntias
2936 5208 3144 5266 patrata
3171 5201 3443 5268 leguntur.

1865 5270 1995 5336 Qua:
2019 5267 2233 5336 quidem
2267 5269 2511 5335 exempla
2556 5281 2618 5322 ex
2649 5267 2712 5334 iis
2736 5270 2944 5321 censeri
2981 5269 3179 5322 debent
3204 5267 3323 5336 quae
3350 5270 3445 5323 ad.

1866 5339 2110 5393 miranda
2147 5350 2291 5402 sunt,
2323 5338 2418 5394 sed
2449 5354 2556 5393 non
2582 5338 2763 5392 statim
2791 5336 3068 5392 imitanda.
3099 5337 3444 5396 Credendnm

1866 5410 2008 5463 enim
2035 5426 2100 5464 ex
2130 5410 2384 5480 peculiari
2418 5410 2510 5465 Dei
2537 5410 2793 5465 instinctu
2817 5406 2953 5480 facta
2983 5409 3168 5480 fuisse,
3194 5424 3312 5477 qua:
3336 5417 3445 5465 tam

1830 5478 2150 5549 'stupendis
2190 5491 2242 5535 et
2287 5480 2631 5546 evidentibus
2677 5478 2949 5548 miraculis
3004 5478 3261 5533 divinitus
3306 5488 3445 5549 sunt

1813 5560 1820 5567 '
1866 5548 2187 5620 approbata.
2245 5552 2729 5622 Contingittamen
2764 5550 3033 5604 interdum
3056 5593 3070 5615 ,
3105 5558 3160 5602 ut
3188 5548 3444 5622 praelatus

1866 5624 2151 5693 religiosus
2180 5624 2422 5692 quaedam
2450 5620 2721 5690 difﬁcilia,
2754 5623 2837 5677 vel
2863 5622 3022 5676 etiam
3050 5620 3405 5693 impossibilia
3424 5664 3442 5688 ,

1866 5692 2032 5753 alicui
2080 5695 2345 5755 monacho
2374 5694 2692 5767 praecipiat,
2734 5708 2856 5770 quae
2888 5702 3067 5759 tamen
3096 5692 3204 5754 nun
3232 5692 3345 5752 vult
3372 5694 3445 5765 ab

174 3457 329 3512 neque
345 3440 529 3498 aliter
555 3440 831 3494 adveniens
852 3441 921 3492 ad
946 3442 1312 3512 monasterium
1335 3440 1536 3512 abbatis
1563 3444 1782 3509 suscipi-

175 3511 276 3575 tur,
292 3532 455 3582 quam
479 3514 571 3585 qui
595 3522 819 3565 tentatus
841 3512 985 3582 prius
1006 3511 1183 3585 inerit,
1210 3524 1263 3585 et
1285 3511 1782 3585 probatus,qnu_llum

177 3580 421 3655 umquam
462 3580 1139 3655 recusaturus,quamlibet
1170 3581 1428 3655 ardua-ft:
1447 3599 1512 3655 ac
1539 3583 1777 3652 difﬁcile,

172 3651 559 3725 indignumque
590 3653 812 3725 toleratu
839 3652 1040 3725 abbatis
1068 3653 1361 3725 imperium.
1395 3651 1455 3706 S.
1488 3653 1775 3725 Augustin.

174 3723 263 3778 lib.
282 3720 314 3780 ἰ
344 3728 417 3782 de
450 3720 708 3780 moribus
731 3722 986 3777 Ecclesiae
1008 3720 1220 3789 cap.’31
1248 3720 1315 3775 de
1347 3720 1626 3776 monachis
1664 3724 1779 3778 dis-

168 3808 354 3851 serens
382 3816 396 3849 :
429 3797 513 3851 Hi
542 3811 665 3850 vero
696 3793 1148 3864 (monasteriorum
1164 3789 1398 3859 Patres),
1426 3792 1781 3860 inquit,nulla

167 3871 410 3935 superbia
439 3863 734 3921 consulunt
759 3864 821 3918 iis
848 3880 974 3934 quos
1000 3863 1140 3935 ﬁlios
1165 3871 1368 3935 vocant,
1401 3877 1585 3935 magna
1606 3880 1702 3916 sua
1726 3865 1780 3919 in

167 3932 396 4058 fugiendo
426 3938 786 4001 auctoritate,
819 3932 1009 4004 magna
1043 3933 1256 3987 illorum
1288 3934 1341 3985 in
1380 3932 1780 3999 obtemperando

167 4020 219 4058 [Ὅ
248 4018 460 4058 untate.

163 4018 460 4062 rotuntate.

236 4090 257 4115 ε
291 4080 529 4133 Similes
577 4074 867 4132 sententia:
905 4075 1105 4144 passim
1138 4073 1278 4144 apud
1317 4071 1416 4129 SS.
1457 4072 1644 4130 Patres
1689 4075 1773 4131 le-

160 4158 388 4219 guntur,
432 4163 671 4219 quorum
694 4143 982 4219 nonnullas
1001 4143 1311 4219 hicreferre
1339 4159 1517 4213 operte
1540 4147 1773 4219 pretium

155 4218 319 4283 duxi,
354 4220 427 4273 ad
450 4215 727 4287 inajorem
758 4216 920 4285 hujus
950 4216 1055 4287 loci
1080 4215 1488 4287 claritatem,et
1516 4216 1775 4272 obedien-

156 4289 244 4340 tia:
280 4285 563 4358 perfectae
596 4286 1151 4358 commendationem.
1184 4285 1249 4358 Ρ.
1282 4285 1526 4358 Basilius
1554 4287 1607 4340 in
1639 4302 1773 4342 con-

153 4354 335 4445 stitui.
367 4369 622 4415 monast.
641 4372 778 4449 .cap.
811 4358 883 4413 25
913 4356 990 4410 sic
1019 4357 1095 4449 ait
1125 4374 1139 4437 ξ
1170 4354 1617 4422 Quemadmodum
1649 4374 1771 4449 pa's-
1792 4388 1846 4449 D

150 4432 251 4483 tori
282 4448 403 4486 sua:
453 4447 576 4484 oves
605 4430 990 4498 obtemperant,
1022 4435 1065 4479 et
1094 4427 1226 4498 viam
1263 4442 1637 4498 quamcumque
1678 4428 1769 4483 ille

146 4500 261 4552 vult
312 4503 698 4571 ingrediuntur
745 4495 874 4571 {sic
918 4498 1004 4571 qui
1043 4511 1122 4571 ex‘
1153 4495 1260 4571 ilco
1299 4497 1768 4571 pietatisqcultores

143 4580 309 4635 sunt,
338 4566 768 4624 moderatoribus
789 4569 894 4622 suis
917 4566 1122 4630 obsequi
1144 4566 1360 4632 debent;
1404 4567 1536 4619 nihil
1560 4570 1767 4623 omnino

140 4642 377 4694 illarum
420 4642 583 4709 jussu
631 4640 884 4693 curiosius
906 4646 1315 4709 perscrutantes,
1364 4638 1573 4709 quando
1606 4638 1768 4693 libera

140 4722 271 4764 sunt
293 4728 329 4763 a
360 4707 610 4774 peccato.
644 4710 708 4763 ι).
738 4707 1179 4779 llierouymusin
1200 4707 1360 4773 epist.
1391 4708 1458 4759 ad
1486 4707 1764 4763 Rusticum

137 4781 500 4838 monachum
541 4798 555 4833 :
584 4778 951 4850 Prwpositum,
977 4778 1170 4850 inquit,
1193 4780 1372 4850 timeas
1392 4788 1449 4830 ut
1475 4779 1764 4850 dominum,

137 4854 337 4926 diligas
374 4863 434 4906 ut
462 4848 770 4926 parentem;
794 4853 973 4904 credas
989 4848 1218 4926 salutare
1244 4848 1608 4926 quidquidille
1630 4865 1767 4926 prie:

137 4919 361 4992 cepErit;
398 4919 502 4979 nec
526 4924 595 4976 de
617 4924 873 4993 majorum
894 4919 1149 4975 sententia
1167 4920 1394 4993 judice_s,
1427 4920 1575 4993 cujus
1599 4920 1766 4989 ofﬁcii

132 5006 210 5047 est
241 4990 501 5059 obedire,
538 5004 590 5047 et
610 4990 823 5061 implere
846 5005 958 5060 quas
979 4995 1136 5062 jussa
1157 4999 1293 5062 sunt.
1323 4990 1617 5062 Gregorius
1650 5006 1765 5044 ma-

133 5080 270 5130 gnus
301 5068 406 5121 lib.
439 5081 507 5129 tr,
533 5079 661 5132 cap.
687 5059 729 5118 ’.ι
757 5064 808 5116 in
833 5059 864 5115 Ι
885 5059 1086 5131 Regum
1122 5078 1159 5132 :7
1190 5059 1327 5113 Vera
1355 5060 1645 5114 obedientia
1672 5078 1765 5132 nec

130 5139 566 5206 prmpositorum
610 5131 945 5206 intentionem
976 5131 1235 5206 discutit,”
1264 5146 1353 5206 nec
1384 5142 1637 5206 prwcrpta
1658 5131 1765 5206 dis-

130 5200 319 5275 cernit,
355 5209 495 5276 quia
530 5207 629 5274 qui
660 5220 807 5256 omne
837 5204 957 5276 vitae
985 5217 1091 5276 sua;
1111 5200 1599 5276 judicium-majori
1640 5201 1764 5276 sub-

130 5276 265 5330 didit
292 5270 315 5343 ,'
362 5270 424 5331 in
480 5270 597 5329 hoc
624 5276 735 5327 solo
764 5273 989 5345 gaudet,
1044 5273 1085 5325 si
1116 5272 1253 5345 quod
1300 5270 1397 5345 sibi
1437 5272 1761 5345 praecipitur,

128 5341 404 5416 operatur.
444 5346 653 5403 Nescit
684 5341 818 5416 enim
840 5343 1101 5416 judicare,
1129 5342 1359 5416 quisquis
1387 5341 1611 5416 perfecte
1627 5341 1761 5416 didi.

126 5410 250 5471 terit
282 5422 536 5475 obedire.
695 5410 1021 5493 Qenedictus
1044 5413 1101 5493 _i_n
1144 5410 1343 5493 Regula
1368 5410 1460 5464 sua
1501 5410 1650 5489 (Cap.

126 5504 289 5557 quam
348 5492 510 5547 idem
580 5486 652 5539 1).
692 5483 985 5557 Gregorius
1029 5478 1355 5557 discretione
1390 5496 1453 5557 ac
1496 5478 1762 5549 sapientia

126 5551 346 5628 plenam
394 5574 539 5617 esse
583 5551 1100 5628 testa_tur,_qninam_
1124 5551 1762 5628 _veri_obedie_ntes_cen-

124 5621 290 5685 sendi
323 5635 440 5688 sint
462 5673 480 5697 ,
522 5626 802 5697 describit
849 5621 936 5697 his
967 5622 1207 5697 verbis:
1242 5622 1409 5697 Moss,
1454 5621 1674 5697 inquit,
1708 5628 1766 5672 ut

125 5691 520 5777 imperatum'q
556 5695 785 5771 meliore
842 5694 1040 5769 fuerit,
1097 5710 1157 5750 ac
1207 5696 1254 5762 si
1308 5691 1550 5750 divinitus
1599 5691 1765 5763 impe-
