4036 6218
584 259 698 328 1,63

1923 271 2204 332 JOANNIS
2241 271 2556 333 CASSIANI

3743 281 3835 346 ιιι

585 381 766 440 sibilia
803 381 1022 439 sibimet
1063 381 1324 454 imperata
1354 397 1416 440 ea
1445 383 1552 439 {ide
1577 397 1643 439 ac
1671 367 1962 440 devotione
1989 386 2164 442 susci-
2194 395 2250 454 Α
2272 388 2470 444 nentia:
2497 385 2753 443 similiter
2776 389 3216 458 praetermittens,
3239 391 3294 448 in
3317 406 3421 464 qua
3443 407 3664 454 summa:
3697 413 3834 470 repu-

584 481 764 549 piant,
785 483 850 530 ut
877 483 989 531 tota
1019 475 1220 532 virtute
1249 491 1312 532 ac
1334 476 1451 530 sine
1477 477 1590 530 ulla
1618 476 1800 532 cordis
1831 477 2175 534 haesitatione

584 570 851 642 perlicere
880 583 946 624 ea
975 577 1067 624 aut
1088 583 1470 624 consummare
1494 570 1760 636 nitantur,
1793 579 1850 626 et
1876 585 1946 626 ne
1973 572 2176 642 impos-

584 663 900 740 sibilitatem
931 663 1150 734 quidem
1191 663 1452 732 praecepti
1483 677 1582 733 pro
1620 663 1851 719 senioris
1895 664 1982 720 sui
2021 680 2176 721 reve-

586 764 764 820 rentia
807 763 1124 818 metiantur.
1174 760 1252 814 De
1279 775 1513 830 quorum
1545 760 1855 816 obedientia
1893 761 2178 830 speciatim

587 870 734 912 nunc
782 854 964 908 dicere
989 852 1381 922 praetermitto;
1417 852 1684 922 exemplis
1713 853 1860 908 enim
1897 867 2017 908 eam
2047 852 2179 922 ipsis

588 948 748 1020 paulo
778 953 899 1017 post
926 944 1140 1000 tradere
1163 959 1260 1000 suo
1290 945 1412 1000 loco
1433 945 1804 1014 disponimus,
1835 945 1882 1000 si
1913 945 2174 1000 Dominus

589 1040 746 1096 nobis
766 1036 1101 1093 orationibus
1127 1037 1322 1092 vestris
1357 1036 1572 1092 dederit
1599 1045 1981 1092 commeatum.
2023 1035 2174 1092 Nunc

584 1131 828 1198 instituta
866 1135 1066 1185 caetera
1101 1143 1517 1200 prosequamur,
1568 1129 2050 1198 prietermittentes
2079 1129 2174 1184 illa

587 1234 907 1288 contexere,
934 1237 1056 1290 quae
1073 1221 1128 1274 in
1153 1222 1255 1276 hac
1271 1219 1518 1291 regione,
1538 1222 1621 1276 vel
1639 1221 1776 1276 tradi
1800 1221 2170 1290 monasteriis,

585 1315 674 1372 vel
697 1315 764 1370 ab
787 1313 918 1384 ipsis
946 1322 1224 1383 nequeunt
1248 1312 1530 1380 custodiri,
1554 1314 1697 1370 sicut
1719 1315 1775 1368 in
1802 1322 1830 1352 ιι
1853 1313 2172 1384 ιπωΐειιίυιι-

585 1407 704 1462 cuia
753 1413 936 1459 nostra
983 1402 1222 1459 facturos
1252 1419 1352 1459 nos
1403 1418 1529 1461 esse
1565 1405 1916 1476 promisimus
1968 1425 1980 1460 :
2033 1406 2180 1476 quod

585 1499 794 1556 scilicet
821 1512 920 1552 nec
949 1495 976 1534 ι’
1005 1498 1180 1552 laneis
1215 1498 1548 1554 indumentis
1587 1507 1829 1566 utantur,
1872 1500 1968 1556 sed
2019 1501 2179 1557 lineis

588 1602 819 1656 tantum,
845 1598 900 1646 et
925 1605 994 1644 ne
1018 1590 1150 1659 ipsis
1173 1591 1398 1659 quidem
1419 1591 1762 1662 duplicibus;
1806 1592 2004 1662 quibus
2036 1603 2058 1630 α
2095 1592 2181 1646 νὶ-

589 1687 732 1742 caria
776 1682 1100 1754 praepositus
1129 1685 1503 1754 unusquisque
1539 1699 1654 1740 suae
1696 1685 1938 1740 decaniae
1969 1683 2178 1740 submi-

591 1778 802 1846 nistrat,
835 1791 956 1832 cum
979 1775 1070 1830 illa
1098 1776 1292 1847 quibus
1322 1777 1505 1833 vestiti
1533 1785 1695 1844 sunt,
1727 1777 2010 1834 sorduisse
2049 1763 2180 1832 con-
2209 1785 2258 1846 Β

590 1871 852 1942 spexerit.
1093 1901 1102 1906 οη

1202 1941 1432 2000 CAPUT
1471 1941 1544 1997 Χῐ

591 2014 897 2086 Cujusmodi
947 2013 1090 2069 cibus
1144 1983 1318 2086 αρέἶὶἴ
1343 1983 1425 2067 2'02
1467 1983 1862 2068 delicatissimus
1902 2013 2170 2068 habeatur.

657 2105 794 2162 lllud
819 2123 1032 2180 quoque
1059 2107 1288 2163 arduum
1321 2115 1486 2178 atque
1531 2105 1766 2162 sublime
1797 2121 1965 2176 genus
1995 2106 2174 2161 conti-

2285 487 2465 534 tantur
2494 478 2725 546 deliciae,
2749 481 2793 536 si
2821 480 2986 538 herba
3013 483 3128 539 sale
3155 485 3394 554 condita,
3428 501 3586 556 quam
3619 487 3644 526 ά
3672 491 3834 559 lapsa-

2283 573 2430 628 nium
2457 581 2682 641 vocant,
2725 589 2866 644 aqua
2893 575 3060 630 diluta
3105 577 3174 632 ad
3215 579 3569 638 refectionem
3599 583 3832 644 fratribus

2281 675 2601 738 apponatur,
2633 667 2846 738 aliaque
2868 670 3148 740 complura
3175 670 3258 726 his
3277 663 3644 746 similiafquze
3673 677 3722 732 in
3749 677 3835 735 hac

2283 761 2557 829 provincia
2585 776 2684 816 nec
2713 776 2900 818 aerum
2925 765 3213 833 temperies
3230 806 3245 834 ,
3274 782 3377 824 nec
3403 770 3638 838 qualitas
3663 781 3836 830 nostra:

2281 848 2592 923 fragilitatis
2649 853 2924 922 admittit,
2975 856 3063 912 illa
3104 861 3486 917 tantummodo
3533 878 3832 934 prosequar,

2282 958 2402 1013 quae
2433 943 2583 1000 nulla
2637 945 2818 1002 carnis
2861 947 3147 1004 inﬁrmitas
3169 993 3184 1015 ,
3215 966 3325 1007 non
3371 953 3510 1008 situs
3535 954 3642 1011 loci
3667 959 3840 1026 poterit

2283 1033 2566 1104 impedire,
2589 1037 2634 1092 si
2660 1051 2723 1093 ea
2747 1037 3136 1112 nouit-agilitas
3161 1044 3356 1100 animai
3375 1059 3437 1101 ac
3463 1055 3618 1118 tepor
3651 1052 3829 1105 mentis

2283 1127 2568 1185 ademerit.

2883 1225 3114 1285 CAPUT
3147 1229 3258 1286 XII.

2287 1339 2433 1405 Quod
2461 1339 2530 1393 ad
2559 1327 2779 1416 sonitum
2821 1342 3293 1416 pulsantisostium
3314 1388 3328 1412 ,
3381 1347 3514 1402 nihil
3555 1349 3720 1416 operis
3747 1319 3840 1405 non

2549 1414 2780 1467 amittant
2813 1413 2986 1468 studio
3021 1415 3250 1470 celeriter
3279 1413 3604 1473 occurrendi.

2357 1545 2546 1617 Itaque
2578 1548 2926 1605 considentes
2953 1549 3092 1605 intra
3125 1551 3322 1607 cubilia
3351 1567 3473 1622 sua,
3503 1561 3557 1610 et
3591 1557 3764 1627 operi,
3789 1572 3843 1612 ac

2281 1639 2620 1694 meditationi
2672 1641 2908 1697 studium
2969 1645 3176 1713 pariter
3247 1647 3667 1718 impendentes,
3737 1666 3844 1704 cum

2284 1732 2524 1786 sonitum
2570 1741 2592 1768 ε
2617 1735 2882 1802 pulsantis
2929 1737 3150 1804 ostium,
3185 1751 3244 1794 ac
3279 1737 3614 1794 diversorum
3645 1741 3852 1797 cellulas

2283 1827 2642 1897 percutientis
2669 1828 2938 1884 audierint
2981 1848 2996 1888 :
3045 1830 3114 1885 ad
3159 1832 3458 1888 orationem
3505 1849 3598 1888 eos
3627 1834 3848 1900 scilicet,

2284 1931 2381 1973 seu
2409 1918 2473 1972 ad
2500 1934 2635 1988 opus
2656 1919 2872 1989 aliquod
2897 1921 3198 1988 invitantis,
3227 1923 3468 1978 certatim
3502 1921 3520 1960 τ
3548 1939 3578 1979 e
3605 1924 3853 1980 cubilibus

2285 2011 2398 2065 suis
2440 2011 2811 2080 unusquisque
2855 2014 3158 2084 prorumpit
3210 2033 3220 2066 :
3281 2014 3354 2068 ita
3402 2024 3460 2070 ut
3507 2017 3551 2070 is
3599 2019 3692 2087 qui
3729 2032 3850 2087 opus

2286 2103 2566 2172 scriptoris
2597 2112 2850 2171 exercet,
2893 2119 3054 2174 quam
3083 2113 3332 2176 repertus
3371 2106 3535 2164 fuerit
3574 2109 3852 2164 inchoasse

1651 2221 1911 2276 ALAliDl
1951 2219 2194 2278 ΕΑΖᾹΞΙ
2231 2217 2800 2276 COMMENTARIUS.

592 2335 658 2375 eo
685 2320 835 2386 ﬁeri;
867 2321 962 2376 sed
993 2330 1198 2375 tantum
1223 2361 1237 2386 ,
1287 2330 1344 2374 ut
1373 2321 1566 2388 probet
1605 2319 1727 2386 ejus
1771 2319 2134 2376 obedientiam
2164 2361 2180 2386 ,

591 2393 676 2446 vel
703 2394 822 2446 aliis
861 2401 1130 2460 proponat
1156 2393 1205 2442 in
1250 2391 1558 2458 exetnplum
1613 2389 1772 2460 (Vide
1804 2391 2045 2446 Durand.
2081 2391 2133 2444 in
2163 2407 2180 2445 ι

591 2473 791 2514 semen.
826 2463 946 2512 dist.
981 2460 1073 2530 47,
1106 2477 1156 2528 q.
1191 2461 1245 2530 ὃ)
1273 2478 1284 2512 :
1315 2461 1452 2513 sicut
1497 2461 1634 2514 Deus
1668 2465 1926 2530 [)l‘J‘CCllll
1953 2463 2180 2516 Abrahae

592 2539 651 2583 ut
675 2529 1391 2599 immolaretlilium(Cenes.
1425 2535 1590 2599 xxii),
1620 2529 1684 2584 ad
1717 2533 2070 2600 probandam,
2095 2535 2182 2587 vel

592 2601 771 2671 potius
809 2601 1282 2656 det‘noustrandam
1325 2603 1443 2670 ejus
1475 2603 1632 2655 tidem
1672 2611 1726 2656 et
1768 2602 2130 2656 obedientiam
2166 2621 2178 2656 :

593 2673 701 2740 quo
729 2671 1171 2742 etiamispectarc
1217 2673 1430 2726 videtur
1461 2673 1520 2726 D.
1553 2671 1877 2726 Benedictus
1911 2674 2029 2726 loco
2071 2689 2183 2726 me-

597 2749 829 2796 morato.
881 2741 1012 2799 Tale
1057 2744 1272 2799 videtur
1301 2745 1607 2812 exemplum
1643 2743 1785 2797 illius
1812 2785 1825 2810 ,
1885 2745 1968 2798 cui
2019 2745 2184 2800 abbas

591 2823 927 2885 prmceprrat
979 2823 1039 2868 ut
1093 2816 1260 2869 tilium
1307 2829 1462 2868 suum
1509 2814 1801 2882 projiceret
1853 2816 1906 2868 in
1957 2815 2181 2869 ﬂumen.

593 2883 911 2956 [frovidcrat
941 2885 1104 2952 enim,
1131 2901 1198 2941 ne
1215 2894 1624 2956 exsequeretur,
1654 2901 1681 2938 a
1709 2886 1964 2940 fratribus
1989 2885 2053 2940 ad
2081 2886 2184 2940 hoc

596 2953 873 3078 disrpositis
925 2956 1210 3026 impediri,
1253 2967 1310 3011 ut
1352 2953 1540 3010 narrat
1583 2957 1872 3012 Cassianus
1929 2973 2049 3028 cap.
2091 2957 2182 3024 27,

600 3039 656 3078 in
685 3039 762 3078 ra.

600 3039 762 3078 lllll'a.

667 3104 692 3131 ιι
723 3095 901 3150 Verba
933 3099 1052 3167 ejus
1083 3109 1208 3153 sunt
1232 3097 1282 3150 in
1315 3097 1420 3152 line
1445 3097 1778 3166 praefationis
1802 3099 1867 3152 ad
1897 3099 2181 3154 Castorem

595 3167 920 3238 episcoputn'
952 3185 964 3219 :
999 3168 1156 3222 Illam
1188 3185 1309 3228 sane
1337 3169 1742 3222 moderationem
1769 3170 2018 3238 opusculo
2065 3171 2184 3220 huic

592 3237 816 3310 inserere
845 3254 1181 3310 prwsumam,
1209 3247 1262 3290 ut
1286 3255 1343 3310 ea
1365 3254 1480 3306 qua:
1505 3239 1786 3290 secundum
1811 3239 2186 3310 {Egyptiorum

593 3306 884 3381 Regulam,
914 3325 1002 3362 seu
1033 3325 1124 3376 pro
1147 3309 1424 3381 asperitate
1454 3323 1657 3381 at‘t‘ttttt,
1686 3323 1782 3381 seu
1806 3306 1900 3378 pro
1949 3306 2186 3381 difﬁcul-

594 3377 700 3434 tate
722 3397 781 3434 ac
804 3380 1102 3434 dirersitate
1125 3377 1744 3447 morumimpossibiliain
1764 3377 1840 3430 his
1861 3377 2182 3448 regionibus,

591 3451 670 3503 vel
695 3453 847 3519 dura,
879 3451 954 3505 rel
983 3451 1152 3506 ardua
1177 3449 1575 3519 comprobavere
1596 3449 1892 3519 ,_i_nstitutis
1927 3459 2189 3504 monaste-

591 3521 809 3594 riorum,
836 3515 960 3594 qua:
993 3539 1082 3592 per
1113 3515 1454 3575 Pala’stinam
1484 3515 2055 3594 rel”Mesotgotamiam
2097 3522 2188 3574 ha-

595 3589 805 3658 bentur,
849 3589 1176 3662 aliquatenus
1216 3601 1514 3659 tcmperem.
1565 3589 1720 3662 Quod
1760 3589 1890 3662 haec
1931 3593 2184 3648 nimirum

596 3665 816 3720 mitiora
847 3675 902 3721 et
933 3660 1110 3719 minus
1143 3672 1358 3718 austera
1387 3675 1547 3732 quam
1579 3661 1722 3731 apud
1752 3660 2036 3732 [Egyptios
2075 3678 2189 3718 mo-

599 3737 804 3790 nachos
835 3737 1183 3791 haberentur.

666 3805 692 3843 δ
721 3807 892 3875 Hujus
915 3809 994 3861 rei
1024 3821 1242 3862 causam
1269 3804 1398 3860 alibi
1421 3803 1777 3878 exposuimus
1810 3801 2000 3878 (ιίιω
2031 3821 2076 3858 c.
2108 3801 2186 3878 β).

595 3873 926 3930 Verum‘etsi
961 3879 1043 3932 hic
1073 3879 1340 3934 linearum
1379 3873 1506 3930 usus
1553 3877 1694 3944 apud
1727 3873 1848 3931 illos
1879 3873 2188 3932 Orientales

597 3946 894 3998 monachos
924 3950 1179 4014 probatus
1234 3957 1287 4000 et
1319 3957 1567 4014 receptus
1595 3947 1790 4013 fuerit;
1834 3948 1973 3999 alios
2010 3958 2188 4001 tamen

597 4014 884 4084 plerosque
913 4027 1119 4070 eertum
1152 4027 1236 4070 est
1273 4031 1300 4066 a
1337 4017 1496 4068 lineis
1535 4017 1776 4068 vestibus
1823 4015 2187 4082 abstinuisse,

596 4093 654 4139 et
675 4085 845 4140 laneis
887 4087 1065 4154 potius
1095 4101 1220 4138 usos
1253 4097 1405 4154 esse,
1436 4085 1576 4136 sicut
1609 4084 1770 4135 hodie
1798 4085 2035 4154 plerique
2065 4087 2192 4139 reli-

595 4157 729 4226 giosi
751 4152 998 4220 utuntur;
1029 4165 1140 4226 tum
1164 4156 1232 4208 ob
1265 4153 1399 4204 alias
1429 4165 1641 4214 causas,
1674 4161 1785 4226 tum
1813 4152 2088 4226 praecipue
2119 4155 2189 4208 ob

599 4221 862 4294 majorem
909 4225 1280 4278 austeritatem
1312 4262 1327 4286 ,
1384 4231 1438 4276 et
1486 4223 1731 4294 corporis
1787 4221 2134 4276 alllictionem
2172 4265 2186 4290 ,

595 4293 753 4366 quam
779 4297 951 4350 lanea}
981 4307 1182 4361 vestes,
1215 4309 1285 4348 ex
1321 4308 1499 4366 panno
1525 4293 1820 4366 videlicet,
1865 4303 1955 4366 aut
2001 4295 2187 4366 villosa

597 4363 844 4432 materia,
876 4365 1149 4422 afferunt:
1182 4363 1402 4420 undeet
1425 4363 1777 4418 lniioceutius
1805 4364 1999 4418 tertius
2018 4365 2191 4420 vetuit

597 4453 660 4490 ne
684 4439 945 4505 monachi,
969 4439 1132 4492 etiam
1163 4435 1520 4500 Beuedictini,
1547 4437 1779 4489 camisiis
1809 4435 1956 4489 lineis
1981 4445 2190 4505 uteren-

2355 2317 2380 2356 d
2407 2319 2486 2372 lta
2521 2333 2710 2390 rursus
2739 2333 2860 2388 cap.
2887 2319 2980 2384 22,
3015 2320 3151 2374 inira
3187 2338 3198 2374 :
3237 2320 3395 2388 Apud
3433 2337 3560 2390 quos
3595 2333 3736 2376 secta
3763 2323 3862 2378 sin-

2284 2391 2421 2462 gulis
2466 2389 2722 2462 mensibus
2753 2391 3204 2462 porrorumfotia,
3233 2391 3491 2462 lapsania,
3520 2395 3600 2447 sal
3629 2395 3861 2462 frictum,

2285 2461 2452 2526 alira’,
2487 2461 2722 2528 pisciculi
2754 2463 2939 2514 minuti
2965 2461 3127 2528 soliti,
3151 2477 3275 2531 quos
3297 2461 3378 2514 illi
3401 2461 3644 2516 utwnidia
3670 2471 3858 2530 vocant,

2284 2548 2482 2586 summa
2509 2531 2746 2599 uoluptas
2777 2541 2872 2586 est.
2905 2533 3076 2587 Porro
3105 2533 3408 2601 lapsanium
3439 2549 3468 2586 a
3510 2535 3730 2602 lapsana
3779 2534 3864 2589 de-

2289 2603 2506 2674 ductum
2539 2613 2689 2670 puto.
2725 2603 2818 2656 Est
2851 2603 2995 2656 enim
3027 2605 3246 2672 lapsana
3275 2605 3393 2658 olus
3421 2605 3674 2660 silvestre
3696 2649 3712 2674 ,
3743 2613 3866 2660 teste

2287 2673 2457 2747 Plinio
2498 2673 2593 2747 lib.
2628 2687 2698 2726 xx
2743 2681 2923 2747 natur.
2957 2675 3162 2728 Histor.
3211 2689 3328 2740 cap.
3358 2675 3410 2730 9.
3449 2675 3599 2732 Unde
3651 2691 3867 2747 prover-

2291 2744 2438 2816 bium
2473 2761 2492 2816 _:
2528 2741 2770 2816 Lapsuna
2799 2744 2981 2811 vivere,
3011 2760 3127 2814 pro,
3156 2747 3310 2816 tenui
3355 2753 3409 2799 et
3439 2741 3677 2816 paupere
3709 2749 3864 2800 victu.

2287 2815 2425 2886 Erat,
2471 2813 2634 2882 igitur
2684 2815 2902 2881 lapsana
2940 2855 2956 2882 ,
3007 2813 3098 2872 Vel
3152 2813 3452 2884 lapsanium
3481 2857 3494 2882 ,
3539 2813 3870 2886 pulmentum

2289 2885 2558 2956 quoddam
2592 2901 2656 2940 ex
2689 2887 2932 2942 oleribus
2974 2887 3088 2941 sale
3130 2887 3395 2958 conditis,
3431 2897 3484 2940 et
3512 2885 3650 2958 aqua
3694 2887 3870 2954 dilutis

2292 2959 2594 3010 caulectum
2616 2997 2629 3021 ,
2658 2958 2798 3016 quod
2835 2973 2932 3027 pro
2964 2957 3172 3027 magnis
3202 2957 3409 3011 deliciis
3437 2957 3574 3012 inter
3607 2959 3732 3014 illos
3767 2973 3872 3013 mo-

2291 3027 2494 3101 nachos
2524 3029 2842 3101 habebatur.
2880 3029 2956 3101 Ita
2989 3031 3050 3101 in
3075 3029 3187 3101 Vita
3219 3029 3276 3083 S.
3315 3029 3592 3084 Pachumii
3642 3029 3800 3101 (Cap.
3823 3029 3872 3098 8)

2291 3096 2487 3168 legitur
2516 3115 2528 3150 :
2555 3097 2822 3168 Lapsanas
2854 3099 3010 3164 enim,
3033 3099 3088 3150 id
3115 3107 3210 3162 est,
3241 3101 3464 3166 agrestia
3494 3096 3658 3168 olera,
3689 3096 3876 3155 et'her-
3929 3121 3933 3128 ε

2290 3167 2378 3218 bas
2401 3167 2529 3218 alias
2558 3179 2741 3238 prazter
2765 3165 2934 3238 oleum
2961 3165 3334 3238 consueverant
3367 3169 3540 3223 edere.
3579 3165 3753 3226 l’orro
3785 3172 3878 3238 lip-

2288 3251 2518 3296 Sanum,
2564 3238 2650 3290 vel
2705 3237 2760 3289 in
2814 3237 3008 3303 plurali
3057 3238 3262 3304 lipsana
3313 3237 3402 3306 (ne
3433 3241 3551 3304 quis
3589 3243 3740 3296 forte
3773 3237 3879 3296 hinc

2287 3307 2624 3374 contundat)
2669 3321 2768 3360 usu
2821 3307 3192 3376 ecclesiastico
3243 3307 3396 3376 longe
3438 3307 3582 3360 aliud
3636 3325 3879 3376 sonant,

2287 3391 2481 3448 nempe
2504 3391 2656 3448 sacra
2686 3378 2928 3446 pignora,
2955 3391 3050 3430 seu
3073 3374 3328 3444 reliquias
3357 3387 3695 3438 sanctorum.
3731 3374 3882 3448 Quod

2291 3447 2377 3502 hic
2404 3447 2606 3500 cursim
2640 3448 2917 3500 mnuuisse
2947 3457 3026 3500 sat
3057 3455 3160 3502 est.

2364 3527 2386 3554 ο
2413 3517 2695 3586 Colligitur
2723 3519 2848 3572 hinc
2873 3517 3016 3572 tores
3041 3531 3136 3572 seu
3161 3517 3296 3570 ostia
3321 3517 3656 3587 singulorum
3685 3525 3884 3580 malleo

2293 3589 2496 3660 ligneo,
2527 3591 2612 3644 vel
2638 3591 2740 3644 alio
2770 3589 2943 3660 simili
2965 3591 3322 3643 instrumento
3345 3589 3494 3643 tondi
3522 3591 3751 3660 solitas,
3788 3599 3883 3650 sic-

2291 3675 2394 3728 que
2417 3663 2712 3716 monachos
2742 3662 2861 3714 illos
2883 3659 2948 3714 ad
2978 3661 3215 3734 ol’licium
3251 3660 3514 3734 divinum,
3540 3663 3620 3716 vel
3650 3659 3884 3734 adopus

2291 3743 2544 3786 manuum
2575 3743 2857 3797 evocatos;
2889 3741 2946 3785 ut
2972 3733 3220 3800 snperius
3245 3733 3624 3803 annotayimus
3648 3733 3806 3803 (Lib;
3831 3749 3883 3789 ιιι

2292 3817 2338 3874 _c.
2375 3803 2476 3874 2),
2503 3804 2592 3858 ubi
2621 3805 3018 3872 compulsorem
3042 3799 3186 3856 eum
3234 3813 3394 3856 vocat
3433 3799 3754 3868 Cassianus,
3797 3805 3882 3874 qui

2292 3872 2395 3928 hoc
2422 3872 2603 3928 cilicio
2634 3873 2992 3944 fungebatur:
3022 3875 3110 3942 qui
3143 3889 3262 3926 mos
3283 3876 3572 3926 etiamnum
3607 3877 3754 3944 apud
3789 3872 3882 3930 nos

2292 3957 2540 4006 servatur
2571 3947 2623 4000 in
2657 3943 2926 4015 exsequiis
2961 3943 3187 3998 fratrum
3229 3943 3722 4010 defunctorum,’ut
3757 3947 3882 4000 alibi

2291 4016 2455 4086 etiam
2513 4015 2847 4070 docebimus.
2902 4015 3018 4082 Quo
3069 4016 3253 4068 itidem
3301 4017 3569 4082 pertinere
3615 4019 3878 4086 arbitror,

2291 4085 2436 4152 quod
2466 4087 2654 4158 scribit
2685 4087 3045 4158 Leo‘imper.
3065 4086 3114 4137 in
3157 4086 3589 4158 Banegyricoide
3621 4089 3680 4141 S.
3715 4085 3882 4158 Chry¥

2291 4162 2536 4208 sostomo
2563 4172 2573 4205 :
2603 4154 2701 4207 llis
2730 4155 2897 4206 adhuc
2926 4153 3592 4220 dubitantibuspéxcubitor
3619 4159 3690 4210 ad
3721 4153 3881 4211 matu-

2294 4223 2403 4296 t_ina
2436 4225 2650 4296 Cantica
2682 4226 2878 4296 fuitat
2918 4226 3052 4296 ligni
3097 4223 3330 4294 pulsibus
3362 4227 3532 4296 (Vide
3576 4227 3782 4284 scholia
3821 4229 3882 4284 ad

2293 4291 2546 4400 Regulam
2581 4295 2641 4348 S.
2672 4291 2999 4364 Pachomiij.

2307 4381 2322 4393 ο
2425 4363 2477 4400 ΙιΙ
2507 4371 2586 4400 ac!
2613 4365 2876 4400 ntiltinnlic
2928 4369 2999 4400 ch:

2307 4381 2322 4393 ο
2368 4363 2388 4400 ί
2421 4363 2477 4418 Id
2507 4371 2591 4418 est
2613 4365 2900 4430 cubiculis,
2928 4363 3041 4420 sive
3069 4367 3300 4422 cellulis.
3325 4369 3414 4424 Sic
3448 4369 3515 4425 D.
3549 4369 3878 4426 Benedictus

2295 4449 2451 4489 veros
2493 4437 2808 4490 obedienles
2838 4435 3174 4502 describens,
3223 4449 3278 4492 et
3310 4441 3452 4494 hunc
3503 4442 3683 4495 locum
3743 4441 3878 4496 haud

597 4504 1073 4584 tur.Cap_._Cumad
1089 4505 1562 4576 monasterium,de
1581 4513 1721 4560 statu
1739 4520 1948 4561 monac.
1970 4504 2107 4575 (Lib.
2128 4523 2184 4562 ιιι
2211 4517 2262 4577 ι)
2291 4507 2448 4584 dubie
2499 4507 2740 4560 imitatus
2773 4521 2788 4560 :
2825 4504 2963 4577 Ergo
2994 4507 3244 4584 hi_tales,
3294 4510 3877 4584 inquit,_relinquentes

602 4578 854 4633 Decretal.
869 4581 906 4635 l.

673 4581 854 4633 'cretal.
894 4623 906 4635 .

673 4661 694 4689 ε
725 4581 932 4706 Vicabia
973 4660 1132 4706 vocat
1159 4649 1366 4704 alterna
1393 4648 1728 4712 Indumenta,
1759 4662 1880 4718 quae
1914 4663 2011 4718 per
2038 4649 2184 4704 vices

596 4731 875 4776 mutantur
902 4721 993 4794 (ιν
1029 4721 1158 4795 Reg.
1182 4725 1280 4795 v)._
1301 4721 1454 4795 Unde
1485 4729 1540 4774 et
1571 4720 1858 4795 mutator-ia
1893 4731 2180 4788 vocantur,

595 4809 716 4863 quae
749 4791 926 4847 tamen
955 4791 1242 4862 apud'illos
1271 4793 1342 4846 ita
1370 4791 1848 4863 dispensabantur,
1883 4799 2185 4863 utnequa-

507 4895 514 4920 ;
595 4861 753 4934 quam
801 4861 1030 4935 duplicia
1071 4878 1351 4935 penesse
1383 4865 1678 4928 haberent,
1719 4861 1812 4916 sed
1853 4861 2183 4935 accipientes

593 4933 752 5000 nova,
787 4933 1107 5002 vel‘nitida’,
1140 4933 1428 4992 redderent
1463 4943 1682 4996 vetera,
1733 4943 1784 4986 et
1814 4933 2065 4998 sordida,
2125 4941 2183 4986 ut

593 5006 681 5062 hic
725 5007 983 5061 inuuitur.
1012 5007 1181 5062 Porro
1209 5005 1444 5059 decanos
1471 5013 1526 5059 et
1567 5003 1791 5058 decania
1827 5003 2036 5058 duobus
2069 5017 2182 5058 mo-

513 5113 516 5146 ς
593 5077 674 5132 dis
723 5079 1080 5148 accipiuntur.
1109 5077 1243 5148 Nam
1277 5075 1516 5148 decanus
1547 5090 1576 5129 a
1611 5076 1934 5145 quibusdam
1981 5073 2181 5130 dicitur

593 5149 684 5218 qui
715 5147 911 5204 novem
944 5147 1222 5204 monachis
1260 5147 1502 5202 decimus
1529 5147 1643 5216 ipse
1695 5157 1924 5215 praeerat
1968 5163 1982 5204 :
2018 5155 2180 5216 atque

597 5217 650 5272 lii
699 5221 884 5277 decem
915 5221 1196 5282 monachi,
1223 5219 1460 5286 decuria,
1493 5235 1591 5274 seu
1621 5217 1876 5284 decania,
1911 5219 2180 5272 vocaban-

595 5299 699 5362 t_ur.
731 5293 821 5348 Sic
847 5295 904 5346 D.
931 5291 1294 5362 Hieronymus
1316 5291 1478 5362 epist.
1501 5291 1572 5345 2-).
1591 5289 1656 5343 de
1671 5291 1958 5344 cmuobitis
1979 5305 2173 5362 agens:

593 5360 759 5416 Divisi
785 5371 930 5432 sunt,
965 5360 1156 5432 inquit,
1187 5379 1276 5431 per
1304 5360 1564 5426 decurias,
1614 5371 1762 5432 atque
1793 5363 2078 5432 centro-ias;
2105 5361 2178 5412 ita

595 5440 652 5484 ut
702 5451 878 5488 novem
919 5431 1211 5488 hominibus
1241 5433 1469 5486 decimus
1491 5431 1690 5502 prresit,
1736 5439 1782 5483 et
1805 5447 1985 5484 rursus
2006 5431 2178 5484 decem

591 5507 897 5575 prepositos
918 5507 1012 5560 sub
1043 5523 1096 5561 se
1126 5507 1432 5560 centesimus
1463 5503 2025 5575 habeat._Augustimis
2047 5516 2177 5575 vero

595 5573 690 5628 lib.
739 5591 754 5628 ι
805 5575 870 5629 de
899 5577 1140 5631 litoribus
1172 5575 1435 5630 Ecclesiae
1464 5573 1617 5644 (Cap.
1667 5572 1786 5642 3|),
1824 5573 1897 5626 ait
1939 5571 2178 5644 decanos

595 5655 716 5714 esse
740 5645 826 5714 qui
856 5645 1042 5700 decem
1071 5645 1350 5701 monachis
1377 5642 1616 5714 praesunt
1641 5661 1653 5696 :
1683 5659 1793 5713 quo
1820 5643 1984 5714 etiam
2017 5642 2176 5698 modo

596 5711 829 5770 decanos
858 5723 912 5766 et
957 5717 1208 5770 decanias
1241 5711 1572 5771 intellexisse
1605 5711 1862 5770 videntur
1887 5713 2174 5773 Cassiaqu

597 5776 752 5852 (Cap.
785 5783 1017 5852 7‘supra)
1049 5793 1102 5839 et
1131 5786 1192 5840 D.
1225 5785 1550 5842 Benedictus
1580 5801 1702 5856 cap.
1735 5787 1802 5842 ‘21
1837 5785 2076 5858 Regulae.

2287 4577 2462 4631 statim
2487 4593 2601 4647 qnte
2627 4595 2721 4630 sua
2748 4585 2888 4643 sunt,
2921 4589 2967 4632 et
2995 4577 3310 4650 voluntatem
3337 4577 3602 4650 propriam
3637 4577 3872 4637 deseren-

2289 4659 2382 4714 tes,
2427 4665 2546 4702 mox
2575 4651 2900 4718 exoccupatis
2927 4649 3185 4722 manibus,
3210 4659 3281 4722 et
3319 4649 3457 4721 quod
3503 4653 3754 4722 agebant,
3785 4655 3876 4708 im-

2287 4723 2567 4796 perfectum
2593 4721 2960 4796 relinquentes,
3002 4720 3169 4796 vicino
3198 4721 3286 4796 (id
3317 4720 3420 4787 est,
3451 4720 3876 4796 praximolobeﬁ

2287 4792 2494 4846 dientia:
2523 4791 2650 4863 pede
2669 4791 2902 4865 jubentis
2926 4808 3099 4846 vocem
3129 4793 3280 4863 factis
3308 4791 3613 4864 sequuntur,
3646 4791 3878 4848 et'ueluti

2287 4879 2388 4936 uno
2437 4864 2692 4936 momento
2739 4864 2990 4936 prwdicta
3037 4866 3270 4936 magistri
3317 4867 3498 4932 iussio,
3557 4873 3602 4916 et
3651 4869 3877 4936 pirfecta

2287 4933 2528 5004 discipuli
2575 4951 2732 5005 opera
2775 4935 2830 4988 in
2879 4933 3144 4989 velocitate
3191 4939 3387 4988 timoris
3439 4937 3563 5000 Dei,
3595 4933 3768 4991 mutue
3806 4953 3876 4990 res

2293 5006 2630 5076 communiter
2657 5005 2740 5073 (id
2769 5017 2874 5069 est,
2907 5007 3102 5076 simul)
3135 5007 3284 5059 citius
3311 5005 3658 5075 explicantur,
3697 5009 3878 5076 quibus

2289 5075 2358 5148 ad
2385 5077 2539 5148 vitam
2582 5087 2825 5130 teter-nam
2866 5075 3155 5148 gradiendi_
3183 5093 3335 5148 amor,
3374 5078 3616 5131 incumbit
3659 5075 3818 5148 (Cap.
3853 5093 3878 5130 v

2289 5146 2467 5218 Reg).
2491 5146 2588 5202 Ubi
2613 5145 3054 5218 'l‘ur‘recreiitatus
3079 5164 3090 5198 :
3123 5146 3196 5200 De
3218 5145 3336 5214 hoc,
3361 5149 3550 5214 inquit,
3575 5145 3879 5202 obedientiu:

2287 5217 2454 5290 gradu
2486 5219 2669 5290 legitur
2706 5219 2758 5272 in
2793 5217 2924 5290 Vitis
2957 5219 3197 5285 Patrum,
3231 5219 3370 5288 quod
3411 5219 3580 5272 Abbas
3625 5219 3876 5273 Silvanus

2289 5289 2500 5343 habebat
2536 5289 2821 5344 duodecim
2867 5289 3184 5356 discipulos,
3237 5305 3400 5343 unum
3449 5306 3624 5344 eorum
3669 5293 3878 5344 nomine

2289 5358 2550 5432 Marcum,
2581 5378 2728 5431 quem
2773 5375 2880 5430 pra!
2909 5360 3102 5412 σανίσι-ιδ
3153 5360 3396 5432 diligebat
3447 5371 3653 5432 propter
3683 5362 3876 5414 bonum

2289 5431 2613 5504 obedientiw,
2634 5433 2774 5504 quod
2807 5439 2913 5484 erm
2958 5432 3012 5483 in
3045 5447 3122 5484 eo.
3153 5431 3380 5504 Cumque
3407 5431 3620 5502 quidam
3647 5433 3880 5486 dicerent

2287 5503 2361 5574 ei,
2387 5505 2518 5570 quod
2549 5503 2642 5557 alii
2671 5506 3099 5574 contristareutur
3125 5519 3187 5557 ex
3212 5505 3327 5570 hoc,
3363 5505 3468 5574 ipse
3493 5520 3581 5558 eos
3611 5504 3764 5557 duxit
3792 5518 3878 5572 per

2287 5571 2442 5628 cellas
2481 5579 2723 5646 fratrum,
2753 5573 3057 5646 etpulsans
3100 5573 3166 5628 ad
3213 5571 3399 5646 ostium
3440 5575 3876 5646 uniuscujusque,

2285 5643 2489 5700 vocavit
2521 5661 2628 5710 eos,
2659 5655 2703 5699 et
2731 5643 2906 5698 nullus
2933 5645 3083 5698 exivit
3107 5661 3124 5698 :
3154 5645 3357 5700 tandem
3387 5646 3581 5700 vocavit
3609 5643 3874 5707 Marcum,

2285 5717 2372 5786 qui
2403 5717 2582 5782 relicta
2607 5715 2780 5770 littera
2823 5715 3144 5786 imperfecta,
3185 5731 3336 5786 quam
3363 5717 3652 5786 scribebat,
3701 5715 3876 5770 statim

2287 5783 2461 5840 exivit.
2493 5787 2604 5850 Quo
2628 5788 2733 5841 viso
2757 5787 2886 5840 dixit
2909 5783 3156 5842 Sit-vanus
3177 5783 3284 5842 illis
3311 5801 3328 5841 :
3352 5785 3508 5859 Ecce,
3526 5801 3686 5860 quare
3709 5787 3874 5860 dilige
