4026 6212
463 926 479 960 "l

460 977 494 1016 ..ο

461 1123 490 1229 .i

567 315 671 386 is?
874 286 969 355 δκ
1106 286 1136 330 ³
1222 280 1234 292 ’

1369 280 1400 315 ,⁷
1442 282 1489 355 νς
1530 278 1592 330 λ’,
1735 305 1743 316 .

1889 318 2165 381 JOANNIS
2200 316 2508 382 CASSIANI

569 439 841 504 taliones,
884 449 957 493 rei
985 445 1413 493 commemorare
1456 434 1782 507 superﬂuum
1810 446 1962 506 puto,
1994 439 2135 507 quod
2162 442 2215 500 Α
2242 448 2438 510 praeter
2470 448 2493 476 α
2522 436 2806 507 colobium,
2848 431 3405 503 'matortem,’caligas,
3442 432 3718 501 melotem,
3748 450 3810 493 ac

570 529 779 585 scilicet
805 528 935 583 nulli
958 517 1243 594 cistellam,
1270 528 1400 583 nulli
1421 529 1745 600 peculiarem
1775 537 1799 565 η
1832 529 2140 598 sportellam

571 622 732 678 liceat
759 622 1057 692 possidere,
1102 637 1201 677 nec
1237 624 1344 677 tale
1385 622 1610 692 aliquid,
1642 622 1785 693 quod
1827 623 1973 677 velut
2018 638 2142 693 pro-

498 742 501 747 -
566 715 744 787 prium
776 714 1015 769 retinens
1043 728 1141 769 suo
1177 713 1372 769 debeat
1397 714 1737 770 communire
1784 715 2061 784 signaculo
2087 713 2137 770 δ.

566 808 712 876 Quos
741 808 812 863 ita
848 807 1096 863 novimus
1133 807 1278 861 omni
1318 822 1383 863 ex
1415 818 1568 878 parte
1597 809 1770 863 nudos
1796 808 2051 872 existere,
2082 814 2143 861 ut

2244 529 2558 601 psiathium,
2589 529 2721 584 nihil
2746 528 2974 598 amplius
3005 528 3272 584 habeant:
3302 540 3427 581 cum
3448 526 3503 580 in
3531 526 3653 581 aliis
3672 542 3810 597 quo-

2244 638 2351 693 que
2379 622 2755 688 monasteriis,
2787 621 2842 675 in
2871 620 3062 691 quibus
3098 619 3281 689 aliqua
3309 618 3592 674 remissius
3629 619 3811 676 indul-

2244 722 2460 785 geritur,
2506 712 2645 767 hanc
2688 710 2928 782 regulam
2975 709 3252 764 videamus
3274 708 3629 764 «strictissime
3671 723 3814 765 nunc

2242 818 2413 874 usque
2443 802 2682 867 servari,
2712 798 2741 837 ἀ
2780 809 2838 855 ut
2868 814 2937 856 ne
2980 800 3145 855 verbo
3193 798 3408 869 quidem
3451 797 3648 854 audeat
3696 800 3814 869 quis

1623 898 1880 954 ALARDI
1919 896 2146 956 GAZIEI
2183 892 2749 959 COMMENTARIUS.

566 995 810 1065 superius
840 1002 1118 1049 ostensum
1147 1000 1269 1065 est:
1304 992 1546 1065 adeoque
1581 992 1768 1047 stricte
1806 1002 1862 1065 et
1888 992 2138 1065 religiose

566 1062 945 1133 observabant,
977 1074 1036 1117 ut
1075 1063 1276 1117 nullam
1323 1064 1540 1133 omnino
1575 1077 1711 1128 rem,
1744 1062 1829 1116 vel
1862 1062 2137 1116 minimam

567 1138 666 1191 sibi
694 1138 949 1199 retinere,
978 1133 1278 1201 possidere,
1301 1143 1393 1186 aut
1418 1132 1714 1197 vindicare,
1760 1141 1816 1186 ut
1844 1133 2133 1200 propriam,

565 1222 626 1260 ac
654 1206 976 1273 peculiarem
1001 1203 1078 1258 eis
1108 1205 1317 1270 liceret,
1350 1213 1407 1257 ut
1436 1204 1523 1257 hic
1549 1202 1766 1258 dicitur.
1800 1201 1907 1257 Sed
1938 1203 2004 1257 de
2037 1202 2140 1257 hoc

566 1276 699 1330 infra
736 1275 969 1346 plenius.

635 1354 661 1382 ι
691 1341 983 1414 sportella,
1008 1352 1063 1414 et
1083 1342 1348 1410 sportula,
1375 1350 1663 1414 utrumque
1696 1341 2083 1414 diminutivum
2106 1355 2138 1396 a

565 1426 780 1486 sporta;
807 1430 904 1486 vas,
922 1413 1530 1486 viminenminferendis
1554 1413 1795 1486 cibariis,
1824 1413 1953 1467 olim
1975 1413 2137 1486 etiam

567 1483 809 1553 pecuniis
833 1485 1111 1539 usitatum.
1133 1484 1370 1539 Isidorus
1392 1484 1686 1554 etymolog.
1710 1483 1803 1536 lib.
1828 1497 1903 1535 xx
1928 1497 2047 1551 cap.
2067 1483 2134 1537 9:

567 1556 841 1625 Sportula,
871 1554 1062 1622 inquit,
1092 1555 1450 1625 diminutivum
1471 1561 1702 1625 asporta
1726 1567 1742 1603 :
1769 1563 1946 1622 sporta
1972 1562 2140 1625 autem

567 1621 727 1691 dicta,
759 1627 882 1692 quia
910 1621 1139 1690 exportet
1179 1623 1399 1693 aliquid,
1443 1621 1520 1674 uel
1560 1622 1704 1693 quia‘
1730 1636 1807 1693 ea:
1840 1631 2019 1689 sparto
2058 1624 2137 1693 ﬁt.

567 1695 619 1748 11
627 1689 868 1747 incillud
902 1689 1080 1747 Saulis
1110 1694 1177 1745 ad
1208 1689 1423 1759 puerum
1447 1706 1600 1744 suum
1626 1706 1644 1742 :
1669 1689 1808 1757 Quid
1831 1693 2050 1759 feremus
2072 1692 2141 1744 ad

566 1766 733 1817 virum
766 1764 900 1817 Dei?
931 1762 1090 1816 Panis
1120 1762 1293 1830 deﬁcit
1324 1764 1376 1814 in
1405 1760 1650 1814 cistartiis
1678 1765 1887 1830 nostris,
1922 1771 1969 1814 et
1997 1778 2143 1829 spor-

568 1835 731 1886 tulam
764 1851 866 1887 non
892 1834 1157 1897 habemus,
1184 1828 1244 1884 ut
1268 1833 1446 1886 demus
1476 1831 1671 1884 homini
1700 1828 1821 1884 Dei.
1853 1830 1952 1887 Ubi
1984 1828 2141 1899 spor-

571 1906 736 1958 tulam
770 1919 868 1973 pro
891 1901 1323 1973 munerealiqno
1344 1902 1541 1970 accipi,
1575 1904 1873 1973 continens
1894 1901 2150 1973 videlicet

569 1990 668 2044 pro
692 1971 970 2035 contento,
1003 1983 1087 2028 est
1120 1972 1181 2044 _in
1213 1971 1821 2044 margineannotatuni.
1850 1971 2003 2044 Apud
2040 1972 2151 2044 Bo-

570 2040 755 2100 inanos
777 2044 1036 2113 sportula:
1056 2040 1402 2098 salutantium
1424 2041 1742 2113 dicebantur
1763 2040 2009 2109 donaria,
2035 2042 2149 2098 sive

573 2111 960 2185 cibaria,'qua:
1004 2129 1032 2167 a
1078 2114 1415 2185 magnatibus
1466 2111 1904 2185 proponebantur
1946 2113 2012 2167 iis
2058 2114 2149 2185 qui

575 2186 722 2255 ipsos
770 2182 930 2240 cilicii
966 2183 1135 2254 gratia
1176 2182 1362 2239 essent
1387 2182 1669 2255 comitati,
1699 2191 1793 2234 aut
1821 2183 1970 2255 domi
2001 2183 2145 2255 salu-

577 2251 777 2311 tassent
808 2251 1315 2325 togati'(Alexander
1345 2254 1406 2306 ab
1432 2251 1580 2306 Alex.
1616 2254 1769 2325 libav
1797 2268 1843 2305 ο.
1874 2252 2003 2321 24).
2029 2253 2147 2319 Qua

574 2326 759 2381 itidem
791 2322 1088 2381 imitatione
1112 2326 1173 2377 D.
1197 2324 1496 2395 Cyprianus
1526 2322 1798 2395 sportulas
1827 2335 1984 2395 vocat
2004 2331 2149 2379 certa

572 2399 833 2466 stipendia
853 2441 867 2461 ,
898 2396 1012 2449 sive
1039 2394 1299 2460 subsidia,
1330 2409 1448 2462 qute
1475 2394 1790 2466 quibusdam
1819 2394 2053 2460 clericis,
2086 2408 2150 2450 ac

580 2462 908 2537 presbyteris
938 2467 991 2519 in
1023 2467 1265 2537 singulos
1314 2478 1553 2537 menses
1578 2462 1885 2537 dabantur:
1915 2466 2055 2520 unde
2094 2473 2152 2519 ct

571 2533 674 2607 ipsi
701 2533 1051 2607 sportulantes
1073 2535 1411 2607 dicebantur,
1429 2535 1521 2607 qu_i
1543 2533 1853 2607 hujusmodi
1880 2537 2149 2607 sportulas

570 2602 902 2676 accipiebant
925 2606 1193 2678 (Cyprian.
1208 2606 1355 2674 epist.
1373 2602 1462 2678 δι
1483 2602 1741 2678 Baronius
1760 2606 1828 2657 ad
1848 2602 1974 2659 ann.
1992 2605 2148 2676 255).

569 2675 741 2733 Porro
785 2675 1097 2745 sport'eltam
1142 2690 1239 2744 pro
1278 2675 1511 2743 quodam
1549 2675 1909 2745 bellariorum
1949 2675 2150 2745 genere

570 2758 795 2818 usurpat
818 2744 1007 2802 Cicero
1027 2749 1187 2818 epist.
1217 2746 1285 2800 ad
1316 2746 1604 2818 Papyrium
1632 2745 1859 2809 Panum,
1884 2744 2009 2818 dum
2031 2748 2106 2818 ait
2131 2763 2146 2801 :

574 2816 895 2873 dediscenda;
926 2827 1043 2870 sunt
1074 2816 1163 2869 tibi
1192 2816 1494 2888 sportellae,
1515 2826 1563 2868 et
1601 2817 1895 2885 artolagani
1923 2817 2019 2870 tui.
2045 2816 2151 2872 Ve-

577 2904 696 2943 rum
720 2889 806 2942 hic
839 2890 1049 2959 proprie
1079 2885 1247 2957 accipi
1276 2885 1612 2959 sportellam,
1639 2902 1735 2959 pro
1764 2902 1922 2955 parva
1939 2897 2143 2959 sparta,

571 2960 712 3013 sicut
736 2958 998 3013 cistellam
1025 2972 1123 3026 pro
1146 2972 1306 3024 parva
1326 2958 1482 3022 cista,
1498 2972 1593 3026 per
1611 2972 1670 3012 se
1691 2958 1873 3011 notum
1893 2967 2006 3011 est:
2030 2958 2150 3014 ideo

571 3043 705 3083 vero
728 3028 844 3083 haec
864 3028 1197 3097 receptacula
1221 3027 1489 3097 expressit
1512 3036 1722 3094 auctor,
1747 3028 1798 3081 in
1823 3028 2017 3097 quibus
2041 3040 2150 3084 tum

571 3100 843 3167 pecuniae,
881 3108 988 3152 tum
1018 3098 1138 3152 alia:
1164 3113 1253 3152 res
1277 3098 1574 3164 peculiares
1606 3099 1824 3152 recondi
1849 3101 2054 3165 solent;
2093 3108 2154 3155 ut

2172 1805 2219 1868 B

2240 988 2363 1058 Ipse
2383 990 2429 1043 ei
2450 990 2503 1042 in
2526 997 2689 1059 matta
2710 997 3028 1059 monachica,
3051 986 3295 1059 quwsedi
3313 986 3396 1040 illi
3418 988 3661 1059 contigua
3681 1000 3813 1056 erat,

2240 1060 2451 1114 assedit.
2487 1060 2649 1115 Matta
2678 1058 2859 1127 igitur,
2892 1057 3268 1128 sive'psiathio
3296 1073 3394 1127 pro
3424 1057 3575 1113 lecto
3595 1068 3649 1113 et
3676 1072 3816 1114 stra-

2240 1131 2405 1199 gulo,
2456 1131 2590 1184 alias
2641 1132 2800 1185 etiam
2852 1146 2948 1199 pro
3005 1129 3163 1199 sedili
3226 1130 3514 1183 utebantur
3565 1133 3814 1185 monachi

2240 1200 2507 1270 Egyptii,
2564 1209 2622 1254 ut
2670 1200 2857 1254 videre
2911 1208 2993 1254 est
3042 1199 3136 1255 lib.
3183 1214 3218 1252 ν
3259 1214 3378 1267 cap.
3405 1200 3496 1261 55.
3536 1209 3590 1254 et
3616 1201 3813 1255 Cullat.

2240 1269 2431 1340 priniae
2459 1284 2578 1339 cap.
2607 1270 2680 1324 23
2712 1287 2727 1324 :
2769 1272 2857 1324 ubi
2890 1270 3172 1340 interdum
3211 1269 3494 1340 insedisse,
3544 1271 3813 1326 interdum

2243 1338 2549 1396 incubuisse
2579 1341 2822 1409 psiathiis
2853 1342 3118 1409 leguntur.
3153 1338 3354 1394 Scribit
3377 1340 3577 1394 Coelius
3606 1340 3815 1395 Rhodio

2243 1413 2400 1481 gilius
2419 1410 2555 1481 (Lib.
2580 1425 2652 1465 vtt
2676 1412 2849 1478 Antiq.
2875 1412 3010 1464 Lect.
3040 1428 3086 1464 c.
3107 1410 3200 1481 25,
3223 1418 3268 1463 et
3292 1409 3383 1463 lib.
3409 1425 3710 1480 xxvmcap.
3734 1410 3814 1481 2),

2245 1480 2302 1535 ut
2330 1480 2435 1536 hoc
2462 1482 2639 1536 obiter
2668 1482 2883 1545 addam,
2915 1482 3052 1547 apud
3098 1480 3315 1535 Graecos
3366 1481 3590 1548 primam
3630 1480 3818 1536 sedem

2244 1552 2680 1627 in‘tribunalibus
2698 1560 2900 1627 πρῶτον
2918 1549 3192 1627 ξυλόνλιορ
3212 1551 3562 1627 est,_priniutn
3588 1552 3815 1627 lignum,

2246 1622 2474 1692 primam
2523 1621 2831 1677 cathedram
2884 1622 3179 1690 nuncupari
3230 1622 3441 1675 solitam
3482 1639 3496 1676 :
3536 1621 3819 1677 inferiores

2248 1708 2375 1747 vero
2406 1692 2586 1754 sellas,
2613 1708 2706 1745 seu
2734 1692 3017 1747 humiliora
3040 1706 3253 1745 scamna
3285 1692 3515 1760 psiatbia
3544 1702 3754 1747 vocata.
3794 1716 3807 1729 ·

2315 1760 2341 1799 ά
2372 1762 2555 1827 Vides,
2588 1763 2777 1827 lector,
2808 1772 3013 1832 quanto
3036 1761 3212 1817 studio
3233 1771 3290 1832 et
3316 1762 3431 1816 zelo
3449 1762 3562 1832 veri
3589 1762 3669 1817 illi
3701 1778 3819 1817 m0-

2247 1833 2403 1888 naehi
2446 1842 2501 1887 et
2528 1831 2833 1896 cmnobitae,
2878 1834 3000 1887 vitae
3040 1831 3375 1888 cmnohiticze
3404 1831 3817 1901 perfectionem,

2248 1918 2366 1973 qua:
2394 1918 2424 1956 a
2454 1901 2689 1972 perlecta
2745 1918 2924 1956 rerum
2972 1902 3212 1973 omnium
3261 1904 3666 1968 communitate,
3721 1919 3821 1959 seu

2247 1972 2650 2033 eomniunione,
2685 1982 2739 2027 et
2767 1972 3075 2027 omnimoda
3104 1974 3448 2041 proprietatis
3473 1973 3819 2031 abdicatione

2250 2058 2441 2098 nomen
2470 2046 2706 2112 accepit,
2751 2043 3268 2113 complectebantur,
3306 2054 3361 2098 et
3389 2052 3721 2113 quantopere
3749 2048 3820 2100 ab

2250 2114 2351 2169 hoc
2399 2114 2528 2167 vitio
2562 2112 2902 2183 proprietatis
2940 2112 3333 2183 abhorrebant,
3383 2112 3443 2167 ut
3489 2127 3597 2167 non
3641 2115 3822 2170 solum

2248 2186 2410 2251 tacto,
2444 2184 2540 2238 sed
2568 2199 2635 2240 ne
2668 2182 2837 2238 verbo
2868 2183 3083 2253 quidem
3120 2182 3342 2238 auderet
3370 2184 3489 2253 quis
3517 2184 3696 2239 dicere
3719 2187 3824 2241 ali-

2247 2255 2375 2324 quid
2402 2270 2579 2318 suum,
2611 2265 2771 2324 atque
2797 2254 2932 2308 adeo
2958 2269 3208 2323 magnum
3246 2255 3449 2309 crimen
3479 2264 3821 2321 censeretur,

2249 2337 2301 2379 et
2331 2327 2568 2393 graviter
2618 2326 2913 2394 puniretur,
2965 2324 3010 2379 si
3056 2324 3174 2393 quis
3205 2325 3367 2379 etiam
3398 2325 3464 2379 de.
3494 2326 3824 2394 proprietate

2251 2395 2384 2449 nihil
2430 2393 2703 2464 cogitans,
2760 2396 2982 2463 diceret,
3042 2393 3284 2449 codicem
3342 2393 3558 2462 meum,
3601 2393 3825 2453 tabulas

2250 2481 2419 2532 meas,
2442 2476 2542 2519 etc.
2574 2465 2652 2519 Ita
2674 2466 2821 2520 enim
2848 2482 2875 2518 a
2906 2464 3200 2534 majoribus
3221 2464 3519 2520 didicerant
3542 2465 3610 2519 ab
3633 2465 3825 2535 hujus-

2250 2536 2394 2591 modi
2436 2536 2709 2591 locutione
2754 2536 3154 2598 abstinendum,
3184 2550 3251 2589 ne
3281 2551 3437 2604 quam
3471 2538 3825 2605 proprietatis

2250 2608 2483 2676 speciem
2520 2606 2603 2661 vel
2625 2606 2911 2676 minimam
2940 2621 3051 2675 pra:
3078 2620 3137 2660 se
3164 2606 3390 2674 ferrent,
3421 2614 3477 2661 et
3501 2616 3561 2660 ut
3588 2607 3653 2660 ad
3686 2622 3825 2675 apo-

2249 2675 2456 2731 stolica:
2512 2675 2859 2731 institutionis
2910 2691 3150 2731 normam
3204 2678 3423 2746 pr0pius
3475 2676 3823 2733 accederent.

2248 2747 2382 2802 Nam
2408 2748 2476 2802 de
2498 2748 2681 2816 primis
2702 2748 3012 2816 etenobitis,
3036 2748 3407 2815 apostolorum
3428 2746 3633 2802 scilicet
3654 2748 3825 2803 disci-

2250 2818 2409 2887 pulis,
2442 2790 2638 2887 legitur
2683 2817 2806 2872 Act.
2833 2833 2885 2871 Iv
2914 2836 2926 2870 :
2960 2790 3378 2887 Necrquisquam
3416 2834 3593 2871 eorum
3620 2820 3825 2888 aliquid

2252 2905 2399 2942 suum
2429 2903 2535 2942 esse
2583 2888 2818 2954 dicebat;
2859 2888 2949 2943 sed
2973 2898 3117 2941 erant
3148 2887 3256 2941 illis
3285 2889 3460 2941 omnia
3501 2887 3825 2947 communia.

2251 2959 2422 3027 Quam
2455 2959 2842 3014 institutionem
2872 2968 2927 3013 et
2948 2959 3342 3014 observantiam
3371 2958 3472 3014 SS.
3507 2958 3689 3013 Patres
3726 2977 3825 3015 re-

2254 3030 2511 3098 ligionum
2532 3037 2587 3083 et
2606 3029 2973 3085 cmoobiorum
3005 3030 3319 3084 tundatores
3340 3030 3570 3099 amplexi
3599 3039 3740 3095 sunt,
3770 3042 3826 3088 et

2256 3102 2310 3154 in
2341 3101 2452 3155 suis
2481 3099 2699 3168 Regulis
2726 3108 2780 3153 et
2809 3100 3227 3155 institutionibus
3250 3099 3558 3154 monasticis
3583 3101 3828 3156 SlUdiOSG

570 3171 896 3237 signiﬁcaret
928 3168 1217 3223 monachos
1246 3168 1383 3239 illos)
1416 3168 1484 3239 ab
1514 3169 1660 3221 omni
1715 3168 2059 3237 proprietatis
2098 3178 2154 3224 et
2180 3171 2226 3235 C
2257 3173 2729 3235 commendarunt;
2754 3181 2813 3224 ut
2841 3184 2905 3223 ne
2926 3172 3050 3239 quis
3076 3171 3275 3235 aliquid
3298 3184 3454 3225 suum
3482 3170 3701 3237 diceret,
3726 3172 3828 3227 sed

615 3241 857 3294 eculatus
878 3241 1009 3292 vitio
1036 3239 1202 3291 fuisse
1229 3237 1608 3303 alienissimos,
1636 3246 1693 3291 ut
1717 3239 1805 3306 qui
1850 3253 1947 3294 nec
1973 3241 2153 3294 cistel-

595 3325 703 3375 am,
733 3326 825 3365 seu
847 3309 1083 3363 arculam
1108 3307 1390 3379 haberent,
1415 3308 1466 3379 in
1490 3321 1614 3376 qua,
1636 3309 1721 3363 vel
1745 3324 2046 3379 nummum,
2066 3311 2151 3366 vel

573 3380 775 3448 aliquid
802 3380 1076 3449 peculiare
1100 3378 1201 3432 sibi
1232 3378 1606 3432 reconderent.

644 3447 678 3488 θ
699 3447 903 3518 Nempe
952 3449 1154 3520 annulo
1195 3449 1513 3520 signatorio,
1564 3456 1655 3503 aut
1683 3447 1837 3505 clave
1868 3449 2149 3520 peculiari.

576 3520 650 3576 De
675 3516 867 3589 quibus
900 3520 1038 3574 infra
1069 3518 1233 3591 (Cap.
1266 3516 1376 3591 15).

647 3602 668 3629 ο
704 3592 765 3644 Ι).
796 3589 1173 3661 Hieronymus,
1223 3597 1283 3644 ut
1321 3589 1450 3644 alibi
1491 3589 1598 3644 alia
1642 3590 1925 3646 occasione
1965 3590 2155 3646 retuli-

572 3676 713 3727 mus,
738 3661 1173 3716 Tabennensium
1199 3662 1586 3715 monachorum
1608 3668 1808 3731 vestes,
1826 3676 2151 3731 omnemque

568 3733 958 3787 supellectilem
999 3731 1071 3785 ita
1110 3731 1538 3786 commemorat:
1567 3730 1720 3785 Nihil
1746 3729 1931 3785 habent
1958 3734 2011 3785 in
2041 3729 2146 3786 cel-

568 3800 725 3868 talis,
769 3813 955 3873 pra'ter
1002 3800 1317 3871 psiathium,
1369 3809 1418 3854 et
1468 3802 1570 3873 duo
1622 3802 1927 3856 lebitonaria
1973 3802 2149 3873 (quod

570 3872 837 3943 Afgypt’iis
858 3873 1120 3926 monachis
1141 3888 1303 3943 genus
1332 3882 1403 3925 est
1442 3872 1723 3926 vestimenti
1764 3873 1950 3942 absque
1979 3872 2148 3926 mani-

572 3929 705 4010 cis):
720 3929 784 3994 'et
810 3958 968 3994 unum
988 3944 1104 4009 jam
1141 3929 1379 3995 Ettritum
1408 3944 1476 3994 ad
1505 3929 1881 4012 dormiendum,
1923 3946 2002 3997 vel
2029 3958 2151 4012 ope-

568 4011 783 4064 rantium
810 4026 827 4068 :
855 4020 902 4062 et
929 4012 1184 4081 amictum
1232 4012 1455 4075 lineum,
1481 4011 1834 4081 Acucullasque
1886 4011 2070 4078 duas,
2103 4022 2150 4067 et

570 4082 835 4150 caprinum
855 4078 1175 4150 pelliculam,
1200 4095 1353 4150 quam
1392 4079 1624 4150 melotem
1653 4078 1854 4145 rocant,
1878 4082 2153 4136 balteolum

575 4148 787 4216 lineum,
823 4148 864 4204 et
896 4148 1110 4218 caligas,
1161 4165 1223 4200 ac
1265 4149 1502 4218 baculum
1550 4149 1747 4202 itineris
1792 4152 2009 4205 socium.
2061 4155 2151 4209 Sic

577 4223 959 4291 Hieronymus,
993 4216 1085 4286 qui
1126 4233 1227 4287 pro
1274 4216 1499 4291 colobiis
1547 4219 1859 4291 lebitonaria
1907 4223 2148 4291 ejusdem

574 4287 1007 4358 significationis,
1054 4298 1106 4341 et
1135 4303 1230 4358 pro
1274 4287 1504 4344 maforte
1531 4290 1782 4345 amictum
1815 4287 2012 4348 linenm
2047 4309 2150 4349 no-

573 4362 819 4432 minavit,
851 4359 1168 4432 etcucullas
1216 4360 1717 4432 insuperaddidit,
1759 4378 1891 4432 quas
1942 4364 2150 4421 Auctor

571 4430 658 4484 hic
690 4428 1054 4505 prmtermisit.
1086 4430 1256 4505 Porro
1284 4430 1352 4483 de
1386 4431 1621 4505 colobio,
1652 4428 1911 4505 maforte,
1959 4436 2147 4505 caligis

569 4509 625 4575 et
648 4501 843 4554 inelote
874 4500 1071 4575 dictum
1099 4511 1183 4575 est
1203 4501 1293 4575 lib.
1331 4515 1386 4575 t,
1408 4501 1707 4575 psiathiu_mi
1725 4504 1897 4575 (quod
1923 4513 1978 4559 et
2005 4500 2146 4575 psia-

569 4572 716 4645 thus,
732 4570 1076 4645 etpsiathius
1098 4570 1421 4639 dicebatur),
1448 4581 1507 4624 ut
1532 4586 1597 4625 ex
1617 4570 1811 4645 pollui.
1837 4574 1903 4629 18
1932 4570 2061 4644 cap.
2084 4576 2134 4645 1,

570 4650 625 4695 et
656 4643 773 4695 aliis
804 4642 937 4696 locis
966 4651 1206 4710 apparet,
1240 4656 1336 4708 pro
1366 4650 1553 4709 malta,
1586 4644 1699 4697 sive
1732 4660 1917 4699 scorea
1963 4642 2018 4702 et
2058 4642 2141 4702 te-

568 4722 696 4785 gete
719 4713 1098 4785 accipit_ur,_ex
1140 4712 1321 4779 junco,
1369 4722 1731 4785 aut__papyro,
1762 4725 1853 4769 aut
1882 4719 2139 4776 stramine

565 4782 810 4837 corilccta
846 4800 858 4834 :
891 4782 1024 4836 Galli
1051 4791 1190 4836 natte
1218 4791 1426 4836 vocant.
1460 4782 1580 4836 Vita
1606 4782 1661 4840 S.
1709 4786 1977 4842 i’acliomii
2002 4806 2016 4842 :
2045 4787 2140 4842 Ιη-

566 4870 768 4923 gressus
800 4853 1179 4927 monasterium,
1212 4863 1323 4923 post
1374 4856 1653 4927 orationem
1694 4860 1826 4911 venit
1855 4858 1921 4910 ad
1964 4861 2141 4927 coqui-

568 4932 797 5001 n.ani,.etl
815 4924 1071 4976 invenieus
1101 4925 1329 5001 fratrem,
1358 4926 1447 4993 qui
1475 4928 1703 4996 coquime
1729 4938 1971 5001 praeerat,
2000 4924 2139 5001 psia-

567 4996 680 5046 thos
707 4995 797 5071 _(-id
828 5003 932 5057 est,
970 4993 1188 5071 tegetes.)
1219 4993 1910 5071 operantempquosguulgus
1954 4993 2139 5055 mattas

565 5064 814 5141 appellat,
837 5072 941 5141 etc.
968 5062 1367 5141 SfAmbrosius
1393 5066 1444 5118 in
1467 5062 1843 5141 luad'rCorinth'.
1873 5086 1991 5141 cap.
2020 5087 2137 5127 xtv:

568 5133 815 5191 Sc'dentes
864 5133 1408 5212 disputent_.__seniores
1456 5137 1709 5212 dignitate
1756 5142 1809 5193 in
1852 5133 2138 5212 cathedris,

563 5206 918 5286 sequentesniu
956 5204 1231 5286 subselliis,
1279 5204 1630 5286 novissimiin
1671 5213 1964 5286 pavimento
1992 5204 2144 5286 super

566 5274 779 5333 mattas.
827 5274 1122 5345 Gregorius
1171 5277 1501 5331 Turonensis
1550 5278 1641 5332 lib.
1672 5274 1743 5334 Vde
1776 5280 1893 5334 Vita
1923 5274 2142 5340 Patriim

566 5361 684 5416 Cap.
722 5346 781 5398 Η
808 5362 828 5419 :_
852 5345 1070 5400 Nullum
1100 5347 1288 5419 habens
1314 5356 1525 5401 stratum
1552 5349 1678 5413 feni,
1712 5352 1967 5419 palemque
1993 5356 2145 5409 moli-

567 5434 702 5493 men,
733 5417 829 5469 nisi
859 5428 1055 5493 tantum
1075 5418 1207 5471 illud
1232 5420 1365 5485 quod
1389 5420 1599 5493 intextis
1618 5421 1765 5493 junci
1786 5417 2006 5493 uirgatis
2030 5426 2144 5493 ﬁeri

562 5486 1063 5559 solet,_quas_vulgo
1102 5498 1285 5542 mattas
1323 5499 1520 5542 vocant.
1548 5486 1750 5558 Regula
1778 5490 1836 5545 S.
1874 5486 2145 5550 Benedicti

564 5570 685 5625 cap.
720 5556 790 5609 55
816 5574 828 5609 :
860 5556 1153 5633 Stramenta
1176 5569 1347 5633 autem
1369 5560 1613 5633 lectorum
1634 5556 1928 5633 “sul'ﬁciant,
1961 5565 2141 5633 matta,

565 5634 611 5678 et
637 5643 845 5705 sagum,
868 5639 973 5681 etc.
1002 5628 1192 5705 Petrus
1220 5629 1491 5685 Arvernas
1517 5630 1677 5700 epist.
1700 5628 1769 5688 ΞΟ
1793 5632 1886 5687 lib.
1911 5648 1927 5686 ι
1959 5651 1971 5685 :
2003 5628 2145 5688 Mat;

567 5704 655 5777 tas‘
670 5699 943 5763 antiquum
968 5699 1337 5777 monachorum
1360 5717 1492 5777 opus
1517 5699 1791 5777 compone,
1823 5719 1987 5777 super
2014 5720 2143 5775 quas

566 5772 657 5825 aut
681 5780 902 5831 semper,
932 5776 1021 5819 aut
1046 5783 1179 5840 stepe
1204 5770 1448 5827 dormias.
1476 5770 1803 5846 ldem'epist.
1839 5770 1909 5834 50
1935 5770 2036 5835 libi
2064 5791 2141 5838 ιις

2170 4539 2223 4600 1)

2258 3251 2525 3307 nostrum,
2567 3241 2617 3294 id
2655 3249 2759 3305 est,
2783 3255 3070 3312 commune
3101 3239 3447 3312 (Trithemius
3472 3241 3525 3293 in
3545 3258 3721 3311 apusc.
3758 3244 3829 3297 dc

2252 3328 2428 3383 propr.
2458 3312 2698 3383 monach.
2728 3328 2871 3383 cap.‘
2892 3310 2954 3375 6;
2990 3310 3171 3383 Basil.
3214 3312 3269 3364 in
3316 3311 3547 3383 Institut.
3578 3310 3827 3383 monach.

2251 3380 2298 3435 ὸ.
2328 3380 2424 3447 ﬁl;
2452 3381 2673 3451 August.
2704 3397 2751 3434 c.
2775 3386 2809 3434 2
2833 3380 3045 3451 Regula:
3057 3398 3076 3446 ;
3103 3381 3447 3451 Chrysostom.
3476 3380 3750 3451 homil._58
3778 3393 3829 3436 et

2252 3454 2341 3519 59,
2369 3460 2414 3505 et
2444 3448 2617 3505 libfltt
2644 3461 2823 3506 contra
2850 3448 3140 3521 Vi'tuperat.
3166 3448 3283 3506 uiue
3303 3453 3628 3514 monasticae;
3651 3448 3825 3507 Basit.

2250 3524 2302 3593 in
2333 3521 2521 3593 Regni.
2544 3525 2709 3593 fusius
2730 3538 2846 3593 gap.
2877 3521 3172 3593 52)._Unde
3196 3522 3335 3590 apud
3366 3522 3489 3576 illos
3510 3523 3830 3591 pervulgata

2250 3591 2339 3645 illa
2368 3591 2637 3648 sententia
2668 3607 2683 3646 :
2722 3591 2897 3646 Meum
2922 3602 2969 3646 et
2994 3591 3162 3645 Tuum
3188 3593 3327 3646 inter
3353 3602 3564 3647 ascetas
3591 3608 3695 3646 non
3725 3608 3829 3647 au-

2250 3662 2377 3730 diri,
2406 3678 2438 3717 a
2468 3664 2809 3718 monasteriis
2860 3662 3045 3731 procul
3077 3664 3291 3718 abesse.
3337 3662 3401 3715 D.
3436 3662 3598 3717 etiam
3653 3663 3830 3719 Bene-

2250 3734 2446 3801 dictus,
2479 3744 2536 3787 ut
2566 3734 2702 3787 alios
2730 3734 2995 3797 omittam,
3026 3733 3262 3802 priorum
3296 3732 3678 3787 monachorum
3700 3734 3829 3788 ubi-

2250 3818 2353 3873 que
2384 3805 2620 3875 vestigiis
2646 3804 2918 3875 insistens,
2942 3812 2995 3858 et
3022 3803 3090 3858 de
3116 3803 3460 3875 proprietatis
3490 3802 3620 3857 vitio
3646 3817 3677 3857 a
3704 3806 3830 3860 suis

2250 3873 2539 3930 cmnobitis
2566 3873 2913 3943 cxsdrpando
2964 3874 3422 3942 sollicitus,jubet
3464 3875 3715 3943 primum,
3765 3885 3830 3931 ut

2251 3947 2421 4017 omnia
2467 3945 2854 4017 sintomnibus
2904 3946 3217 4008 communia,
3258 3946 3388 3998 sicut
3420 3945 3772 4017 scriptumest
3806 3960 3829 3999 :

2250 4015 2445 4070 deinde
2474 4015 2656 4071 subdit
2682 4032 2813 4085 {nec
2834 4018 3105 4085 quisquam
3131 4016 3331 4083 aliquid
3354 4031 3504 4068 suum
3525 4015 3633 4070 esse
3655 4015 3829 4082 dicat,

2249 4096 2338 4139 aut
2370 4097 2663 4155 prtesumat.
2682 4083 3047 4142 Cmterum'ne
3076 4088 3195 4154 quis
3224 4087 3346 4141 hinc
3370 4095 3538 4152 erret,
3560 4094 3833 4156 putetque

2248 4169 2463 4226 semper
2494 4158 2804 4225 religiosum
2852 4166 2943 4210 aut
2981 4156 3327 4226 ctenobitatn,
3360 4157 3659 4211 mortaliter
3690 4172 3829 4223 pee-

2249 4225 2381 4281 care
2400 4242 2520 4281 cum
2553 4227 2713 4292 dicit,
2761 4226 2911 4280 Liber
2968 4243 3128 4291 mens,
3172 4225 3318 4296 Toga
3372 4242 3506 4293 mea,
3539 4236 3668 4292 etc.,
3694 4241 3832 4284 cum

2252 4305 2360 4352 tota
2389 4300 2676 4351 verborum
2705 4299 2786 4351 vis
2814 4314 2881 4350 ex
2912 4308 3092 4351 mente
3129 4308 3183 4353 et
3221 4296 3519 4352 intentione
3549 4297 3833 4366 loquentis

2248 4366 2579 4436 dependeat;
2608 4369 2896 4422 videndum
2927 4382 3034 4435 quo
3062 4382 3245 4432 sensu,
3268 4377 3360 4422 aut
3390 4366 3580 4422 atiectu
3609 4367 3832 4425 dicatur

2248 4438 2446 4505 aliquid
2474 4452 2674 4504 meum,
2718 4447 2890 4504 tuum,
2937 4452 3132 4492 suum:
3164 4439 3210 4493 si
3241 4442 3383 4494 enim
3426 4439 3707 4507 religiosus
3754 4454 3832 4495 eo

2248 4510 2428 4561 animo
2454 4507 2598 4561 dicat
2623 4509 2817 4578 aliquid
2840 4523 3019 4572 suum,
3045 4517 3107 4562 ut
3138 4510 3264 4564 velit
3296 4509 3423 4564 illud
3451 4510 3664 4573 habere,
3693 4524 3833 4575 pos-

2246 4578 2455 4650 sidere,
2489 4589 2581 4650 aut
2612 4580 2716 4644 uti,
2752 4588 3024 4647 tamquam
3084 4581 3379 4650 proprium,
3430 4581 3569 4635 haud
3600 4580 3830 4636 dubium

2246 4659 2329 4703 est
2358 4648 2631 4703 lethaliter
2662 4665 2903 4719 peccare,
2934 4659 2989 4704 et
3010 4648 3212 4706 crimen
3255 4648 3597 4721 proprietatis
3622 4650 3832 4721 admit-

2249 4732 2361 4775 tere
2391 4727 2575 4775 contra
2612 4730 2793 4775 votum
2831 4723 3197 4789 paupertatis:
3230 4719 3386 4778 secus
3416 4737 3545 4777 vero
3587 4723 3632 4776 si
3677 4719 3834 4777 dicat

2244 4792 2446 4860 aliquid
2467 4806 2618 4845 suum
2641 4794 2847 4847 ratione
2868 4792 3348 4848 administrationis
3368 4793 3467 4847 sibi
3489 4792 3830 4859 conimissin,

2247 4863 2329 4916 vel
2362 4860 2536 4932 quoad
2567 4878 2720 4915 usum
2752 4863 3051 4929 dumtaxat,
3085 4875 3137 4919 et
3180 4864 3353 4930 quoad
3394 4862 3658 4930 superiori
3707 4864 3835 4927 pla-

2247 4931 2421 4987 cuerit
2446 4949 2459 4985 :
2493 4933 2661 4987 multo
2690 4934 2866 4989 minus
2888 4935 2932 4988 si
2958 4950 3053 5001 per
3081 4933 3501 4998 subreptioncm,
3527 4931 3643 4985 sive
3672 4932 3835 4989 inad-

2247 5011 2520 5056 vertcnler
2576 5002 2629 5057 id
2685 5005 2831 5059 dicat
2884 5021 2953 5060 ex
3006 5012 3259 5072 consueto
3310 5001 3468 5054 modo
3524 5001 3828 5072 loquendi;

2244 5074 2676 5143 quandoquidem
2701 5090 2730 5128 a
2755 5076 2920 5130 multo
2943 5085 3181 5139 tempore
3209 5071 3429 5125 desierit
3459 5072 3697 5140 perlecta
3726 5071 3832 5130 illa

2243 5145 2628 5212 communitas,
2663 5160 2757 5201 seu
2796 5143 3099 5201 communio
3137 5156 3319 5195 rerum
3348 5144 3614 5209 omnium,
3652 5144 3828 5201 etiam

2244 5215 2630 5286 quoadiusum,
2662 5228 2767 5269 tam
2797 5217 2975 5286 stricte
3008 5214 3146 5286 inter
3174 5213 3826 5286 ctenohitasiobservari,

2246 5283 2348 5340 nec
2378 5285 2514 5342 ullus
2545 5288 2843 5355 reperiatur
2872 5283 3184 5351 religiosus,
3216 5285 3305 5352 qui
3339 5301 3444 5340 non
3491 5285 3685 5340 haheat
3714 5286 3831 5340 ali-

2247 5373 2349 5426 qua
2381 5357 2661 5426 peculiaria
2694 5357 2797 5412 sibi
2828 5356 2892 5408 ad
2930 5368 3082 5426 usum
3113 5368 3399 5426 concessa,
3428 5357 3591 5411 etiam
3620 5370 3683 5408 ex
3711 5355 3828 5426 ile-

2247 5424 2395 5481 creto
2416 5428 2553 5482 sacri
2594 5427 2805 5481 concilii
2830 5424 3133 5480 Tridentini
3159 5440 3297 5482 sess.
3336 5430 3427 5493 25,
3461 5428 3527 5481 de
3556 5424 3825 5494 Regulae.

2248 5512 2365 5565 cap.
2392 5498 2448 5552 2.
2495 5498 2728 5554 Proinde
2764 5498 2866 5551 etsi
2908 5512 3233 5567 magnopere
3279 5497 3525 5553 laudandi
3567 5505 3829 5567 etcom-

2248 5569 2534 5623 mendandi
2567 5576 2691 5623 sunt
2720 5567 2794 5621 illi
2823 5569 3030 5631 sancti,
3060 5579 3114 5623 et
3153 5569 3375 5637 perfecti
3408 5566 3687 5633 monachi,
3718 5568 3831 5634 qui

2248 5648 2394 5693 tanto
2424 5641 2542 5695 zelo
2572 5639 2919 5709 proprietatis
2958 5641 3147 5695 vitium
3184 5640 3614 5702 exhorruerunt,
3650 5646 3705 5692 ut
3748 5654 3829 5693 ne

2246 5710 2412 5764 verbo
2440 5711 2656 5779 quidem
2692 5710 2956 5767 auderent
3000 5710 3177 5767 dicere
3225 5710 3421 5780 aliquid
3464 5723 3649 5780 suum;
3702 5722 3824 5764 non

2246 5785 2427 5839 tamen
2456 5778 2659 5839 idcirco
2691 5782 3144 5873 reprehendendi,
3172 5790 3266 5837 aut
3295 5778 3545 5851 culpandi
3568 5778 3691 5849 alii,
3717 5781 3827 5851 qui
