4036 6218
186 935 211 958 φ

227 238 319 295 169

620 233 713 290 DE
752 229 1236 290 CCENOBIORUM
1274 229 1521 287 INSTIT.
1564 230 1697 286 LIB.
1739 227 1829 287 ιν.
1854 260 1922 273 -—
1949 228 2038 284 DE
2078 226 2465 284 lNSTlTUTIS
2502 222 3088 280 RENUNTIANTIUM.

3376 223 3484 282 170

228 351 413 405 dicere
445 348 656 418 aliquid
688 362 863 411 suum,
894 358 1253 415 magnumque
1278 343 1349 398 sit
1376 345 1581 398 crimen
1613 358 1680 398 ex
1716 359 1812 399 ore
1836 348 1890 406 Α
1913 342 2165 413 quodque
2192 340 2245 394 in
2275 340 2470 393 nostris
2499 337 2840 392 monasteriis
2861 337 3065 390 utinam
3106 334 3220 390 fieri
3250 340 3487 394 nescire-

229 441 481 497 monachi
509 438 859 511 processisse,
887 438 1129 492 codicem
1158 451 1363 502 meum,
1387 435 1595 490 tabulas
1633 450 1806 502 meas,

232 546 255 571 ι
281 534 579 604 graphium
612 546 806 597 meum,
856 530 1095 583 tunicam
1141 543 1335 593 meam,
1386 527 1585 596 caligas
1624 540 1806 591 meas;

235 640 450 694 proque
503 624 604 678 hoc
654 622 808 693 digna
853 619 1177 690 paenitentia
1222 618 1590 673 satisfacturos
1629 618 1721 683 sit,
1764 619 1811 671 si

236 732 361 770 casu
378 718 557 785 aliquo
593 729 689 784 per
712 714 1118 782 subreptionem
1136 711 1223 766 vel
1253 711 1608 781 ignorantiam
1647 709 1806 778 hujus

239 810 388 863 modi
421 807 641 864 verbum
678 806 746 861 de
774 820 869 860 ore
896 805 1014 873 ejus
1044 802 1315 872 effugerit.

819 940 1048 996 CAPUT
1072 938 1212 995 XIV.

243 1034 394 1101 Quod
414 1033 531 1087 licet
559 1032 721 1086 multa
756 1032 969 1103 pecunia
996 1031 1058 1084 de
1082 1029 1491 1103 uniuscujusque
1512 1046 1661 1100 apere
1702 1044 1822 1081 con-

302 1100 765 1175 geratur,nullus'
780 1111 963 1175 tamen
1010 1109 1289 1170 prtesumat
1329 1100 1579 1154 excedere
1618 1108 1824 1154 statuta:

297 1172 617 1243 Sufficientite
645 1172 970 1243 parcitatem.

299 1262 511 1317 Etcum
534 1270 715 1316 tantos
738 1261 1106 1330 unusquisque
1128 1273 1315 1315 eorum
1336 1257 1580 1328 quotidie
1606 1258 1675 1313 de
1700 1272 1831 1327 ope-

235 1370 294 1411 re
322 1370 389 1410 ac
416 1355 613 1411 sudore
633 1354 856 1425 proprio
883 1353 1089 1408 reditus
1112 1351 1356 1407 conferat
1374 1350 1742 1416 monasterio,
1773 1359 1830 1404 ut

233 1464 298 1503 ex
334 1446 421 1502 his
442 1455 748 1503 sustentare
774 1460 883 1499 non
906 1444 1082 1499 solum
1112 1459 1264 1498 suam
1294 1442 1473 1497 valeat
1492 1441 1826 1509 parcitatem,

234 1557 426 1597 verum
456 1542 621 1597 etiam
648 1539 836 1594 usibus
868 1539 1040 1608 possit
1081 1537 1381 1592 exuberare
1418 1534 1741 1589 multorum:
1774 1536 1827 1590 in

232 1634 386 1687 nullo
426 1643 615 1687 tamen
662 1630 913 1696 inﬂatur,
950 1643 1052 1683 nec
1097 1627 1202 1682 sibi
1249 1628 1317 1682 de
1363 1636 1512 1681 tanto
1540 1628 1717 1696 operis
1745 1628 1828 1681 sui

232 1735 458 1795 quaestu
474 1739 539 1777 ac
562 1722 765 1777 sudore
786 1720 1088 1785 blanditur;
1120 1720 1213 1776 sed
1251 1730 1443 1788 praeter
1477 1722 1583 1775 duo
1611 1719 1639 1758 ι)
1666 1735 1826 1790 paxa-
1858 1718 1908 1778 B

234 1820 417 1873 macia
457 1828 480 1855 ε
510 1831 629 1884 quae
652 1814 824 1869 tribus
844 1815 934 1868 vix
960 1813 1188 1868 denariis
1212 1812 1407 1868 ibidem
1432 1813 1828 1879 distrahuntur,

236 1909 381 1964 nihil
414 1908 637 1962 sibimet
680 1905 913 1974 amplius
959 1905 1321 1974 unusquisque
1352 1904 1651 1973 praisumit.
1692 1904 1835 1958 lnter

234 2016 377 2072 quos
406 1997 435 2037 ἀ
467 2000 670 2055 nullum
709 1993 983 2067 peculiare
1028 2011 1163 2066 opus
1207 1997 1373 2067 (quod
1416 1996 1584 2066 pudet
1612 1996 1835 2064 dicere,

1910 430 2078 502 mus),
2110 446 2219 485 non
2261 430 2436 484 dicam
2463 428 2681 494 eﬁectu,
2708 428 2803 482 sed
2830 442 2899 482 ne
2922 426 3248 496 cogitatione
3273 428 3488 497 quidem

1912 525 1981 579 ab
2009 524 2186 593 aliquo
2220 523 2429 593 penitus
2460 522 2757 576 aﬁ'ectatur.
2782 520 3026 589 Cumque
3052 527 3221 573 totam
3255 528 3278 555 ο
3304 520 3493 575 enthe-

1913 631 2031 671 cam
2058 615 2288 671 emnobii
2318 629 2467 669 suam
2495 614 2681 669 credat
2706 628 2827 667 esse
2850 613 3233 678 substantiam,
3259 614 3494 668 cunctis-

1915 722 2020 777 que
2050 706 2211 761 rebus
2237 713 2297 759 ut
2324 705 2561 759 omnium
2593 704 2843 758 dominus
2878 718 3091 758 omnem
3117 702 3138 741 ί
3168 720 3355 759 curam
3387 706 3496 758 sul—

1914 797 2354 866 licitudinemque
2379 796 2681 867 dependat;
2701 796 2767 850 ad
2791 796 3124 852 retinendam
3146 797 3496 853 nihilominus

1918 901 2149 961 arreptae
2174 890 2436 945 nuditatis
2484 890 2758 955 virtutem,
2809 905 2968 958 quam
3014 890 3193 945 studet
3235 890 3301 945 ad
3331 890 3496 947 finem

1920 998 2095 1054 usque
2125 983 2363 1052 perfecte
2391 993 2552 1051 atque
2576 981 2958 1038 inviolabiliter
2984 982 3281 1047 custodire,
3313 984 3386 1038 ita
3411 1000 3502 1041 se-

1920 1079 2207 1148 metipsum
2231 1093 2262 1132 a
2288 1077 2493 1133 cunctis
2530 1086 2867 1142 extraneum,
2897 1089 2951 1132 et
2983 1093 3047 1133 ex
3079 1077 3328 1133 omnibus
3354 1078 3502 1148 judi-

1924 1180 2013 1227 cat
2039 1172 2273 1226 alienum
2296 1213 2309 1236 ,
2343 1179 2406 1225 ut
2433 1180 2704 1240 tamquam
2748 1170 3086 1239 peregrinum
3135 1185 3195 1225 se
3236 1181 3417 1241 gerat,
3446 1184 3503 1229 et

1924 1266 2160 1321 incolam
2195 1266 2348 1318 istius
2377 1263 2585 1330 mundi,
2615 1264 2999 1333 alumnumque
3028 1280 3087 1317 se
3108 1263 3287 1333 potius
3318 1279 3507 1321 mona-

1926 1358 2078 1414 Sterii
2108 1365 2341 1425 reputet,
2373 1370 2436 1411 ac
2463 1356 2793 1424 ministrum,
2821 1370 2981 1425 quam
3011 1355 3288 1412 dominum
3319 1357 3504 1429 cujus-

1929 1463 2160 1520 cumque
2183 1449 2262 1503 rei
2298 1457 2604 1516 praesumat.
2669 1454 2673 1458 '

2530 1538 2758 1594 CAPUT
2796 1537 2911 1592 XV.

2150 1633 2227 1687 De
2254 1631 2527 1685 immodico
2554 1630 2693 1701 apud
2720 1646 2813 1683 nos
2842 1629 3016 1685 studio
3042 1628 3288 1684 habendi.

2009 1735 2033 1772 8
2081 1725 2162 1779 Ad
2192 1726 2306 1779 bmc
2334 1739 2431 1777 nos
2477 1723 2813 1777 miserabiles
2856 1721 2983 1791 quid
3030 1722 3303 1787 dicemus,
3335 1723 3422 1793 qui
3456 1725 3513 1779 in

1938 1817 2200 1875 cmnobiis
2220 1826 2638 1881 commorantes,
2667 1830 2730 1869 ac
2750 1816 2851 1869 sub
2880 1815 3089 1869 abbatis
3119 1831 3247 1870 cura
3279 1828 3333 1871 et
3360 1817 3514 1871 solli-

1942 1910 2181 1965 citudine
2206 1910 2506 1973 constituti,
2535 1905 2563 1943 ὶι
2595 1908 2901 1976 peculiares
2941 1907 3369 1963 circumferimus
3403 1912 3512 1964 cla-

1938 2016 2054 2067 ves,
2072 2003 2328 2071 omnique
2352 2000 2709 2070 professionis
2741 2010 2937 2053 nOStrae
2967 2001 3285 2056 verecundia
3312 2012 3366 2056 et
3387 2017 3513 2058 con-

1301 2134 1561 2190 ALARDl
1603 2135 1840 2192 ΕΑΖᾹὲιί
1876 2133 2435 2195 COMMENTARIUS.

229 2254 468 2311 scientia
496 2268 620 2308 cum
649 2251 766 2307 zelo
786 2251 1071 2320 conjuncta
1098 2265 1228 2304 sane
1256 2260 1311 2304 ct
1341 2249 1599 2319 religiose
1624 2250 1832 2315 dicunt,

228 2326 485 2381 Codicem
522 2339 723 2391 meum,
756 2324 993 2376 tunicam
1027 2336 1225 2389 meam,
1264 2331 1399 2385 etc.,
1431 2322 1837 2391 nulloproprie-

228 2399 365 2450 tatis
387 2410 582 2460 sensu,
607 2408 696 2447 aut
718 2391 909 2447 affectu
927 2432 942 2457 ,
971 2392 1067 2447 sed
1096 2406 1195 2446 usu
1218 2391 1522 2457 dumtaxat,
1555 2403 1646 2445 aut
1665 2394 1837 2447 admi-

230 2468 575 2521 nistratione
612 2464 712 2518 sibi
742 2464 980 2533 legitime
1014 2477 1295 2533 concessa.
1345 2462 1451 2518 Sed
1482 2464 1597 2516 haec
1626 2463 1837 2531 plenius

228 2540 551 2607 explanare
579 2550 689 2607 non
714 2532 982 2607 est’bujus
1014 2533 1144 2588 loci.
1178 2532 1314 2589 Vide
1339 2533 1641 2589 Navarrum
1672 2534 1837 2589 Com-

226 2605 479 2663 mentar.
506 2606 542 2658 2
572 2607 638 2660 de
666 2605 1045 2674 Regularibus.

309 2691 334 2715 ει
369 2676 682 2745 Graphium
726 2684 845 2730 erat
892 2676 1065 2745 stylus
1115 2688 1299 2727 amens
1328 2684 1422 2728 aut
1472 2674 1698 2737 ferreus,
1732 2690 1837 2742 quo

227 2750 553 2818 antiquitus
582 2748 635 2801 in
681 2746 876 2801 ceratis
905 2745 1104 2818 tabulis
1134 2746 1466 2818 scribebant,
1498 2760 1605 2814 quo
1647 2746 1839 2800 etiam-

230 2815 617 2874 num'utimar
646 2818 699 2871 in
726 2816 1031 2885 hujusmodi
1060 2815 1434 2883 pugillaribus.

304 2890 331 2927 δ
370 2888 771 2943 Paxamacium
794 2928 807 2950 ,
838 2887 946 2945 vel.
995 2894 1055 2939 ut
1084 2885 1174 2938 alii
1202 2886 1407 2955 legunt,
1439 2887 1794 2956 paximacium
1819 2931 1833 2950 ,

236 2975 456 3030 parvus
486 2968 607 3013 erat
633 2960 788 3030 panis
808 2973 905 3030 sex
932 2956 1046 3010 fere
1071 2956 1368 3021 unciarum,
1393 2967 1446 3009 et
1474 2958 1580 3030 duo
1604 2959 1838 3030 paximra-

228 3027 308 3086 cia
346 3030 651 3084 monachis
681 3028 911 3097 singulis
939 3042 1038 3095 pro
1069 3040 1319 3080 mensura
1352 3027 1677 3094 quotidianae
1702 3029 1839 3084 refe-

226 3103 450 3157 ctionis
480 3111 638 3154 erant
668 3100 969 3164 assignata;
1003 3097 1379 3169 quaequidem
1423 3098 1546 3169 bina
1577 3098 1838 3169 integram

227 3174 444 3226 libram
477 3187 586 3224 non
619 3170 933 3239 aequabant,
964 3179 1045 3239 uti
1069 3167 1255 3239 videre
1299 3180 1379 3222 est
1428 3168 1619 3223 Collat.
1649 3167 1837 3239 2'cap.

230 3243 324 3309 19,
352 3253 419 3298 et.
447 3241 652 3295 Collat.
678 3237 745 3293 12
767 3254 885 3309 cap.
914 3237 1302 3309 iSLPalladius
1322 3239 1374 3293 in
1394 3239 1511 3293 Vita
1540 3240 1688 3293 Pauli
1711 3237 1841 3293 sim-

225 3307 393 3379 plicis
438 3319 604 3365 vocat
633 3307 952 3380 paxamidia.
978 3307 1123 3375 Fert,
1157 3309 1350 3378 inquit,
1382 3326 1542 3379 panes
1565 3311 1840 3376 Antonius,

228 3396 274 3436 et
312 3384 557 3453 imponit
598 3397 783 3455 menses
804 3390 1026 3455 quatuor
1044 3380 1384 3455 paxamidia,
1424 3391 1471 3436 et
1513 3381 1615 3434 sibi
1638 3382 1844 3449 quidem

236 3451 407 3508 unum
456 3452 739 3521 madefecit
766 3467 782 3505 :
809 3459 953 3503 erant
974 3451 1105 3503 enim
1131 3451 1272 3504 sicci.

305 3538 329 3564 ε
376 3526 591 3581 Mirum
626 3523 797 3576 videri
821 3530 996 3588 potest
1024 3521 1129 3575 duo
1156 3523 1476 3588 paximacia,
1505 3522 1701 3577 libram
1736 3522 1843 3575 sal-

232 3607 342 3650 tcm
371 3614 449 3667 pa
461 3596 571 3667 nis,
591 3602 683 3647 aut
702 3595 925 3667 circiter
945 3592 1251 3667 pendentia,
1274 3594 1448 3667 tribus
1471 3593 1727 3667 denariis,
1750 3603 1841 3667 aut

228 3662 405 3722 etiam
449 3666 651 3719 minori
699 3665 870 3730 pretio
897 3664 947 3715 in
992 3662 1082 3715 illa
1130 3663 1300 3716 eremi
1327 3662 1621 3717 solitudine
1664 3662 1842 3731 parari

228 3741 545 3807 potuisse;
580 3735 685 3807 nisi
710 3737 834 3803 quis
862 3732 965 3807 huc
998 3731 1219 3807 Egypti
1264 3732 1527 3807 fertilitati
1570 3732 1845 3807 ascriben-

232 3802 612 3870 dunmimet:
647 3802 846 3872 de'qua
871 3803 1078 3858 Plinius
1108 3802 1201 3855 lib.
1240 3817 1369 3856 xvm
1412 3802 1597 3855 Natur.
1639 3802 1842 3857 Histor.

228 3895 362 3949 cap.
402 3878 508 3941 10,
532 3877 793 3949 ob_guam_
822 3872 1382 3949 commune_horreum_
1405 3873 1542 3925 orbis
1592 3882 1849 3949 terrarum

231 3942 569 4005 dicebatur.
601 3942 732 3999 Nam
764 3945 1021 4000 denarius
1050 3942 1137 3995 hic
1160 3953 1214 3996 et
1243 3944 1443 4010 passim
1466 3944 1604 4008 apud
1637 3942 1849 3997 Cassia—

232 4037 404 4085 num,
448 4032 563 4071 non
596 4031 873 4085 nummum
905 4021 1244 4085 argenteum,
1276 4012 1366 4081 qui
1398 4012 1655 4067 Romanis
1682 4014 1847 4068 dena-

231 4095 361 4145 rius
386 4082 695 4143 vdicebatur
723 4083 915 4155 (Marci
960 4082 1070 4149 xit,
1128 4082 1279 4137 Luca:
1307 4089 1417 4153 χχι)
1441 4124 1456 4145 ,
1490 4085 1630 4153 quod
1662 4086 1849 4140 decem

233 4162 484 4214 assibus
511 4166 824 4221 constaret;
873 4156 967 4210 sed
1012 4169 1187 4209 assem
1235 4155 1500 4209 minutum
1552 4156 1844 4224 signiﬁcat,

230 4231 352 4286 hoc
376 4240 495 4295 est,
520 4243 733 4282 mneum
765 4241 1040 4280 nummum
1063 4267 1076 4287 ,
1106 4225 1197 4294 qui
1222 4225 1427 4280 decima
1472 4240 1593 4294 pars
1614 4235 1730 4280 erat
1757 4227 1851 4280 de-

233 4302 396 4355 narii
431 4300 702 4368 argentei,
735 4309 789 4352 et
813 4295 1017 4352 Graecis
1060 4296 1258 4361 λιπτόν,
1285 4296 1362 4368 (id
1408 4307 1513 4358 est,
1543 4298 1803 4350 minutum
1834 4339 1847 4362 ,

234 4373 440 4427 Gallis
474 4366 734 4423 denarius
764 4368 1086 4433 Turonicus,
1122 4382 1217 4421 seu
1266 4366 1580 4421 denariolus
1623 4376 1854 4420 vocatur

233 4441 516 4515 (Jansert.
554 4441 609 4492 in
640 4438 860 4515 C_oncor_.
898 4438 1145 4515 Evangel.
1196 4453 1311 4507 cap.
1347 4437 1493 4515 iii).
1534 4437 1666 4491 Nam
1690 4437 1855 4491 verba

234 4509 419 4568 certe
456 4511 709 4565 Auctoris
740 4510 877 4563 satis
921 4509 1158 4563 indicant
1207 4524 1304 4575 pro
1352 4510 1577 4561 minimo
1634 4522 1856 4561 nummo

238 4583 475 4648 accipi,
499 4583 623 4633 dum
646 4582 721 4633 ait
744 4597 756 4633 :
786 4578 974 4633 Tribus
1000 4580 1086 4631 vix
1111 4578 1337 4632 denariis
1378 4578 1773 4641 distrahuntur,
1803 4578 1856 4630 id

239 4664 350 4709 est
386 4650 784 4713 divenduntur;
806 4650 957 4720 quasi
979 4649 1203 4713 diceret,
1220 4649 1479 4720 vilissimo
1498 4651 1691 4717 pretio,
1714 4649 1857 4713 quod

236 4724 481 4786 etiam,
513 4719 836 4786 pauperrimi
869 4720 1172 4775 eremicolae
1204 4719 1272 4774 de
1299 4720 1577 4773 laboribus
1604 4732 1858 4771 manuum

231 4806 507 4853 suarum
535 4789 691 4843 facile
712 4793 916 4846 solvere
948 4798 1192 4859 possent:
1226 4790 1384 4859 quale
1407 4798 1558 4844 certe
1587 4803 1692 4843 non
1722 4789 1856 4842 luis-

239 4878 345 4923 set
366 4906 385 4929 ,
432 4862 489 4915 si
514 4861 791 4915 denarium
820 4869 1137 4931 argenteum
1166 4861 1509 4930 intelligeret.

323 4935 356 4973 d
394 4932 561 4995 Opus
590 4934 854 5002 peculiare
876 4930 1021 4987 inter
1047 4932 1342 4987 monachos
1367 4933 1495 5002 quid
1528 4930 1619 4997 sit,
1650 4931 1860 4987 dicetur

228 5008 399 5066 infra
434 5001 598 5073 (Cap.
622 5001 735 5074 16).

322 5089 351 5114 e
398 5074 678 5136 Entheca,
707 5074 987 5137 horreum,
1017 5087 1237 5142 penum,
1271 5082 1361 5126 aut
1383 5088 1528 5142 gaza:
1551 5074 1861 5129 recondito-

231 5150 405 5205 rium
448 5144 745 5213 significat.
776 5144 955 5199 Utitur
983 5144 1085 5199 hac
1116 5142 1528 5213 voceGelasius
1557 5160 1689 5213 papa
1720 5144 1861 5213 apud

227 5212 595 5277 Gratianum
627 5215 756 5268 diSt.
786 5214 874 5281 12,
900 5231 954 5285 q.
986 5215 1043 5280 2,
1072 5231 1191 5283 cap.
1234 5212 1387 5267 Vobis
1410 5212 1567 5269 enim.
1592 5215 1687 5269 Est
1707 5212 1865 5284 igitur

228 5292 511 5347 entheca
543 5284 779 5347 caenobii
805 5326 820 5348 ,
853 5284 1009 5355 quam
1038 5286 1196 5355 vulgo
1241 5300 1580 5339 communem
1630 5300 1860 5338 massam

227 5363 551 5420 bonorum
586 5356 905 5427 monasterii
940 5356 1167 5409 dicimus
1201 5355 1491 5427 (peculium
1523 5369 1736 5408 sacrum
1765 5370 1861 5409 vo-

224 5445 418 5491 catur
456 5427 605 5481 infra
632 5426 788 5495 (Cap.
826 5427 956 5494 20),
997 5442 1153 5495 quam
1198 5426 1427 5496 quisque
1475 5427 1862 5479 coenobitarum

226 5518 419 5560 suam
460 5497 646 5552 credit
672 5511 792 5551 esse
821 5498 1175 5551 substantiam
1200 5539 1215 5561 ,
1261 5507 1318 5550 ut
1358 5498 1432 5551 ait
1479 5498 1709 5560 Auctor,
1741 5498 1863 5564 quia

226 5574 432 5633 bonis
488 5567 871 5622 communibus
889 5607 903 5631 ,
947 5576 1009 5619 ut
1037 5568 1147 5620 suis
1174 5567 1333 5621 alitur
1354 5608 1367 5632 ,
1419 5566 1715 5633 fruiturque
1742 5566 1865 5637 (sub

229 5643 499 5699 abbatis
543 5647 677 5691 nutu
718 5644 775 5691 et
798 5637 1199 5706 dispositione),
1224 5639 1373 5705 juxta
1406 5637 1534 5690 illud
1580 5638 1861 5706 Apostoli:

231 5694 581 5786 ﬁatque».
608 5708 739 5761 nihil
767 5694 1024 5764 habentes.
1048 5718 1099 5759 et
1116 5694 1288 5763 omnia
1307 5694 1721 5781 possidenteslll
1742 5705 1862 5760 Cor.

579 5807 859 5869 Panos.
904 5795 1136 5864 XLIX.

1938 2257 2035 2322 γι).
2066 2253 2171 2309 Ubi
2200 2253 2492 2307 notandum
2521 2250 2728 2322 insigne
2774 2250 3152 2322 documentum
3192 2250 3419 2305 Navarri
3450 2254 3518 2306 de

1939 2319 2102 2378 Bonis
2130 2324 2437 2377 monasterii
2466 2325 2532 2376 ita
2565 2321 2869 2375 seribentis:
2896 2319 3041 2373 Bona
3062 2322 3360 2374 monasterii
3388 2333 3508 2376 sunt

1940 2395 2232 2448 communia
2259 2393 2532 2464 Religiosis
2563 2392 2797 2463 ejusdem
2822 2435 2834 2456 ,
2872 2408 2975 2444 non
3004 2400 3058 2464 ut
3086 2394 3321 2459 singulis,
3365 2394 3439 2446 ita
3462 2406 3519 2449 ut

1938 2464 2133 2536 singuli
2150 2466 2213 2518 de
2230 2462 2753 2536 bonis-communibus
2778 2474 2968 2536 certam
2987 2462 3084 2515 sibi
3104 2464 3385 2536 portionem
3409 2466 3518 2518 viu-

1942 2533 2113 2591 dicare
2142 2537 2359 2603 possint,
2391 2546 2445 2588 ut
2476 2535 2756 2605 prapriam,
2783 2533 2861 2605 vel
2889 2533 3115 2600 aliquant
3143 2550 3247 2587 rem
3281 2535 3523 2589 determi-

1942 2616 2083 2672 nate,
2107 2617 2231 2677 puta
2259 2609 2391 2659 hanc
2414 2603 2596 2658 vestem
2615 2645 2628 2667 ,
2660 2603 2803 2677 hunc
2822 2603 3007 2677 librum
3031 2643 3052 2677 ,Α
3086 2612 3207 2670 etc.,
3238 2613 3327 2656 aut
3356 2608 3517 2659 etiam

1940 2673 2167 2731 usumin
2198 2678 2278 2729 his
2304 2677 2727 2735 determinatum;
2760 2674 2888 2725 sicut
2920 2673 3114 2742 fundus
3142 2677 3423 2729 communis
3446 2689 3520 2730 est

1913 2742 2170 2819 pluribus
2187 2746 2475 2801 hatredibus
2512 2746 2776 2819 (ritualiter
2796 2744 3041 2819 institutis
3059 2786 3072 2807 ,
3100 2746 3177 2797 vel
3206 2748 3520 2815 emptoribus

1941 2815 2163 2887 pretium
2190 2834 2252 2871 ea:
2278 2833 2422 2886 wquo
2443 2815 2857 2887 conferentibus:
2882 2816 2972 2865 sed
2993 2826 3111 2867 sunt
3138 2819 3445 2887 communia,
3465 2829 3526 2871 ut.

1942 2885 2189 2941 universis
2216 2904 2232 2939 :
2271 2885 2490 2955 eoquod
2514 2900 2683 2955 omnes
2706 2885 2757 2936 in
2788 2886 3044 2937 communi
3074 2902 3241 2940 massa
3274 2886 3522 2942 bonorum

1942 2958 2238 3012 monasterii
2267 2954 2435 3019 usum,
2468 2965 2512 3008 et
2535 2958 2628 3025 jus
2657 2954 2879 3008 habeant
2907 2956 3085 3015 victus,
3119 2967 3165 3009 et
3204 2960 3430 3024 vestitus,
3468 2970 3522 3013 ut

1946 3032 2131 3099 fratres
2162 3037 2208 3081 et
2238 3028 2336 3097 ﬁlii
2385 3026 2650 3099 familias;
2701 3035 3011 3099 non_tamen
3037 3026 3171 3080 hanc
3215 3038 3409 3098 partem
3435 3031 3528 3083 de-

1946 3096 2235 3167 terminate,
2266 3115 2427 3167 neque
2455 3096 2590 3149 hunc
2613 3113 2763 3149 usum
2794 3096 3153 3162 deter-minute;
3180 3096 3270 3152 sed
3293 3116 3440 3153 usum
3470 3104 3525 3156 in

1947 3171 2226 3233 communi,
2250 3185 2460 3238 eumque
2474 3170 2833 3230 necessarium,
2855 3184 2959 3221 non
2970 3171 3307 3239 super/luunt,
3334 3182 3379 3224 et
3396 3188 3527 3224 sem-

1944 3257 2037 3307 per
2063 3242 2125 3294 ab
2157 3241 2368 3312 arbitrio
2399 3240 2606 3312 praelati
2630 3239 3111 3312 dependentemaln
3140 3240 3236 3293 hoc
3258 3242 3393 3294 enim
3412 3243 3526 3306 dif-

1949 3312 2119 3384 ferunt
2149 3310 2457 3384 religiosira
2491 3311 2754 3384 canonicis
2800 3310 3165 3384 saecularibus,
3208 3314 3343 3384 ίηιεῖτ
3396 3329 3524 3382 θυοδ

1946 3382 2092 3435 aliud
2115 3381 2331 3451 singuli,
2353 3382 2497 3435 aliud
2525 3381 2824 3445 capitulum,
2858 3382 2959 3451 sive
2987 3382 3256 3450 collegium
3277 3382 3372 3435 sibi
3413 3386 3526 3436 vin-

1948 3454 2085 3505 dicat
2114 3455 2165 3507 in
2190 3450 2335 3506 bonis
2365 3451 2735 3506 communibus.
2762 3452 2831 3504 Ita
2861 3450 3129 3504 Navarrus
3151 3451 3465 3520 (Comment.
3489 3454 3525 3506 Ξ

1947 3524 2010 3577 de
2027 3522 2278 3594 (Regular.
2308 3540 2445 3576 num.
2470 3521 2560 3588 65,
2590 3534 2635 3575 et
2663 3520 3005 3594 Comment.)
3029 3538 3173 3594 num.
3195 3521 3311 3590 23).

2020 3591 2040 3631 ί
2073 3590 2367 3660 Dependat,
2397 3609 2495 3662 pro
2528 3594 2821 3657 impendat,
2855 3604 2910 3643 ut
2940 3591 3228 3662 Dionysius
3257 3590 3520 3645 reddidit.

1945 3664 2261 3733 Dependisse
2293 3659 2445 3732 caput
2479 3663 2707 3733 felicibus
2733 3662 2891 3733 armis
2906 3659 3096 3733 ,__d_ixit
3141 3659 3384 3733 Lucanus
3428 3662 3525 3717 lib.

1946 3728 2063 3799 vni,
2094 3751 2191 3803 pro
2223 3750 2287 3788 eo
2316 3728 2456 3801 quod
2479 3728 2567 3803 est
2597 3732 2835 3803 victoria:
2865 3728 3228 3795 adipiscenda:
3258 3744 3419 3784 causa
3449 3736 3527 3787 νὶ-

1946 3816 2057 3860 tam
2082 3800 2393 3871 impendere
2414 3802 2501 3871 vel
2532 3800 2873 3871 profundere.

2023 3886 2047 3924 ε
2073 3867 2176 3943 Qui
2205 3874 2353 3944 legit,
2378 3870 2677 3941 intelligat;
2703 3878 2757 3924 et
2779 3868 2870 3938 qui
2886 3867 3048 3923 habet
3070 3884 3229 3926 aures
3247 3872 3525 3942 audiendi,

1950 3947 2157 4002 audiat.

2024 4015 2053 4054 ιι
2082 4015 2273 4070 Claves
2306 4013 2508 4069 habere
2554 4012 2855 4081 peculiares
2883 4026 2950 4069 eo
2974 4014 3182 4079 animo,
3228 4022 3284 4066 ut
3330 4016 3529 4083 aliquid

1951 4089 2129 4143 abbati
2154 4087 2237 4141 vel
2270 4084 2642 4155 superioribus
2668 4085 2991 4147 occultetur,
3019 4094 3111 4138 aut
3141 4101 3325 4155 eorum
3358 4087 3530 4154 dispo-

1953 4159 2135 4213 sitioni
2163 4158 2515 4219 subducatur,
2532 4164 2586 4209 et
2610 4162 2880 4224 tamquam
2904 4154 3495 4225 prOpriumvindicetur
3512 4200 3526 4224 ,

1954 4229 2095 4283 haud
2127 4228 2287 4282 dubie
2314 4236 2587 4293 peccatum
2618 4234 2703 4280 est
2734 4227 3101 4294 proprietatis,
3130 4238 3314 4282 contra
3345 4237 3527 4284 votum

1955 4298 2284 4368 paupertatis
2306 4297 2645 4368 monasticae:
2679 4299 2819 4351 unde
2844 4297 3103 4368 et_Patres
3132 4300 3258 4351 furti
3284 4308 3337 4351 et
3365 4303 3532 4354 sacri-

1957 4366 2082 4438 legii
2112 4369 2327 4421 nomine
2357 4367 2493 4421 illud
2540 4368 2806 4436 appellant
2845 4366 3004 4437 (Vide
3031 4366 3284 4423 Basiliam
3314 4369 3533 4426 Constit.

1958 4437 2183 4493 monast.
2213 4453 2258 4491 c.
2284 4437 2508 4506 ultimo).
2547 4438 2875 4506 Augustinus
2897 4452 3018 4510 cap.
3049 4438 3113 4491 17
3138 4456 3247 4493 suae
3282 4440 3531 4510 Regulm:

1962 4511 2023 4565 Si
2045 4511 2180 4582 quis,
2214 4510 2306 4573 ait,
2346 4510 2581 4582 r_em_sibi
2608 4509 2850 4582 collatam
2879 4508 3307 4582 celaveritpfurti
3330 4508 3538 4582 judicio

1960 4581 2342 4634 condemnetur.
2364 4580 2420 4634 S.
2444 4579 2709 4634 Ctesarius
2732 4581 2781 4632 in
2813 4580 3035 4647 Regula:
3073 4577 3267 4633 Cellam
3301 4577 3536 4649 p'eculia-

1960 4667 2088 4712 rem,
2119 4660 2209 4703 aut
2234 4651 2597 4711 armariolum,
2625 4649 2700 4704 vel
2720 4650 3000 4715 quamlibet
3037 4650 3331 4705 clausuram
3364 4655 3539 4707 nullus

1963 4722 2164 4775 habeat.
2202 4720 2551 4775 Cassinenses
2594 4723 2644 4774 in
2690 4736 2808 4789 cap.
2848 4722 2916 4775 2'2
2954 4720 3204 4790 Regulae:
3251 4720 3432 4775 Claves
3470 4726 3539 4776 ad

1962 4809 2142 4864 capsas
2164 4835 2178 4857 ,
2212 4808 2301 4845 seu
2343 4792 2565 4845 scubella
2584 4831 2598 4854 ,
2626 4808 2716 4845 seu
2741 4790 2946 4845 ubilibet
2992 4792 3165 4845 nullus
3205 4809 3267 4846 ea:
3293 4794 3539 4860 fratribus

1887 4851 1941 4911 D
1966 4851 2176 4927 habeat,
2202 4864 2313 4916 sine
2343 4864 2549 4915 licentia
2564 4851 2787 4928 :Vprtcter
2824 4865 3045 4930 priorem
3070 4851 3425 4923 claustrdlem,
3458 4866 3541 4915 cui

1965 4944 2163 4988 tantum
2191 4934 2536 5003 concedimus,
2567 4942 2623 4983 ut
2658 4932 2725 4983 ad
2747 4933 3050 4998 scabellum,
3079 4948 3170 4985 seu
3201 4950 3409 5003 capsam
3434 4950 3542 4986 ser-

1963 5017 2195 5058 raturam
2222 5001 2487 5069 applicare
2535 5003 2716 5065 possit,
2746 5019 2859 5069 qua:
2901 5003 3032 5055 clavi
3062 5001 3357 5069 aperiatur,
3400 5012 3537 5065 etc.,

1966 5076 2059 5129 ubi
2089 5072 2379 5126 notandum
2410 5071 2476 5122 ab
2506 5070 2605 5121 ista
2641 5070 2839 5138 Regula
2867 5071 3041 5140 excipi
3069 5072 3338 5140 priorem;
3373 5080 3426 5124 et
3451 5086 3541 5124 ea-
3620 5076 3623 5103 τ

1968 5145 2090 5199 dem
2119 5142 2329 5194 ratioae
2362 5139 2701 5205 excipiuntur
2730 5142 2819 5192 alii
2853 5139 3160 5210 superiores
3188 5152 3237 5195 et
3269 5141 3540 5205 ofﬁciarii,

1970 5215 2059 5283 qui
2084 5212 2282 5266 habent
2298 5210 2813 5283 administrationem
2831 5212 3091 5283 aliquam,
3110 5211 3302 5283 quibus
3317 5226 3540 5283 necesse

1971 5280 2053 5341 est
2097 5283 2295 5337 habere
2322 5282 2499 5336 claves
2530 5296 2625 5349 pro
2652 5281 2911 5349 pecuniis,
2936 5282 3210 5351 scripturis
3232 5280 3547 5351 acireliquis

1965 5354 2332 5416 asservandis,
2367 5361 2423 5405 ut
2450 5352 2607 5406 docte
2636 5360 2817 5404 monet
2860 5351 2926 5404 Β.
2959 5352 3017 5405 Ρ.
3046 5349 3236 5420 lJulius
3278 5350 3547 5420 Nigronus

1967 5430 2022 5482 in
2064 5428 2173 5480 suis
2219 5424 2464 5479 asceticis
2505 5423 2608 5493 (Ad
2638 5422 2773 5493 Reg.
2809 5438 2844 5475 ιι
2881 5420 3003 5493 8οε,
3037 5417 3208 5489 Jesu).
3248 5417 3366 5476 Ubii
3382 5422 3547 5477 etiam

1970 5499 2085 5551 tunc
2110 5496 2285 5549 addit:
2314 5495 2561 5548 Clavibus
2587 5494 2710 5546 item
2734 5492 3043 5546 claudendae
3066 5500 3191 5546 sunt
3215 5506 3403 5546 omnes
3422 5508 3550 5561 τινος

1968 5568 2140 5622 theca:
2174 5578 2227 5621 et
2256 5564 2505 5631 ofﬁcinae,
2534 5573 2592 5617 ut
2616 5563 2840 5625 vinaria,
2883 5562 3164 5628 vestiaria,
3216 5563 3455 5631 penaria,
3490 5566 3550 5618 li-

1970 5640 2147 5693 braria
2167 5681 2181 5703 ,
2210 5646 2368 5692 atque
2400 5636 2452 5686 in
2484 5636 2613 5703 ipsis
2643 5635 2872 5688 armaria
2902 5648 3299 5703 nonnumquam
3333 5650 3551 5692 necesse

1974 5718 2058 5764 est
2080 5701 2199 5764 esse
2233 5704 2472 5761 clavibus
2501 5701 2786 5762 Obserata:
2826 5721 2944 5778 qua:
2978 5701 3215 5767 clav'es‘u
3245 5706 3557 5765 cuStodibus

2928 5801 2969 5861 6
