4016 6202
407 312 511 367 ΓΠ

807 309 896 366 DE
931 308 1405 368 C(ENOBIORUM
1443 309 1689 368 INSTIT.
1731 311 1862 367 LIB.
1904 309 2086 365 lV.—
2110 310 2199 366 DE
2240 307 2624 366 INSTITUTIS
2658 307 3249 368 RENUNTIANTIUM.

3564 310 3682 370 178

407 427 625 483 silentii
654 426 814 496 hujus
853 426 1131 496 disciplina
1183 435 1454 492 servatur,
1493 434 1555 479 ut
1594 425 1823 479 cucullis
1855 425 1992 478 ultra
2019 439 2069 500 Α
2101 433 2263 494 atque
2300 424 2368 477 ad
2407 424 2770 494 colligendum
2813 434 2998 493 parata
3021 468 3034 491 ,
3066 424 3223 479 facile
3251 423 3316 477 ad
3341 436 3672 480 consensum

415 522 705 576 oculorum
731 517 1005 589 palpebras
1025 518 1278 573 demissis
1309 519 1412 589 (ne
1440 518 1648 574 scilicet
1675 518 1810 573 liber
1839 532 1998 586 aspe-

425 625 550 666 ctus
565 612 754 665 habeat
770 608 1031 665 curiosius
1051 609 1263 679 copiam
1280 609 1588 679 evagandi),
1607 609 1740 663 nihil
1761 611 1995 678 amplius

426 703 753 766 intueantur,
784 715 942 768 quam
986 715 1252 765 mensam,
1273 688 1344 754 'et
1371 700 1647 769 appositos
1685 702 1737 753 in
1769 715 1856 768 ea,
1904 701 1994 755 vel

425 809 556 862 quos
582 809 648 847 ex
674 808 733 848 ea
765 794 985 862 capiunt
1009 791 1182 859 cibos,
1212 793 1284 847 ita
1315 801 1375 846 ut
1405 792 1879 862 quemadmodum,
1907 792 1993 848 vel

424 893 676 955 quantum
703 885 910 941 reficiat
937 884 1094 950 alius,
1126 884 1307 939 nullus
1335 885 1571 940 invicem
1596 892 1765 939 notet.

965 1020 1202 1078 CAPUT
1239 1020 1426 1076 XVIII.

420 1133 586 1201 Quam
620 1136 861 1191 illicitum
899 1138 965 1191 sit
1003 1145 1146 1190 extra
1183 1153 1410 1192 mensam
1451 1153 1776 1192 communem
1819 1136 1965 1206 quid-

808 1224 967 1277 quam
997 1208 1096 1261 cibi
1125 1218 1335 1278 potusve
1361 1217 1591 1281 gustare.

464 1342 804 1414 Antequam,
835 1345 922 1399 vel
950 1354 1262 1414 postquam,
1295 1346 1593 1417 legitimam
1621 1362 1992 1403 communem-

415 1449 519 1502 que
543 1435 898 1492 refectionem
925 1438 1253 1507 percipiant,
1288 1453 1500 1493 summa
1531 1441 1786 1494 cautione
1814 1455 1992 1495 serva-

411 1539 518 1598 tur,
546 1540 571 1567 δ
600 1546 668 1585 ne
694 1541 847 1585 extra
873 1545 1122 1586 mensam
1163 1532 1454 1601 quidquam
1496 1531 1603 1587 cibi
1643 1532 1852 1601 penitus
1880 1531 1984 1605 [Αι.

302 1653 316 1660 -
411 1623 660 1693 potusve]
707 1624 787 1677 ori
813 1639 913 1678 suo
941 1625 1231 1694 quisquam
1263 1623 1548 1693 indulgere
1573 1632 1901 1694 praesumat;
1933 1633 1989 1679 ut

410 1716 793 1770 incedentibus
839 1732 936 1784 per
987 1717 1177 1771 hortos
1227 1725 1281 1772 et
1327 1717 1566 1784 pomaria
1612 1731 1733 1771 cum
1783 1716 1985 1784 passim

417 1806 728 1876 blandeque
756 1822 856 1877 per
886 1808 1107 1863 arbores
1135 1824 1287 1879 poma
1323 1808 1640 1878 pendentia,
1670 1824 1779 1863 non
1809 1810 1986 1863 solum

2101 516 2581 581 concupiscentiae,
2614 515 2820 570 illicere
2843 517 3054 569 valeant
3074 519 3362 578 intuentes,
3389 525 3442 569 et
3462 531 3670 586 oppor-

2100 610 2331 662 tunitate
2369 607 2454 660 vel
2488 606 2642 675 copia
2670 649 2685 672 ,
2727 610 2968 674 quamvis
2996 606 3272 662 districtos
3303 619 3463 677 atque
3497 608 3670 662 absti-

2099 699 2472 766 nentissimos,
2506 698 2573 752 ad
2604 697 2687 751 sui
2716 699 3048 753 desiderium
3082 713 3381 768 provocare
3409 715 3424 756 :
3453 700 3673 754 sacrile-

2094 790 2235 859 gium
2266 789 2490 843 ducatur
2523 804 2630 844 non
2657 789 2816 844 modo
2842 791 3130 859 quidquam
3163 805 3231 845 ex
3251 789 3336 844 his
3354 789 3671 860 degustare,

2094 896 2286 936 verum
2315 883 2477 936 etiam
2506 896 2668 936 manu
2697 883 3016 951 contingere
3037 922 3050 945 ,
3083 882 3283 950 absque
3307 897 3374 935 eo
3403 881 3544 950 quod
3572 897 3672 950 pa-

2095 973 2202 1028 lam
2230 974 2440 1028 cunctis
2481 975 2534 1027 in
2567 987 2851 1029 commune
2877 973 3238 1029 reﬁcientibus
3273 972 3574 1040 exhibetur,
3609 980 3668 1029 et

2092 1067 2160 1122 ad
2178 1068 2584 1137 percipiendum
2607 1068 2874 1123 moonomi
2895 1067 3296 1137 dispensatione
3315 1081 3412 1136 per
3432 1065 3665 1122 fratrum

2093 1161 2350 1231 obsequia
2376 1161 2590 1231 publice
2620 1161 2979 1216 ministratur.

2676 1275 2904 1332 CAPUT
2944 1275 3083 1331 XIX.

2096 1370 2538 1436 Quemadmodum
2586 1387 2675 1438 per
2729 1370 3067 1423 Pala’stinam
3115 1370 3193 1424 vel
3246 1369 3668 1441 Mesopotamiam

2258 1443 2565 1511 quotidiana
2593 1441 2842 1510 fratribus
2869 1441 3206 1494 exhibeantur
3232 1441 3488 1510 obsequia.

2160 1532 2238 1588 Ne
2266 1533 2394 1602 quid
2422 1548 2551 1588 sane
2579 1532 2647 1587 de
2668 1534 2937 1586 institutis
2963 1533 3334 1588 ctenobiorum
3364 1537 3669 1603 praetermi-

2091 1629 2228 1682 sisse
2254 1627 2557 1694 videamur,
2583 1626 3035 1696 quemadmodum
3063 1627 3373 1695 quotidiana
3404 1626 3662 1682 fratribus

2091 1720 2251 1774 etiam
2285 1734 2379 1788 per
2402 1719 2537 1773 alias
2566 1719 2816 1788 regiones
2837 1719 3192 1773 exliibeantur
3218 1719 3496 1790 obsequia,
3519 1734 3667 1774 com-

2095 1812 2499 1866 memorandum
2530 1812 2767 1867 breviter
2796 1823 2945 1880 puto.
2970 1812 3074 1867 Per
3105 1819 3350 1866 cunctam
3382 1828 3614 1883 namque
3634 1811 3666 1850 ι)

419 1899 683 1966 objiciant
704 1916 762 1955 se
793 1902 1102 1970 pectoribus
1134 1902 1524 1957 transeuntium
1547 1947 1562 1970 ,
1595 1917 1786 1957 verum
1819 1904 1984 1958 etiam
2011 1885 2060 1946 B
2087 1905 2526 1973 Mesopotamiam
2549 1945 2564 1969 ,
2595 1904 2975 1968 Palaestinam,
3002 1911 3056 1958 et
3088 1913 3109 1940 ο
3139 1903 3530 1972 Cappadociam
3551 1945 3566 1969 ,
3600 1918 3664 1958 ac

416 2002 584 2044 Strata
624 2006 720 2060 per
759 2001 955 2048 terram
995 1994 1354 2050 conculcanda
1385 1996 1610 2066 pedibus
1644 2012 1706 2053 se
1728 1997 1984 2068 otl'erant,

2094 2008 2264 2055 totum
2298 1996 2575 2053 Orientem
2596 2040 2611 2064 ,
2642 1993 2671 2033 ἀ
2701 1995 2925 2066 singulis
2963 1996 3389 2051 hebdomadibus
3429 1997 3666 2053 vicissim

1457 2113 1714 2168 ALARDI
1752 2112 1983 2170 GAZIEI
2018 2113 2588 2182 COMMENTARIUS.

408 2200 564 2281 tatis,
598 2216 822 2281 quorum
852 2202 939 2257 hic
973 2204 1218 2281 meminit
1249 2204 1475 2281 Auctor,
1509 2218 1569 2281 et
1591 2221 1819 2281 quorum
1843 2223 1976 2281 usus

405 2275 703 2346 etiamnth
731 2275 784 2327 in
815 2276 1152 2346 monasteriis
1181 2277 1317 2332 bene
1342 2278 1603 2332 institutis
1641 2279 1807 2346 viget.
1842 2277 1977 2346 Hinc

405 2342 596 2416 beatus
624 2341 956 2399 Fructuosus
984 2345 1094 2400 ait:
1158 2346 1218 2402 Si
1247 2348 1373 2416 quid
1404 2349 1546 2403 deest
1577 2350 1632 2402 in
1674 2341 1885 2416 mensa,
1933 2350 1978 2402 is

407 2414 495 2492 qui
525 2425 746 2492 _pra:est_,
777 2415 901 2492 dato
930 2417 1077 2492 signo
1109 2427 1200 2492 aut
1228 2414 1436 2492 nutibus
1461 2462 1480 2492 ,ν
1509 2428 1669 2487 petat,
1711 2428 1758 2473 et
1779 2414 1978 2482 indicet

408 2485 720 2558 ministranti
763 2488 888 2552 quid
936 2485 1119 2556 inferri
1164 2489 1244 2543 vel
1288 2490 1484 2558 auferri
1510 2485 1544 2542 ὰ
1571 2506 1747 2544 mensa
1779 2505 1979 2543 necesse

406 2554 496 2606 sit.
546 2553 678 2608 Item
725 2558 847 2610 alibi
889 2573 908 2611 :
969 2553 1032 2613 Si
1079 2558 1279 2629 aliquid
1326 2553 1674 2614 necessarium
1722 2561 1876 2629 fuerit
1925 2562 1978 2613 in

405 2640 601 2701 mensa,
622 2642 781 2701 nemp
806 2629 994 2701 audeat
1016 2630 1178 2701 loqui,
1209 2631 1300 2684 sed
1329 2631 1742 2684 ministrantibus
1769 2631 1977 2701 signum

403 2697 576 2749 sonitu
597 2697 699 2750 det.
741 2698 864 2753 Haec
893 2699 1002 2754 ille.
1051 2699 1160 2755 Sed
1192 2710 1248 2755 et
1270 2702 1526 2770 antiquus
1561 2697 1866 2769 hujusmodi
1900 2703 1978 2754 si-

403 2780 632 2832 gnorum
660 2782 788 2822 usus
825 2785 891 2824 ex
938 2769 1142 2834 Regula
1172 2771 1230 2827 S.
1261 2769 1537 2825 Pachumii
1567 2787 1595 2824 a
1624 2782 1816 2826 sancto
1852 2772 1975 2825 Hie-

404 2849 635 2910 rOnymo
680 2838 867 2893 Latine
913 2840 1120 2895 reddita
1161 2840 1380 2910 probari
1408 2849 1620 2909 potest,
1651 2842 1708 2895 in
1739 2855 1845 2908 qua
1878 2845 1976 2894 ha-

407 2907 564 2960 betur
586 2907 674 2963 hic
699 2911 966 2966 articulus
994 2907 1220 2966 numero
1245 2907 1489 2966 decimus
1520 2907 1711 2966 tertius
1737 2907 1848 2966 {Si
1872 2912 1980 2964 ati-

407 2978 915 3050 quidinecessarium
957 2982 1110 3050 fuerit
1156 2982 1224 3034 ad
1265 2997 1495 3035 mensam
1522 3023 1536 3046 ,
1579 2998 1725 3035 nemo
1767 2980 1978 3035 audebit

407 3049 570 3124 loqui,
599 3053 685 3103 sed
715 3049 1129 3124 ministrantibus
1159 3053 1305 3124 signi
1327 3053 1554 3106 sonitum
1579 3052 1742 3124 dabit.
1771 3053 1978 3124 Memi-

407 3120 487 3172 nit
516 3122 823 3174 eorumdem
871 3120 1222 3190 Nicephorus'
1254 3123 1345 3176 lib.
1399 3139 1453 3177 tx
1489 3139 1609 3190 cap.
1645 3122 1732 3176 M.
1770 3122 1830 3176 In
1859 3123 1978 3178 Vita

407 3194 462 3241 δ.
490 3190 691 3246 Odonis
716 3192 1086 3247 Cluniacensis
1114 3193 1228 3248 haec
1262 3193 1328 3248 de
1358 3191 1796 3250 Cluniacensium
1827 3209 1979 3249 more

409 3261 736 3315 traduntur:
800 3262 1011 3329 Quoties
1056 3265 1324 3318 necessitas
1358 3264 1428 3318 ad
1471 3265 1855 3332 exposcendum
1899 3281 1980 3319 res

409 3332 649 3405 instabat,
684 3333 830 3386 toties
860 3333 1064 3386 diversa
1093 3335 1242 3405 signa
1265 3335 1482 3389 invicem
1509 3337 1698 3404 ﬁebant
1721 3378 1735 3399 ,
1765 3335 1834 3388 ad
1857 3352 1977 3402 per-

407 3402 630 3468 ﬁcienda
673 3419 786 3465 qua
821 3405 1045 3468 vellent;
1075 3402 1223 3472 quas,
1254 3415 1398 3476 puto,
1431 3402 1760 3476 grammatici
1794 3407 1982 3476 digito-

407 3489 521 3523 rum
547 3481 594 3526 ϐε
621 3476 890 3528 oculorum
911 3485 1058 3528 notas
1101 3491 1281 3529 vocare
1307 3475 1598 3531 voluerunt.
1629 3478 1771 3529 Adeo
1799 3475 1979 3539 nempe

407 3545 538 3596 inter
566 3554 968 3599 eos'excreverat
995 3547 1121 3602 ordo
1150 3551 1245 3600 iste
1264 3587 1279 3610 ,
1307 3557 1362 3600 ut
1391 3549 1437 3600 si
1463 3549 1572 3601 sine
1596 3547 1760 3617 officio
1789 3548 1980 3617 lingute

407 3625 614 3679 essent,
665 3617 734 3688 ad
779 3617 954 3669 omnia
999 3617 1291 3672 necessaria
1331 3619 1680 3688 signiﬁcanda
1707 3662 1721 3684 ,
1755 3618 1982 3688 suﬂicere

406 3695 615 3757 possent
653 3687 801 3757 signa
845 3688 980 3754 ipsd.
1021 3689 1144 3744 Haec
1173 3689 1250 3742 ibi
1301 3686 1462 3756 (Vide
1502 3686 1660 3741 Joan.
1711 3686 1982 3742 Moschum

413 3754 564 3830 Prat.
589 3754 760 3828 spirit.
791 3774 909 3830 cap.
937 3757 1048 3830 67).
1080 3759 1230 3830 lianc
1257 3754 1420 3830 [terra
1448 3757 1546 3813 SS.
1579 3759 1797 3830 Patrum
1827 3758 1983 3812 insti—

407 3827 694 3899 tationem,
747 3838 800 3883 et
847 3827 1047 3883 silentii
1079 3829 1254 3899 legem
1283 3829 1336 3882 in
1367 3842 1554 3883 mensa
1593 3828 1979 3885 monachorum

411 3899 572 3950 etiam
608 3898 946 3954 Innocentius
977 3900 1044 3954 lll
1075 3897 1316 3968 pontifex
1349 3899 1725 3952 corroboravit
1776 3908 1830 3954 et
1853 3915 1982 3954 con-

411 3968 640 4023 firmavit
668 3974 719 4023 in
761 3971 960 4025 celebri
991 3967 1092 4024 illo
1133 3969 1372 4029 decreto,
1419 3969 1560 4038 quod
1598 3970 1820 4037 incipit:
1851 3967 1981 4025 Cum

409 4039 478 4088 ad
506 4041 891 4105 monasterium,
923 4041 992 4095 de
1020 4047 1161 4094 statu
1192 4038 1421 4093 monach
1441 4037 1464 4091 7:
1505 4037 1573 4092 In
1604 4040 1828 4094 oratorio
1850 4081 1864 4104 ,
1898 4040 1981 4094 in-

411 4109 558 4182 quit,
605 4113 874 4176 relectorio
923 4121 968 4165 et
1011 4112 1316 4166 dormitorio
1347 4111 1648 4164 continuum
1675 4126 1876 4182 semper
1903 4113 1978 4166 si-

410 4180 620 4233 lentium
646 4183 955 4235 observetur.

483 4262 508 4286 ι
549 4251 694 4324 Scite
730 4252 1109 4324 animadvertit
1146 4252 1212 4324 Β.
1259 4252 1319 4306 Ρ.
1359 4253 1533 4308 Julius
1564 4253 1832 4323 Nigronus
1887 4252 1981 4324 (In

411 4321 538 4390 Reg.
592 4323 720 4377 Soc.
761 4322 913 4392 Jesu)
957 4339 1059 4375 non
1103 4323 1270 4378 videri
1304 4325 1405 4378 hoc
1432 4337 1590 4391 caput
1620 4321 1734 4378 suae
1783 4321 1981 4378 inscri-

413 4395 580 4457 ptioni
610 4409 673 4448 ac
706 4395 860 4447 titulo
891 4393 1248 4462 respondere,
1282 4397 1407 4462 quia
1444 4396 1529 4448 hic
1559 4395 1702 4448 nulla
1732 4405 1890 4464 potus
1922 4395 1981 4448 lit

405 4465 651 4532 mentio,
704 4474 762 4519 ut
791 4465 844 4518 in
882 4464 997 4530 ipsa
1045 4464 1414 4532 inscriptione.
1475 4465 1628 4521 Unde
1678 4466 1980 4532 suspicatur

406 4535 662 4588 mendum
695 4537 1016 4604 irrepsisse,
1069 4534 1460 4605 legendumque
1509 4551 1630 4590 esse
1673 4551 1686 4587 :
1746 4541 1976 4601 potusve,

409 4619 539 4668 non,
563 4608 765 4674 penitus
789 4623 807 4659 :
839 4614 948 4658 tum
981 4606 1101 4674 quia
1130 4621 1229 4659 vox
1260 4609 1460 4673 penitus
1488 4606 1703 4660 videtur
1728 4605 1830 4658 hoc
1857 4605 1980 4658 loco

409 4687 804 4740 supervacanea
830 4717 844 4738 .
878 4677 1030 4728 abest
1052 4674 1210 4729 etiam
1239 4691 1268 4730 a
1297 4677 1553 4746 Dionysio
1585 4676 1968 4744 ParaphraSIe,

410 4757 623 4796 necnon
670 4762 696 4796 a
742 4746 1058 4814 Stnaragdo,
1093 4747 1178 4815 qui
1211 4751 1312 4815 hoc
1349 4747 1977 4815 testimonium,quam-

2080 2223 2173 2262 sus
2191 2209 2299 2262 alio
2320 2209 2438 2262 loco
2457 2206 2594 2270 (Lib.
2611 2222 2666 2260 tv
2687 2205 2863 2275 c.12),
2881 2204 3213 2260 enumeratis
3232 2205 3530 2260 levioribus
3550 2207 3665 2262 cul-

2121 2281 2185 2340 is.
2209 2283 2428 2347 exponit
2449 2278 2744 2346 graviores,
2765 2277 2907 2332 inter
2920 2292 3050 2346 quas
3077 2279 3189 2329 lucc
3213 2275 3372 2330 habet
3399 2279 3566 2330 verba
3597 2279 3663 2329 ad

2121 2295 2185 2340 is,
2209 2295 2428 2347 exponit
2449 2295 2744 2346 gravrores,
2765 2295 2907 2332 inter
2920 2295 3050 2346 quas
3077 2295 3189 2329 mea
3213 2295 3372 2330 nanet
3399 2295 3566 2330 verna
3597 2295 3663 2329 au

2077 2295 2220 2402 iianc
2259 2365 2369 2403 rem
2404 2349 2699 2416 spectantia
2727 2367 2738 2399 :
2770 2347 3200 2401 Extraordinaria
3241 2363 3302 2398 ac
3335 2347 3525 2414 furtiva
3564 2349 3665 2401 cibi

2077 2421 2309 2486 refectio,
2345 2437 2446 2472 non
2479 2418 2573 2472 illa
2594 2420 2956 2485 increpatione,
2985 2435 3136 2486 quam
3156 2418 3394 2478 diximus,
3412 2419 3662 2482 spiritali,

2079 2492 2170 2544 sed
2190 2491 2267 2544 vel
2302 2492 2464 2559 plagis
2495 2492 2813 2554 emendatur,
2836 2491 2914 2543 vel
2931 2489 3229 2554 expulsione
3252 2499 3517 2559 purgatur.
3551 2488 3664 2542 Iloc

2079 2562 2254 2625 ipsum
2295 2565 2454 2614 etiam
2510 2562 2738 2614 inhibuit
2765 2560 2827 2613 D.
2857 2559 3184 2629 Augustinus
3233 2559 3285 2612 in
3325 2574 3419 2611 sua
3453 2559 3662 2628 Regula

2081 2631 2572 2703 (Cap.9):Quando,
2591 2633 2778 2698 inquit,
2793 2629 2980 2703 aliquis
2999 2647 3097 2703 non
3125 2639 3285 2703 potest
3297 2631 3663 2698 jejunare,non

2080 2701 2250 2756 tamen
2267 2715 2409 2756 extra
2427 2703 2605 2755 horam
2636 2701 2842 2769 prandii
2863 2701 3062 2770 aliquid
3084 2701 3450 2754 alimentorum
3469 2713 3658 2763 sumat,

2081 2775 2185 2827 nisi
2213 2791 2326 2826 cum
2354 2781 2590 2843 aegrotat.
2631 2773 2696 2826 Et
2723 2773 2786 2825 D.
2821 2771 3142 2843 Benedictus
3168 2787 3288 2839 cap.
3318 2770 3390 2843 45
3417 2790 3427 2822 :
3461 2771 3659 2843 Nullus

2079 2854 2360 2910 prtesumat
2383 2841 2504 2895 ante
2534 2851 2777 2895 statutam
2808 2843 3009 2908 harant,
3033 2841 3112 2896 vel
3141 2852 3315 2909 postea
3337 2841 3531 2912 aliquid
3559 2842 3659 2894 cibi

2079 2913 2158 2966 vel
2186 2926 2338 2981 potus
2366 2928 2584 2966 sumere.
2634 2911 2842 2982 (Eodem
2874 2921 3084 2980 spectat
3109 2914 3251 2982 quod
3279 2914 3331 2966 in
3362 2911 3568 2980 Regula
3595 2912 3652 2966 S.

2080 2982 2358 3037 Pachomii
2388 2983 2522 3053 (Art.
2557 2981 2651 3052 45)
2701 2984 2965 3036 sancitum
2993 2981 3220 3052 legimus
3244 3025 3258 3048 ,
3309 2983 3377 3038 Ut
3402 2984 3576 3036 nullus
3604 2986 3659 3037 in

2084 3053 2217 3106 cella
2259 3071 2355 3107 sua
2403 3064 2619 3123 reponat
2665 3055 2864 3119 aliquid
2893 3055 2960 3106 ad
3003 3058 3325 3117 vescendum,
3359 3064 3543 3122 praeter
3596 3072 3658 3107 ea

2118 3141 2194 3196 ate
2207 3142 2238 3178 a
2255 3125 2604 3196 dispensatore
2628 3127 2902 3196 acceperit.
2918 3124 3165 3193 Denique
3186 3124 3365 3179 Cassia
3375 3139 3657 3196 nussupra

2118 3141 2238 3178 mea
2255 3141 2604 3196 aispensatore
2628 3141 2902 3192 acceperit.
2918 3141 3165 3193 uentque
3186 3141 3474 3179 Lasstanus
3494 3141 3652 3194 supra

2080 3141 2221 3266 zLib.
2252 3211 2303 3248 tv
2332 3213 2378 3248 ε.
2409 3194 2499 3265 l6)
2546 3195 2766 3260 retulit,
2819 3196 2951 3250 tanti
2983 3196 3175 3250 fecisse
3220 3209 3430 3251 veteres
3460 3195 3652 3250 Patres

2081 3267 2268 3320 vitium
2302 3267 2512 3320 furtivtn
2542 3268 2888 3322 comestionis
2912 3306 2927 3331 ,
2975 3276 3031 3320 ut
3062 3268 3106 3321 si
3141 3282 3300 3335 quem
3343 3267 3458 3333 ejtts
3500 3282 3655 3319 noxae

2083 3352 2232 3389 reum
2282 3336 2652 3406 reperissent,
2721 3354 2824 3391 non
2888 3338 3253 3406 increpatione
3295 3335 3652 3400 solummodo,

2083 3423 2185 3476 qua
2249 3409 2448 3462 leviora
2508 3409 2700 3462 delicta
2769 3410 3170 3477 plectebantur,
3217 3408 3313 3462 sed
3356 3407 3654 3477 velplagis

2007 3505 2054 3570 Ο
2085 3480 2569 3570 Emendarentjyel
2598 3476 3257 3570 expulslimtepurgarent.
3312 3476 3464 3546 Quod
3494 3477 3653 3556 intelf

2085 3549 2190 3617 lige
2229 3549 2380 3615 juxta
2425 3550 2621 3602 dictam
2666 3549 2940 3603 Pachomii
2988 3549 3353 3611 sanctionem,
3385 3563 3578 3614 nempe
3607 3549 3653 3600 si

2083 3621 2204 3688 quis
2235 3621 2448 3686 furtive,
2481 3631 2532 3673 et
2557 3620 2731 3672 inscio
2758 3617 3008 3681 Praelata,
3035 3626 3233 3684 praeter
3256 3631 3316 3669 ea
3349 3632 3466 3684 qua:
3506 3631 3534 3666 a
3561 3630 3653 3688 su-

2085 3691 2296 3758 periore
2327 3690 2431 3751 vel,
2465 3692 2580 3756 ejus
2613 3689 2856 3752 licentia,
2896 3703 2927 3741 a
2955 3688 3331 3758 diSpen_satore
3359 3687 3648 3758 acceperit,

2084 3754 2284 3814 habere
2326 3769 2417 3812 aut
2471 3754 2608 3812 clam
2638 3760 2919 3811 comedere
2949 3769 3111 3807 ausus
3136 3755 3311 3806 fuerit.
3358 3754 3470 3820 Qua
3498 3755 3566 3808 de
3591 3772 3651 3810 re

2083 3829 2252 3884 habes
2282 3829 2488 3897 insigne
2515 3828 2836 3897 exemplum
2865 3823 3174 3897 Serapionis
3207 3826 3454 3897 monachi
3488 3827 3651 3878 colla-

2081 3902 2230 3954 tione
2259 3903 2293 3953 2
2319 3894 2436 3967 cap.
2471 3899 2559 3953 15.
2609 3895 2711 3950 Sed
2742 3905 2795 3952 et
2829 3896 2929 3951 hoc
2956 3894 3130 3961 ipsum
3154 3896 3299 3949 velut
3334 3897 3530 3963 proprii
3561 3912 3652 3963 pe.

2081 3972 2204 4025 culii
2237 3970 2442 4024 crimen
2475 3985 2502 4021 a
2528 3969 2584 4023 S.
2613 3969 2818 4022 Isidoro
2848 3967 3150 4033 Hispalensi
3184 3967 3283 4020 sub
3312 3967 3459 4035 gravi
3492 3982 3650 4034 paena

2083 4041 2415 4110 prohibitqu
2467 4041 2730 4110 legimus:
2784 4038 3043 4102 Nullum,
3095 4037 3265 4104 inquit
3294 4038 3449 4107 (Reg.
3490 4054 3538 4110 c.
3568 4039 3648 4104 9),

2080 4109 2197 4166 esus
2217 4113 2408 4182 furtiva
2423 4109 2790 4164 contaminatio
2804 4111 3026 4179 polluat,
3046 4118 3137 4160 aut
3151 4110 3422 4182 impudens
3441 4109 3516 4162 vel
3535 4113 3616 4176 pri
3631 4142 3645 4150 -

2080 4177 2227 4235 vatus
2252 4195 2397 4237 extra
2417 4198 2735 4236 communem
2751 4177 2975 4234 mensam
2989 4182 3262 4250 appetitus.
3284 4177 3650 4232 Excommuni-

2079 4254 2304 4306 sationis
2326 4255 2458 4306 enim
2477 4254 2740 4306 sententitv
2756 4251 3060 4322 subjacebit,
3077 4250 3307 4320 quisquis
3330 4250 3406 4302 vel
3427 4251 3646 4314 occulte,

2079 4323 2159 4392 vel
2195 4334 2344 4376 extra
2383 4338 2702 4376 communem
2733 4338 2963 4375 mensam
2993 4322 3190 4387 aliquid
3222 4323 3585 4392 degustaverit.

2149 4391 2178 4431 δ
2213 4395 2287 4516 [ἶεῖ
2318 4396 2400 4448 his
2422 4393 2727 4464 regionibus
2759 4394 2960 4446 dictum
3001 4392 3199 4461 aliquid
3225 4390 3386 4460 supra
3420 4390 3560 4463 (Lib.
3592 4408 3648 4447 tu

2149 4481 2196 4516 υ.
2292 4505 2304 4516 .

2079 4479 2196 4518 σαι).
2230 4479 2304 4518 1).

2145 4463 2544 4601 ἐἰ.(ζέιξί)ι);ιᾶοςίεει
2594 4534 2742 4604 regio
2796 4533 2847 4586 in
2879 4533 3002 4588 Asia
3033 4532 3258 4602 majore,
3297 4524 3569 4604 Galatiam
3596 4544 3649 4587 et

2081 4600 2436 4670 Pampltiliam
2471 4608 2538 4661 ab
2561 4600 2753 4660 occasu
2785 4605 3053 4670 attingens
3075 4643 3090 4665 ,
3123 4600 3200 4657 ab
3231 4603 3439 4658 oriente
3477 4605 3649 4657 mino-

2081 4688 2196 4726 rem
2224 4675 2528 4730 Armeniam
2553 4718 2568 4740 ,
2602 4692 2630 4729 a
2662 4674 2888 4730 meridie
2916 4673 3192 4735 Ciliciam,
3226 4690 3254 4726 a
3286 4676 3649 4741 septentrione

2079 4743 2346 4799 Euxinum
2415 4746 2666 4801 Pontum.
2717 4745 2845 4813 Ejus
2891 4747 3078 4813 regia,
3148 4745 3262 4799 sive
3313 4745 3647 4811 Metmpolis,

405 4813 1214 4887 quanicontractius,citat'(In
1237 4814 1365 4886 Reg.
1400 4816 1466 4870 Β.
1501 4814 1790 4887 Benedicti)
1815 4825 2048 4887 :_tumv_
2079 4815 2229 4887 prius
2276 4816 2484 4871 Mazaca
2511 4860 2548 4887 ,ί
2580 4823 2766 4885 postea
2809 4815 3055 4887 Czesarea
3103 4830 3130 4867 a
3176 4815 3405 4868 Claudio
3433 4815 3648 4868 Tiberio

399 4879 533 4952 quia
567 4883 740 4941 facilis
781 4879 958 4956 potuit
1007 4879 1143 4940 esse'
1171 4879 1374 4939 librarii
1407 4887 1609 4956 lapsus,
1633 4885 1703 4939 ob
1725 4879 1876 4956 vocis
1902 4887 1974 4938 si-
2000 4879 2057 4940 Β
2081 4879 2244 4946 dicta.
2291 4889 2342 4940 in
2393 4879 2603 4954 qua'D'.
2655 4887 2884 4940 Basilius
2933 4885 3074 4940 sedit
3118 4887 3398 4954 episcopus
3436 4895 3503 4956 _et
3535 4887 3648 4953 ipse

397 4955 795 5010 militudinem.
857 4959 1040 5024 Itaque
1086 4956 1334 5010 monachi
1384 4955 1624 5025 Egyptii
1676 4955 1806 5008 nihil
1867 4957 1978 5011 cibi

393 5036 628 5094 potusvc
656 5028 738 5081 ori
776 5043 878 5082 suo
911 5026 1258 5094 indulgebant
1300 5037 1449 5080 extra
1482 5035 1725 5096 tempora
1757 5029 1980 5080 canoni—

390 5113 496 5160 cae,
531 5097 583 5150 id
611 5106 696 5152 est
716 5099 979 5167 regularis
1017 5109 1072 5150 et
1118 5099 1417 5150 communis
1435 5098 1795 5167 rel'ectionis.»
1818 5096 1976 5162 Quod

388 5167 620 5235 quidem
680 5165 1062 5222 documentum
1113 5167 1273 5221 etiam
1323 5166 1448 5235 alibi
1495 5168 1724 5220 collocat
1771 5165 1976 5221 Auctor

388 5233 546 5292 inter
573 5241 777 5292 monita
800 5238 1138 5306 perfeCtioris
1163 5236 1311 5296 vita},
1329 5233 1479 5306 unde
1499 5236 1658 5304 hujus
1680 5237 1780 5306 loci
1813 5237 1978 5290 ambi-

384 5308 577 5378 guitas
615 5304 938 5364 illustratur.
971 5306 1164 5378 Igitur,
1193 5305 1366 5374 inquit
1403 5304 1536 5376 (Lib.
1564 5323 1595 5359 v
1631 5323 1676 5358 c.
1699 5305 1824 5376 20),
1864 5323 1976 5359 mo-

386 5382 595 5432 nachus
643 5382 710 5435 ad
761 5397 963 5450 pugnas
1025 5381 1355 5450 internarum
1390 5378 1716 5450 certaminum
1760 5379 1972 5450 cupiens

383 5451 662 5516 pervenire
689 5492 705 5516 ,
751 5446 887 5503 hanc
927 5450 1178 5515 imprimis
1217 5447 1503 5516 cautionem
1531 5446 1724 5516 sibimet
1753 5447 1966 5510 indicat,

381 5514 446 5574 ut
478 5539 585 5574 non
613 5514 765 5589 potus
790 5514 1071 5590 quidquam
1089 5560 1108 5590 ,
1138 5535 1241 5571 non
1269 5533 1382 5571 esus
1402 5514 1512 5569 ulla
1536 5515 1867 5570 oblectatione
1886 5518 1972 5570 de-

380 5594 560 5646 victus
605 5588 727 5646 ante
774 5588 1048 5644 stationem
1091 5588 1370 5660 legitimam
1396 5601 1814 5660 communemque
1841 5592 1974 5656 refe-

386 5665 582 5716 ctionis
607 5663 813 5724 horam,
840 5670 989 5713 extra
1009 5656 1233 5712 mensam
1255 5659 1514 5728 percipere
1541 5656 1739 5709 sibimet
1764 5674 1972 5728 prorsus

389 5733 710 5795 indulgeam
731 5735 822 5791 sed
850 5749 913 5788 re
933 5732 1205 5789 reiectione
1242 5726 1447 5796 quidem
1489 5735 1764 5796 transacta,
1795 5743 1856 5778 ex
1896 5726 1975 5781 his

386 5793 704 5860 attexui/tere
723 5799 820 5857 sibi
840 5793 1357 5872 quanttuumcumque
1383 5800 1661 5859 permittat.
1690 5793 1834 5851 Idem
1859 5813 1975 5851 rur-

2081 4956 2366 5024 (Iappadox
2401 4956 2631 5026 (Plinius
2659 4958 2749 5009 lib.
2779 4973 2830 5009 v1
2857 4974 2984 5026 cap.
3003 4957 3056 5021 5;
3081 4956 3266 5010 Strabo
3287 4957 3326 5008 ι.
3359 4954 3475 5026 xlt).

2154 5027 2177 5064 ἀ
2215 5027 2383 5092 llujus
2414 5025 2763 5079 institutionis
2787 5029 2950 5080 etiam
2973 5025 3111 5079 inter
3135 5025 3524 5081 Pachomianos
3552 5039 3647 5077 seu

2083 5096 2464 5148 Tabennenses
2493 5096 2788 5147 monachos
2816 5098 3120 5149 observata:
3148 5096 3390 5150 meminit
3429 5098 3487 5148 Ι).
3525 5094 3646 5146 Ilie-

2081 5165 2444 5233 ronymus__in
2498 5164 2814 5233 praefatione
2863 5165 3082 5233 Regulae
3131 5165 3191 5220 S.
3242 5164 3536 5233 Pachomii
3566 5163 3647 5216 his

2079 5229 2262 5286 verbis
2287 5249 2299 5284 :
2333 5229 2401 5286 Ut
2428 5231 2506 5285 vel
2535 5232 2602 5284 ad
2631 5248 2843 5299 Operam
2872 5229 3023 5286 simul
3041 5237 3252 5300 vadant,
3285 5235 3363 5287 vel
3388 5235 3441 5286 in
3459 5232 3647 5285 hebdo-

2079 5303 2346 5356 madarum
2374 5303 2656 5356 ministerio
2686 5302 2782 5356 sibi
2803 5305 3080 5357 succedant
3105 5323 3193 5370 per
3223 5303 3469 5356 ordinem.
3497 5302 3564 5356 Et
3594 5305 3645 5358 in

2080 5375 2306 5442 epistola
2332 5373 2480 5429 22de
2510 5377 2784 5430 monachis
2809 5372 3075 5441 IEgyptiis
3101 5377 3351 5443 loquens:
3387 5373 3646 5442 Unaquae-

2080 5461 2197 5516 que,
2236 5447 2424 5516 inquit,
2467 5447 2676 5499 decuria
2707 5461 2824 5497 cum
2848 5461 2942 5516 suo
2976 5457 3184 5516 parente
3218 5444 3381 5516 pergit
3408 5444 3475 5496 ad
3500 5460 3644 5496 men-

2079 5512 2190 5568 sam
2215 5533 2233 5582 ;
2261 5512 2562 5586 quibus‘per
2595 5517 2827 5587 singulas
2857 5512 3208 5587 hebdomadas
3242 5512 3461 5587 vicissim
3491 5516 3643 5567 mini-

2081 5583 2281 5640 strant;
2321 5583 2581 5641 Similiter
2621 5583 2698 5640 l).'
2736 5583 3055 5639 Benedictus
3085 5599 3202 5654 cap.
3244 5583 3348 5638 '55:
3394 5583 3639 5650 Fratres,

2079 5658 2288 5726 inquit,
2329 5659 2424 5710 sibi
2468 5658 2684 5710 invicem
2719 5657 2974 5719 serviant;
3004 5671 3095 5707 nec
3134 5656 3272 5709 ullus
3320 5666 3642 5709 excusetura

2080 5730 2309 5797 coquinte
2339 5728 2524 5796 oﬁicio,
2558 5729 2656 5780 nisi
2677 5738 2763 5781 aut
2785 5726 3112 5798 (egritudine,
3141 5737 3232 5781 aut
3258 5727 3312 5780 in
3341 5742 3495 5780 causa
3522 5742 3640 5796 gra-

2078 5800 2150 5851 vis
2179 5800 2416 5852 utititatis
2451 5799 2565 5865 quis
2603 5812 2878 5868 occupatus
2907 5799 3082 5868 jttet'it.
3111 5801 3229 5864 quia
3253 5798 3438 5854 exinde
3471 5800 3638 5867 major
