4036 6218
522 270 628 331 179

1827 265 2107 323 JOANNIS
2143 265 2450 324 CASSIANI

3632 257 3739 331 ιω

523 391 718 446 fratres
757 389 828 447 ad
870 390 984 447 haec
1025 389 1200 444 officia
1222 387 1324 444 sibi
1348 385 1618 443 reddenda
1649 383 1946 440 succedunt
1969 428 1984 453 ,
2018 385 2089 439 ita
2117 388 2170 450 Α
2195 385 2321 454 quid
2365 401 2431 440 ex
2471 385 2548 441 eis
2589 385 2938 442 imminuatur
2977 387 3062 443 vel
3102 395 3317 461 pereat,
3359 395 3420 446 ut
3445 389 3657 446 credant
3673 406 3726 448 se

525 491 612 549 ut,
643 481 940 538 secundum
981 480 1215 537 cmnobii
1254 479 1680 541 multitudinem,
1724 477 2091 532 ministrorum

525 587 741 643 quoque
779 588 1037 627 numerus
1075 573 1375 640 deputetur.
1419 570 1548 636 Quae
1579 569 1800 638 explere
1827 577 1972 622 tanta
2001 567 2095 623 de-

528 663 746 718 votione
793 671 848 718 et
892 661 1192 715 humilitate
1238 660 1641 728 deprOperant,
1684 667 1881 729 quanta
1918 659 2095 714 nullus

528 769 810 810 servorum
852 753 1124 808 dirissimo
1167 752 1408 816 domino,
1439 767 1502 806 ac
1533 753 1849 821 praepotenti
1877 752 2100 806 exhibet

527 860 684 904 suum
716 846 1062 909 famulatum;
1095 844 1167 898 ita
1198 851 1258 898 ut
1287 859 1354 900 ne
1382 843 1503 899 istis
1530 843 1747 914 quidem
1789 843 1923 898 solis
1965 858 2096 898 con-

526 940 662 995 tenti
706 937 979 1007 obsequiis
1021 953 1141 1006 qua:
1171 938 1431 992 canonico
1456 937 1580 1007 jure
1609 937 1910 1005 solvuntur,
1933 938 2097 994 etiam

529 1039 689 1086 nocte
710 1039 1027 1104 surgentes,
1067 1029 1186 1086 illos
1229 1044 1368 1100 quos
1407 1030 1721 1099 specialiter
1759 1031 1877 1086 haec
1920 1039 2102 1084 manet

529 1136 658 1177 cura
678 1166 693 1190 ,
725 1121 906 1176 studio
933 1136 1032 1176 suo
1059 1121 1304 1176 relevent
1323 1163 1339 1190 ,
1370 1129 1423 1175 et
1445 1135 1507 1176 ea
1537 1135 1658 1191 quae
1687 1121 1754 1175 ab
1784 1121 1917 1190 ipsis
1946 1119 2101 1189 perﬁ-

529 1213 715 1270 cienda
753 1221 914 1278 sunt,
952 1211 1140 1266 furtim
1175 1212 1566 1282 praevenientes
1606 1211 1831 1279 implere
1869 1220 2101 1265 conten-

529 1304 678 1359 dant.
706 1303 818 1358 Has
838 1312 1017 1359 autem
1041 1303 1371 1372 septimanas
1391 1303 1761 1374 unusquisque
1781 1303 2099 1372 suscipiens,

530 1411 702 1466 usque
729 1391 797 1450 ad
824 1409 1036 1451 orenam
1064 1393 1328 1449 Dominici
1356 1393 1464 1450 diei
1490 1393 1898 1449 ministraturus
1921 1393 2106 1449 obser-

529 1495 644 1544 vat.
675 1485 791 1554 Qua
815 1485 1054 1557 perfecta
1082 1487 1444 1542 ministerium
1474 1487 1637 1541 totius
1660 1487 2010 1543 hebdomadis
2033 1488 2106 1541 ita

535 1578 901 1646 concluditur,
934 1585 994 1634 ut
1020 1578 1096 1643 hi,
1125 1579 1322 1648 quibus
1347 1579 1741 1636 succedendum
1772 1589 1876 1646 est,
1909 1593 2108 1634 conve-

532 1671 812 1727 nientibus
833 1671 886 1724 in
910 1687 1076 1726 unum
1098 1669 1356 1726 fratribus
1377 1672 1444 1726 ad
1461 1671 1824 1728 concinendos
1841 1673 2105 1743 psalmos,

2193 478 2354 532 etiam
2385 493 2479 546 pro
2506 477 2743 533 minimis
2768 479 3068 549 quibusque
3090 483 3236 536 vasis
3256 489 3523 550 tamquam
3547 498 3638 554 pro
3658 499 3732 538 sa-

2194 570 2496 624 crosanctis
2536 571 2797 625 rationem
2837 586 2942 625 non
2991 572 3170 626 solum
3215 573 3570 639 dispensatori
3609 589 3731 643 prte-

2196 662 2357 728 senti,
2385 663 2480 717 sed
2507 663 2667 716 etiam
2702 663 2931 717 Domino
2958 664 3284 728 reddituros,
3317 665 3362 719 si
3391 663 3528 720 forte
3554 665 3733 734 aliquid

2197 768 2261 808 ex
2309 754 2388 809 eis
2426 754 2754 824 negligentia
2795 769 2983 809 eorum
3009 753 3178 808 fuerit
3206 755 3565 810 imminutum.
3593 754 3735 825 Cujus

2199 845 2495 914 disciplina:
2521 846 2615 914 qui
2641 845 2830 900 modus
2860 847 2953 912 sit,
2983 847 3070 901 vel
3093 857 3289 916 quanta
3322 847 3427 902 fide
3445 861 3499 901 et
3520 848 3739 902 cautione

2199 946 2466 1004 servetur,
2513 953 2618 992 uno
2659 938 2987 1004 testimonio,
3033 937 3173 1008 quod
3205 938 3434 1007 exempli
3467 939 3625 1008 gratia
3652 953 3738 1008 po-

2203 1043 2348 1095 nam,
2369 1029 2611 1098 poteritis
2633 1043 2946 1098 agnoscere.
2971 1028 3122 1084 Sicut
3145 1029 3289 1083 enim
3311 1028 3585 1084 studemus
3607 1029 3740 1083 satis-

2203 1120 2382 1177 facere
2405 1131 2591 1176 vestro
2623 1121 2818 1174 fervori
2845 1160 2859 1183 ,
2892 1135 2998 1190 quo
3029 1121 3240 1190 plenam
3272 1121 3634 1175 universorum
3658 1131 3738 1172 co-

2203 1213 2499 1283 gnitionem
2523 1211 2911 1276 desiderantes,
2932 1211 3095 1266 etiam
3124 1225 3187 1266 ea
3217 1226 3336 1280 qua:
3361 1212 3559 1280 optime
3587 1209 3736 1264 nostis

2205 1303 2308 1358 hoc
2336 1304 2520 1359 libello
2550 1304 2702 1358 vobis
2742 1302 2940 1376 cupitis
2985 1302 3193 1368 iterari;
3225 1305 3298 1358 ita
3337 1317 3585 1358 veremur
3611 1315 3743 1356 men-

2205 1412 2384 1454 suram
2415 1396 2691 1453 brevitatis
2718 1397 2999 1451 excedere.

2708 1504 2709 1507 ‘
2802 1487 3028 1544 CAPUT
3067 1485 3186 1542 XX.

2295 1581 2373 1638 De
2403 1581 2560 1636 tribus
2588 1580 2849 1636 lenticula:
2877 1583 3052 1653 granis
3080 1581 3143 1635 ab
3170 1596 3430 1636 aconomo
3454 1581 3673 1652 repertis.

2279 1674 2336 1730 ln
2379 1675 2689 1744 septimana
2729 1674 3011 1743 cujusdam
3051 1673 3257 1740 fratris,
3299 1688 3423 1728 cum
3464 1671 3750 1743 praeteriens

532 1777 671 1833 quos
695 1762 928 1832 quieturi
951 1777 1018 1818 ex
1047 1778 1197 1819 more
1224 1762 1532 1831 tlecantant,
1564 1765 1815 1820 omnibus
1838 1766 1892 1820 in
1919 1765 2108 1821 ordine
2138 1788 2186 1848 Β
2211 1784 2525 1826 ωαοηοιηιιε
2558 1769 2662 1823 tria
2693 1775 2718 1804 ι
2746 1767 3016 1823 lenticulae
3045 1781 3208 1836 grana
3249 1765 3470 1821 vidisset
3504 1767 3676 1837 jacere
3707 1764 3754 1817 in

535 1857 703 1926 pedes
723 1856 935 1925 lavent,
967 1857 1105 1912 hanc
1141 1857 1350 1914 scilicet
1385 1857 1454 1912 ab
1481 1859 1563 1914 eis
1594 1873 1692 1928 pro
1721 1859 1908 1914 labore
1941 1859 2107 1915 totius

538 1951 856 2020 septimana:
894 1952 1292 2008 benedictionis
1332 1951 1637 2008 mercedem
1677 1953 1908 2008 fldeliter
1949 1969 2111 2023 expe-

539 2049 740 2107 tentes,
773 2050 833 2094 ut
862 2056 958 2096 eos
988 2044 1267 2113 explentes
1286 2085 1302 2109 ,
1339 2043 1650 2099 mandatum
1678 2045 1880 2100 Christi
1912 2048 2110 2102 emissa

536 2131 862 2201 generaliter
888 2133 953 2190 ab
982 2135 1234 2190 omnibus
1257 2134 1520 2190 fratribus
1536 2136 1707 2190 oratio
1725 2145 2104 2206 prosequatur,

536 2239 660 2295 quae
701 2225 788 2282 vel
824 2242 920 2296 pro
943 2227 1380 2299 iguorationibus
1408 2227 1741 2295 intercedat,
1771 2229 1858 2284 vel
1888 2244 1987 2298 pro
2016 2229 2111 2284 ad-

538 2319 723 2376 missis
763 2320 992 2376 humana
1032 2322 1324 2392 fragilitate
1362 2321 1629 2389 peccatis,
1673 2331 1728 2376 et
1771 2322 2114 2376 commendet

538 2411 656 2468 Deo
681 2413 826 2468 velut
850 2412 1169 2468 sacrificium
1197 2413 1396 2481 pingue
1422 2423 1790 2466 consummata
1813 2427 1998 2468 eorum
2022 2412 2118 2467 de-

539 2504 775 2559 votionis
800 2503 1075 2572 obsequia.
1113 2503 1176 2556 Et
1206 2503 1279 2557 ita
1310 2502 1546 2557 secunda
1569 2502 1777 2558 sabbati
1802 2514 1924 2574 post
1947 2515 2119 2558 matu-

540 2596 687 2651 tinos
699 2594 947 2665 hymnos,
963 2595 1087 2651 aliis
1102 2610 1316 2651 rursum
1338 2595 1771 2660 succedentibus,
1795 2597 2040 2650 utensilia
2064 2597 2118 2651 in

541 2687 736 2757 quibus
760 2687 1197 2743 ministraverant
1221 2703 1283 2744 ac
1300 2702 1428 2743 vasa
1451 2689 1770 2759 consignant
1794 2708 1807 2742 :
1831 2703 1951 2759 qua;
1971 2698 2118 2744 tanta

541 2777 909 2836 sollicitudine
957 2794 1196 2852 curaque
1243 2783 1601 2851 suscipientes
1648 2783 1992 2850 custodiunt,
2042 2799 2115 2839 ne

2213 1872 2384 1927 terra,
2414 1874 2533 1930 quae
2561 1858 3004 1924 hebdomadario,
3036 1857 3306 1913 festinanti
3334 1858 3459 1912 dum
3493 1873 3553 1913 ea
3579 1870 3755 1926 praepa-

2214 1965 2298 2011 rat
2327 1954 2582 2018 coctioni,
2607 1954 2747 2008 inter
2771 1967 2958 2006 manus
2987 1966 3107 2007 cum
3139 1966 3276 2022 aqua
3304 1967 3407 2021 qua
3437 1951 3756 2006 diluebanlur

2213 2047 2395 2116 elapsa
2420 2054 2565 2109 sunt,
2589 2044 2874 2099 confestim
2903 2059 3068 2113 super
3088 2043 3190 2098 hoc
3209 2043 3455 2098 abbatem
3479 2040 3756 2104 consuluit;

2214 2155 2244 2194 a
2274 2154 2380 2210 quo
2410 2139 2563 2193 velut
2589 2137 2925 2193 interversor
2959 2136 3336 2206 neglectorque
3363 2132 3391 2171 ι)
3423 2135 3560 2189 sacri
3589 2129 3760 2201 peculii

2211 2231 2513 2302 judicatus,
2560 2231 2627 2286 ab
2665 2229 2913 2286 oratione
2953 2241 3246 2297 suspensus
3286 2236 3386 2282 est.
3420 2224 3584 2296 Cujus
3613 2222 3760 2294 negli-

2213 2325 2408 2395 gentia:
2447 2333 2628 2378 reatus
2666 2336 2772 2376 non
2813 2322 2974 2374 aliter
3013 2319 3064 2374 ei
3105 2319 3365 2375 remissus
3391 2327 3507 2381 est,
3533 2317 3632 2372 nisi
3657 2329 3763 2371 eum

2219 2417 2432 2487 publica
2483 2414 2798 2484 paenitentia
2832 2412 3100 2467 diluisset.
3159 2410 3273 2465 Non
3309 2411 3485 2464 solum
3525 2410 3659 2465 enim
3692 2421 3766 2461 se-

2221 2508 2370 2576 ipsos
2398 2521 2504 2559 non
2532 2520 2651 2560 esse
2682 2518 2828 2570 suos,
2871 2501 2967 2558 sed
2997 2501 3157 2557 etiam
3184 2501 3362 2554 omnia
3389 2513 3511 2570 qua:
3539 2514 3634 2554 sua
3657 2504 3768 2552 sunt

2220 2599 2451 2655 credunt
2484 2597 2710 2652 Domino
2754 2604 3073 2650 consecrata
3111 2612 3123 2647 :
3159 2603 3377 2662 propter
3415 2591 3560 2661 quod
3588 2592 3628 2646 si
3661 2586 3768 2659 quid

2218 2693 2377 2748 fuerit
2400 2693 2452 2746 in
2480 2689 2809 2747 monasterio
2839 2689 3006 2744 semel
3036 2687 3246 2741 illatum
3271 2727 3285 2752 ,
3310 2694 3369 2740 ut
3391 2693 3772 2741 sacrosanctum

2221 2799 2341 2840 cum
2392 2783 2536 2838 omni
2592 2781 2891 2838 decernunt
2941 2779 3247 2836 reverentia
3299 2777 3500 2834 debere
3555 2775 3772 2833 tractari.

1588 2921 1843 2978 ALARDI
1883 2919 2116 2978 GAZJEI
2150 2917 2707 2978 COMMENTARIUS.

541 3025 734 3086 merces
755 3018 807 3086 et
847 3008 1076 3086 charitas
1109 3014 1388 3086 acquiritur
1415 3012 1578 3086 (Vide
1598 3015 1682 3086 ibi_
1697 3014 2022 3086 Turrecre.).
2055 3015 2112 3070 Id

2222 3015 2562 3071 simillimum
2587 3055 2603 3079 ,
2637 3014 2720 3067 sui
2753 3023 2930 3069 tamen
2954 3010 3170 3082 generis
3196 3051 3211 3076 ,
3239 3008 3307 3066 de
3327 3023 3438 3082 quo
3468 3008 3669 3082 Plinius
3689 3003 3775 3082 lib.

544 3082 720 3156 ipsum
759 3082 822 3156 in
864 3085 1098 3156 concilio
1141 3067 1566 3156 Aqiiisgranensi
1605 3067 1789 3154 (cap.
1811 3067 2114 3156 iiQSjrsed
2144 3067 2189 3131 C
2219 3067 2350 3141 {viti
2378 3067 2428 3140 c.
2464 3067 2558 3156 12.7
2591 3067 2898 3156 'Prorcujus
2928 3067 3140 3156 edulio,
3185 3067 3280 3156 seu
3307 3067 3778 3156 decoctionerufa,

544 3152 712 3226 paulo
759 3151 976 3226 brevius
1013 3163 1078 3226 ει
1120 3151 1404 3226 obscurius
1451 3155 1517 3209 de
1553 3151 1831 3209 canonicis
1854 3151 2120 3226 regulari-

544 3221 646 3278 bus
673 3223 922 3276 statuitur
946 3241 960 3275 :
1013 3223 1255 3278 Vicissim
1284 3227 1336 3277 in
1361 3223 1652 3293 Refectorio
1683 3236 1727 3282 et
1755 3221 1948 3279 cineri}
1976 3243 2120 3280 com-

550 3293 1214 3366 munibus__necessitatibus
1244 3295 1354 3366 sibi
1405 3296 1745 3366 fraternitatis
1799 3296 1962 3366 οβείο
1993 3299 2119 3366 fun-

581 3373 756 3418 antur.
783 3363 918 3417 Hinc
950 3366 1141 3420 fratres
1172 3365 1590 3430 hebdomadarii,
1613 3367 1694 3420 vel
1728 3363 2120 3434 septimanarii,

581 3383 756 3418 antur.
785 3383 918 3417 runc
950 3383 1141 3420 Iratres
1173 3383 1590 3430 neoaomauaru,
1613 3383 1694 3420 vel
1728 3383 2120 3434 septimanarii,

545 3383 699 3499 (glicti,
721 3434 812 3503 qui
839 3449 964 3487 suas
995 3436 1143 3490 vices
1173 3436 1224 3488 in
1253 3435 1352 3488 hoc
1374 3435 1672 3490 ministerio
1698 3436 2121 3492 hebdomadario

547 3506 787 3574 explent;
805 3514 858 3560 et
872 3505 1052 3572 egredi
1073 3506 1138 3561 de
1160 3506 1457 3577 septimana
1475 3505 1538 3558 D.
1557 3508 1865 3570 Benedicto,
1882 3517 1939 3562 et
1958 3508 2125 3577 septi-

547 3590 761 3632 manam
786 3592 938 3648 suam
967 3577 1261 3642 complere.
1288 3576 1624 3648 Egressurus,
1657 3579 1848 3646 inquit,
1877 3580 1939 3632 de
1961 3576 2122 3645 septi-

547 3663 702 3700 mana
726 3686 740 3712 ,
777 3646 990 3719 sabbato
1028 3650 1308 3702 munditias
1341 3646 1530 3719 faciat.
1579 3649 1731 3703 ltem.
1787 3649 2144 3711 Egredientes.

549 3727 719 3772 autem
755 3717 817 3772 de
846 3722 1134 3786 septimana
1172 3717 1356 3774 dicant
1386 3720 1521 3772 hunc
1550 3735 1786 3773 uersum:
1820 3719 2123 3774 Benedictus

549 3805 625 3855 es,
660 3787 901 3859 Domine,
926 3802 1032 3845 etc.
1096 3790 1282 3845 Solent
1323 3802 1503 3844 autem
1537 3790 1771 3859 majores
1803 3793 1971 3845 nostri
1999 3835 2012 3856 ,
2046 3793 2124 3846 di-

549 3858 692 3912 versi
720 3861 933 3926 generis
958 3862 1154 3915 habere
1188 3858 1672 3926 hebdomadarios,
1704 3869 1763 3916 ut
1791 3872 1938 3914 notat.
1966 3862 2120 3917 Joan.

548 3927 791 4000 Nolanus
820 3929 914 3982 lib.
960 3946 975 3982 ι
1011 3931 1078 3983 de
1107 3932 1393 3984 Canonicis
1435 3947 1554 4000 cap.
1601 3932 1686 3986 15.
1723 3933 1816 3984 Est
1845 3935 1987 3987 enim
2035 3934 2124 3987 he-

552 3996 938 4052 bdomadarius
962 4000 1013 4052 in
1044 4001 1454 4063 officio‘divino,
1486 3996 1571 4054 cui
1601 4002 1856 4054 incumbit
1886 4004 2125 4057 ninnium

550 4067 808 4136 horarum
854 4066 1092 4120 officium
1143 4085 1237 4122 sua
1285 4071 1618 4123 hebtlomada
1653 4073 1933 4134 inchoare,
1983 4076 2127 4136 Cupi-

551 4137 662 4192 tula
690 4148 744 4191 et
781 4135 1046 4191 Collectas
1073 4153 1268 4192 canore
1289 4179 1302 4200 ,
1353 4148 1406 4191 et
1447 4154 1710 4190 summum
1743 4139 1966 4192 Sacrum
1987 4135 2128 4194 cele-

553 4209 733 4261 brare.
765 4206 894 4261 Erat
916 4215 971 4262 et
995 4207 1448 4262 hebdomadarius
1475 4209 1643 4261 lector
1664 4210 1728 4261 ad
1749 4225 1990 4262 menSnm
2016 4227 2029 4262 :
2061 4212 2127 4265 de

554 4291 663 4344 quo
708 4277 976 4343 integrum
1020 4287 1180 4344 caput
1224 4288 1394 4332 exstat
1430 4279 1481 4332 in
1509 4278 1706 4346 Ro-gula
1739 4281 1797 4332 D.
1830 4280 2126 4336 Benedicti.

551 4346 720 4417 Erant
741 4347 971 4417 denique
998 4349 1137 4402 inter
1157 4348 1450 4402 monachos
1475 4351 1864 4417 septimanarii,
1897 4353 2010 4406 sive
2033 4352 2128 4407 he-

2223 3158 2363 3211 Esau
2392 3149 3154 3222 vendiditprimogenituram.
3183 3150 3382 3207 Cenes.
3413 3166 3541 3206 xxv.
3571 3149 3683 3205 Alia
3708 3154 3782 3201 est

2223 3227 2480 3282 lenticula
2509 3227 2636 3294 olei,
2667 3224 2733 3277 de
2762 3241 2862 3294 qua
2893 3224 3027 3277 infra
3053 3222 3212 3294 (Cap.
3241 3223 3354 3294 25).

2291 3296 2320 3336 δ
2350 3297 2404 3350 ld
2435 3302 2553 3358 est,
2583 3289 2858 3348 fraudator
2887 3295 2969 3348 vel
2993 3289 3352 3360 dilapidator,
3394 3291 3536 3362 quod
3584 3289 3784 3357 gravius

2223 3383 2382 3438 quam
2427 3367 2721 3438 neglector,
2757 3377 2814 3418 ut
2843 3365 3126 3435 Dionysius
3155 3365 3422 3438 exposuit.
3453 3363 3672 3438 Sacrum
3700 3374 3784 3438 pej

2221 3433 2420 3493 éttlium
2451 3445 2607 3489 vocnt
2637 3436 2774 3490 bona
2802 3433 2996 3501 resque
3018 3435 3350 3496 monasterii,
3383 3437 3431 3488 in
3465 3433 3651 3500 quibus
3671 3436 3786 3501 sunt

2225 3509 2472 3563 utensilia
2493 3548 2510 3570 ,
2539 3507 2736 3560 cibaria
2755 3549 2769 3568 ,
2809 3499 3202 3573 suppellectilia
3230 3549 3244 3569 ,
3277 3515 3332 3560 et
3359 3519 3704 3574 quacumque
3728 3499 3787 3552 ad

2224 3595 2380 3633 usum
2417 3579 2731 3632 monasterii
2767 3586 2820 3630 et
2845 3577 3230 3633 monachorum
3269 3577 3574 3640 pertinent;
3603 3588 3714 3639 uuae
3739 3577 3788 3623 et

2227 3665 2376 3704 sacra
2408 3650 2598 3703 merito
2634 3648 2906 3716 dicuntur,
2939 3651 3060 3718 quia
3102 3647 3213 3701 Deo
3250 3647 3424 3702 dicata
3459 3657 3514 3718 et
3551 3653 3782 3718 sacrata;

2224 3719 2291 3774 de
2313 3736 2538 3790 quorum
2564 3719 2747 3773 itidem
2771 3712 3010 3790 diligenti
3037 3733 3192 3790 cura,
3211 3727 3264 3771 et
3287 3717 3556 3782 custodia,
3581 3729 3698 3784 quas
3717 3712 3790 3764 hic

2226 3787 2633 3846 commendatur
2653 3833 2667 3855 ,
2699 3792 2763 3845 D.
2795 3787 3023 3845 Basilius
3052 3788 3140 3856 (In
3165 3787 3401 3841 Institut.
3432 3796 3654 3841 manust.
3683 3799 3787 3856 cap.

2226 3861 2330 3931 53)
2368 3865 2467 3916 tria
2510 3864 2598 3915 dat
2632 3863 2949 3916 documenta
2991 3855 3174 3913 notatu
3210 3859 3490 3931 digna,rct
3534 3857 3655 3931 huic
3685 3855 3791 3931 loco

2227 3925 2468 3999 apprime
2495 3943 2880 3987 consentanea.
2915 3931 3093 3984 Primo
3120 3933 3311 3998 quierit
3345 3949 3355 3982 :
3399 3929 3675 3996 Quomodo
3717 3925 3793 3977 de-

2230 4003 2341 4056 bent
2372 4006 2426 4056 hi
2463 4007 2548 4068 qui
2591 4017 2888 4070 operantur,
2932 4017 3108 4054 curam
3142 4016 3314 4069 gerere
3345 4001 3792 4070 ferramentorum}

2229 4074 2305 4125 rel
2335 4066 2633 4127 utens-ilium
2655 4114 2669 4134 ,
2730 4073 2912 4138 quibus
2943 4066 3262 4139 operantur?
3301 4066 3608 4133 Respondet
3635 4087 3644 4120 :
3690 4066 3796 4120 Pri-

2229 4159 2366 4193 mum
2402 4143 2610 4205 quidem
2650 4143 2894 4194 utendum
2934 4138 3039 4191 illis
3081 4143 3211 4192 sicut
3240 4143 3371 4194 vasis
3402 4139 3535 4208 Dei,
3574 4140 3652 4193 vel
3695 4150 3795 4208 qua:

2221 4215 2334 4282 jam
2367 4211 2470 4263 Deo
2510 4222 2803 4264 consecrata
2841 4220 2988 4282 sun-t_._
3024 4209 3497 4282 secundoqumrit
3537 4228 3548 4264 :
3595 4208 3731 4274 Quid
3762 4207 3797 4260 si

2230 4279 2318 4352 per
2339 4282 2696 4350 negligentiam
2727 4290 2896 4352 parcat
2916 4279 3114 4352 aliquid
3148 4297 3208 4332 ex
3237 4279 3338 4352 his,
3358 4289 3447 4333 aut
3471 4299 3560 4347 per
3586 4290 3799 4352 content-

2232 4349 2374 4420 ptnm
2406 4349 3056 4421 dissipetur?’Restiondct
3087 4365 3201 4402 eum
3225 4351 3313 4419 qui
3345 4353 3645 4415 contemnit,
3675 4349 3800 4421 velut

553 4416 911 4505 bdotnadarjii,
947 4426 1057 4505 tum
1083 4421 1346 4505 coquinai,
1381 4428 1490 4505 tum
1523 4416 1721 4473 mensa:
1749 4423 2123 4505 servituri-set
2150 4445 2202 4505 υ
2231 4416 2904 4505 sacrilegumiudicandum
2923 4433 3065 4500 esse;
3089 4416 3310 4496 quivera
3338 4420 3506 4490 perdit
3533 4440 3625 4491 per
3649 4418 3801 4499 negli-

554 4486 811 4550 ministri,
833 4488 900 4542 de
923 4489 1116 4558 quibus
1139 4491 1224 4545 hic
1250 4490 1444 4555 agitur.
1469 4489 1523 4543 In
1546 4505 1650 4557 quo
1672 4490 1885 4558 quidem
1915 4493 2117 4558 ofﬁcio,

552 4567 607 4630 ut
657 4566 852 4630 prmtrr
893 4560 1027 4614 alios
1059 4560 1226 4615 refert
1275 4560 1438 4614 abbas
1480 4560 1684 4626 Regino
1723 4561 1859 4630 (Lib.
1892 4563 1971 4630 ιι),
2003 4581 2122 4620 sese

550 4626 978 4685 Carolomannus
1044 4631 1434 4686 illustrissimus
1492 4626 1787 4687 Austrasize
1847 4626 2116 4701 princeps,

549 4715 818 4754 summum
853 4702 1078 4767 praebuit
1100 4701 1415 4755 humilitatis
1441 4713 1490 4754 et
1522 4701 1793 4765 patientiae
1817 4705 2117 4762 exemplar.

553 4769 686 4825 Cum
735 4772 877 4825 enim
925 4773 1118 4827 relicto
1153 4779 1576 4839 contemptoque
1605 4783 1820 4838 pr0pter
1847 4771 2118 4828 Christum

552 4857 716 4912 regno
749 4853 989 4912 terreno,
1018 4843 1068 4896 in
1099 4842 1419 4896 Cassiuense
1458 4841 1761 4895 camobiuru
1801 4858 1860 4896 se
1891 4848 2124 4912 recepis—
2184 4844 2186 4847 ’

549 4911 630 4966 set
652 4953 667 4978 ,
712 4922 766 4968 et
799 4911 967 4973 rigida
1012 4914 1184 4966 sancti
1219 4911 1491 4966 Benedicti
1523 4912 1806 4981 disciplina
1837 4911 2122 4966 devinxis-

546 4992 670 5048 set,
704 4983 897 5037 accidit
929 4991 986 5037 ut
1015 4983 1471 5038 hebdomadarius
1501 4983 1564 5034 ad
1597 4984 1843 5050 coquinae
1885 4982 2121 5037 officium

547 5053 914 5122 deputaretur.
946 5054 1079 5108 Cum
1107 5063 1286 5108 autem
1317 5054 1368 5106 in
1403 5054 1587 5107 multis
1618 5056 1928 5122 ignoranter
1955 5053 2122 5107 offen-

549 5127 723 5192 deret,
757 5139 962 5194 coquus
986 5126 1114 5179 vino
1157 5134 1459 5177 exaestuans
1500 5134 1581 5177 ter
1619 5126 1668 5179 ei
1711 5126 1919 5188 alapam
1952 5124 2119 5188 dedit,

548 5195 691 5264 quod
723 5197 837 5262 ipse
867 5195 1079 5264 placido
1105 5196 1252 5248 vultu
1278 5195 1512 5262 pertulit.
1547 5195 1651 5250 Sed
1680 5210 1708 5246 a
1737 5199 1885 5251 socio
1914 5196 2122 5263 prodita

547 5265 668 5334 ejus
693 5266 990 5334 dignitate,
1023 5267 1278 5333 deinceps
1317 5281 1437 5320 cum
1473 5279 1665 5329 magna
1707 5267 2008 5320 reverentia
2041 5277 2122 5321 est

547 5337 890 5392 observatos.
961 5337 1154 5392 Scribit
1199 5336 1359 5390 etiam
1404 5337 1465 5389 D.
1512 5335 1814 5388 Bernartius
1843 5337 1907 5388 de
1934 5348 2122 5390 sancto

551 5404 812 5478 Ifalachia
833 5449 848 5474 ,
893 5409 1035 5478 quod
1062 5409 1176 5476 ipse
1203 5407 1255 5461 in
1287 5406 1610 5461 monasterio
1639 5404 1915 5478 lhiacensi,
1943 5405 1994 5458 in
2026 5421 2123 5478 or-

551 5475 683 5548 dine
703 5479 834 5531 vicis
856 5475 991 5543 suae,
1014 5480 1258 5548 quamvis
1279 5479 1564 5548 episcopus
1589 5475 1848 5540 existens,
1877 5477 2124 5548 coquinae

551 5547 853 5602 ministerio
894 5545 1252 5609 inserriebat.
1302 5545 1357 5602 et
1393 5547 1645 5600 fratribus
1687 5545 2124 5604 recumbentibus

551 5615 912 5672 ministrabat.

625 5693 654 5722 ⁸
681 5685 953 5740 Lenticula
983 5687 1069 5740 hic
1097 5687 1295 5742 dicitur
1322 5702 1480 5753 parva
1513 5688 1629 5742 lens
1655 5687 1761 5753 (est
1796 5687 1941 5740 enim
1966 5687 2126 5741 dimi-

555 5753 802 5810 lativum
830 5770 862 5809 a
893 5755 1081 5822 lente),
1110 5772 1277 5826 genus
1304 5758 1589 5825 leguminis
1607 5763 1736 5813 satis
1757 5767 1966 5827 uotum,
1989 5759 2124 5816 lenti

2227 4490 2466 4560 gentiam,
2500 4501 2543 4542 et
2571 4493 2741 4558 ipsunt
2769 4491 2933 4543 simile
2961 4490 3152 4542 crimen
3178 4490 3469 4560 incurrere,
3497 4490 3595 4559 pro
3629 4509 3710 4554 eo,
3735 4493 3801 4541 in-

2222 4558 2365 4631 thit,
2398 4564 2536 4630 quod
2562 4565 2729 4616 omnia
2755 4578 2869 4632 qua:
2897 4561 2964 4612 ad
2994 4576 3117 4612 usus
3147 4576 3409 4632 servorum
3439 4558 3533 4632 Dri
3565 4561 3800 4632 deputata

2222 4629 2360 4691 sunt.
2392 4629 2494 4686 Deo
2527 4634 2636 4686 sine
2677 4629 2830 4685 dubio
2872 4642 3165 4684 consecrata
3195 4640 3335 4682 sunt.
3368 4629 3549 4682 Tertio
3574 4629 3803 4698 qumrit:

2227 4705 2362 4770 Quid
2391 4709 2436 4756 si
2461 4722 2491 4756 a
2529 4705 2695 4770 seipse
2725 4703 3046 4756 commodare
3074 4702 3287 4755 voluerit
3328 4701 3516 4763 alicui,
3557 4713 3652 4754 aut
3675 4699 3804 4753 acci-

2224 4793 2341 4843 pere
2371 4777 2432 4828 ab
2462 4775 2675 4842 aliqua?
2699 4775 3003 4843 Respondet
3038 4791 3049 4825 :
3087 4772 3374 4844 Tamquam
3405 4773 3630 4825 insolens
3660 4780 3710 4824 et
3740 4779 3804 4820 tc-

2223 4849 2478 4899 nterarius
2511 4845 2769 4899 habendus
2800 4855 2893 4898 est.
2930 4844 3056 4898 Herc
3085 4846 3215 4898 enim
3241 4861 3412 4896 eorum
3439 4844 3522 4911 qui
3548 4851 3801 4910 praesunt,

2224 4925 2270 4967 et
2299 4933 2469 4968 curam
2513 4917 2910 4985 dispensationis
2944 4925 3157 4987 gerunt,
3201 4915 3362 4983 ofﬁcia
3406 4915 3625 5033 propria
3667 4918 3802 4964 sunt.

2224 4984 2348 5033 Haec
2389 4986 2639 5033 Basilius-
2684 4987 2884 5033 Eodem
2932 4988 3093 5033 modo
3134 4986 3192 5033 D.
3245 4985 3564 5033 Bt-Itcticlus
3619 4989 3802 5033 monet

2224 4984 2348 5038 Haec
2389 4984 2639 5039 Basilius.
2684 4987 2884 5039 Eodem
2932 4984 3093 5040 modo
3134 4986 3192 5038 D.
3245 4984 3564 5037 Benediclus
3619 4989 3806 5036 monet

2224 5054 2375 5124 (Cap.
2410 5056 2470 5109 51
2506 5055 2760 5126 Regulw),
2792 5068 2847 5109 ut
2869 5055 3117 5110 Cellarius
3139 5057 3310 5126 omnia
3333 5071 3451 5126 vasa
3480 5052 3801 5111 monasterii,

2224 5133 2559 5192 cunctamque
2585 5123 2928 5180 substantiam
2958 5167 2972 5186 ,
3023 5141 3082 5175 ac
3121 5129 3163 5176 si
3206 5123 3389 5176 altaris
3435 5139 3552 5175 vasa
3601 5130 3832 5175 sacrata

2224 5196 2536 5263 conspiciat;
2558 5198 2698 5259 quod
2727 5197 2966 5263 intellige
2997 5209 3100 5246 non
3134 5194 3428 5263 mqualitcr,
3457 5192 3547 5246 sed
3575 5205 3804 5259 propor-

2226 5266 2514 5330 tionaliter,
2544 5278 2600 5318 ut
2630 5268 2704 5320 ait
2734 5262 3203 5320 Turrecrcmatus:
3231 5262 3343 5314 Hoc
3371 5275 3463 5325 est,
3487 5278 3583 5333 pro
3604 5264 3807 5314 ratione

2225 5347 2271 5389 et
2303 5338 2633 5405 proportione
2671 5339 2753 5389 sui
2782 5335 2975 5404 gradus
3016 5341 3062 5384 et
3097 5333 3294 5386 ordinis
3331 5336 3463 5386 inter
3487 5349 3566 5386 res
3602 5348 3802 5405 sacras.

2227 5399 2360 5460 Sunt
2390 5399 2523 5459 enim
2551 5409 2709 5460 multa
2736 5399 2904 5456 rerum
2935 5419 3196 5456 sacrarum
3226 5421 3437 5473 genera,
3471 5413 3521 5455 ut
3560 5412 3712 5454 notat
3745 5399 3804 5455 S.

2228 5476 2447 5548 Thomas
2471 5478 2588 5536 2-2,
2618 5496 2668 5548 q.
2701 5474 2789 5539 59,
2833 5481 2934 5526 art.
2975 5474 3030 5536 5,
3071 5476 3124 5548 in
3153 5491 3367 5548 quorum
3399 5482 3659 5543 postremo
3687 5479 3806 5527 sunt

2225 5545 2356 5599 bona
2387 5545 2736 5602 Ecclesiarum
2757 5553 2805 5595 et
2829 5547 3270 5598 monasteriorum.
3305 5546 3504 5596 Rursus
3531 5557 3656 5606 cap.
3684 5557 3802 5611 seq.

2226 5618 2413 5671 statuit
2444 5619 2504 5672 D.
2538 5616 2877 5675 Benedictus,
2903 5625 2955 5665 ut
2984 5616 3028 5666 si
3053 5617 3166 5684 quis
3191 5615 3392 5668 sordide
3414 5625 3503 5665 aut
3532 5615 3807 5684 negligen-

2228 5695 2304 5741 ter
2341 5707 2419 5741 res
2464 5685 2754 5742 monasterii
2794 5689 3112 5750 tractaverit,
3151 5686 3490 5749 corripiatur;
3521 5692 3565 5736 et
3607 5685 3655 5736 si
3700 5699 3806 5738 non

2225 5761 2590 5824 emendaverit,
2625 5756 2910 5825 disciplina:
2939 5756 3164 5827 regulari
3190 5755 3469 5825 subjaceat.
