3994 6202
560 276 659 329 185

1856 278 2132 336 JOANNIS
2174 282 2478 338 CASSIANI

3691 279 3787 340 ιιι

560 389 929 461 bomopbagiis
956 437 968 458 ,
1006 402 1247 458 utuntur,
1290 403 1344 447 et
1386 393 1524 461 apud
1552 405 1686 461 quos
1715 398 1863 446 secta
1901 393 2126 461 singulis
2150 404 2201 461 Α
2231 412 2440 468 «pioque
2461 399 2575 453 seni
2596 406 2867 468 stuporem
2887 414 3152 454 summum
3175 398 3474 455 obedientia
3499 398 3612 468 ejus
3641 399 3787 453 incu-

559 484 838 536 mensibus
868 499 1146 553 porrorum
1182 485 1309 537 folia
1334 526 1346 547 ,
1382 492 1408 520 ι
1438 484 1720 552 lapsania,
1754 484 1831 537 sal
1868 482 2082 539 frictum
2110 526 2125 550 ,

558 576 736 638 olivae,
772 577 1009 643 pisciculi
1038 578 1224 630 minuti
1256 576 1421 641 saliti,
1444 591 1577 645 quos
1606 575 1683 629 illi
1711 574 1738 613 δ
1766 577 2015 631 ωωηὶᾱὶει
2034 592 2128 632 vo-

559 675 711 731 cant,
742 682 951 720 summa
979 668 1223 736 voluptas
1246 676 1347 720 est.

1116 760 1341 814 CAPUT
1382 759 1571 815 XXIII.

563 851 637 904 De
682 853 961 905 obedientia
998 854 1189 906 abbatis
1236 852 1483 917 Joannis,
1525 872 1615 925 per
1661 872 1813 925 quam
1852 870 2011 923 usque
2058 856 2127 908 ad

871 926 1149 990 prophetia!
1185 937 1446 992 provectus
1473 936 1543 978 est
1567 928 1805 995 gratiam.

628 1036 694 1089 Et
721 1037 975 1105 quoniam
1014 1036 1100 1091 hic
1128 1038 1263 1091 liber
1303 1038 1370 1092 de
1402 1039 1743 1094 institutione
1787 1049 1869 1095 est
1895 1040 2011 1109 ejus
2038 1040 2129 1110 qui

555 1129 831 1181 renuntiat
864 1130 988 1181 huic
1020 1130 1240 1194 mundo,
1266 1145 1361 1199 per
1381 1146 1538 1199 quam
1562 1132 1769 1185 scilicet
1792 1133 2130 1188 introductus

556 1220 620 1273 ad
655 1221 1006 1275 humilitatem
1042 1237 1223 1275 veram
1247 1264 1261 1283 ,
1309 1232 1362 1276 et
1401 1222 1758 1277 obedientiam
1792 1224 2082 1289 perfectam
2108 1263 2126 1291 ,

556 1322 872 1365 creterarum
913 1328 1126 1381 quoque
1158 1315 1411 1366 virtutum
1459 1314 1689 1367 culmina
1724 1316 1894 1382 possit
1937 1331 2129 1369 asum-

554 1404 719 1468 dere;
755 1404 1119 1459 necessarium
1162 1422 1285 1459 reor
1314 1406 1559 1475 quaedam
1608 1408 1883 1461 seniorum
1932 1417 2085 1477 gesta
2111 1448 2126 1474 ,

556 1496 752 1563 quibus
776 1512 872 1565 per
903 1498 1037 1550 hanc
1066 1498 1312 1553 enituere
1338 1500 1589 1553 virtutem
1616 1541 1631 1563 ,
1660 1502 1887 1569 exempli
1915 1503 2087 1570 gratia
2110 1543 2124 1566 ,

554 1588 695 1640 sicut
740 1587 1102 1655 promisimus,
1144 1591 1445 1657 explicare;
1496 1590 1562 1644 de
1610 1590 1793 1644 multis
1840 1591 2130 1645 admodum

556 1693 722 1745 pauca
752 1689 1033 1747 carpentes
1059 1723 1071 1745 ,
1104 1690 1160 1733 ut
1184 1681 1523 1734 studentibus
1553 1683 1867 1736 sublimiora
1893 1685 2086 1737 sectari
2114 1730 2127 1751 ,

556 1785 662 1820 non
686 1768 855 1821 solum
890 1770 1298 1823 incitamentum
1337 1787 1402 1824 ex
1432 1772 1517 1824 his
1544 1771 1671 1825 vitae
1720 1773 1967 1841 perfectae
1994 1815 2008 1838 ,
2037 1773 2131 1828 sed
2162 1808 2211 1868 Β

559 1859 721 1912 etiam
754 1862 1016 1930 propositi
1043 1861 1212 1915 forma
1245 1864 1522 1932 procedat.
1572 1864 1928 1930 Quamobrem
1957 1866 2090 1919 duos
2116 1911 2130 1934 ,

558 1953 639 2003 vel
672 1962 780 2005 tres
806 1994 820 2017 ,
852 1970 948 2021 pro
978 1954 1149 2008 libelli
1178 1954 1336 2023 hujus
1376 1956 1698 2022 compendio
1723 1956 1792 2010 de
1831 1966 1936 2010 tam
1981 1957 2139 2011 innu-

557 2061 706 2099 mera
738 2056 945 2114 patrum
978 2048 1324 2102 multitudine
1348 2048 1685 2117 proferentes
1710 2063 1991 2117 ponemus.
2022 2049 2137 2103 Pri-

558 2151 700 2190 mum
764 2148 784 2174 ο
841 2138 1087 2193 abbatem
1138 2138 1399 2193 Joannem
1431 2179 1446 2203 ,
1498 2139 1587 2207 qui
1640 2149 2006 2193 commoratus
2055 2148 2139 2193 est

557 2227 583 2263 ά
602 2229 756 2296 juxta
780 2229 980 2300 Lycon,
1005 2230 1147 2298 quod
1177 2242 1258 2285 est
1286 2232 1544 2301 oppidum
1581 2230 1872 2286 Thebaidis
1897 2249 1909 2283 :
1941 2230 2138 2301 quippe

555 2329 776 2389 propter
839 2322 1161 2376 obedientize
1203 2323 1460 2377 virtutem
1514 2336 1688 2392 usque
1728 2323 1794 2376 ad
1839 2323 2139 2392 prophetia:

557 2414 785 2479 gratiam
818 2412 1138 2468 sublimatus
1163 2456 1177 2478 ,
1233 2415 1310 2468 sic
1348 2415 1599 2469 universo
1644 2415 1842 2470 claruit
1871 2416 2029 2482 orbi,
2081 2424 2141 2469 ut

557 2503 718 2556 etiam
762 2505 977 2573 regibus
1028 2505 1210 2560 mundi
1258 2506 1415 2575 hujus
1459 2507 1655 2562 merito
1683 2522 1783 2561 suo
1819 2508 2139 2563 redderetur

558 2596 806 2650 illustris.
836 2595 966 2649 Nam
995 2611 1115 2649 cum
1144 2596 1195 2650 in
1228 2598 1493 2653 extremis
1517 2638 1531 2663 ,
1568 2607 1626 2652 ut
1670 2597 1946 2661 diximus,
1997 2599 2139 2653 The-

558 2686 731 2739 baidce
759 2687 1000 2754 partibus
1028 2698 1398 2743 commaneret
1421 2731 1435 2755 ,
1478 2706 1584 2744 non
1627 2702 1753 2745 ante
1781 2693 2139 2760 prmsumehat

558 2778 897 2831 Theodosius
925 2779 1221 2849 imperator
1247 2781 1313 2835 ad
1343 2784 1753 2851 praepotentium
1796 2784 1932 2838 bella
1958 2793 2140 2855 tyran-

559 2886 747 2925 norum
779 2873 1069 2940 procedere
1093 2915 1107 2941 ,
1140 2889 1299 2943 quam
1328 2876 1562 2930 oraculis
1588 2876 1734 2931 illius
1770 2878 2128 2946 animaretur,

558 2976 719 3035 atque
744 2968 1038 3035 responsis.
1068 2968 1272 3034 Quibus
1295 2969 1575 3025 confidens
1600 2970 1747 3025 velut
1792 2971 2005 3027 coalitus
2032 2971 2139 3025 sibi

558 3059 755 3111 delatis
783 3101 796 3123 ,
831 3070 1031 3128 troptea
1085 3060 1153 3115 de
1183 3059 1338 3115 bellis
1373 3060 1675 3130 desperatis
1702 3070 1862 3131 atque
1895 3062 2139 3117 hostibus

560 3161 873 3219 reportavit.

1116 3242 1339 3298 CAPUT
1379 3243 1567 3298 XXIV.

559 3354 637 3409 De
666 3356 805 3427 ligno
833 3358 979 3411 arido
1009 3357 1144 3425 quod
1168 3358 1304 3409 idem
1331 3356 1483 3409 abbas
1518 3355 1743 3411 Joannes
1772 3360 1838 3410 ad
1868 3359 2138 3413 arbitrium

630 3428 842 3501 senioris
871 3430 950 3481 sui
976 3430 1122 3501 quasi
1144 3428 1211 3480 ad
1232 3427 1546 3482 adolendum
1573 3429 1649 3499 (id
1671 3439 1765 3498 est,
1782 3428 2137 3501 crescendum)

628 3499 799 3567 rigare
829 3515 929 3551 non
967 3499 1179 3552 destitit.
1356 3516 1357 3519 ‘

632 3612 725 3665 Hic
752 3613 927 3683 itaque
959 3614 1147 3668 beatus
1170 3612 1408 3669 Joannes
1436 3613 1506 3669 ab
1533 3612 1895 3669 adolescentia
1925 3627 2022 3668 sua
2053 3629 2138 3669 us-

559 3723 662 3775 que
692 3708 757 3761 ad
787 3709 1079 3777 perfectam
1112 3724 1173 3763 ac
1203 3709 1413 3764 virilem
1439 3716 1651 3764 aetatem
1680 3708 1879 3762 seniori
1904 3722 2001 3761 suo
2042 3707 2136 3761 de-

559 3799 802 3853 serviens
823 3842 836 3862 ,
867 3800 1046 3881 doneq
1068 3801 1157 3856 ille
1185 3801 1238 3855 in
1269 3801 1424 3870 hujus
1452 3803 1575 3857 vitae
1603 3801 2016 3857 conversatione
2040 3799 2137 3853 du-

562 3896 716 3954 ravit,
744 3903 883 3947 tanta
918 3894 1215 3949 humilitate
1245 3895 1591 3964 inhesitejus
1621 3895 1916 3965 obsequiis,
1947 3904 2002 3948 ut
2027 3892 2139 3963 ipsi

2230 499 2383 544 teret.
2414 489 2578 558 Cujus
2616 495 2751 546 hanc
2785 491 3041 547 virtutem
3086 500 3261 546 utrum
3316 492 3383 546 de
3408 505 3532 545 vera
3582 489 3685 543 fide
3727 504 3787 544 ac

2229 581 2491 649 profunda
2519 582 2698 637 cordis
2724 582 3073 653 simplicitate
3093 582 3469 648 descenderet,
3497 596 3561 634 an
3579 580 3787 635 affecta-

2228 674 2342 728 titia
2368 685 2545 740 esset,
2573 684 2627 729 et
2651 675 3046 744 quodammodo
3074 674 3325 730 coactitia
3352 714 3367 739 ,
3396 683 3557 743 atque
3585 673 3649 727 ad
3694 673 3789 726 im-

2228 767 2467 836 perantis
2496 766 2686 822 faciem
2714 768 3069 837 praeberetur,
3101 769 3288 823 volens
3316 766 3649 821 manifestius
3698 780 3785 819 ex-

2227 859 2439 928 plorare
2466 898 2481 922 ,
2525 859 2839 928 quamplura
2883 858 2934 913 ei
2975 860 3137 913 etiam
3168 857 3431 927 superﬂua
3456 897 3473 923 ,
3516 857 3789 924 minusque

2176 982 2183 989 ε
2227 951 2553 1014 necessaria,
2582 949 2666 1004 vel
2697 949 3073 1019 impossibilia,
3102 949 3433 1019 frequentius
3458 947 3785 1017 injungebat.

2230 1043 2309 1097 Ex
2355 1042 2547 1111 quibus
2589 1043 2691 1097 tria
2737 1057 2929 1111 ponam
2952 1083 2969 1109 ,
3003 1058 3099 1111 per
3125 1058 3245 1112 qua;
3275 1040 3602 1096 manifestari
3632 1040 3791 1108 possit

2229 1134 2534 1189 volentibus
2574 1133 2712 1189 scire
2738 1176 2753 1200 ,
2796 1134 2878 1189 vel
2921 1133 3121 1190 mentis
3156 1134 3273 1203 ejus
3295 1175 3309 1197 ,
3336 1132 3419 1186 vel
3450 1130 3793 1201 subjectionis

2229 1224 2529 1293 integritas.
2571 1223 2807 1293 Sumpsit
2851 1239 3082 1294 namque
3128 1223 3195 1279 de
3245 1222 3471 1293 lignario
3496 1236 3593 1275 suo
3635 1236 3795 1275 senex

2229 1316 2544 1385 virgultum,
2568 1316 2708 1382 quod
2732 1316 2858 1370 olim
2883 1315 3119 1370 excisum
3143 1316 3329 1370 usibus
3348 1314 3450 1369 foci
3474 1314 3645 1369 fuerat
3666 1329 3796 1383 prie-

2233 1418 2517 1478 paratum:
2545 1410 2777 1479 dumque
2824 1410 3085 1464 coctionis
3128 1408 3369 1463 retardat
3408 1407 3658 1470 occasio,
3696 1421 3797 1460 non

2231 1500 2394 1555 modo
2418 1500 2658 1567 aridum,
2686 1500 2780 1556 sed
2810 1515 2977 1570 prope
3001 1510 3155 1569 putre
3182 1499 3397 1569 jacebat
3425 1499 3680 1566 temporis
3711 1513 3799 1551 ve-

2232 1602 2372 1647 tusta
2385 1600 2454 1647 te.
2484 1593 2728 1662 Cumque
2753 1592 2855 1646 hoc
2880 1606 3062 1646 coram
3090 1590 3210 1660 ipso
3239 1590 3447 1644 ﬁxisset
3475 1588 3530 1643 in
3563 1599 3758 1643 terram
3786 1630 3799 1653 ,

2234 1685 2491 1753 praecepit
2512 1683 2737 1737 advecta
2762 1698 2896 1751 aqua
2921 1681 3168 1750 quotidie
3195 1680 3276 1734 bis
3300 1680 3487 1749 rigari,
3517 1688 3574 1733 ut
3597 1680 3802 1734 scilicet

2234 1776 2443 1831 diurnis
2472 1774 2788 1829 humoribus
2817 1774 3138 1837 radicatum,
3164 1783 3323 1841 atque
3347 1772 3402 1825 in
3432 1771 3699 1840 antiquam
3723 1786 3802 1823 ar-

2237 1871 2421 1925 borem
2444 1869 2796 1935 reviviscens,
2830 1867 3043 1921 diﬂusis
3064 1866 3230 1920 ramis
3252 1866 3616 1921 ammnitatem
3640 1864 3804 1917 oculis

2236 1971 2398 2030 atque
2431 1958 2803 2013 umbraeulum
2842 1958 2896 2011 in
2935 1966 3069 2011 testu
3104 1955 3332 2010 ferventi
3360 1955 3542 2010 subter
3572 1954 3804 2007 residen-

2236 2052 2381 2106 tibus
2409 2051 2713 2106 exhiberet.
2744 2048 2898 2117 Quod
2930 2057 3256 2119 praaceptum
3289 2048 3630 2102 veneratione
3650 2046 3805 2100 solita

2238 2145 2355 2197 sine
2386 2142 2490 2195 ulla
2534 2141 2981 2210 impossibilitatis
3022 2138 3465 2194 consideratione
3503 2137 3807 2205 suscipiens

2238 2233 2574 2301 adolescens,
2600 2232 2671 2287 ita
2693 2232 3016 2302 quotidianis
3039 2230 3228 2285 diebus
3249 2229 3505 2298 explevit,
3534 2238 3590 2281 ut
3611 2242 3806 2295 aquam

2240 2340 2337 2393 per
2364 2323 2470 2378 duo
2502 2324 2671 2378 ferme
2704 2324 2868 2377 millia
2900 2323 3272 2377 indesinenter
3297 2329 3588 2391 apportans
3611 2361 3625 2384 ,
3652 2320 3807 2373 nulla-

2244 2426 2403 2471 tenus
2430 2416 2630 2485 lignum
2659 2414 2833 2483 rigare
2862 2422 3103 2469 cessaret
3128 2454 3143 2478 ,
3183 2422 3344 2483 atque
3373 2426 3470 2481 per
3498 2420 3667 2465 totum
3691 2411 3809 2465 anni

2241 2508 2470 2576 spatium
2503 2522 2608 2560 non
2644 2506 2928 2559 infirmitas
2971 2506 3249 2576 corporis,
3293 2520 3401 2559 non
3440 2503 3700 2559 festivitas
3730 2517 3809 2556 so-

2243 2598 2569 2663 lemnitatis,
2612 2613 2717 2650 non
2755 2598 3041 2665 occupatio
3079 2596 3418 2653 necessitatis
3455 2596 3617 2651 ullius
3640 2637 3656 2662 ,
3696 2609 3810 2663 quae

2242 2690 2395 2744 illum
2424 2690 2585 2744 etiam
2618 2688 2842 2743 honeste
2873 2700 3157 2743 excusaret
3178 2688 3247 2742 ab
3271 2688 3620 2742 exsecutione
3656 2701 3807 2741 man-

2242 2782 2378 2847 dati,
2410 2798 2517 2837 non
2566 2781 2799 2851 denique
2837 2780 3034 2836 hiemis
3078 2782 3342 2849 asperitas
3381 2778 3723 2834 intercedens
3750 2780 3812 2834 ab

2241 2874 2403 2944 hujus
2423 2874 2799 2929 observatione
2823 2872 3075 2943 praacepti
3094 2872 3329 2941 potuerit
3355 2870 3633 2940 impedire.
3656 2869 3810 2924 Cum-

2242 2984 2348 3039 que
2399 2969 2517 3038 ejus
2563 2968 2702 3024 hanc
2738 2968 3081 3023 sedulitatem
3136 2966 3330 3021 tacitus
3372 2979 3535 3020 senex
3587 2966 3812 3018 latenter

2243 3061 2435 3115 diebus
2459 3062 2684 3131 singulis
2715 3060 3057 3130 exploraret,
3105 3067 3161 3113 et
3184 3057 3391 3112 videret
3429 3071 3549 3110 eum
3588 3053 3813 3122 simplici

2243 3153 2427 3208 cordis
2455 3152 2649 3207 aﬂ'ectu
2678 3152 2986 3206 mandatum
3024 3166 3178 3205 suum
3210 3150 3355 3205 velut
3383 3146 3635 3202 divinitus
3663 3145 3815 3200 emis-

2244 3238 2364 3300 sum
2394 3245 2511 3299 sine
2536 3245 2641 3297 ulla
2669 3244 3064 3313 permutatione
3088 3242 3301 3305 vultus,
3334 3240 3417 3296 vel
3447 3238 3678 3295 rationis
3714 3238 3814 3291 dis-

2245 3338 2499 3391 cussioue
2520 3351 2762 3399 servare,
2789 3336 3056 3390 sinceram
3085 3335 3401 3389 humilitatis
3423 3333 3540 3402 ejus
3566 3330 3815 3385 obedien-

2247 3430 2373 3483 tiam
2406 3427 2797 3497 comprobans,
2831 3428 3030 3496 pariter
3060 3429 3219 3481 etiam
3252 3427 3516 3480 miserans
3552 3432 3665 3477 tam
3707 3423 3815 3489 lon-

2244 3538 2373 3593 gum
2404 3522 2679 3585 laborem,
2713 3534 2870 3587 quem
2916 3534 3012 3588 per
3042 3529 3208 3572 totum
3236 3518 3360 3571 anni
3388 3516 3617 3584 spatium
3646 3513 3817 3567 studio

2245 3615 2549 3671 devotionis
2590 3612 2964 3681 impenderat,
3001 3611 3066 3665 ad
3093 3610 3381 3677 virgultum
3424 3608 3629 3661 aridum
3672 3620 3815 3659 acce-

2244 3708 2399 3774 dens,
2432 3723 2484 3771 ο,
2520 3706 2721 3777 inquit,
2752 3706 3023 3769 Joannes,
3061 3711 3084 3738 ε’
3114 3702 3328 3755 misitne
3352 3700 3562 3754 radices
3592 3698 3711 3751 hare
3738 3713 3816 3749 ar-

2244 3802 2366 3863 bor,
2384 3814 2450 3853 an
2483 3798 2616 3852 non?
2643 3794 2890 3865 Cumque
2910 3794 3004 3849 ille
3025 3808 3083 3847 se
3113 3792 3325 3847 nescire
3352 3791 3607 3854 dixisset,
3639 3790 3813 3843 Senex

2244 3892 2390 3948 velut
2425 3890 2706 3960 inquirens
2745 3886 2825 3943 rei
2854 3887 3163 3951 veritatem,
3205 3892 3259 3938 et
3282 3866 3565 3952 \tamquam
3604 3889 3818 3935 tentans

1606 4026 1865 4082 ALARDI
1903 4024 2139 4080 GAZIEI
2176 4023 2744 4082 COMMENTARIUS.

562 4154 736 4189 omnes
758 4136 1009 4189 abstinent
1037 4135 1156 4206 (soli
1182 4138 1367 4206 quippe
1397 4136 1541 4203 pueri
1563 4134 1759 4206 aliquid
1784 4144 2005 4188 coctura:
2027 4152 2140 4202 per-

563 4208 805 4276 cipiunt),
835 4216 1105 4275 propterea
1135 4208 1454 4275 pulmentum
1484 4221 1587 4257 non
1615 4205 1748 4276 cogi.

637 4288 660 4312 η
688 4272 769 4329 De
800 4272 1060 4344 Lapsanio
1099 4272 1297 4329 dictum
1322 4286 1403 4329 est
1430 4290 1587 4342 supra
1618 4276 1635 4345 (
1660 4272 1788 4343 Cap.
1821 4276 1881 4329 Η
1908 4273 1951 4343 ).
1981 4273 2140 4329 Notet

564 4346 732 4399 lector
762 4349 862 4399 hoc
908 4348 1027 4399 loco
1057 4358 1301 4399 veterum
1348 4346 1734 4399 monachorum
1781 4346 2002 4400 delicias
2042 4364 2137 4399 uo-

563 4417 690 4469 stris
726 4418 878 4481 longe
908 4416 1229 4480 dissimiles,
1257 4425 1313 4470 et
1336 4417 1401 4471 de
1424 4418 1505 4471 his
1534 4417 1778 4469 consulat
1810 4417 1866 4470 D.
1900 4418 2133 4471 Bernar-

564 4488 687 4539 dum
714 4488 765 4539 in
794 4487 1051 4556 Apologia
1078 4488 1143 4541 ad
1176 4487 1515 4541 Guillelmum
1545 4489 1816 4541 abbatem.

636 4557 660 4592 θ)
694 4558 1018 4611 Menominia
1043 4559 1241 4612 habent
1266 4561 1503 4628 plerique
1529 4558 1742 4612 codices
1770 4602 1783 4625 ,
1818 4558 2137 4614 vocabulum

567 4628 772 4681 Latinis
811 4630 1166 4693 incognitum;
1211 4645 1307 4697 pro
1338 4646 1441 4697 quo
1464 4628 1746 4683 Ciaconius
1774 4628 2023 4683 mzenidia
2051 4646 2139 4684 re-

564 4700 776 4773 posuit,
803 4715 908 4751 non
934 4699 1273 4773 improbabili
1301 4702 1632 4773 conjectura.
1661 4701 1753 4755 Est
1774 4701 1917 4773 enim
1946 4704 2132 4773 μαινίς,

562 4771 658 4836 vel
684 4785 876 4833 intenta,
900 4772 1061 4836 piscis
1095 4778 1353 4833 marinus,
1379 4772 1534 4839 vulgo
1568 4770 1720 4825 halec
1748 4770 2136 4836 dictus,'Arist.

561 4855 615 4894 v1
647 4840 904 4903 Animal.,
939 4854 1102 4911 aquo
1126 4841 1496 4911 diminutivum
1528 4842 1792 4911 μαινιδίον,
1827 4842 1878 4894 id
1908 4854 2008 4900 est.
2037 4841 2137 4893 ha-

564 4911 738 4964 lecula
761 4953 774 4976 ,
810 4910 1092 4965 Theodoro
1135 4910 1272 4979 Gaza
1312 4911 1607 4979 interprete
1639 4914 1655 4977 (
1684 4912 1825 4964 Plin.
1859 4911 1948 4964 lib.
1980 4926 2138 4964 χχχιι

562 4997 607 5032 c.
646 4982 705 5035 Η
735 4997 920 5052 manas
939 4992 1120 5047 uocat;
1162 4978 1291 5037 δίει.
1326 4978 1545 5052 Rhodig.
1588 4982 1679 5035 lib.
1716 4998 1783 5035 xx
1814 4980 1986 5049 Antiq.
2017 4982 2133 5034 lect.

562 5067 679 5104 οιιυ.
721 5067 799 5104 Ol.

668 5092 679 5103 .
721 5051 751 5105 6
787 5092 799 5104 .
1500 5051 1508 5052 “

627 5070 659 5157 Ε
694 5051 861 5189 Htijus
889 5122 1100 5189 egregia
1130 5122 1388 5176 sanctitas
1428 5123 1856 5178 clarissimorum
1890 5120 2137 5176 virorum

565 5193 765 5246 meruit
794 5192 1115 5263 testimoniis
1147 5193 1402 5247 illustrari
1435 5193 1661 5260 (Baron.
1690 5196 1743 5247 in
1770 5194 2039 5263 martyrol.
2063 5192 2133 5245 Ἦ

565 5263 745 5333 Martii
786 5272 832 5317 et
860 5265 913 5315 in
940 5262 1134 5315 Annal.
1168 5280 1254 5317 an.
1296 5264 1401 5318 588
1424 5265 1462 5333 ).
1491 5266 1688 5319 Scribit
1709 5266 1850 5318 enim
1884 5262 1950 5317 de
1978 5279 2044 5318 eo
2075 5263 2135 5317 S.

566 5332 922 5403 Hieronymus
949 5334 1013 5386 ad
1040 5332 1445 5403 Ctesiphontem
1472 5345 1658 5386 contra
1690 5333 2037 5401 Pelagianos;
2074 5333 2134 5387 S.

565 5402 895 5474 Augustinus
921 5404 1013 5458 lib.
1039 5405 1104 5457 de
1125 5402 1262 5457 Cura
1285 5420 1384 5474 pro
1406 5405 1633 5458 mortuis
1657 5405 1856 5471 agenda
1882 5418 2003 5471 cap.
2031 5406 2094 5457 l7
2118 5418 2133 5468 ;

565 5472 935 5530 'l‘heodoretus
969 5476 1170 5529 Histor.
1200 5472 1347 5529 lib.’v
1375 5490 1495 5542 cap.
1526 5475 1594 5527 24
1620 5490 1634 5537 ;
1667 5474 2004 5529 Sozomenus
2036 5474 2131 5527 lib.

568 5558 623 5613 vt
650 5559 766 5611 cap.
814 5545 919 5609 28;
951 5544 1219 5599 Palladius
1252 5547 1304 5599 in
1342 5546 1611 5599 Lausiacis
1651 5560 1770 5613 cap.
1803 5544 1905 5608 43;
1938 5552 1991 5597 et
2040 5544 2133 5598 alii

569 5612 779 5685 (Sidon.
814 5616 1100 5685 Apotlinar.
1134 5633 1291 5668 carm.
1324 5616 1435 5685 16).
1467 5616 1547 5669 Ad
1575 5616 1713 5669 hunc
1748 5617 1800 5669 in
1843 5630 2028 5669 eremo
2058 5615 2135 5669 la-

571 5683 849 5759 titantem,
874 5684 990 5759 _sed_
1000 5685 1291 5759 prophetia:
1314 5683 1506 5759 spiritu
1532 5688 1799 5743 celebrem
1827 5686 1960 5759 duas
1986 5687 2131 5759 lega-

574 5753 747 5803 tiones
770 5753 914 5804 misit
951 5753 1283 5806 Theodosius
1313 5756 1532 5823 Maguus
1562 5760 1849 5826 imperator
1877 5757 1943 5813 de
1968 5753 2131 5814 dubio

2248 4136 2509 4190 bellorum
2532 4142 2727 4187 eventu
2754 4132 3012 4185 adversus
3039 4130 3298 4200 tyrannos
3329 4127 3741 4200 consulendum,
3771 4136 3821 4179 et

2248 4209 2300 4259 in
2334 4218 2561 4273 utraque
2602 4213 2806 4257 certum
2840 4199 3075 4273 victoriae
3097 4202 3381 4273 nuntium
3403 4199 3468 4273 ab
3496 4200 3817 4273 eo_.accepit.

2246 4270 2487 4329 Priorem
2512 4275 2675 4327 refert
2700 4275 3029 4342 Augustinus
3058 4272 3148 4326 lib.
3178 4289 3208 4325 v
3237 4272 3304 4327 de
3325 4270 3553 4342 Civitate
3576 4270 3684 4342 Dei
3705 4287 3818 4335 cap.

2242 4346 2338 4407 96;
2369 4343 2719 4413 posteriorem
2747 4340 2970 4397 Rufinus
2993 4343 3084 4396 lib.
3111 4358 3146 4397 ιι
3169 4358 3289 4412 cap.
3313 4342 3368 4408 9,
3386 4354 3440 4397 et
3458 4340 3819 4413 Cassiodorus

2247 4419 2297 4469 in
2322 4411 2781 4485 llistorxTripart.
2816 4415 2917 4485 lib.
2936 4429 2987 4466 Ix
3011 4428 3131 4485 cap.
3157 4411 3250 4468 45.
3277 4413 3428 4468 Alius
3452 4413 3520 4485 ab
3541 4412 3641 4485 hoc
3662 4411 3821 4485 Joan;

2247 4502 2341 4539 nes
2375 4486 2541 4541 abbas
2588 4480 2861 4541 in'eremo
2897 4480 3104 4539 Scetica
3136 4528 3149 4551 ,
3176 4488 3243 4539 de
3269 4499 3374 4553 quo
3405 4482 3541 4537 infra
3572 4480 3726 4553 (Cap.
3753 4481 3819 4534 27

2166 4544 2219 4604 Ῑ)
2244 4568 2289 4611 et
2319 4557 2430 4623 40).

2316 4626 2342 4665 ἀ
2373 4621 2607 4683 Thebais
2637 4627 2753 4681 sive
2791 4626 3065 4681 Thebaida
3091 4670 3104 4691 ,
3150 4635 3207 4679 ut
3237 4625 3326 4679 hic
3352 4669 3366 4692 ,
3411 4621 3630 4693 Egypti
3675 4622 3821 4692 regio

2242 4698 2531 4763 Ethiopize
2560 4698 2897 4753 contermina
2923 4738 2937 4763 ,
2964 4713 2990 4749 a
3018 4697 3219 4751 Thebis
3242 4696 3376 4750 urbe
3409 4693 3779 4763 potentissima
3805 4733 3819 4755 ,

2244 4772 2513 4839 totiusque
2541 4770 2777 4839 regionis
2804 4770 3090 4835 metropoli
3121 4768 3574 4839 nomenghabens.
3606 4764 3670 4817 D.
3703 4764 3824 4817 Hic-

2243 4835 2500 4910 ronym'us
2532 4835 2630 4895 lib:
2658 4842 2724 4894 de
2754 4840 2951 4893 Hebra.
2983 4852 3176 4909 quiest.
3210 4835 3535 4890 Thebaidem
3575 4849 3691 4910 eam
3729 4850 3824 4901 pu-

2244 4922 2321 4965 tat
2347 4903 2467 4965 esse
2499 4915 2797 4979 regionem;
2821 4926 2940 4979 qua:
2967 4903 3094 4964 olim
3117 4910 3255 4963 dicta
3287 4917 3366 4959 est
3395 4914 3545 4979 terra
3573 4903 3782 4979 Cessen
3809 4944 3823 4967 ,

2244 4981 2293 5033 in
2319 4998 2423 5049 qua
2448 4974 2711 5035 habitavit
2731 4974 2899 5036 Jacob
2921 4980 3216 5046 patriarcha
3244 4991 3363 5030 cum
3387 4974 3510 5049 filiis
3536 4974 3672 5049 suis,
3696 4988 3829 5049 cum

2240 5042 2480 5105 venisset
2508 5053 2558 5105 in
2591 5052 2881 5123 [Egyptum
2910 5042 3116 5117 (Cenes.
3137 5061 3251 5124 _x_Lv
3277 5044 3516 5124 et_va1).
3563 5042 3621 5124 In
3658 5043 3827 5124 hujus

2240 5132 2478 5173 extrema
2514 5114 2855 5188 parte'si'tum
2890 5114 3002 5175 erat
3028 5115 3495 5188 OppidumLycos
3519 5154 3535 5178 ,
3566 5114 3685 5188 sive
3719 5114 3827 5185 Ly-

2240 5190 2467 5258 copolis.
2486 5184 2643 5247 Unde
2675 5194 2879 5247 Plinius
2907 5189 3041 5259 (Lib.
3063 5184 3317 5259 vicap.9)
3346 5184 3592 5259 (Lycon,
3622 5185 3825 5253 inquit,

2241 5255 2325 5314 ubi
2356 5272 2552 5315 montes
2582 5265 2766 5329 ﬁniunt
2791 5255 3212 5329 Thebaidemtet
3240 5257 3379 5329 inter
3408 5255 3653 5325 ejusdem
3686 5271 3827 5324 pra:-

2242 5334 2478 5387 fecturas
2502 5327 2829 5400 postremam
2858 5331 3097 5385 nominat
3127 5327 3517 5400 Lycopolitem.

2317 5414 2339 5439 ο
2371 5396 2558 5459 Simile
2587 5406 2897 5471 exemplum
2922 5409 3108 5471 narrat
3136 5396 3473 5471 S’ulpitiusiu
3502 5398 3677 5471 primo
3707 5396 3824 5471 dia-

2243 5473 2370 5541 logo
2403 5476 2468 5528 de
2491 5467 2777 5529 virtutibus
2809 5475 2863 5529 S.
2898 5470 3138 5529 Martini:
3174 5471 3273 5524 nisi
3299 5469 3439 5539 quod
3465 5467 3519 5523 in
3553 5470 3655 5522 hoc
3672 5467 3821 5541 virga

2243 5538 2327 5598 sic
2359 5546 2576 5614 irrigata
2601 5547 2756 5600 tertio
2784 5542 3197 5614 annogfloruerit
3222 5583 3235 5607 ,
3277 5538 3591 5614 fructusque
3639 5538 3823 5614 edide-

2243 5616 2333 5679 rit,
2407 5609 2541 5684 quos
2590 5618 2753 5669 abbas
2800 5614 2865 5668 ad
2907 5612 3211 5667 Ecclesiam
3269 5609 3515 5684 deferens
3568 5609 3823 5662 fratribus

2240 5682 2543 5741 osuentabat
2572 5705 2581 5738 :
2609 5686 2763 5753 Ecce,
2796 5686 3065 5755 inquiens,
3092 5683 3391 5738 obedientia:
3422 5682 3668 5751 fructum.
