4016 6202
609 217 712 279 187

1914 225 2192 283 JOANNIS
2227 223 2533 285 CASSIANI

3734 237 3820 298 188

604 337 829 409 iecerat,
849 336 1105 395 facultate
1128 346 1289 411 atque
1311 337 1596 396 aﬂectione
1616 338 1844 406 carnali,
1867 341 2056 395 saltem
2077 340 2177 397 sibi
2203 347 2255 404 Α
2279 341 2412 395 dens
2463 340 2697 397 cmnobii
2741 343 2925 399 senior
2945 386 2961 413 ,
3003 344 3072 401 ad
3121 346 3575 417 comprobandam
3637 351 3820 420 penitus

605 431 778 489 tilium
806 447 1130 501 superesse:
1155 440 1211 487 et
1234 432 1685 501 quemadmodum
1723 448 1785 488 se
1811 436 1920 503 jam
1950 433 2172 489 divitem

603 538 713 580 non
741 539 862 580 esse
891 525 1118 589 sciebat,
1148 523 1220 579 ita
1250 524 1413 579 etiam
1442 534 1648 594 patrem
1678 539 1737 580 se
1762 540 1883 580 esse
1924 526 2175 580 nesciret.

603 615 757 684 Quod
789 624 848 671 ut
888 615 1096 685 plenius
1134 616 1476 685 probaretur,
1525 626 1701 671 utrum
1752 617 2007 672 videlicet
2057 618 2177 687 plus

604 707 805 764 laceret
851 707 1133 764 affectione
1170 710 1448 779 sanguinis
1472 752 1487 776 ,
1538 723 1603 765 ac
1640 724 1860 765 suorum
1905 712 2175 767 viscerum

600 800 886 867 cbaritate,
936 816 1003 856 an
1051 800 1359 858 obedientia
1394 814 1447 857 et
1507 804 1924 859 mortiﬁcatione
1950 803 2171 874 Christi,

600 908 761 963 quam
788 894 1107 949 renuntians
1127 896 1356 964 quisque
1386 909 1485 966 pro
1506 896 1623 965 ejus
1652 896 1813 951 debet
1837 911 2022 951 amore
2045 911 2175 967 pra:-

596 987 764 1055 t'erre,
808 985 877 1043 de
923 986 1185 1042 industria
1235 988 1609 1059 negligebatur
1660 990 1936 1058 parvulus,
1980 991 2173 1059 pannis

596 1079 776 1147 potius
807 1093 967 1149 quam
1016 1078 1359 1134 vestimentis
1404 1080 1643 1145 indutus,
1677 1080 1927 1137 sordibus
1955 1096 2173 1153 quoque

598 1173 673 1227 ita
700 1172 910 1228 obsitus
963 1187 1027 1228 ac
1080 1171 1336 1239 ftedatus,
1366 1182 1423 1228 ut
1466 1172 1744 1229 offendere
1789 1177 1971 1244 potius
2012 1190 2173 1245 quam

591 1267 861 1323 delectare
891 1276 1149 1338 paternos
1178 1268 1368 1322 oculos
1400 1270 1832 1338 posset,quoties
1858 1270 1926 1324 ab
1944 1285 2009 1325 eo
2037 1270 2172 1325 fuis-

596 1369 678 1414 set
703 1368 955 1429 aspectus
986 1376 999 1413 :
1042 1358 1134 1414 sed
1164 1360 1321 1414 etiam
1346 1360 1587 1430 colaphis
1615 1371 1777 1431 atque
1800 1362 1973 1431 alapis
2001 1378 2171 1433 expo-

593 1454 727 1507 situs
766 1453 1130 1520 diversorum,
1186 1468 1325 1524 quas
1375 1455 1689 1523 plerumque
1737 1455 1838 1509 sub
1891 1457 2172 1513 obtutibus

590 1545 705 1599 suis
735 1544 1008 1598 innocenti
1040 1546 1266 1613 parvulo
1292 1548 1454 1599 etiam
1478 1548 1645 1615 gratis
1673 1548 1931 1602 cernebat
1957 1548 2126 1618 indigi
2155 1567 2170 1607 :

590 1638 660 1691 ita
695 1643 753 1689 ut
776 1650 1065 1704 numquam
1093 1650 1261 1706 genas
1302 1638 1443 1705 ejus,
1488 1636 1593 1692 nisi
1642 1638 2005 1710 lacrymarum
2053 1655 2170 1695 sor-

588 1728 838 1783 dentibus
867 1727 1115 1798 vestigiis
1142 1729 1351 1783 videret
1404 1729 1651 1784 infectas.
1712 1732 1948 1801 Cumque
1990 1732 2164 1787 taliter
2194 1725 2240 1785 B

589 1818 766 1873 infans
809 1819 909 1873 sub
960 1819 1132 1875 oculis
1160 1822 1274 1890 ejus
1319 1836 1411 1889 per
1438 1820 1555 1875 dies
1610 1822 1850 1891 singulos
1889 1833 2161 1891 ageretur,

590 1926 684 1981 pro
708 1926 893 1968 amore
920 1910 1274 1966 nihilominus
1297 1911 1496 1967 Christi
1524 1924 1578 1969 et
1598 1915 1922 1970 obedientia:
1941 1918 2159 1985 virtute,

588 2003 755 2073 rigida
788 2018 1003 2073 semper
1031 2014 1191 2073 atque
1230 2004 1526 2060 immobilia
1574 2007 1745 2076 patris
1793 2008 2002 2063 viscera
2042 2025 2163 2079 per-

588 2106 923 2151 manserunt.
953 2096 1241 2153 Non'enim
1279 2098 1393 2167 jam
1438 2099 1724 2169 reputabat
1759 2116 1919 2155 suum
1964 2102 2159 2168 tilium,

583 2204 740 2259 quem
771 2204 955 2245 secum
990 2190 1193 2259 pariter
1218 2189 1487 2245 obtulerat
1507 2188 1760 2245 Christo:
1800 2206 1901 2245 nec
1935 2193 2164 2248 curabat
2210 2252 2213 2255 λ

583 2282 650 2337 de
678 2284 1039 2350 praesentibus
1070 2285 1186 2353 ejus
1230 2284 1464 2351 injuriis,
1501 2286 1593 2339 sed
1624 2284 1802 2353 p0tius
1832 2288 2162 2354 exsultabat,

583 2378 726 2445 quod
758 2393 850 2432 eas
878 2393 1217 2447 nequaquam
1248 2377 1580 2433 infructuose
1605 2381 1861 2436 cernebat
1892 2383 2111 2438 tolerari
2142 2401 2157 2438 :

582 2484 769 2537 parum
811 2471 1053 2538 cogitans
1100 2469 1166 2524 de
1208 2470 1462 2541 lacrymis
1495 2472 1634 2541 ejus,
1684 2476 1780 2528 sed
1826 2474 1893 2529 do
1945 2478 2161 2547 propria

582 2560 882 2615 humilitate
908 2577 974 2616 ac
1002 2561 1330 2630 perfectione
1354 2563 1637 2619 sollicitus.
1662 2567 1830 2632 Quam
1861 2568 2159 2624 districtio-

582 2668 708 2708 nem
738 2654 933 2710 mentis
962 2654 1109 2709 illius
1135 2665 1294 2723 atque
1340 2654 1675 2713 immobilem
1705 2659 1938 2729 rigorem
1985 2661 2162 2731 pervi-

2279 434 2444 489 animi
2470 435 2585 504 ejus
2611 438 2994 503 constantiam,
3019 453 3140 494 cum
3173 440 3386 510 plorare
3411 441 3636 511 quadam
3656 443 3733 499 die
3756 444 3820 499 vi-

2277 526 2447 581 disset
2472 525 2755 596 infantem,
2784 531 3045 585 simulans
3074 544 3133 586 se
3178 531 3437 587 adversus
3462 546 3583 588 eum
3611 548 3819 589 commo-

2276 628 2410 686 tum,
2443 629 2469 657 ι
2491 620 2745 690 praecepit
2776 623 2933 690 patri,
2966 632 3025 676 ut
3051 623 3245 678 tollens
3274 639 3397 678 eum
3418 624 3643 693 jactaret
3670 624 3717 679 in
3740 626 3818 680 ου.

2276 726 2421 766 men.
2452 711 2603 766 Tunc
2634 713 2723 766 ille
2752 713 2897 767 velut
2925 728 2954 766 a
2984 713 3212 768 Domino
3249 714 3353 770 sibi
3384 714 3487 770 hoc
3521 728 3817 787 praceptum

2276 813 2438 869 esset,
2469 804 2756 858 confestim
2803 804 2971 859 celeri
3007 819 3167 859 cursu
3207 806 3423 875 rapiens
3467 806 3658 874 tilium,
3705 810 3819 863 ulnis

2276 900 2508 970 propriis
2538 914 2707 970 usque
2731 898 2796 953 ad
2827 914 2977 955 oram
3006 900 3244 954 fluminis
3270 898 3486 955 advexit
3520 900 3817 970 jactatorus.

2275 992 2427 1061 Quod
2454 993 2701 1062 profecto
2729 993 2945 1048 fervore
2986 992 3109 1048 ﬁdei
3140 1002 3197 1048 et
3225 993 3545 1048 obedientia:
3574 994 3694 1063 ejus
3713 994 3819 1049 fuis-

2273 1095 2357 1140 set
2386 1099 2551 1155 opere
2577 1095 3047 1150 consummatum;
3081 1085 3185 1140 nisi
3213 1087 3492 1154 procurati
3516 1084 3739 1141 fuissent
3762 1086 3819 1141 de

2248 1177 2533 1259 industria
2567 1178 2783 1241 fratres,
2818 1180 2909 1248 qui
2939 1178 3170 1233 sollicite
3207 1177 3383 1247 ripam
3432 1177 3670 1235 ﬂuminis
3699 1179 3821 1234 obsi-

2272 1270 2489 1338 derent,
2538 1271 2945 1341 projectumque
2970 1271 3082 1340 jam
3113 1278 3172 1325 et
3196 1270 3595 1338 quodammodo
3639 1270 3703 1327 de
3737 1271 3821 1325 tiu-

2276 1363 2439 1420 minis
2467 1363 2623 1418 alveo
2658 1363 2935 1431 parvulum
2966 1362 3300 1432 rapuissent;
3332 1370 3387 1416 et
3418 1363 3822 1417 consummatio-

2274 1471 2398 1511 nem
2421 1459 2699 1525 praecepti,
2731 1456 2991 1525 obsequio
3031 1456 3202 1525 patris
3250 1468 3315 1508 ac
3356 1454 3648 1509 devotione
3697 1468 3824 1509 cont-

2274 1548 2469 1616 pletam
2504 1548 2571 1604 ab
2598 1547 2796 1604 eﬂ‘ectu
2836 1547 3043 1617 operis,
3101 1556 3265 1616 atque
3312 1545 3381 1601 ab
3408 1544 3529 1616 ipso
3558 1544 3666 1602 tino
3690 1558 3823 1601 revo-

2270 1650 2503 1697 cassent.

2816 1733 3044 1789 CAPUT
3072 1731 3308 1787 XXVIII.

2275 1847 2714 1912 Quemadmodum
2737 1849 3012 1902 revelatum
3039 1848 3106 1900 sit
3132 1845 3322 1909 abbati,
3354 1844 3417 1897 de
3453 1853 3603 1914 patre
3638 1845 3824 1909 Mucio,

2343 1936 2467 1989 opus
2495 1935 2611 1971 eum
2637 1920 2855 1971 Abrahae
2894 1920 3091 1987 fecisse,
3117 1928 3165 1972 et
3202 1916 3337 1985 quod
3386 1916 3631 1989 defuncto
3684 1916 3827 1989 eidem

2342 1988 2510 2044 abbati
2540 1991 2676 2043 idem
2709 2001 2853 2057 pater
2883 1988 3088 2043 Mucius
3110 1991 3165 2043 in
3191 1988 3487 2042 monasterii
3516 1988 3828 2044 administra-

2343 2063 2527 2114 tionem
2556 2062 2874 2115 successerit.

2342 2196 2508 2265 Cujus
2536 2196 2674 2251 tides
2701 2206 2865 2265 atque
2893 2196 3110 2251 devotio
3140 2197 3194 2251 in
3219 2204 3425 2251 tantum
3439 2195 3551 2251 Deo
3577 2195 3829 2251 fuitacce-

2269 2300 2375 2359 pta,
2406 2301 2466 2344 ut
2491 2290 2674 2344 divino
2702 2290 2882 2343 statim
2913 2290 3225 2345 testimonio
3251 2289 3599 2359 comprobata
3628 2286 3828 2343 sit.Re-

2266 2384 2499 2437 velatum
2531 2399 2761 2453 namque
2789 2393 2873 2439 est
2891 2384 3150 2438 continuo
3172 2383 3399 2448 seniori,
3430 2382 3535 2437 hac
3561 2396 3689 2437 eum
3716 2379 3831 2435 ohe

2266 2478 2469 2533 dientia
2494 2477 2522 2516 δ
2551 2479 2783 2533 Abrahae
2799 2479 3120 2549 patriarcha:
3142 2493 3276 2548 opus
3304 2478 3577 2545 implesse.
3593 2478 3829 2547 Cumque

2266 2570 2412 2625 brevi
2439 2579 2683 2641 tempore
2708 2581 2974 2627 transacto
2999 2572 3138 2627 idem
3165 2572 3329 2628 abbas
3349 2572 3583 2628 emnobii
3598 2572 3670 2627 de
3689 2588 3834 2627 mun-

2268 2664 2321 2719 di
2346 2664 2506 2735 hujus
2533 2668 2958 2724 commoratione
2985 2668 3240 2738 migraret
3264 2668 3333 2722 ad
3362 2668 3674 2736 Dominum,
3700 2668 3831 2724 hunc

1637 2794 1895 2849 ALARDI
1934 2794 2167 2850 GAZA‘ZI
2204 2794 2766 2855 COMMENTARIUS.

652 2896 677 2924 ι
708 2886 896 2941 Mirum
927 2901 1057 2942 sane
1092 2890 1400 2956 exemplum
1425 2928 1443 2954 ,
1494 2897 1550 2945 et
1598 2887 1898 2942 mirandum
1950 2888 2151 2957 potius,

582 2974 735 3028 quam
780 2959 1118 3013 imitandum.
1151 2958 1255 3015 Sed
1290 2971 1465 3014 utrum
1498 2962 1666 3027 magis
1696 2959 1935 3021 mireris,
1966 2960 2154 3025 praeci—

581 3031 835 3099 pientem,
868 3046 933 3083 an
967 3032 1345 3085 obedientem?
1371 3032 1631 3085 Abbatetn
1659 3032 1767 3085 tale
1806 3029 1934 3099 quid
1967 3030 2156 3096 praeci-

581 3116 707 3171 pere
737 3101 1001 3169 potuisse,
1032 3111 1088 3155 ut
1128 3114 1278 3171 pater
1307 3102 1474 3155 lilium
1518 3118 1671 3156 suum
1702 3103 1931 3169 jactaret
1972 3103 2023 3154 in
2055 3100 2155 3153 ﬂu-

580 3188 725 3236 men,
750 3173 891 3240 quod
923 3182 1107 3225 natura
1141 3183 1194 3227 et
1220 3180 1358 3226 ratio
1401 3173 1798 3240 perhorrescit:
1846 3179 1901 3226 et
1943 3182 2151 3241 patrem

581 3244 705 3299 huic
729 3253 997 3312 praecepto
1020 3243 1253 3297 voluisse
1283 3244 1677 3311 obtemperare.
1710 3252 1765 3297 et
1790 3242 1859 3297 de
1884 3242 1986 3295 hoc
2015 3251 2150 3295 tam-

580 3331 738 3383 quam
773 3315 965 3383 insigni
996 3314 1318 3368 obedientite
1345 3315 1594 3383 exentplo
1624 3314 2011 3368 commendari.
2046 3313 2153 3368 Sed

581 3401 699 3441 cum
729 3386 868 3440 Deus
898 3386 1014 3453 ipse
1046 3400 1142 3439 suo
1174 3386 1485 3439 teSIimonio
1518 3386 1567 3437 id
1611 3384 1946 3453 approbarit,
1994 3394 2155 3453 atque

581 3458 682 3524 ipsi
705 3456 887 3512 abbati
910 3456 1165 3511 revelarit
1194 3457 1293 3510 hac
1326 3456 1470 3509 illius
1501 3456 1804 3510 obedientia
1828 3469 1961 3524 opus
1988 3455 2159 3509 Abra-

585 3530 667 3583 hae
699 3530 859 3582 fuisse
890 3528 1191 3595 impletum,
1216 3540 1271 3579 ut
1303 3528 1541 3596 loquitur
1564 3525 1874 3590 Cassianus,
1902 3528 2155 3580 nimirum

581 3600 933 3653 similitudine
955 3598 1182 3665 quadam
1211 3610 1264 3653 et
1296 3598 1595 3652 imitatione
1638 3598 1925 3669 singulari:
1956 3596 2157 3669 nemini

581 3671 800 3725 dubium
844 3684 963 3725 esse
997 3679 1191 3738 potest,
1224 3676 1354 3740 quin
1378 3670 1547 3723 abbas
1576 3669 1761 3723 divino
1810 3669 2064 3740 instinctu
2103 3668 2159 3740 id

585 3743 920 3809 praeceperit,
956 3756 1063 3795 non
1094 3750 1153 3795 ut
1191 3738 1342 3796 fieret
1372 3740 1644 3810 (submisit
1670 3741 1811 3794 enim
1846 3739 2036 3793 fratres
2066 3738 2159 3810 qui

583 3808 947 3882 impedirent),
997 3813 1110 3879 sed,
1148 3813 1292 3883 quod
1324 3808 1571 3875 superius
1598 3812 1852 3873 diximus,
1887 3820 1943 3864 ut
1984 3808 2162 3883 homi-

585 3884 665 3938 nis
695 3885 1079 3945 constantiam,
1116 3881 1461 3938 dévotionem
1487 3925 1501 3946 ,
1548 3883 1911 3937 obedientiam
1961 3881 2158 3949 proba—

585 3964 687 4016 ret,
719 3961 774 4007 et
806 3957 922 4007 aliis
971 3964 1297 4021 proponeret
1342 3956 1393 4005 in
1450 3955 1780 4018 exemplum,
1814 3963 1867 4005 et
1906 3953 2158 4006 meritum

588 4024 905 4078 obedientie
926 4026 1061 4091 apud
1088 4025 1253 4076 Deum
1280 4024 1527 4076 omnibus
1551 4026 1721 4089 palam
1755 4026 1989 4079 faceret:
2023 4023 2160 4075 alter

586 4110 717 4148 vero
748 4097 939 4148 eodem
974 4094 1163 4160 spiritu
1200 4094 1462 4161 impulsus
1496 4104 1764 4159 tamquam
1813 4092 1919 4144 sibi
1959 4093 2161 4145 divini-

588 4178 670 4219 tus
696 4167 1017 4233 imperatum
1047 4165 1253 4222 luisset.
1285 4164 1400 4215 sine
1433 4176 1582 4215 mora
1611 4175 1663 4216 et
1707 4161 2046 4215 hmsitatione
2069 4180 2162 4215 vo-

588 4238 749 4289 luerit
775 4238 1171 4304 obtemperare,
1206 4234 1290 4285 vel
1322 4233 1445 4300 quia
1477 4234 1816 4304 existimabat
1843 4233 1894 4286 id
1918 4236 2157 4302 praecipi,

589 4323 692 4360 non
721 4303 1057 4374 simpliciter,
1106 4313 1161 4358 et
1190 4304 1433 4358 absolute
1462 4315 1516 4357 ttt
1549 4303 1771 4369 faceret,
1815 4304 1906 4358 sed
1936 4304 2001 4357 ad
2038 4321 2163 4370 pro-

589 4378 862 4432 bationem
921 4388 974 4429 et
1013 4379 1439 4443 experimentum
1496 4375 1833 4438 obedientize,
1872 4384 1927 4428 ut
1955 4375 2159 4431 dictum

588 4457 709 4503 est:
742 4449 825 4501 vel
858 4448 1003 4516 quia,
1041 4455 1098 4501 ut
1122 4447 1301 4502 verbis
1329 4444 1570 4501 Cassiani
1603 4446 1752 4515 (Cap.
1779 4444 1871 4517 26)
1896 4455 2034 4512 utar,
2068 4463 2161 4514 pro

587 4521 869 4573 reverentia
922 4519 1159 4584 senioris,
1216 4527 1263 4570 et
1308 4518 1527 4587 obsequii
1582 4518 1907 4589 simplicitate
1962 4518 2165 4570 sincera

587 4590 823 4642 credebat
854 4600 960 4643 tota
990 4591 1093 4660 ﬁde
1119 4590 1270 4643 illum
1299 4588 1427 4641 nihil
1468 4604 1614 4660 posse
1662 4588 1923 4643 incassum
1975 4598 2022 4639 et
2053 4590 2164 4641 sine

2256 2892 2468 2945 intrare.
2497 2892 2664 2957 Quam
2687 2892 2833 2945 illius
2849 2892 3223 2978 professionem
3244 2892 3328 2946 ubi
3351 2894 3591 2978 mqgister
3611 2894 3827 2978 accepit,

2258 2910 2468 2945 intrare.
2497 2910 2664 2957 uuam
2687 2910 2833 2945 unus
2844 2910 3223 3015 bpmjesstonem
3244 2910 3328 2946 um
3351 2910 3591 2978 magister
3611 2910 3827 2964 accepit,

2258 2977 2362 3015 non
2426 2972 2693 3034 cunctatur
2747 2980 2960 3034 progare
3008 2965 3345 3034 proﬁtentem.
3412 2964 3544 3017 Casu
3602 2963 3837 3017 clibanus

2256 3044 2467 3104 propter
2510 3033 2569 3104 [ἱ.
2602 3050 2653 3089 e.
2687 3032 2864 3103 prope]
2891 3032 3124 3096 ardebat,
3168 3036 3251 3103 qui
3285 3035 3463 3104 multo
3494 3037 3607 3104 igne
3625 3051 3837 3088 succen-

2261 3120 2351 3157 sus
2392 3103 2670 3175 coquendis
2710 3106 2929 3176 panibus
2949 3103 3583 3176 parabatur.rEa:undabat
3603 3105 3840 3176 abruptis

2255 3176 2465 3244 ﬂamma
2494 3176 2807 3241 fornacibus.
2839 3183 2885 3226 et
2914 3175 3055 3227 intra
3078 3175 3267 3244 camini
3292 3174 3437 3227 illius
3467 3191 3699 3228 concava
3725 3174 3841 3230 totis

2257 3243 2468 3298 habenis
2490 3247 2732 3315 regnabat
2754 3244 3063 3296 incendium.
3089 3243 3210 3297 Huc
3229 3245 3387 3311 igitur
3408 3245 3667 3299 advenam
3694 3248 3840 3299 illum

2249 3316 2400 3386 jubet
2452 3318 2696 3386 magister
2725 3316 2941 3386 intrare,
2973 3331 3063 3365 nec
3090 3315 3287 3367 distulit
3310 3329 3491 3386 parere
3537 3328 3843 3385 praecepto;

2259 3388 2452 3439 medias
2473 3384 2705 3455 ﬂammas
2742 3385 2872 3436 nihil
2914 3393 3177 3438 cunctatus
3217 3384 3526 3454 ingreditur,
3552 3400 3673 3448 qua!
3725 3384 3842 3441 mox

2259 3468 2362 3510 tam
2406 3456 2597 3509 audaci
2655 3455 2756 3523 ﬁde
2801 3455 2966 3515 victas,
3014 3456 3148 3508 velut
3180 3456 3284 3508 illis
3308 3454 3571 3521 quondam
3600 3455 3843 3513 Hebreis

2259 3528 2449 3597 pueris,
2483 3542 2678 3579 cessere
2704 3525 2958 3587 venienti;
2986 3537 3229 3596 superata
3258 3537 3446 3578 natura
3477 3535 3572 3589 est,
3608 3527 3753 3596 fugit
3772 3532 3845 3580 in-

2258 3599 2512 3663 cendium,
2548 3608 2595 3651 et
2632 3599 2719 3667 qui
2758 3597 3030 3665 putabatur
3056 3613 3287 3668 arsurus,
3322 3597 3468 3668 velut
3499 3598 3702 3668 frigido
3734 3615 3845 3652 rore

2260 3674 2500 3738 perfusus
2527 3666 2691 3737 seipse
2716 3669 2933 3721 miratus
2954 3677 3050 3721 est.
3080 3666 3185 3723 Sed
3205 3666 3331 3737 quid
3357 3666 3635 3732 mirum,'si
3670 3680 3845 3731 tuum,

2263 3737 2483 3797 Christe.
2511 3750 2743 3810 tyronem
2770 3741 2903 3808 ignis
2924 3737 3015 3791 ille
3043 3755 3144 3791 non
3168 3740 3376 3809 attigit;
3403 3746 3458 3790 ut
3485 3755 3580 3792 nec
3602 3739 3846 3793 abbatem

2263 3813 2455 3881 pigeret
2478 3813 2606 3865 dura
2628 3810 2917 3870 mandasse.
2934 3827 3025 3864 nec
3047 3810 3359 3880 discipulum
3387 3811 3652 3880 pmniteret
3682 3811 3845 3880 impe-

2260 3880 2339 3936 rio
2370 3884 2740 3953 paruisse;qui
2762 3896 2819 3934 eo
2842 3882 2943 3946 die,
2969 3897 3069 3951 quo
3103 3880 3380 3934 advenerat
3402 3880 3845 3953 dumtentaretur

2260 3950 2523 4020 infirmus,
2552 3954 2808 4025 perfectus
2847 3950 3079 4025 inventus
3116 3960 3224 4025 est;
3249 3953 3426 4025 merito
3472 3950 3615 4016 felix,
3653 3953 3845 4025 merito

2261 4022 3131 4095 gloriosus,probatusobedientia,
3150 4022 3463 4095 glorificatus
3484 4028 3553 4095 est
3574 4024 3840 4095 passione.

2266 4092 2390 4148 Haec
2418 4096 2695 4163 eleganter
2724 4093 2989 4160 Sulpitius
3014 4094 3104 4159 (In
3130 4092 3297 4163 primo
3316 4092 3445 4145 dial.
3471 4092 3531 4143 de
3561 4092 3847 4163 virtutibus

2263 4164 2629 4217 monachorum
2663 4162 2858 4215 Orient.
2884 4180 2999 4232 cap.
3030 4162 3139 4232 i5).
3173 4163 3329 4215 Plora
3355 4162 3690 4232 admirandae
3715 4163 3847 4215 obe-

2262 4235 2477 4289 dientiae
2495 4236 2737 4300 exempla
2765 4230 2956 4287 videre
2980 4244 3061 4286 est
3088 4230 3225 4297 apud
3248 4232 3508 4288 Joannem
3537 4230 3845 4288 Climacum

2263 4306 2433 4375 gradu
2460 4316 2679 4372 quarto,
2713 4304 2800 4375 qui
2834 4312 2918 4356 est
2940 4302 3005 4357 de
3029 4303 3354 4375 obedientia.

2332 4374 2361 4413 δ
2412 4375 2521 4428 Hoc
2573 4385 2676 4437 est,
2722 4374 2950 4427 Abrahae
2978 4374 3362 4441 obedientiam,
3390 4372 3549 4426 fidem
3578 4383 3847 4427 constanv

2268 4446 2504 4511 tiamque
2527 4444 2683 4498 simili
2710 4444 2849 4497 facto
2872 4446 3200 4511 expressisse
3225 4456 3385 4511 atque
3408 4445 3673 4497 imitatum
3700 4458 3847 4498 esse.

2268 4517 2343 4570 De
2369 4532 2470 4585 qua
2526 4516 2815 4583 Apostolus
2874 4516 3035 4569 llebr.
3080 4531 3175 4569 xt:
3227 4514 3357 4569 Fide
3381 4514 3636 4567 Abraham
3659 4515 3852 4568 obtulit

2270 4585 2440 4652 Isaac,
2473 4602 2584 4639 cum
2611 4594 2926 4651 tentaretur;
2948 4597 2996 4641 et
3026 4587 3341 4656 unigenitum
3370 4585 3637 4656 offerebat,
3653 4586 3712 4637 in
3743 4602 3850 4656 quo

587 4661 787 4713 ratione
814 4655 1111 4728 pracipere.
1143 4664 1316 4728 Atque
1348 4661 1416 4712 ita
1450 4655 1515 4713 de
1547 4660 1664 4713 aliis
1691 4661 1956 4713 similibus
1976 4673 2162 4713 exetn-
2187 4668 2240 4727 1)
2265 4669 2552 4726 susceperat
2578 4659 3041 4723 repromissionem.
3063 4655 3233 4728 Simili
3254 4657 3495 4726 exemplo
3514 4655 3705 4709 eadem
3731 4655 3851 4711 sen-

590 4731 693 4800 plis
722 4735 1086 4799 sentiendum,
1120 4732 1171 4786 in
1222 4730 1418 4800 quibus
1468 4733 1809 4797 omnipotens
1851 4729 1992 4783 Deus
2032 4731 2161 4782 sim-

590 4805 780 4872 plicem
812 4815 865 4857 et
917 4813 1215 4872 promptam
1246 4802 1604 4855 obedientiam
1646 4802 1983 4869 superiorum
2009 4802 2159 4872 jnssa

590 4871 694 4929 non
728 4871 1120 4929 examinantem
1150 4873 1426 4939 stupendis
1472 4873 1748 4926 miraculis
1788 4871 2164 4937 comprobavit

589 4956 644 5000 et
666 4946 1024 5000 conﬁrmavit.
1068 4945 1242 5000 Unum
1274 4943 1576 5013 exemplum
1621 4948 1786 5013 magis
1818 4942 2157 5013 admirabile,

588 5020 742 5085 cujus
773 5032 931 5086 supra
960 5018 1283 5071 mentionem
1320 5015 1415 5069 feci
1436 5010 1601 5085 ’(Cap.
1636 5012 1750 5082 ῆι),
1785 5013 1913 5086 libet
1946 5010 2163 5086 hic_re-

589 5082 750 5155 ferre,
786 5082 926 5157 quod
958 5088 1143 5142 scribit
1174 5085 1435 5154 Sulpitius
1475 5082 1596 5139 loco
1618 5100 1786 5157 supra
1814 5083 1999 5137 citato.
2034 5082 2162 5157 Cum

587 5154 819 5230 quidam,
852 5160 1045 5224 inquit,
1077 5158 1252 5212 steculi
1289 5158 1486 5210 actibus
1518 5155 1777 5230 abdicatis
1803 5154 2169 5230 monasterium

588 5224 789 5301 magna
805 5231 1156 5301 dispositionis
1174 5231 1503 5299 ingressurus
1526 5227 1752 5301 coepisset
1780 5241 1983 5301 rogare,
2002 5224 2166 5301 abbas

589 5305 635 5356 ei
664 5297 809 5374 caspit
833 5297 996 5355 multa
1027 5297 1309 5374 proponere
1333 5314 1350 5351 :
1372 5313 1549 5374 graves
1580 5312 1687 5348 esse
1709 5297 2170 5374 isitius‘disciplinte

591 5366 813 5435 labores,
840 5392 931 5427 sua
954 5366 1069 5426 vero
1092 5366 1222 5424 dura
1249 5366 1485 5433 imperia,
1508 5382 1621 5436 qua:
1648 5366 1824 5418 nullus
1857 5366 2009 5429 facile
2032 5368 2165 5417 rale-

590 5456 663 5497 ret
684 5445 927 5509 implere;
959 5444 1101 5496 aliud
1122 5442 1291 5512 potius
1324 5439 1711 5498 ntonasterium,
1742 5436 1827 5488 ubi
1854 5436 2169 5512 facilioribus

592 5507 787 5583 legibus
818 5507 1020 5574 viveret,
1050 5507 1303 5583 expeteret
1329 5528 1345 5575 ;
1376 5525 1476 5562 nott
1496 5517 1734 5583 “tentaret
1777 5507 2005 5583 aggredi.
2033 5508 2168 5573 quod

592 5578 803 5653 implere
828 5602 928 5635 non
960 5578 1143 5647 posset.
1179 5582 1273 5634 1ης
1306 5598 1419 5634 vero
1456 5578 1709 5653 nihil/us
1738 5580 2013 5653 terroribus
2048 5595 2167 5653 per-

593 5647 817 5713 moveri;
847 5654 933 5707 sed
960 5656 1117 5722 magis
1146 5656 1215 5705 ita
1236 5668 1433 5705 omnem
1459 5650 1796 5703 obedientiam
1826 5647 2079 5720 polliceri,
2115 5657 2168 5701 ut

595 5740 640 5775 st
661 5739 774 5775 eum
797 5724 951 5775 abbas
1000 5726 1050 5775 in
1089 5726 1261 5788 ignem
1291 5724 1364 5775 ire
1392 5724 1685 5790 nrwciperet
1706 5764 1721 5791 ,
1766 5738 1869 5776 non
1909 5729 2169 5775 recusaret

2268 4730 2434 4783 tentia
2483 4728 2749 4783 declarata
2780 4739 2864 4782 est
2892 4729 2944 4782 in
2981 4728 3113 4781 Vitis
3140 4727 3377 4790 Patrum,
3431 4728 3547 4781 loco
3585 4728 3851 4792 superius

2268 4808 2452 4855 notato
2483 4817 2495 4851 :
2530 4800 2623 4852 Vir
2652 4800 2858 4869 quidam
2881 4798 3244 4852 monasterium
3273 4803 3526 4866 ingressus
3542 4797 3743 4869 fuerat,
3769 4798 3856 4849 tri-

2269 4872 2361 4924 bus
2392 4872 2513 4936 ﬁliis
2544 4873 2597 4923 in
2628 4868 2816 4923 steculo
2846 4870 3057 4923 relictis.
3087 4869 3212 4922 Post
3234 4879 3329 4920 tres
3351 4884 3513 4921 annos
3537 4884 3655 4920 cum
3682 4868 3859 4921 licen-

2270 4944 2342 4995 tia
2368 4941 2561 4993 abbatis
2591 4942 2713 4994 abiit
2741 4943 2795 4993 in
2824 4943 3099 4999 ciuitatem.
3124 4950 3179 4991 ut
3207 4954 3291 4992 eos
3319 4938 3594 4991 adduceret
3615 4938 3685 4989 ad
3734 4956 3856 4991 mo-

2271 5012 2554 5064 nasterium
2571 5028 2589 5076 ;
2619 5022 2663 5065 et
2694 5013 2884 5066 invenit
2912 5014 3039 5064 duos
3067 5026 3130 5062 ea:
3149 5010 3219 5061 eis
3235 5013 3361 5080 jam,
3385 5024 3493 5063 esse
3518 5009 3805 5079 defunctos
3841 5026 3859 5061 :

2271 5098 2430 5135 unum
2459 5097 2578 5134 vero
2622 5083 2941 5136 solummodo
2970 5079 3293 5133 remansisse.
3331 5079 3494 5145 Quem
3550 5095 3860 5142 assumens,

2271 5152 2483 5205 adduxit
2514 5168 2627 5205 eum
2648 5155 2715 5207 ad
2741 5154 2991 5213 abbatem,
3015 5152 3099 5219 qui
3118 5160 3235 5201 tunc
3264 5159 3375 5203 erat
3396 5151 3452 5202 in
3482 5151 3727 5221 pistrino.
3753 5152 3864 5203 Ab-

2272 5224 2359 5276 bas
2383 5224 2627 5292 infantem
2672 5224 2964 5294 complexu_s
3005 5221 3135 5273 dixit
3167 5222 3301 5294 patri
3329 5222 3481 5294 ejus:
3505 5222 3660 5294 Amas
3695 5224 3865 5294 eum?

2275 5294 2340 5347 Et
2370 5291 2456 5347 ille
2480 5295 2609 5347 dixit
2642 5312 2659 5348 :
2690 5291 2883 5346 Etiam.
2916 5291 3136 5344 Rursum
3164 5291 3293 5345 dixit
3320 5292 3365 5343 ei
3384 5308 3400 5343 :
3418 5291 3641 5345 Omnino
3667 5292 3868 5361 diligis

2275 5366 2432 5417 eum?
2464 5365 2529 5417 Et
2560 5366 2859 5435 respondit:
2890 5362 3082 5417 Etiam.
3126 5361 3253 5415 Η(ιό
3284 5364 3499 5435 audiens
3520 5363 3677 5415 abbas
3713 5363 3867 5416 dixit

2272 5438 2318 5489 ei
2350 5453 2369 5489 :
2400 5436 2541 5489 Tolle
2569 5434 2703 5506 ergo,
2740 5436 2782 5487 si
2806 5450 2951 5485 amas
2981 5448 3118 5491 eum.
3150 5442 3197 5506 et
3246 5434 3393 5486 mitte
3436 5434 3489 5485 in
3516 5438 3738 5506 furnum
3771 5436 3872 5502 qui

2274 5508 2423 5560 modo
2448 5504 2712 5564 ardet.‘Et
2734 5515 3080 5577 tenenspater
3105 5504 3273 5571 ﬁlium
3302 5504 3710 5577 suum,jactavit
3737 5523 3874 5559 eum

2271 5580 2322 5631 in
2351 5578 2869 5648 furnumAardentem.
2904 5574 3090 5629 Statim
3136 5586 3301 5648 autem
3329 5574 3503 5648 factus
3539 5589 3611 5628 est
3660 5575 3876 5644 furnus

2274 5652 2405 5703 velut
2437 5667 2537 5703 ros.
2560 5646 2642 5699 Ex
2661 5663 2759 5715 qua
2789 5663 2842 5697 re
2868 5649 3133 5713 acquisivit
3162 5646 3375 5716 gloriam
3404 5646 3462 5698 in
3487 5656 3720 5715 tempore
3746 5651 3878 5716 illo,

2274 5718 2711 5790 quemadmodum
2724 5716 2982 5772 Abraham
3003 5716 3317 5787 patriarcha.
3351 5715 3441 5772 Sic
3467 5716 3561 5771 ibi.
