4016 6202
150 245 231 307 189
519 254 614 312 DE
649 255 1131 314 C(ENOBIORUM
1165 255 1408 313 INSTIT.
1444 253 1569 312 LIB.
1612 255 1703 312 iV.
1735 282 1805 298 —~
1828 257 1917 313 DE
1959 257 2342 318 INSTITUTIS
2377 226 2969 322 RENUNTIANTIUM.

146 379 238 435 prtr
246 381 462 436 ponens
485 373 701 428 cunctis
721 373 996 440 fratribus,
1019 387 1391 428 successorem
1415 370 1516 427 sibi
1543 379 1707 442 atque
1732 377 1788 438 Α
1814 382 1922 427 tam
1951 374 2073 428 vilis
2098 383 2154 429 et
2184 374 2378 430 insueti
2406 376 2571 432 ofﬁcii
2623 379 2881 445 novitate,
2907 394 3008 436 nec
3033 379 3389 444 considerans

146 458 385 516 abbatem
418 466 752 522 monasterio
781 465 1092 536 dereliquit.

700 578 924 638 CAPUT
952 580 1145 640 XXIX.

145 670 214 727 De
239 673 535 747 obedientia
557 675 727 745 fratris
755 677 861 745 qui,
893 677 1064 730 decem
1103 685 1308 747 sportas
1328 677 1705 747 circumferens,

373 746 578 818 publice
605 747 842 801 distraxit
869 747 939 800 ad
964 746 1162 802 abbatis
1185 749 1477 820 imperium.

209 835 328 892 Non
363 839 655 894 tacebiinus
679 841 844 894 etiam
873 841 1031 894 nobis
1057 842 1334 911 cognitum
1362 845 1583 898 fratrem
1627 855 1712 898 se-

144 929 378 984 cundum
405 931 583 984 seaculi
609 932 766 1001 hujus
797 933 1040 988 ordinem
1067 948 1297 989 summa:
1328 933 1714 990 familite.Nam

144 1028 169 1058 ι
183 1031 332 1090 patre
347 1022 541 1077 comite
559 1038 622 1077 ac
641 1023 910 1080 ditissimo
932 1024 1194 1079 oriundus
1221 1023 1343 1091 fuit,
1366 1026 1562 1080 studiis
1583 1040 1716 1095 quo.

139 1126 238 1182 que
267 1111 580 1169 liberalibus
611 1131 720 1170 non
751 1115 1099 1172 mediocriter
1127 1116 1425 1172 institutus.
1473 1116 1574 1184 Qui
1627 1133 1713 1174 re-

141 1203 272 1260 lictis
296 1207 613 1275 parentibus
640 1225 762 1265 cum
795 1211 862 1264 ad
909 1211 1301 1266 monasterium
1357 1213 1710 1282 pervolasset,

142 1297 202 1352 ad
227 1299 680 1368 comprobandam
697 1303 895 1358 mentis
918 1302 1296 1370 humilitatem,
1319 1303 1407 1358 vel
1438 1302 1564 1359 ﬁdei
1593 1304 1714 1372 ejus

142 1392 399 1459 ardorem,
432 1395 718 1452 confestim
750 1398 860 1452 eia
903 1398 1100 1454 seniori
1143 1405 1474 1468 praeceptum
1527 1407 1612 1454 est
1657 1408 1715 1454 ut

139 1481 165 1521 δ
191 1484 370 1540 decem
397 1500 612 1555 sportas
640 1503 774 1558 quas
803 1502 1028 1546 necesse
1061 1504 1168 1544 non
1194 1499 1312 1544 erat
1338 1490 1556 1560 publice
1585 1506 1717 1545 ven-

135 1575 306 1644 ditari,
333 1580 640 1635 cervicibus
667 1580 786 1636 suis
803 1597 1057 1649 onerans,
1075 1580 1460 1636 distrahendas
1484 1598 1578 1652 per
1599 1582 1716 1653 pla-

137 1677 244 1724 teas
273 1669 913 1743 circumferretzadjecta
943 1673 1284 1745 conditione,
1302 1691 1403 1746 qua
1431 1674 1626 1730 diutius
1657 1676 1709 1730 in

1762 503 1772 509 -
1812 465 2186 530 indignitatem
2215 467 2315 532 rei,
2349 469 2716 540 nataliumque
2742 472 3104 540 splendorem,
3128 489 3192 529 ac
3211 476 3391 531 vendi-

1814 557 1979 612 tionis
2009 558 2284 627 injuriam,
2309 559 2436 614 dum
2469 561 2613 615 illam
2644 563 2847 618 Christi
2873 564 3391 638 humilitatem,qure

1811 661 1897 707 est
1920 666 2048 705 vera
2071 650 2347 718 nobilitas,
2381 667 2478 722 per
2501 653 2825 711 obedientias
2850 658 3079 726 gratiam
3112 658 3390 717 desiderat

1811 742 2083 798 obtinere.

2374 835 2602 893 CAPUT
2648 836 2816 893 XXX.

1814 951 1893 1006 De
1912 951 2109 1006 abbatis
2129 950 2714 1023 Pynuphiihumilitate,
2739 957 2846 1025 qui,
2868 956 3050 1010 relicto
3072 958 3298 1014 coenobio
3313 977 3393 1013 ce-

1887 1024 2184 1098 leberrimo,
2210 1027 2294 1077 cui
2321 1025 2576 1098 presbyter
2607 1024 2842 1098 praeerat,
2871 1027 3201 1098 longinquum
3215 1047 3391 1084 mona-

1884 1095 2115 1167 sterium,
2168 1095 2218 1167 in
2249 1111 2348 1167 quo
2374 1097 2508 1148 velut
2536 1097 2786 1166 incipiens
2812 1095 3175 1167 susciperetur,
3190 1101 3393 1156 deside-

1888 1166 1968 1219 rio
1987 1165 2315 1237 subjectionis
2345 1167 2572 1237 expetiit.

1895 1301 2147 1374 Coarctat
2168 1317 2268 1357 nos
2289 1302 2454 1359 libelli
2486 1303 2678 1358 modus
2703 1304 2768 1358 ad
2812 1304 2975 1360 tinem
3005 1305 3250 1368 tendere,
3295 1307 3390 1362 sed

1820 1405 1843 1436 ο
1867 1397 2188 1452 obedientiae
2213 1396 2436 1462 bonum,
2467 1411 2587 1466 qua:
2617 1399 2757 1453 inter
2775 1407 2999 1454 caeteras
3026 1399 3256 1454 virtutes
3283 1401 3392 1468 pri-

1817 1496 2020 1542 matum
2054 1497 2224 1551 tenet,
2253 1501 2360 1541 non
2413 1489 2616 1555 patitur
2654 1503 2753 1542 nos
2778 1503 2965 1543 eorum
2995 1499 3146 1560 gesta
3177 1490 3265 1560 qui
3299 1505 3392 1559 per

1815 1579 1952 1634 hanc
1977 1580 2286 1634 claruerunt
2312 1579 2530 1648 penitus
2555 1579 2773 1634 silentio
2798 1582 3101 1648 praeterire.
3165 1580 3392 1652 Propter

1814 1669 1958 1739 quod
2004 1681 2295 1738 utrumque
2345 1684 2582 1739 congrue
2632 1679 3019 1740 temperantes,
3066 1671 3119 1726 id
3149 1682 3254 1739 est,
3282 1683 3390 1727 tam

134 1763 236 1820 hoc
259 1764 447 1821 ofﬁcio
480 1768 833 1835 retineretur,
872 1777 932 1824 ut
957 1769 1003 1824 si
1030 1768 1173 1826 forte
1211 1783 1303 1824 eas
1329 1784 1466 1826 unus
1510 1772 1712 1840 pariter

1816 1762 2067 1817 brevitati
2094 1776 2254 1832 quam
2301 1763 2667 1818 studiosorum
2691 1763 2978 1818 desideriis
3004 1770 3167 1834 atque
3193 1764 3393 1819 utilita-

130 1870 388 1913 coemere
408 1859 698 1927 voluisset,
731 1876 838 1915 non
874 1861 1108 1928 cederet,
1149 1861 1243 1918 sed
1272 1862 1585 1932 singillatim
1613 1878 1706 1918 eas

129 1950 502 2016 querentibus
549 1953 902 2010 venundaret.
953 1954 1107 2022 Quod
1146 1955 1236 2011 ille
1282 1963 1389 2011 tota
1421 1956 1707 2012 devotione

128 2040 440 2108 complevit,
498 2050 553 2098 et
591 2045 739 2099 omni
769 2045 1098 2102 confusionis
1126 2046 1451 2102 verecundia
1480 2063 1578 2116 pro
1609 2065 1708 2103 no-

129 2133 269 2188 mine
293 2128 358 2188 ac
386 2133 661 2192 desiderio
685 2138 884 2193 Christi
917 2139 1146 2204 calcata,
1199 2148 1415 2210 sportas
1465 2142 1707 2196 humeris

129 2225 232 2280 suis
257 2229 569 2297 imponens,
598 2232 774 2300 pretio
802 2241 1002 2288 Statuto
1031 2233 1301 2299 distraxit,
1328 2248 1392 2289 ac
1419 2234 1706 2303 pecuniam

131 2316 190 2370 ad
209 2322 599 2378 monasterium
630 2324 928 2394 reportavit
960 2343 973 2378 :
1000 2340 1337 2397 nequaquam
1381 2326 1706 2395 perterritus

1775 1932 1777 1936 ι
1812 1855 1956 1910 tibus
1985 1855 2304 1920 servientes,
2359 1870 2522 1909 unum
2561 1855 2735 1910 adhuc
2773 1871 3037 1926 ponemus
3068 1857 3386 1912 humilitatis

1813 1950 2140 2018 exemplum,
2172 1948 2314 2017 quod
2338 1962 2446 2002 non
2485 1949 2552 2004 ab
2581 1948 2892 2021 incipiente,
2926 1950 3022 2006 sed
3066 1964 3096 2004 a
3146 1951 3392 2021 perfecto

1812 2049 1974 2110 atque
2037 2041 2233 2096 abbate
2267 2042 2620 2111 completum,
2673 2057 2780 2096 non
2820 2043 2994 2097 solum
3023 2044 3272 2113 juniores
3308 2046 3394 2101 in-

1816 2151 2046 2205 struere,
2080 2140 2177 2194 sed
2199 2140 2362 2194 etiam
2392 2140 2638 2194 seniores
2664 2139 2730 2192 ad
2760 2140 3051 2206 perlectam
3073 2139 3393 2196 humilitatis

1811 2235 2063 2290 virtutem
2086 2233 2320 2289 lectione
2341 2248 2434 2289 sua
2466 2233 2663 2303 poterit
2684 2233 2931 2287 incitare.
2947 2232 3192 2288 Vidimus
3213 2236 3392 2303 itaque

1811 2326 2061 2381 abbatem
2082 2324 2110 2360 ά
2131 2325 2495 2395 Pynupbium,
2526 2325 2642 2395 qui,
2665 2333 2689 2362 ο
2711 2337 2833 2380 cum
2853 2332 3000 2380 esset
3019 2325 3268 2379 immanis
3289 2337 3392 2380 cte-

1198 2461 1456 2517 ALABDI
1494 2459 1732 2518 GAZEI
1769 2460 2326 2519 COMMENTARIUS.

200 2553 228 2582 λ
251 2546 329 2626 De
357 2550 624 2626 vocabulo
665 2552 883 2626 comitis
947 2553 1190 2626 ejusque,
1217 2559 1369 2626 varia
1399 2558 1714 2626 acceptione

130 2629 181 2693 et
217 2621 502 2693 multiplici
535 2625 792 2676 comitum
826 2621 1108 2693 dignitate,
1144 2625 1359 2680 videndi
1390 2621 1544 2681 sunt'
1566 2627 1713 2683 Juris

129 2689 304 2764 Civilis
351 2694 708 2760 interpretes;
765 2709 831 2748 ex
887 2689 1102 2764 quibus
1129 2696 1231 2750 hoc
1261 2709 1465 2752 tantum
1496 2709 1712 2754 notasse

128 2759 561 2837 suﬁ'ecerit,ante
585 2774 829 2834 tempora
858 2759 1196 2822 constantini
1225 2769 1398 2837 Magni
1420 2769 1712 2836 imperato-

129 2834 197 2887 ris
217 2836 448 2909 comites
501 2836 678 2891 dictos
730 2837 898 2892 fuisse
945 2839 1033 2906 qui
1057 2834 1330 2905 consules,
1363 2834 1711 2909 proconsules

129 2908 492 2982 prasidesque
522 2909 922 2982 provinciarum
977 2908 1374 2964 comitabantur
1400 2913 1449 2964 iu
1479 2915 1710 2982 negotiis

130 2980 350 3045 publicis
375 2979 667 3046 obeundis,
702 2992 975 3047 tamquam
999 2993 1184 3034 eorum
1217 2982 1515 3036 administri
1537 2979 1590 3039 et
1618 2986 1712 3039 ad-

128 3049 346 3120 jutores,
390 3060 447 3106 et
491 3066 610 3104 cum
661 3051 767 3106 illis
795 3052 940 3104 velut
981 3066 1310 3121 assessores
1337 3054 1423 3121 jus
1461 3054 1710 3110 dicebant

132 3119 338 3196 (Baron.
371 3123 434 3176 in
453 3123 588 3196 notis
618 3123 685 3174 ad
712 3121 1048 3196 martyrolog.
1079 3121 1144 3196 5i
1178 3119 1350 3196 maii).
1378 3127 1419 3178 A
1455 3129 1710 3196 tempori-

127 3191 218 3266 bus
252 3205 445 3248 autem
474 3192 814 3266 Constantini
839 3191 1199 3266 imperatoris,
1233 3191 1510 3263 postquam
1542 3191 1712 3266 iinpe-

130 3264 254 3318 rium
301 3270 616 3338 Romanum
664 3265 1184 3338 Constantinopolim
1245 3269 1559 3320 translatum
1602 3264 1706 3338 est,

128 3339 342 3407 comites
378 3335 514 3391 dicti
543 3345 670 3391 sunt
695 3351 829 3403 quos
857 3335 995 3390 idem
1014 3338 1314 3405 imperator
1342 3353 1407 3392 ex
1424 3335 1709 3407 magistra;

129 3405 258 3478 tibus
287 3407 598 3478 delegerat,
633 3409 784 3469 quasi
827 3407 1119 3478 rconsocius
1146 3410 1196 3461 in
1241 3405 1711 3465 administratione

129 3475 350 3546 imperii,
417 3475 471 3532 et
519 3477 874 3549 amplissimis
913 3478 1258 3549 dignitatibus
1315 3488 1368 3534 et
1398 3484 1712 3537 muneribus

126 3551 362 3605 ornabat.
407 3550 686 3618 Erantque
723 3549 779 3602 hi
813 3548 1034 3614 triplicis
1057 3551 1282 3615 ordinis,
1313 3567 1504 3617 nempe
1529 3553 1711 3619 primi,

126 3621 330 3675 secundi
351 3630 428 3678 et
455 3622 622 3684 tertii,
651 3626 712 3674 ut
729 3621 915 3674 scribit
943 3620 1209 3675 Eusebius
1232 3621 1286 3674 in
1309 3621 1424 3675 Vita
1449 3621 1714 3678 Constan-

129 3689 209 3763 tini
237 3692 330 3747 lib.
361 3707 447 3757 tv,
480 3707 602 3759 cap.
625 3694 681 3763 ﬁt.
715 3692 788 3745 De
820 3691 901 3744 Itis
921 3691 1211 3763 comitibus
1241 3694 1546 3763 complures
1589 3705 1714 3750 sunt

128 3761 250 3816 tituli
288 3765 342 3818 in
371 3763 574 3820 codice
604 3762 983 3816 Tlteodosiano
1011 3762 1105 3816 lib.
1139 3777 1232 3816 χιι.

189 3833 213 3871 δ
237 3835 381 3890 Inter
421 3835 529 3888 alta
550 3846 799 3887 veterum
821 3835 1207 3886 monachorum
1239 3833 1450 3902 opiﬁcia
1476 3849 1571 3887 seu
1602 3850 1714 3888 ma-

126 3906 295 3960 nualia
355 3921 556 3976 opera,
597 3904 851 3972 frequens
873 3914 956 3958 est
979 3903 1181 3958 mentio
1202 3915 1552 3976 Wsportarum,
1581 3922 1714 3976 quas

125 3977 340 4046 vimine,
398 3975 488 4030 vel
514 3977 705 4044 junco,
739 3988 946 4046 sparto,
973 3983 1066 4028 aut
1091 3975 1253 4029 simili
1297 3977 1518 4027 materia
1565 3975 1712 4031 texe-

132 4045 271 4111 bant,
315 4045 483 4114 atque
528 4049 592 4100 iis
621 4045 928 4109 divenditis,
977 4046 1175 4099 vietum
1207 4055 1261 4098 et
1290 4046 1390 4098 alia
1412 4053 1713 4104 necessaria

123 4118 216 4170 sibi
249 4123 522 4186 parabant
557 4118 724 4189 (Vide
751 4135 906 4180 supra
933 4133 1050 4185 cap.
1089 4115 1190 4184 15).
1235 4117 1409 4171 Testis
1528 4120 1716 4172 Hiero-

125 4202 314 4257 nymus
341 4193 508 4257 epist.
541 4188 608 4243 ad
641 4188 922 4242 Rusticum
954 4189 1275 4242 monachum
1307 4198 1358 4241 et
1383 4189 1433 4242 in
1463 4188 1582 4243 Vita
1618 4191 1714 4245 Hi-

122 4255 684 4324 larionis,'Palladius
717 4260 769 4312 in
813 4259 1106 4322 Lausiacis,
1139 4271 1186 4313 et
1215 4259 1507 4315 Cassianus
1538 4262 1628 4318 hic
1658 4272 1714 4320 et

122 4330 245 4384 alibi
275 4333 502 4401 saepius,
541 4332 881 4386 Sozonienus
914 4330 1008 4382 lib.
1037 4345 1109 4401 vt.
1142 4344 1260 4398 cap.
1285 4330 1375 4384 29.

193 4411 218 4438 ε
250 4400 371 4468 Quo
403 4418 570 4457 sensu
597 4416 774 4469 quave
803 4402 1013 4454 ratione
1041 4400 1345 4455 obedientia
1379 4401 1517 4456 inter
1547 4414 1713 4458 caste-

121 4486 214 4544 rasﬁ
256 4472 828 4544 virtutesipritnatum
878 4478 1080 4537 teneat,
1111 4471 1314 4526 dictum
1343 4482 1424 4526 est
1467 4472 1521 4527 in
1568 4491 1714 4544 prte-

121 4543 449 4616 ced_e_ntibus
473 4543 628 4616 (Cap.
662 4542 774 4613 12).

195 4611 225 4648 ά
247 4611 551 4669 Pnnilicum
573 4611 736 4669 vocat
773 4613 959 4670 Petrus
989 4613 1042 4665 in
1065 4611 1323 4681 Catalogo
1352 4613 1448 4666 lib.
1483 4629 1556 4682 χι,
1591 4631 1712 4683 cap.

121 4683 229 4755 567;
265 4683 562 4755 Dionysius
592 4695 644 4739 et
671 4685 843 4739 nostri
898 4701 1029 4737 mss.
1061 4683 1408 4749 Pinupltium.
1439 4685 1604 4755 Hujus
1631 4695 1716 4740 est

120 4753 366 4808 Collatio
394 4753 654 4824 vigesima
692 4757 760 4810 de
792 4755 1126 4824 paenitentiae
1157 4756 1283 4818 ﬁne,
1338 4761 1394 4808 ut
1428 4754 1498 4808 ibi
1529 4757 1716 4810 videre

119 4836 225 4881 est.

190 4907 217 4934 θ
259 4897 514 4952 immane
540 4897 844 4952 coenobium
890 4904 1068 4962 vocat,
1118 4906 1176 4950 ut
1223 4897 1434 4967 opinor,
1473 4904 1579 4952 tam
1611 4896 1715 4953 loci

119 4968 508 5038 amplitudine,
533 4985 691 5038 quant
719 4969 1110 5022 monachorum
1145 4983 1368 5022 numero
1389 4979 1440 5023 et
1467 4970 1715 5022 multitu-

118 5037 270 5104 dine;
291 5041 638 5109 quinpernm
670 5042 720 5091 in
741 5055 847 5092 uno
870 5040 1198 5093 monasterio
1221 5041 1321 5093 tria
1347 5041 1576 5094 subinde
1610 5058 1715 5094 ηιθ-

120 5111 421 5182 nachorum
451 5111 624 5182 millia
655 5111 930 5182 degerent,
951 5118 1090 5182 teste
1112 5111 1171 5162 ι).
1202 5113 1505 5178 Augustino
1533 5111 1668 5182 (Lib.
1695 5127 1714 5166 ι

120 5179 179 5232 de
207 5179 452 5236 Moribus
487 5179 687 5235 Eccles.
713 5197 758 5235 c.
793 5179 916 5250 51);
945 5181 1111 5235 immo
1138 5179 1549 5237 innumerabilis
1576 5185 1716 5236 Inul-

122 5252 315 5316 titudo,
344 5265 404 5307 ut
434 5254 628 5308 sertbit
658 5251 723 5305 D.
755 5251 1118 5323 Hieronymus
1149 5252 1202 5304 in
1233 5251 1460 5323 epismla
1507 5255 1571 5305 ad
1603 5253 1714 5306 Ett-

119 5325 411 5378 stocbiutn.
431 5325 594 5389 Quod
625 5325 669 5376 si
703 5323 898 5389 singuli
930 5321 1177 5377 monachi
1198 5324 1246 5374 in
1274 5321 1501 5392 singulis
1526 5333 1581 5376 et
1607 5324 1714 5375 dis-

123 5393 298 5451 tinctis
319 5395 546 5450 cellulis
575 5393 898 5457 habitarint,
914 5393 1103 5448 eodem
1123 5393 1449 5459 Hieronymo
1472 5403 1714 5458 auctore,

120 5475 174 5518 ut
199 5469 378 5522 solent
411 5481 563 5520 nunc
586 5465 964 5529 Carthusiani;
988 5465 1070 5518 vel
1097 5467 1282 5517 saltem
1311 5463 1420 5516 bini
1443 5473 1531 5514 aut
1552 5464 1709 5528 terni,

121 5546 175 5607 ut
204 5537 600 5607 babetRegula
626 5536 684 5607 S.
711 5535 987 5589 Pachumii
1012 5536 1150 5603 apud
1171 5535 1466 5589 Palladium
1487 5531 1708 5607 (Hister.

116 5605 328 5662 Lausia.
371 5603 504 5675 cap:
554 5606 676 5679 58);
723 5609 874 5660 tacite
924 5616 1006 5660 est
1035 5607 1300 5661 a'stimare
1323 5603 1578 5679 quantam
1613 5603 1715 5656 loci

119 5672 550 5743 amplitudinem
574 5672 638 5733 et'
656 5679 964 5732 vastitatem
990 5672 1351 5746 occuparintf
1372 5675 1478 5731 Sed
1503 5672 1568 5725 ad
1601 5688 1716 5746 pref

121 5749 400 5820 sbyterum
430 5750 590 5823 quod
610 5758 824 5816 attinet,
867 5748 957 5804 hic
1000 5744 1234 5804 occurrit
1260 5748 1553 5805 notandum
1579 5744 1719 5811 quod

1819 2571 1940 2610 cum
1971 2557 2097 2611 olim
2130 2566 2240 2612 tam
2264 2559 2505 2615 eremitte
2535 2575 2695 2630 quam
2719 2560 3002 2615 coenobitm
3026 2558 3272 2630 plerique
3301 2574 3393 2614 ex-

1823 2637 1903 2681 tra
1957 2631 2119 2682 urbes
2167 2631 2357 2699 procul
2396 2645 2427 2683 a
2467 2629 2686 2697 reliquis
2715 2631 3021 2684 hominibus
3066 2629 3390 2692 habitarent,

1826 2714 1926 2754 nec
1957 2711 2178 2766 possent
2209 2701 2275 2754 ad
2319 2702 2574 2754 ecclesias
2602 2704 2976 2770 episcoporum
3003 2701 3089 2755 vel
3131 2701 3393 2769 parocbo-

1820 2786 1940 2824 rum
1963 2771 2273 2835 convenire,
2311 2771 2580 2826 habebant
2609 2773 2867 2840 pleraque
2892 2771 3213 2826 monasteria
3237 2788 3393 2826 suum

1817 2841 2064 2913 abbatem
2091 2843 2490 2913 presbyterum,
2520 2858 2548 2895 a
2579 2857 2685 2909 quo
2739 2852 3072 2897 sacramenta
3123 2842 3393 2912 percipie-

1817 2911 1968 2966 bant.
2003 2911 2064 2982 ld
2087 2911 2289 2965 indicat
2316 2913 2469 2965 divus
2486 2913 2812 2982 Augustinus
2845 2913 2962 2967 loco
2990 2911 3305 2979 memorato,
3336 2923 3393 2968 et

1817 2985 1974 3051 epist.
2008 2981 2098 3055 8|,
2123 2982 2188 3035 ad
2225 2982 2543 3055 Eudoxium,
2577 2981 2733 3052 quem
2766 2984 3135 3055 presbyterum
3158 2994 3214 3038 et
3235 2985 3393 3039 abba-

1818 3061 1922 3106 tem
1950 3053 2216 3116 nominat;
2247 3063 2300 3106 et
2329 3053 2661 3120 Epiphanius
2692 3055 2746 3108 in
2776 3053 3001 3122 epistola
3025 3056 3092 3109 ad
3122 3057 3389 3111 Joannem

1817 3123 2394 3194 Hierosolymitanum,
2441 3125 2529 3180 ubi
2570 3126 2775 3180 dicitse
2815 3126 3098 3182 ordinasse
3126 3127 3394 3182 Paulinia-

1817 3211 1941 3269 num
1976 3197 2196 3269 fratrem
2229 3195 2628 3269 S._Hieronymi
2674 3198 3043 3269 presbyterum
3077 3201 3392 3254 monasterii

1815 3266 2205 3340 Bethleemitici
2233 3286 2244 3319 :
2280 3266 2565 3334 Propterea
2589 3266 2726 3340 quad
2749 3266 3026 3323 multitudo
3079 3272 3298 3340 fratrum
3339 3271 3392 3324 in

1807 3339 2120 3410 monasterio
2147 3341 2425 3392 consistens
2448 3339 2645 3394 nullum
2674 3358 2726 3394 se
2753 3341 2940 3396 habere
2974 3339 3267 3410 quereretur
3296 3344 3385 3409 qui

1814 3409 1910 3483 sibi
1941 3409 2150 3483 Domini
2182 3421 2498 3464 sacramenta
2517 3412 2810 3483 conﬁceret,
2842 3429 2900 3467 eo
2920 3409 3057 3483 quod
3081 3414 3247 3465 sancti
3272 3428 3390 3478 pre-

1814 3480 1999 3550 sbyteri
2058 3479 2409 3551 Hieronymus
2454 3490 2502 3535 et
2537 3481 2834 3537 Vincentius
2879 3479 2942 3536 ob
2962 3484 3316 3536 uerecundiam
3345 3494 3393 3535 et

1816 3553 2156 3605 humilitatem
2187 3554 2376 3606 nollent
2402 3553 2567 3606 debita
2586 3569 2680 3606 suo
2714 3555 2915 3606 nomine
2940 3568 3170 3607 exercere
3194 3553 3393 3620 sacriﬁ-

1815 3623 1918 3686 cia,
1945 3634 2001 3676 et.
2023 3622 2261 3676 laborare
2284 3625 2338 3676 in
2357 3623 2455 3676 hac
2486 3634 2629 3695 parte
2654 3625 2944 3695 ministerii,
2966 3623 3102 3695 quod
3133 3621 3390 3674 Christia-

1817 3710 2007 3777 norum_
2054 3695 2316 3777 ptwcipua
2340 3693 2494 3775 salus
2533 3704 2625 3748 est.
2658 3694 2829 3777 “Ideni
2870 3709 3000 3777 vero
3030 3693 3391 3777 Hieronymus

1817 3760 2154 3829 epistola'z’7,
2189 3760 2378 3817 scribit
2407 3772 2608 3816 Silncltt‘.
2658 3763 2836 3817 Paulae
2863 3763 3038 3817 viduae
3067 3761 3180 3815 loca
3209 3760 3391 3815 Terra:

1819 3832 2029 3889 Sanctae
2058 3835 2298 3888 Visilaltli
2327 3835 2634 3888 occurrisse
2664 3841 2906 3886 sanctum
2945 3845 2994 3885 et
3020 3831 3384 3885 venerabilem

1819 3908 2130 3974 episcopum
2201 3904 2483 3974 Isidorum,
2525 3919 2650 3957 cum
2706 3904 2875 3957 turbis
2907 3901 3391 3974 innumerabilibus

1817 3972 2226 4037 monachorum,
2251 3991 2313 4029 ex
2343 3972 2537 4042 quibus
2569 3975 2765 4028 multos
2795 3973 3144 4029 sacerdotalis
3165 3984 3216 4026 et
3251 3975 3378 4028 levi-

1820 4046 1955 4101 licus
1983 4047 2306 4100 sublimabat
2325 4046 2544 4113 gradus.
2566 4045 2898 4101 Sozomenus
2921 4046 3043 4098 libr.
3080 4061 3131 4098 vr
3160 4044 3385 4112 Histor.,

1819 4122 2014 4172 multos
2048 4119 2429 4171 monachorum
2459 4129 2640 4186 patres
2663 4132 2757 4174 seu
2787 4117 3009 4172 abbates
3036 4117 3387 4186 presbyteros

1818 4189 1986 4243 ΐυίςεθ
2048 4199 2452 4246 commemorat.
2515 4203 2714 4258 eosque
2767 4188 3082 4243 nominatim
3123 4197 3387 4258 recenset.

1819 4260 2092 4314 Palladius
2122 4261 2248 4313 item
2293 4258 2530 4312 reiertiu
2555 4256 2877 4315 monasterio
2896 4259 3077 4313 Nitriae
3091 4256 3390 4313 oetol'uisse

1819 4333 2187 4402 presbyteros,
2214 4329 2240 4382 1
2251 4340 2301 4402 ta
2328 4339 2499 4402 tamen
2523 4337 2576 4383 ut
2591 4332 2834 4400 quamdiu
2849 4333 3030 4385 viveret
3060 4331 3254 4402 primus
3277 4346 3392 4397 pre-

1817 4399 2006 4470 sbyter,
2036 4399 2214 4454 nullus
2242 4401 2377 4452 alius
2402 4399 2610 4467 offerret
2634 4403 2966 4470 sacriﬁcium,
3000 4399 3090 4455 nec
3111 4401 3390 4470 iudicaret,

1818 4487 1910 4525 nec
1943 4471 2144 4524 haberet
2172 4487 2488 4536 sermonem;
2519 4471 2606 4524 sed
2632 4475 2782 4526 tacite
2806 4481 3004 4526 tantum
3027 4487 3142 4526 cum
3167 4489 3223 4525 eo
3251 4473 3393 4524 sede-

1819 4551 1951 4614 rent.
1976 4543 2324 4614 Augustinus
2354 4542 2534 4609 (Libro
2561 4558 2578 4596 ι
2607 4542 2669 4596 de
2687 4543 2912 4597 Moribus
2940 4542 3162 4606 Eccles.,
3180 4560 3303 4614 cap.
3323 4544 3389 4597 51

1820 4620 1874 4664 et
1903 4611 1993 4680 ’55)
2015 4612 2173 4666 docet
2201 4627 2304 4666 non
2335 4615 2506 4667 solum
2534 4614 2584 4665 in
2628 4614 2939 4682 solitudine,
2985 4614 3078 4668 sed
3117 4611 3282 4667 etiam
3338 4616 3389 4666 in

1818 4683 2062 4745 urbibus,
2098 4683 2359 4738 utitomte
2381 4696 2436 4739 et
2458 4685 2764 4751 Mediolani,
2801 4684 3097 4740 monachos
3136 4683 3394 4739 habuisse

1819 4757 2165 4822 przrpositum
2198 4756 2571 4825 presbyterum
2600 4772 2615 4809 :
2646 4758 2734 4825 qui
2771 4757 2887 4811 sine
2918 4755 3081 4810 dubio
3110 4755 3234 4808 ideo
3267 4769 3391 4822 pre-

1818 4828 2002 4894 sbyter
2025 4837 2140 4880 erat
2186 4837 2243 4878 ut
2273 4826 2335 4880 in-
2377 4829 2628 4882 ctenobio
2657 4834 2994 4881 sacramenta
3024 4826 3315 4880 conﬁceret
3341 4833 3394 4880 et

1818 4897 2031 4949 caneris
2062 4897 2479 4950 administraret.
2515 4898 2654 4951 Idem
2689 4901 2846 4952 etiam
2871 4899 3140 4966 colligitur
3158 4912 3221 4966 ex
3257 4895 3389 4950 mul-

1820 4969 1898 5038 tis,
1940 4969 2176 5020 Cassiani
2226 4967 2638 5038 Collationibus,
2683 4970 2952 5038 praecipue
2984 4965 3051 5022 18
3080 4982 3130 5022 0.
3178 4965 3266 5031 15,
3302 4966 3390 5019 ubi

1818 5037 1983 5091 abbas
2042 5039 2370 5107 Paphnutius
2407 5037 2642 5107 Scythiae
2691 5037 2863 5092 eremi
2918 5040 3197 5107 presbyter
3225 5039 3390 5091 tuisse

1816 5106 2287 5177 perhibetur._Nec
2316 5105 2771 5177 improbabiliter
2811 5105 2972 5162 etiam
3021 5105 3198 5176 colligi
3233 5122 3392 5175 posse

1818 5174 2028 5232 videtur
2065 5191 2130 5228 ex
2164 5174 2362 5242 Regula
2402 5176 2478 5246 li.
2514 5175 2792 5230 Benedicti
2817 5194 2933 5246 cap.
2965 5179 3055 5243 46,
3088 5174 3175 5231 ubi
3213 5174 3392 5230 monet

1819 5250 2028 5302 occulta
2084 5256 2302 5313 pecrala
2361 5244 2541 5297 abbati
2583 5259 2704 5298 esse
2735 5244 3060 5304 couliienda.
3097 5247 3158 5301 Si
3185 5248 3391 5308 animm,

1818 5319 2009 5383 inquit,
2037 5316 2227 5382 peccati
2250 5331 2406 5368 causa
2437 5315 2590 5386 fuerit
2632 5316 2816 5382 latens,
2849 5327 3048 5372 tantum
3078 5317 3267 5379 abbati,
3299 5327 3389 5367 aut

1818 5388 2168 5462 spiritualibtts
2198 5387 2482 5462 senioribus
2531 5389 2828 5462 patefaciat,
2869 5391 2956 5457 qui
3003 5388 3166 5462 sciant
3210 5400 3393 5462 curare

1819 5456 1937 5526 sua,
1970 5470 2015 5512 et
2047 5458 2217 5511 aliena
2242 5459 2455 5511 vulnera
2486 5475 2586 5510 non
2615 5460 2844 5528 detegere
2871 5456 2916 5510 et
2941 5456 3391 5528 publicare.Qu0tl

1820 5533 1887 5586 de
1909 5531 2250 5586 confes~ione
2272 5529 2650 5583 sacrau'tentali
2681 5527 2903 5596 exponit
2923 5527 3391 5596 Turrecrematus,

1819 5620 1937 5671 quae
1969 5619 2075 5656 non
2125 5602 2242 5654 aliis
2277 5601 2332 5651 lit
2361 5615 2516 5668 quam
2562 5595 2972 5653 sacerdotibus:
3005 5597 3154 5671 unde
3177 5595 3390 5671 quidam

1822 5668 1894 5726 ibi
1921 5677 2185 5740 glossator
2217 5683 2495 5723 annot-mt
2525 5671 2576 5723 in
2611 5673 2847 5739 margine
2876 5687 2989 5741 arg.
3018 5670 3160 5740 quod
3190 5668 3394 5725 abbates

1823 5754 2044 5813 tempore
2070 5744 2134 5799 S.
2162 5741 2429 5796 Benedicti
2454 5751 2601 5797 erant
2640 5742 2954 5811 sacerdotes,
3001 5749 3050 5797 et
3087 5756 3177 5812 per
3213 5755 3393 5798 consc-
