4016 6202
641 260 735 321 191

1961 269 2238 329 JOANNIS
2274 270 2588 328 cassum
2806 244 2811 249 ’
2890 266 2891 271 ‘
2966 246 2967 251 Ν
3788 232 3912 330 m‘

638 380 786 437 nobii
814 381 1119 453 presbyter,
1144 384 1287 453 quod
1309 393 1393 441 est
1428 387 1482 441 in
1514 386 1788 461 Egypto',
1821 402 1928 443 non
1974 388 2131 458 longe
2181 404 2212 445 a
2236 387 2293 448 Δ
2316 389 2530 445 sarculo
2548 376 2810 445 deorsum
2850 390 3125 457 incurvus,
3159 389 3371 445 laxabat
3398 388 3641 446 oleribus
3672 398 3865 462 terram,

639 480 665 507 ³
692 470 995 542 Panephysi
1018 475 1263 540 civitate,
1287 485 1344 531 et
1371 492 1467 545 pro
1488 479 1602 548 ipsa
1627 482 1951 545 reverentia,
1976 481 2062 535 vel
2092 481 2219 535 vita:

636 574 770 625 suae,
797 560 881 615 vel
912 562 1105 632 aetatis,
1136 565 1220 618 vel
1263 566 1577 633 sacerdotii,
1633 570 1843 623 cunctis
1888 569 2218 625 honorabilis

634 668 698 706 ac
728 656 1073 710 venerandus
1097 658 1376 721 existeret,
1408 660 1594 715 videns
1619 676 1680 716 se
1709 678 1805 731 pro
1832 662 1932 718 hoc
1959 663 2076 733 ipso
2125 664 2220 717 hu-

636 745 915 801 militatem
940 747 1085 801 illam
1107 764 1266 818 quam
1291 750 1585 805 secundum
1609 768 1718 807 suae
1743 755 1942 808 mentis
1963 753 2218 809 ardorem

636 838 1007 905 concupierat,
1027 853 1286 896 exercere
1305 857 1411 896 non
1433 857 1617 911 posse,
1634 859 1734 899 nec
1757 845 1957 901 habere
1978 861 2085 915 quo
2108 847 2221 900 vir-

636 936 804 983 tutem
844 930 1165 999 desiderata:
1195 934 1546 1003 subjectionis
1576 937 1915 1004 extenderet,
1948 938 2086 993 clam
2138 938 2221 993 fu-

634 1018 788 1087 giens
809 1019 877 1075 de
903 1022 1176 1090 cmnobio,
1193 1028 1420 1081 secessit
1441 1027 1589 1081 solus
1604 1028 1657 1082 in
1680 1027 1988 1084 Thebaidos
2002 1030 2221 1085 ultimas

634 1124 853 1182 partes:
886 1115 1065 1185 ibique
1095 1119 1345 1189 deposito
1377 1121 1563 1177 habitu
1581 1124 1992 1191 monachorum,
2012 1141 2223 1182 assum-

635 1216 723 1276 pta
746 1208 987 1263 saeculari
1015 1219 1187 1276 veste,
1214 1214 1519 1269 ccenobium
1547 1213 2103 1273 Tabennensiotarum
2130 1234 2224 1274 ex-

634 1301 806 1369 petiit,
844 1303 983 1369 quod
1001 1305 1207 1360 sciebat
1230 1309 1440 1362 cunctis
1469 1323 1590 1363 esse
1620 1308 2014 1375 districtius,et
2041 1312 2094 1365 in
2117 1326 2225 1382 quo

636 1408 717 1457 sc,
737 1393 823 1447 vel
856 1410 953 1463 pro
975 1396 1313 1467 longitudine
1334 1401 1572 1469 regionis
1600 1402 1828 1457 credidit
1846 1403 2222 1475 ignorandum,

638 1484 723 1536 vel
757 1499 853 1550 pro
882 1488 1250 1555 magnitudine
1287 1492 1604 1546 monasterii
1639 1508 1702 1546 ac
1732 1493 2072 1548 multitudine
2116 1494 2225 1550 fra-

639 1583 783 1628 trum
814 1574 975 1631 facile
1022 1593 1184 1646 posse
1211 1582 1397 1636 celari.
1432 1581 1536 1637 Ubi
1565 1583 1871 1638 diutissime
1900 1599 1999 1654 pro
2024 1586 2228 1641 foribus

640 1681 1022 1734 perseverans,
1048 1680 1368 1726 cunctorum
1387 1671 1616 1727 fratrum
1639 1674 1867 1743 genibus
1893 1676 2226 1743 provolutus,

641 1766 699 1811 ut
728 1759 1095 1828 susciperetur
1148 1765 1374 1817 summis
1414 1764 1665 1833 precibus
1711 1767 1957 1821 ambivit.
1988 1766 2233 1837 Cumque
2261 1770 2309 1831 B
2338 1791 2400 1830 ac
2429 1778 2681 1845 parvulos
2710 1776 3085 1846 deputassent,
3120 1775 3347 1829 invitum
3393 1789 3455 1829 ac
3505 1775 3747 1840 flentem,
3771 1776 3887 1844 quod

2335 1867 2532 1922 invidia
2559 1868 2761 1923 diaboli
2787 1867 2947 1937 digna
2978 1867 3075 1923 sibi
3100 1866 3293 1921 fuisset
3322 1867 3737 1922 conversatione
3755 1874 3887 1934 atque
3976 1884 3981 1937 λ

642 1850 811 1905 multo
839 1851 1097 1920 despectu
1129 1855 1345 1909 tandem
1374 1855 1562 1911 fuisset
1594 1857 1882 1923 admissus,
1915 1859 2058 1929 quod
2084 1859 2232 1914 scili-

640 1952 726 1997 cet
746 1944 1056 2013 decrepitus
1093 1960 1282 2013 senex,
1315 1956 1369 2001 et
1397 1947 1490 2017 qui
1520 1962 1736 2003 omnem
1764 1965 1915 2004 suam
1946 1954 2000 2005 in
2028 1950 2230 2006 saeculo

641 2037 805 2089 vitam
835 2034 1184 2106 pervixisset,
1241 2046 1403 2094 astate
1430 2040 1618 2094 ultima
1670 2042 1877 2110 ingredi
1920 2043 2229 2113 coenobium

642 2122 970 2196 postulai'et,
987 2146 1095 2201 quo
1110 2142 1353 2203 tempore
1363 2133 1476 2204 jam
1499 2149 1565 2189 ne
1580 2135 1859 2191 deservire
1874 2138 2093 2206 quidem
2117 2140 2230 2193 suis

643 2220 1008 2291 voluptatibus
1042 2226 1391 2293 praevaleret;
1424 2241 1487 2281 ac
1532 2242 1597 2282 ne
1644 2227 1746 2282 hoc
1789 2229 2007 2298 quidem
2055 2230 2232 2297 ipsum

644 2330 803 2369 causa
828 2316 1109 2386 religionis
1138 2327 1394 2387 expetere
1413 2333 1539 2373 eum
1569 2329 1905 2386 assererent,
1954 2320 2049 2375 sed
2076 2321 2232 2376 famis

645 2416 700 2462 et
730 2409 928 2476 impiae
952 2408 1274 2464 necessitate
1301 2410 1686 2477 constrictum;
1727 2420 1786 2466 ut
1827 2413 1945 2467 seni
1992 2412 2233 2482 nullique

645 2499 798 2566 operi
829 2500 1042 2567 penitus
1081 2511 1229 2570 apto,
1270 2502 1413 2556 horti
1442 2518 1570 2556 cura
1602 2504 1980 2575 diligentiaque
2009 2505 2234 2560 manda-

649 2600 753 2645 tur.
783 2593 953 2659 Quam
993 2592 1094 2647 sub
1117 2593 1224 2649 alio
1252 2595 1416 2651 fratre
1442 2596 1678 2666 juniore,
1703 2600 1795 2668 qui
1825 2614 1947 2654 eum
1979 2599 2083 2654 sibi
2114 2614 2235 2655 cre-

649 2679 821 2736 ditum
871 2684 1163 2752 retinebat,
1207 2701 1491 2752 exercens,
1534 2689 1613 2743 sic
1656 2689 1832 2744 eidem
1879 2689 2232 2755 subdebatur,

651 2783 902 2844 tantaque
922 2776 1232 2833 obedientia
1276 2779 1635 2836 desideratam
1666 2782 1987 2839 humilitatis
2016 2784 2236 2840 excole-

652 2863 743 2916 bat
774 2866 1050 2931 virtutem,
1085 2878 1273 2924 utnon
1303 2872 1479 2926 solum
1504 2888 1566 2928 ea
1597 2890 1717 2944 qua:
1747 2877 1815 2929 ad
1863 2876 2005 2931 horti
2048 2892 2233 2932 curam

652 2956 1090 3029 diligentiamque
1142 2964 1503 3033 pertinebant,
1555 2982 1742 3023 verum
1783 2968 1947 3023 etiam
1980 2970 2234 3027 universa

652 3050 831 3106 officia
860 3069 979 3123 qua:
1001 3057 1212 3112 cunctis
1241 3069 1395 3114 erant
1424 3076 1638 3130 aspera,
1690 3062 1775 3116 vel
1806 3064 2046 3133 indigna,
2074 3074 2237 3134 atque

2322 482 2517 537 deinde
2546 479 2759 538 stercus
2786 483 3026 539 humeris
3056 485 3168 539 suis
3195 483 3510 549 advectans,
3543 498 3721 539 eorum
3743 486 3862 539 radi-

2322 576 2476 631 cibus
2507 576 2812 646 ingerebat.
2843 574 3086 647 Cumque
3110 577 3226 632 haec
3270 576 3491 631 intuens
3527 574 3712 641 frater,
3737 592 3869 647 super

2321 677 2444 747 agni
2455 676 2600 731 tione
2616 677 2735 746 ejus
2748 677 3051 732 diutissima
3068 676 3261 733 fuisset
3278 677 3621 732 haesitatione
3635 677 3866 735 detentus.

2325 768 2543 839 propius
2570 769 2787 824 tandem
2817 770 3103 835 accedens,
3136 775 3193 824 et
3222 784 3328 823 non
3359 769 3534 824 solum
3555 768 3771 833 vultum,
3794 768 3867 821 sed

2323 862 2485 915 etiam
2514 875 2702 914 sonum
2750 862 2899 917 vocis
2956 861 3241 931 diligenter
3286 860 3601 930 explorans,
3651 859 3714 913 ad
3738 858 3871 928 pedes

2324 953 2443 1023 ejus
2465 953 2711 1007 cominus
2738 952 3081 1023 procidisset,
3121 953 3300 1023 primo
3355 952 3577 1021 quidem
3619 966 3768 1020 super
3793 950 3872 1004 hoc

2324 1053 2599 1114 stuporem
2629 1059 2895 1099 summum
2949 1043 3254 1099 videntibus
3280 1043 3489 1099 cunctis
3517 1042 3761 1109 incussit,
3798 1056 3871 1095 cur

2325 1134 2579 1189 videlicet
2598 1134 2741 1189 istud
2769 1135 2974 1190 faceret
3001 1135 3053 1191 ei
3083 1135 3173 1205 qui
3208 1134 3349 1203 apud
3400 1134 3548 1203 ipsos
3578 1134 3723 1188 velut
3748 1132 3873 1187 novi-

2328 1227 2453 1294 tius,
2487 1243 2550 1282 ac
2571 1227 2640 1282 de
2664 1227 2863 1282 saeculo
2892 1243 3063 1297 nuper
3092 1241 3364 1298 egressus,
3396 1226 3698 1282 habebatur
3726 1236 3875 1283 extre-

2330 1335 2481 1385 mus;
2516 1328 2638 1389 post
2657 1335 2786 1374 vero
2830 1320 3092 1374 miraculo
3118 1328 3246 1374 sunt
3266 1319 3474 1389 majore
3502 1320 3753 1390 perculsi,
3779 1334 3878 1374 cum

2331 1412 2447 1481 ejus
2478 1426 2695 1479 nomen,
2720 1412 2863 1482 quod
2893 1412 3036 1482 apud
3059 1412 3207 1481 ipsos
3249 1425 3466 1482 quoque
3515 1426 3708 1481 magna
3736 1410 3879 1465 fuerat

2331 1503 2586 1573 opinione
2631 1513 2995 1571 compertum,
3038 1503 3284 1573 protinus
3334 1501 3685 1572 prodidisset.
3715 1502 3758 1558 Α
3798 1515 3880 1571 quo
3974 1496 3979 1573 ρ

2333 1596 2574 1652 universi
2606 1596 2805 1651 fratres
2835 1596 3036 1665 prioris
3065 1595 3383 1663 ignorantia:
3395 1595 3615 1649 veniam
3644 1596 3883 1665 postulan-
3972 1595 3979 1665 ί

2334 1697 2436 1752 tes,
2469 1686 2611 1757 quod
2641 1703 2763 1743 eum
2782 1688 3037 1742 videlicet
3060 1696 3210 1741 tanto
3241 1697 3491 1756 tempore
3522 1685 3661 1741 inter
3678 1686 3882 1756 juniores

2335 1959 2644 2014 humilitate
2689 1959 2992 2028 fraudatus,
3050 1974 3211 2026 quam
3255 1957 3562 2014 diutissime
3607 1957 3887 2028 requisitam

2336 2051 2555 2107 tandem
2585 2050 2875 2120 aliquando
2892 2065 2951 2105 se
2974 2049 3245 2105 invenisse
3258 2049 3664 2119 gaudebat,nec
3693 2048 3889 2103 meruis-
3978 2072 3983 2107 ,ς

2336 2152 2420 2199 set
2442 2146 2612 2199 vitam
2635 2158 2786 2198 suam
2815 2143 2867 2197 in
2901 2142 2990 2197 illa
3032 2157 3192 2212 quam
3238 2142 3544 2211 arripuerat
3588 2141 3891 2212 subjectione

2336 2238 2531 2304 finire;
2575 2237 2641 2293 ad
2692 2238 2966 2308 proprium
3015 2237 3325 2293 coenobium
3364 2236 3717 2302 reduxerunt,
3745 2244 3891 2290 custo-
3982 2228 3983 2271 ἓ

2336 2331 2548 2387 dientes
2574 2346 2696 2386 eum
2725 2345 2933 2385 summa
2965 2330 3266 2402 diligentia,
3311 2345 3381 2384 ne
3403 2329 3472 2385 ab
3494 2330 3575 2386 eis
3605 2343 3812 2402 quoque
3832 2327 3890 2383 si-

2338 2425 2537 2481 militer
2562 2438 2831 2494 quoquam
2855 2422 3096 2493 dilapsus
3122 2420 3429 2493 aufugeret.

2902 2600 3128 2657 CAPUT
3158 2598 3352 2655 XXXI.

2339 2695 2787 2762 Quemadmodum
2814 2694 2970 2747 abbas
2994 2692 3303 2763 Pynuphius
3330 2691 3574 2746 reductus
3594 2693 3649 2746 in
3677 2691 3896 2747 monaste-
3990 2748 3991 2753 η

2409 2769 2544 2820 rium
2572 2783 2745 2827 suum,
2777 2777 2825 2819 et
2857 2766 3057 2819 modico
3088 2775 3315 2836 tempore
3344 2765 3530 2818 ibidem
3560 2773 3895 2827 commoratus,
3990 2768 3991 2817 ξ

2410 2841 2596 2893 iterum
2628 2838 2816 2908 fugerit
2842 2838 2895 2890 in
2924 2845 3092 2906 partes
3118 2835 3309 2906 Syriae.

2410 2977 2514 3033 Ubi
2544 2991 2669 3031 cum
2703 2974 2894 3029 fuisset
2927 2972 3143 3028 modico
3181 2979 3433 3041 tempore
3468 2970 3807 3037 demoratus,
3832 2982 3901 3022 eo-

2341 3074 2467 3129 dem
2495 3086 2689 3127 rursus
2720 3068 3042 3123 humilitatis
3071 3065 3345 3121 desiderio
3380 3073 3546 3135 atque
3587 3064 3788 3143 ardore
3812 3075 3902 3117 suc-

654 3144 722 3196 ab
743 3146 990 3201 omnibus
1013 3148 1350 3207 ducebantur
1378 3154 1612 3218 horrori,
1644 3163 1753 3211 tota
1785 3157 2024 3225 quotidie
2047 3158 2242 3214 seduli-
2268 3161 2315 3225 C
2346 3179 2562 3229 census,
2606 3170 2833 3231 captans
2878 3168 3143 3213 nocturna
3196 3156 3435 3221 silentia,
3484 3156 3557 3209 ita
3603 3155 3834 3226 diffugit,
3862 3162 3903 3205 ut

2340 3258 2449 3327 jam
2480 3253 2818 3326 provinciam
2845 3264 2952 3305 non
2986 3247 3244 3312 vicinam,
3274 3246 3370 3300 sed
3407 3247 3621 3315 ignotas
3645 3256 3709 3301 et
3738 3247 3904 3300 alienas
3990 3232 3991 3311 ξ

2342 3350 2613 3418 longeque
2645 3344 2846 3399 divisas
2880 3338 3133 3410 (positas)
3165 3338 3418 3407 regiones
3458 3344 3779 3406 expeteret.
3806 3336 3905 3393 Nam
3990 3336 3991 3339 ‘

2345 3437 2718 3496 conscendens
2754 3449 2951 3488 navem
2986 3433 3039 3486 in
3071 3430 3377 3485 Palaestina:
3413 3438 3596 3497 partes
3625 3441 3906 3486 commeate
3990 3422 3991 3495 ξ

2346 3533 2576 3599 curavit,
2604 3529 2833 3585 credens
2863 3542 2921 3582 se
2951 3525 3125 3587 tutius
3151 3524 3510 3587 latitaturum,
3544 3521 3593 3577 si
3623 3525 3697 3579 ad
3733 3526 3819 3580 illa
3842 3536 3906 3577 δε·
3990 3528 3991 3593 j

656 3247 764 3294 tate
789 3242 1105 3311 compleret.
1134 3244 1427 3316 Complura
1472 3250 1659 3313 etiam,
1691 3260 1852 3307 nocte
1880 3267 2237 3324 consurgens,

657 3335 729 3388 ita
758 3334 968 3404 furtim,
1004 3338 1152 3393 nullo
1182 3348 1319 3395 teste
1340 3342 1422 3397 vel
1455 3345 1700 3409 conscio,
1730 3345 1970 3401 tenebris
1996 3349 2243 3404 occulen-

657 3427 804 3482 tibus
833 3427 1119 3495 efﬁciebat,
1137 3441 1195 3485 ut
1222 3434 1435 3501 penitus
1456 3442 1735 3491 auctorem
1760 3440 1941 3507 operis
1963 3456 2122 3495 nemo
2150 3441 2244 3496 de-

660 3522 1038 3591 prehenderet.
1078 3525 1320 3597 Cumque
1350 3526 1548 3585 ibidem
1607 3532 1841 3587 triennio
1893 3533 2241 3603 delitescens,

658 3616 918 3687 dispersis
940 3634 1038 3690 per
1063 3622 1368 3678 universam
1409 3622 1701 3696 Egyptum
1731 3628 1929 3698 ubique
1958 3629 2237 3697 fratribus,

658 3721 1016 3780 quaereretur,
1044 3729 1072 3771 a
1103 3716 1337 3786 quodam
1357 3718 1577 3774 tandem
1601 3720 1749 3775 visus
1772 3723 1864 3791 qui
1905 3723 1972 3779 de
2021 3724 2241 3796 Egypti

660 3804 901 3872 partibus
939 3815 1293 3888 comntearat,
1324 3810 1412 3865 vix
1437 3813 1612 3881 potuit
1642 3829 1739 3883 pro
1759 3814 2065 3874 humilitate
2090 3819 2244 3874 habi-

660 3907 746 3954 tus
773 3902 855 3955 sui
877 3915 940 3956 ac
967 3903 1170 3960 vilitate
1196 3905 1360 3961 ofﬁcii
1388 3908 1531 3977 quod
1560 3911 1805 3978 gerebat,
1839 3915 2079 3983 agnosci.
2109 3915 2243 3971 Nam

2348 3631 2638 3700 metipsum
2667 3632 3002 3694 asportasset
3027 3621 3170 3686 loca,
3196 3619 3252 3672 in
3280 3616 3478 3687 quibus
3505 3632 3574 3672 ne
3596 3632 3798 3675 nomen
3823 3616 3910 3685 qui—
3990 3604 3991 3657 Ϊ

2347 3726 2470 3782 dem
2519 3738 2675 3779 suum
2721 3719 2913 3773 fuisset
2959 3714 3221 3769 auditum.
3265 3710 3384 3779 Quo
3426 3726 3548 3764 cum
3596 3710 3909 3775 advenisset,

2349 3831 2594 3878 nostrum
2631 3813 3017 3870 monasterium
3050 3809 3299 3879 protinus
3340 3804 3624 3875 expetivit,
3651 3805 3801 3875 quod
3825 3818 3909 3857 non

2351 3919 2512 3985 longe
2542 3914 2644 3968 fuit
2670 3926 2698 3963 a
2720 3908 2749 3946 ι)
2777 3906 3002 3978 ερθὶαδο,
3025 3905 3083 3959 in
3112 3916 3217 3974 quo
3254 3900 3512 3956 Dominus
3551 3906 3744 3955 noster
3780 3899 3911 3954 Jesus

1725 4044 1984 4098 ALARDI
2024 4047 2261 4105 GAZAEI
2296 4042 2860 4107 COMMENTARIUS.

662 4145 818 4197 quens
840 4138 888 4183 et
914 4130 1041 4200 ipse.
1071 4129 1335 4185 Ceterum
1361 4134 1545 4184 monui
1594 4133 1647 4187 in
1698 4135 2131 4202 praecedentibus
2184 4141 2240 4194 id

666 4216 773 4275 non
802 4203 964 4275 fuisse
993 4211 1333 4275 perpetuum,
1356 4212 1410 4254 et
1440 4203 1635 4256 multos
1685 4205 1737 4258 id
1782 4207 2040 4275 temporis
2068 4208 2244 4265 dictos

664 4271 831 4325 fuisse
858 4271 1101 4333 abbates,
1129 4271 1180 4324 id
1209 4280 1313 4335 est,
1350 4281 1528 4341 patres
1567 4271 1952 4329 monachorum
1984 4292 2077 4331 seu
2106 4294 2243 4334 ana-

665 4344 1034 4416 cltoretarum,
1067 4343 1155 4408 qui
1181 4357 1285 4396 non
1308 4355 1460 4397 erant
1484 4345 1783 4416 presbyteri
1813 4356 1868 4402 et
1896 4350 2238 4415 sacerdotes,

580 4440 587 4449 ι
666 4412 759 4465 sed
784 4412 1116 4482 professione
1139 4422 1345 4467 tantum
1376 4412 1733 4481 monachi,'et
1776 4419 1965 4474 ordine
2014 4421 2154 4475 laici.
2187 4412 2244 4477 ld

668 4484 1034 4561 eninrpraeter
1057 4484 1336 4561 alia,__quae
1365 4486 1803 4561 alibiretulimus
1834 4488 1993 4559 (Coll.
2038 4490 2092 4555 2,
2123 4509 2242 4561 cap.

2340 4136 2896 4212 judiciis.Et_dtt_dum
2925 4131 3309 4212 ecclesiasticis
3338 4128 3547 4212 legibus
3570 4128 3833 4212 sancitum
3850 4132 3915 4212 est

2352 4198 2627 4280 '(Clement.
2654 4206 2737 4280 με
2758 4206 2810 4257 in
2826 4220 2975 4280 agro,
3000 4205 3242 4280 de_statu.
3276 4198 3709 4280 monachorum),
3732 4209 3787 4252 ut
3831 4210 3913 4280 non

2352 4271 2527 4335 solum
2584 4277 2829 4341 abbates,
2860 4271 2956 4328 sed
3006 4274 3214 4341 priores
3251 4271 3660 4337 conventuales,
3698 4271 3855 4324 immo
3875 4275 3916 4341 et

2353 4334 2608 4406 monachi
2641 4334 2852 4409 omnes,
2886 4334 3135 4399 cessante
3164 4343 3407 4412 legitimo
3437 4334 3842 4409 impedimento,
3865 4334 3915 4387 ad

2354 4422 2576 4477 ordines
2603 4432 2786 4470 sacros
2817 4424 2872 4468 et
2893 4415 2959 4469 ad
2987 4414 3351 4469 sacerdotium
3373 4421 3679 4482 opportuno
3701 4420 3915 4480 tempor.1

2356 4498 2799 4563 promoveantur.
2833 4485 2939 4563 _Sed
2970 4486 3039 4540 de
3074 4485 3160 4563 his
3181 4483 3329 4537 alibi.

670 4556 739 4627 5;
786 4554 918 4608 Coll.
952 4556 1006 4618 5,
1030 4571 1145 4623 cap.
1174 4552 1250 4625 l),
1301 4558 1515 4626 probari
1547 4568 1749 4627 potest,
1780 4552 1891 4615 tum
1922 4579 1986 4617 ex
2022 4552 2250 4619 Decreto
2275 4557 2328 4618 Ι)
2360 4552 2373 4563 ’
2426 4572 2451 4599 ει
2471 4562 2543 4616 Ita
2575 4557 3001 4626 scribitnrhujus
3024 4558 3172 4611 urbis
3201 4569 3396 4627 nomen
3419 4552 3913 4627 apudPtolemaaum

674 4626 922 4701 §ilvestri
973 4641 1125 4701 papae
1164 4628 1303 4695 apud
1344 4626 1678 4701 Gratianum,
1724 4634 1865 4701 quod
1906 4635 1985 4687 sic
2042 4633 2247 4690 habet:

676 4696 919 4765 Pontiﬁci
946 4700 1230 4767 presbyter,
1258 4699 1551 4769 presbytero
1578 4696 1846 4768 diaconus,
1879 4704 2097 4758 diacono
2129 4707 2249 4759 sub-

667 4769 940 4843 diaconus,
976 4769 1312 4843 _subdia_couo
1338 4771 1650 4843 acolythus,
1702 4775 1938 4843 acolytho
1965 4778 2246 4842 exorcista,

672 4840 941 4893 exorcistw
958 4840 1147 4902 lector,
1167 4839 1346 4893 lectori
1368 4839 1632 4909 ostiarius,
1649 4839 1855 4898 ostiario
1884 4847 2059 4909 abbas,
2076 4839 2249 4901 abbati

675 4910 977 4987 monachus,
1010 4913 1067 4987 in
1091 4912 1232 4987 omni
1262 4913 1775 4987 _loco_reprtesentent
1822 4917 2115 4983 obsequium
2156 4918 2249 4987 (In

673 4982 893 5062 epitome
916 4980 1061 5035 Juris
1079 4980 1340 5062 Canonici‘,
1365 4980 1484 5038 dist.
1520 4985 1608 5052 95,
1642 5004 1759 5055 cap.
1789 4987 1833 5041 Α
1878 4980 2243 5062 subdiacono).

678 5052 716 5108 li
729 5055 778 5107 bi
804 5052 949 5107 vides
975 5056 1291 5122 gradatione
1308 5054 1448 5110 faeta
1476 5073 1502 5109 a
1527 5052 1898 5126 superioribus
1922 5060 1986 5113 ad
2021 5052 2248 5114 inferio-

678 5140 804 5200 res,
847 5126 1112 5200 abbatem
1137 5128 1377 5200 ostiario
1420 5129 1795 5197 postpositum,
1828 5140 2016 5200 utpote
2052 5132 2248 5185 laicum

674 5197 1015 5271 clerico,‘_ut
1079 5195 1152 5250 ibi
1196 5207 1345 5252 notat
1398 5195 1577 5269 glossa
1609 5200 1671 5271 (§
1704 5195 1843 5255 Hinc
1874 5195 1945 5255 est
1972 5204 2025 5254 in
2054 5204 2154 5268 ﬁne
2183 5201 2249 5255 16

676 5278 855 5343 quasi.
895 5267 947 5343 i_)
984 5286 997 5322 :
1031 5278 1140 5321 tum
1169 5284 1259 5343 ex-
1285 5267 1515 5337 quadam
1552 5267 1780 5343 epistola
1822 5272 1884 5325 D.
1936 5267 2247 5343 Hieronymi
2294 5269 2310 5285 ’

680 5338 957 5413 (Epist.d¢
995 5355 1145 5411 opere
1168 5352 1216 5393 et
1239 5339 1468 5413 humilit.
1495 5338 1772 5410 monachi),
1804 5344 1891 5395 ubi
1924 5355 2105 5396 narrat
2138 5338 2252 5396 ino-

681 5409 885 5464 nacltos
907 5409 1140 5482 Scythia:
1162 5411 1388 5481 quadam
1414 5413 1501 5466 die
1514 5409 1828 5467 convenisse
1852 5413 2080 5481 infunum
2101 5422 2254 5466 utsa-

683 5482 955 5537 cerdotem
972 5483 1074 5538 sibi
1091 5484 1411 5547 invenirent,
1427 5486 1514 5552 qui
1548 5484 1674 5551 ipsis
1694 5483 1975 5537 Missarum
1990 5486 2249 5541 solemnia

682 5554 1083 5619 celebraret,ut
1133 5557 1299 5609 refert
1338 5555 1480 5609 idem
1520 5554 1808 5609 Gratianus
1836 5554 2248 5623 (Lib.ttDecret.

685 5626 861 5698 cap._l
896 5626 959 5678 de
980 5633 1108 5698 tata.
1122 5634 1170 5698 et
1194 5624 1361 5693 qualis
1416 5625 1748 5698 praeﬁciam).
1779 5627 2043 5681 Caeterum
2076 5636 2256 5689 poste-

689 5694 920 5749 rioribus
949 5695 1165 5748 saeculis
1193 5707 1404 5749 constat
1426 5713 1623 5751 nomen
1650 5694 1861 5752 abbatis
1899 5698 2177 5753 transiisse
2203 5698 2255 5752 in

690 5779 885 5819 nomen
912 5763 1205 5830 dignitatis,
1235 5774 1295 5819 ut
1321 5768 1594 5836 colligitur
1615 5785 1679 5826 ex
1702 5785 1820 5838 cap.
1838 5769 2168 5826 Decernimus
2199 5771 2261 5825 de

2355 4644 2409 4689 et
2437 4634 2492 4687 in
2523 4630 2796 4685 Vaticanis
2818 4623 3114 4694 codicibus,
3137 4628 3211 4679 ait
3231 4625 3534 4694 Ciaconius.
3561 4623 3827 4693 Oppidum
3854 4626 3916 4694 est

2357 4705 2602 4775 Egypti,
2626 4702 2694 4756 de
2720 4716 2825 4770 quo
2855 4699 3044 4757 itidem
3072 4690 3323 4754 meminit
3347 4690 3636 4749 Cassianus
3654 4690 3844 4749 collat.
3872 4690 3912 4749 'l.

2357 4793 2455 4807 nnn
2499 4777 2566 4807 ΟΩ

2355 4793 2475 4888 cate.
2492 4777 2835 4918 sgbabnluni
2856 4843 3022 4918 magis
3040 4840 3328 4918 poeticum
3373 4850 3480 4918 pro_
3503 4835 3759 4918 spelunca
3788 4832 3919 4905 (Vide

2354 4921 2530 4973 collat.
2573 4933 2679 4971 xvn
2709 4933 2755 4969 c.
2788 4914 2870 4982 5).
2911 4908 3164 4984 Virgilius
3210 4910 3404 4978 Ecloga
3450 4908 3695 4961 decima:

2508 4997 2706 5107 Elaﬁum
2732 4996 2880 5067 estin
2902 4994 3051 5057 sylvis
3074 4995 3203 5041 inter
3223 4988 3400 5051 spelaea
3421 4986 3633 5037 ferarum

2560 5074 2583 5106 a
2628 5072 2655 5107 c
2683 5068 2795 5107 nati.

2560 5068 2655 5107 atlc
2683 5068 2795 5119 pati.

2355 5130 2506 5197 Quod
2530 5130 2594 5183 ad
2614 5145 2726 5184 rem
2757 5128 2969 5190 attinet,
2999 5124 3088 5194 qui
3113 5120 3644 5197 llierosolymitanam
3671 5120 3923 5197 regionem

2356 5189 2744 5264 litstraverunt,
2768 5189 3298 5259 narrant-stabulum
3324 5189 3472 5257 illud,
3496 5193 3680 5264 inquo
3701 5189 3925 5245 Christus

2360 5271 2616 5326 Dominus
2652 5262 2838 5325 noster
2878 5276 3033 5321 natus
3072 5274 3172 5328 est,
3201 5265 3509 5332 Speluncam
3545 5262 3714 5316 fuisse
3756 5274 3927 5332 quani-

2358 5344 2503 5402 dam.
2538 5343 2589 5396 in
2621 5358 2727 5412 qua
2762 5351 2999 5412 praesepe
3033 5337 3082 5387 in
3113 5329 3244 5412 rupe
3275 5334 3513 5412 excisum
3547 5342 3682 5412 erat.
3712 5329 3861 5397 Quod
3887 5333 3930 5378 et

2358 5413 2457 5470 SS.
2484 5404 2699 5469 Patru'm
2722 5404 2927 5465 calculo
2942 5404 3349 5474 'comprobatur,
3373 5405 3459 5471 qui
3482 5404 3795 5472 speluncam
3824 5412 3931 5467 pas-

2360 5486 2461 5539 sim
2517 5484 2825 5543 nominant,
2874 5479 2926 5532 in
2976 5476 3250 5531 suburbiis
3294 5474 3711 5530 Betltleemiticis
3767 5474 3929 5525 sitam.

2358 5556 2510 5612 Unde
2531 5558 2584 5610 S.
2614 5556 2969 5620 Hieronymus
2991 5549 3040 5601 in
3061 5548 3283 5616 epistola
3314 5547 3379 5601 18
3399 5547 3464 5599 ad
3478 5545 3931 5620 Marcellamjnter

2358 5630 2460 5681 alia
2486 5625 2672 5681 scribit
2697 5639 2712 5674 :
2744 5613 2856 5687 Qu'o
2883 5613 3130 5682 sermone,
3170 5635 3273 5682 qua
3298 5634 3416 5671 voce
3445 5616 3744 5690 speluncam
3768 5613 3933 5690 Salt'ft;

2361 5676 2783 5766 lamis-capionem:
2803 5701 2848 5744 et
2866 5690 2999 5766 illud
3019 5676 3265 5766 prtasepe,
3282 5693 3332 5740 in
3346 5706 3446 5757 quo
3460 5676 3752 5766 infantulus
3768 5676 3934 5766 uagill‘.’

2363 5754 2778 5828 silentio'magis,
2804 5778 2956 5826 quam
2984 5754 3160 5825 inﬁmo
3183 5754 3427 5814 sermone
3453 5754 3816 5812 honorandum
3851 5756 3936 5805 at.
