3994 6202
105 258 190 314 I93

472 262 562 319 DE
599 264 1080 325 CMNOBIORUM
1117 266 1362 326 INSTIT.
1404 270 1532 327 LIB.
1575 271 1666 327 IV.
1695 299 1768 315 -—
1790 274 1881 331 DE
1924 277 2310 339 INS’I’ITUTIS
2346 281 2917 345 RENUNTIANTIUM

3249 292 3357 350 194

102 377 327 435 Christus
357 394 425 436 ex
456 380 675 452 Virgine
705 386 855 440 nasci
894 384 1144 457 dignatus
1176 396 1281 443 est.
1311 388 1368 443 In
1405 404 1511 459 quo
1538 405 1661 459 per-
1687 396 1740 455 Α
1765 395 1816 451 ei
1840 398 2266 469 cohaerentibus,
2291 403 2681 471 repromittitur
2701 405 2754 459 in
2780 406 3019 461 futurum
3049 424 3061 458 :
3089 415 3161 462 tta
3183 423 3359 478 paenae

103 473 297 528 modico
336 484 586 544 tempore
621 477 971 545 delitescens,
1012 481 1309 536 secundum
1341 484 1667 538 sententiam

102 567 293 622 Domini
328 567 548 640 (Matth.
583 571 665 642 v),
705 580 979 644 tamquam
1011 575 1209 630 civitas
1240 592 1404 646 super
1430 588 1666 633 montem

101 660 276 729 posita,
317 659 521 716 diutius
555 650 813 720 abscondi
853 680 962 721 non
1006 668 1202 735 potuit.
1232 668 1363 723 Nam
1404 671 1667 727 continuo

102 752 297 823 quidam
327 753 553 810 fratrum
585 757 678 826 qui
708 758 775 813 ad
811 758 929 815 loca
970 770 1159 816 sancta
1192 760 1262 817 de
1291 761 1511 832 Egypti
1543 778 1669 834 par-

102 848 225 903 tibus
277 852 540 907 orationis
586 868 748 909 causa
804 866 1209 924 convenerant,
1260 859 1498 929 agnitum
1546 874 1667 913 eum

101 955 285 998 summa
319 944 372 999 vi
410 959 630 1014 precum
671 946 739 1001 ad
778 948 1087 1004 ctenobium
1125 964 1283 1005 suum
1321 961 1666 1006 revocarunt.

633 1038 860 1097 CAPUT
900 1041 1119 1097 XXXII.

106 1128 212 1196 Qua
232 1140 489 1214 precepta
511 1134 650 1187 dedit
674 1133 809 1187 idem
829 1135 983 1219 abbas
1008 1134 1321 1219 Pynuphius
1344 1140 1494 1207 fratri
1517 1155 1669 1211 quem

387 1210 445 1257 in
472 1220 623 1258 suum
652 1210 1018 1261 monasterium
1047 1210 1342 1280 recipiebat.

156 1293 297 1352 Hunc
322 1296 490 1367 igitur
514 1312 700 1353 senem
727 1314 825 1369 pro
852 1300 965 1367 illa,
991 1316 1111 1370 qua:
1141 1302 1302 1358 nobis
1324 1302 1500 1358 fuerat
1524 1304 1667 1374 apud

105 1384 247 1453 ipsum
289 1388 341 1441 in
385 1389 720 1445 monasterio
757 1399 945 1446 nostro
991 1391 1350 1459 familiaritas,
1383 1410 1506 1449 cum
1550 1404 1672 1463 post

104 1476 193 1532 lucc
213 1478 260 1532 in
276 1477 517 1550 IEgypto
538 1480 942 1537 studiosissime
965 1482 1408 1553 requisissemus,
1428 1484 1665 1540 llexhor-

107 1573 317 1627 tationem
344 1588 512 1641 quam
541 1573 692 1629 dedit
721 1574 877 1629 fratri
898 1591 1057 1645 quem
1085 1575 1188 1631 sub
1213 1586 1399 1632 nostra
1426 1592 1662 1646 prtesen-

107 1664 159 1717 tia
192 1665 236 1720 in
282 1669 544 1723 coenobio
594 1683 694 1723 suo
736 1670 1058 1739 recipiebat,
1103 1671 1230 1742 quia
1272 1680 1400 1742 puto
1441 1686 1506 1726 ex
1561 1672 1661 1726 hac

112 1772 233 1823 posse
275 1760 489 1830 aliquid
546 1761 922 1817 instructionis
976 1763 1265 1831 accedere,
1323 1764 1535 1818 animus
1583 1773 1667 1819 est
1693 1810 1742 1872 Β
1768 1787 1928 1841 facile
1959 1760 2267 1856 s'uscepms,

115 1850 321 1872 Α-ι..----1-
357 1850 493 1872 1---2,
529 1852 767 1872 !_n-_--_-
817 1851 844 1872 ι.
871 1853 1015 1872 ιτ--.ε
1080 1854 1145 1872 -9Α
1207 1863 1327 1872 μηΑ.
1367 1852 1409 1872 j!
1431 1853 1542 1872 .Ld-
1571 1870 1655 1872 μη-

113 1850 325 1916 opusculo
356 1850 497 1906 huic
528 1852 791 1907 intexere.
817 1851 845 1890 δ
868 1853 1039 1920 Nosti,
1074 1854 1167 1919 ait,
1198 1863 1331 1923 quot
1358 1852 1547 1908 diebus
1570 1870 1667 1923 pro

114 1938 273 1995 foribus
298 1944 610 2007 excubans,
642 1943 801 1999 hodie
826 1946 903 1999 sis
934 1957 1205 2015 receptus.
1234 1947 1399 2016 Cujus
1437 1947 1657 2002 difﬁcul-

110 2033 202 2086 tatis
226 2049 437 2090 causam
468 2035 719 2104 primitus
749 2037 915 2093 debes
946 2054 1264 2108 agnoscere.
1290 2039 1497 2094 Poterit
1517 2042 1663 2095 enim

108 2125 176 2179 tibi
202 2128 247 2182 in
283 2129 383 2185 hac
412 2129 533 2197 via,
567 2145 729 2199 quam
780 2131 988 2201 ingredi
1035 2133 1397 2202 concupiscis,
1431 2134 1659 2189 multum

105 2216 329 2288 conferre,
360 2220 430 2285 si,
473 2222 682 2275 ratione
726 2222 843 2291 ejus
887 2223 1090 2293 agnita,
1135 2224 1202 2279 ad
1240 2222 1447 2279 Christi
1484 2225 1659 2281 servi-

105 2311 202 2366 tium
231 2325 629 2387 consequenter
659 2331 722 2370 ac
743 2317 888 2372 sicut
916 2327 1137 2381 Oportet
1162 2319 1485 2376 accesseris.

606 2407 835 2466 CAPUT
875 2410 1117 2467 XXXIII.

105 2498 222 2573 Quod
241 2502 367 2555 sicut
388 2520 577 2573 magna
601 2506 952 2558 remuneratio
979 2506 1229 2561 monacho
1253 2506 1461 2560 debetur
1480 2523 1662 2561 secun-

152 2572 671 2648 dumninstitutionem
716 2587 921 2646 patrum
963 2577 1247 2636 laboranti.
1296 2580 1370 2630 ita
1418 2588 1464 2632 et
1509 2596 1660 2648 paena

151 2642 379 2721 similiter
395 2645 685 2711 tribuatur,
716 2642 767 2721 ct
796 2648 986 2701 idcirco
1022 2665 1120 2703 non
1149 2649 1328 2703 debeat
1357 2651 1470 2720 quis
1509 2642 1662 2721 facile

152 2714 333 2768 admitti
362 2716 416 2769 in
450 2718 793 2771 monasterio.

157 2806 288 2862 Sicut
328 2824 569 2879 namque
605 2810 866 2867 immensa
902 2812 1073 2883 gloria
1106 2814 1340 2869 fideliter
1371 2814 1659 2870 servienti-

104 2895 177 2953 bus
204 2901 318 2971 Deo,
348 2918 413 2958 ac
458 2904 762 2959 secundum
804 2906 1162 2962 institutionis
1202 2907 1367 2977 hujus
1412 2907 1654 2978 regulam

1771 489 2105 559 gravissimae
2149 503 2525 563 praeparantur
2556 495 2638 550 his
2683 498 2773 566 qui
2815 499 2996 567 tepide
3027 514 3147 554 eam
3189 503 3358 572 negli-

1769 593 2071 651 genterque
2102 583 2301 638 fuerint
2326 586 2597 650 exsecuti,
2628 596 2683 641 et
2709 597 2731 624 ε
2761 590 3055 644 secundum
3085 591 3187 646 hoc
3213 595 3357 663 quod

1769 671 2006 742 professi
2038 684 2193 740 sunt,
2224 674 2309 731 vel
2342 676 2485 746 quod
2524 678 2590 731 ab
2622 677 2934 734 hominibus
2967 697 3089 737 esse
3125 685 3359 740 credun-

1771 772 1881 831 tur,
1915 764 2123 819 fructus
2154 766 2316 820 etiam
2357 782 2625 837 congruos
2659 772 2965 825 sanctitatis
2995 774 3172 829 eidem
3203 778 3361 831 exhi-

1770 856 1903 913 bere
1932 859 2292 929 neglexerint.
2326 860 2516 915 Melius
2546 872 2631 917 est
2660 864 2860 932 enim;1
2883 868 3179 923 secundum
3216 871 3361 927 Scri-

1774 959 1984 1018 pturam
2032 949 2259 1023 (Eccles.
2304 951 2383 1021 v),
2432 969 2537 1009 non
2579 970 2781 1012 vovere
2821 973 3168 1029 quemquam,
3202 978 3359 1032 quam

1771 1058 1991 1108 vovere,
2037 1056 2092 1100 et
2139 1060 2245 1099 non
2296 1045 2556 1113 reddere;
2601 1057 2676 1116 et,
2731 1049 3049 1107 Maledictus
3095 1054 3186 1123 qui
3237 1056 3367 1109 facit

1772 1149 1911 1204 opus
1948 1136 2043 1190 Dei
2082 1135 2421 1205 negligenter
2467 1137 2685 1208 (Jerem.
2724 1142 2934 1208 vam).
2965 1142 3097 1199 Ideo
3140 1144 3302 1214 igitur
3334 1164 3363 1200 a

1772 1229 1929 1283 nobis
1950 1230 2254 1287 diutissime
2283 1233 2552 1288 refutatus
2573 1250 2655 1299 es,
2684 1250 2793 1289 non
2817 1238 2941 1305 quia
2976 1247 3120 1292 tuam
3144 1239 3227 1294 vel
3250 1256 3363 1295 om-

1772 1322 1920 1375 nium
1945 1322 2172 1377 salutem
2204 1338 2310 1377 non
2338 1332 2454 1378 toto
2486 1326 2756 1382 desiderio
2782 1329 3071 1398 cupiamus
3092 1333 3363 1401 amplecti,

1774 1425 1828 1469 et
1858 1415 1942 1469 his
1972 1416 2062 1485 qui
2094 1415 2161 1469 ad
2191 1414 2467 1472 Christum
2496 1419 2719 1488 cupiunt
2755 1423 2999 1476 converti
3039 1424 3198 1477 etiam
3236 1440 3363 1492 pro-

1773 1507 1863 1563 cul
1909 1522 2197 1563 occurrere
2246 1524 2352 1564 non
2396 1520 2687 1580 optemus:
2720 1513 2816 1568 sed
2857 1530 2925 1570 ne
2968 1525 3174 1572 temere
3225 1520 3363 1573 reci-

1773 1601 2006 1669 pientes,
2043 1609 2097 1654 et
2129 1615 2229 1655 nos
2271 1602 2409 1670 apud
2447 1604 2615 1657 Deum
2645 1603 2903 1673 levitatis,
2939 1615 2992 1661 et
3019 1609 3356 1678 temetipsum

1772 1708 1924 1747 reum
1976 1692 2242 1763 gravioris
2286 1694 2533 1763 supplicii
2576 1696 2902 1761 faceremus,
2943 1698 2987 1753 si
3026 1700 3089 1753 ad
3123 1716 3363 1770 presens

2300 1802 2400 1841 nec
2432 1787 2645 1854 pondus
2687 1789 3038 1858 professionis
3071 1792 3233 1863 hujus
3272 1797 3353 1850 in-

1774 1880 2043 1951 telligens,
2075 1879 2157 1935 vel
2186 1880 2481 1934 destitutor
2510 1889 2634 1951 post
2665 1881 2805 1946 haec,
2834 1884 2921 1938 vel
2955 1885 3167 1953 tepidus
3193 1892 3363 1943 exsti-

1774 1971 1953 2028 tisses.
1987 1972 2349 2039 Quamobrem
2392 1973 2564 2041 ipsam
2606 1988 2828 2029 causam
2874 1976 3361 2035 abrenuntiationis

1771 2068 1939 2123 debes
1970 2069 2022 2122 in
2055 2068 2244 2139 primis
2291 2082 2623 2137 agnoscere:
2654 2083 2757 2137 qua
2801 2080 3106 2140 perspecta,
3139 2072 3265 2142 quid
3308 2082 3361 2128 te

1768 2162 2057 2217 conveniat
2108 2176 2290 2233 agere,
2345 2176 2412 2217 ex
2474 2160 2592 2230 ejus
2636 2162 2847 2217 ratione
2893 2163 3230 2220 manifestius
3278 2166 3361 2220 in-

1767 2255 2013 2310 struaris.

2306 2344 2535 2401 CAPUT
2577 2345 2818 2401 XXXIV.

1842 2439 1995 2507 Quod
2033 2438 2420 2513 abrenuntiatio
2460 2447 2637 2513 nostra
2676 2439 2807 2491 nihil
2842 2440 2908 2491 sit
2949 2438 3094 2494 aliud
3134 2458 3285 2513 quam

2106 2510 2458 2578 mortiﬁcatio,
2486 2520 2533 2563 et
2562 2511 2735 2581 imago
2766 2513 3021 2578 cruciﬁxi.

1839 2628 2308 2682 eAbrenuntiatio
2348 2626 2483 2680 nihil
2538 2635 2622 2681 est
2666 2626 2812 2681 aliud
2862 2644 3021 2697 quam
3069 2630 3247 2686 crucis
3295 2646 3357 2686 ac

1766 2720 2210 2776 mortificationis
2242 2719 2521 2773 indicium.
2554 2719 2795 2789 Ideoque
2829 2722 3045 2777 noveris
3088 2723 3355 2779 hodierno

1763 2814 1851 2868 die
1881 2822 1934 2867 te
1964 2812 2089 2867 huic
2114 2811 2315 2865 mundo
2346 2819 2402 2865 et
2434 2810 2643 2866 actibus
2671 2812 2789 2881 ejus
2820 2828 2884 2866 ac
2913 2813 3204 2871 desideriis
3236 2834 3356 2873 esse

1760 2905 2097 2972 defunctum,
2131 2911 2288 2973 teque
2322 2900 2342 2940 ί
2377 2902 2674 2958 secundum
2696 2904 3013 2975 Apostolutn
3048 2908 3248 2980 (Galat.
3272 2916 3354 2983 vr)

1129 3046 1387 3102 ALARDI
1427 3044 1661 3103 GAZEI
1700 3041 2277 3102 COMMENTARIUS.

155 3165 172 3191 ³
203 3157 371 3215 Refert
399 3164 613 3216 Auctor
637 3161 901 3230 insignem
931 3162 1233 3217 orationem
1266 3178 1360 3217 seu
1391 3163 1645 3217 exhorta-
1677 3161 1724 3223 C
1757 3176 1873 3230 cap.
1910 3158 2022 3225 l9),
2069 3157 2158 3211 ubi
2198 3156 2273 3230 ait
2310 3170 2421 3230 eos
2447 3155 2538 3230 qui
2580 3171 2639 3211 se
2682 3157 3069 3230 monachorum
3104 3162 3353 3219 instituto

107 3226 267 3304 tionem
290 3231 503 3287 abbatis
542 3226 801 3303 Pynupliii
842 3234 905 3287 ad
937 3235 1195 3288 novitium
1235 3236 1451 3297 factam,
1490 3249 1649 3304 quem

106 3301 367 3375 recipiebat;
395 3301 629 3373 eamque
654 3301 876 3374 reliquis
902 3305 1058 3373 hujus
1086 3306 1208 3360 libri
1240 3301 1653 3375 capitibus'pro-

109 3370 296 3446 sequitur
324 3392 343 3446 ξε
384 3370 555 3444 quam
584 3370 881 3443 Opportune
928 3370 1127 3430 imitari
1171 3370 1342 3446 possit
1382 3370 1551 3430 abbas
1594 3377 1647 3431 in

109 3439 357 3515 huiusmodi
403 3439 725 3515 receptione
774 3462 869 3500 seu
916 3439 1245 3502 admissio'ne
1288 3449 1641 3503 novitiorum.

109 3507 292 3589 Meminit
312 3516 487 3589 hujus
515 3507 912 3571 exhortationis
938 3520 1122 3573 collat.
1160 3520 1223 3573 17
1255 3534 1372 3589 cap.
1408 3520 1462 3575 5.

155 3579 174 3618 δ
206 3582 269 3639 De
312 3579 407 3643 hac
458 3590 776 3656 probatione
826 3598 880 3643 et
922 3590 1279 3643 excubatione
1321 3579 1451 3644 ante
1500 3590 1647 3645 fores

108 3658 603 3741 pppasteriiegimus
630 3660 881 3741 superius
909 3658 1062 3741 (Cap.
1088 3665 1121 3712 2
1148 3659 1327 3741 hujus)
1355 3670 1447 3741 :_et
1474 3661 1646 3741 refert

109 3718 319 3798 Palladius
362 3718 1058 3798 huiusmodi-probationis
1098 3718 1341 3797 exempla
1385 3732 1435 3784 in
1474 3731 1643 3787 Paulo

108 3791 315 3870 simplice,
346 3812 395 3855 et
425 3791 687 3863 Macario.
727 3791 822 3870 qui
864 3802 1116 3855 simulato
1160 3791 1346 3857 habitu
1389 3811 1581 3870 petens
1612 3820 1641 3857 a

113 3860 347 3943 Pac'homio
390 3873 629 3941 admitti,
676 3860 885 3941 septem
930 3872 1045 3928 dies
1089 3883 1215 3928 ante
1258 3860 1402 3927 fores
1449 3888 1645 3943 exspe-

108 3938 245 3991 ctavit.

158 4017 173 4042 ε
207 4008 344 4065 Notet
372 4012 547 4069 lector
574 4024 683 4067 tum
708 4029 771 4068 ex
804 4014 905 4068 hoc
934 4029 1079 4083 cap.,
1113 4025 1224 4071 tum
1263 4029 1330 4069 ex
1367 4015 1641 4084 sequenti-

107 4071 192 4153 bus,
218 4095 388 4153 nomen
416 4085 777 4153 professionis
809 4071 1142 4153 monasiicic,
1172 4098 1332 4153 atque
1371 4071 1493 4140 hinc
1522 4088 1638 4142 col-

104 4142 195 4213 ligat
217 4142 595 4214 professionem
624 4156 971 4210 monasticam
1005 4174 1031 4208 a
1059 4142 1340 4211 monachis
1362 4159 1521 4211 etiam
1550 4175 1639 4212 ve-

104 4221 295 4293 teribus,
334 4227 523 4281 saltem
558 4227 717 4280 tacite
757 4238 811 4279 et
860 4229 1264 4297 interpretative
1288 4272 1301 4294 ,
1349 4229 1634 4292 emissam;

104 4297 446 4367 l‘jttSttlle_Vlm,
492 4312 589 4351 seu
628 4298 1041 4366 obligationem,
1076 4311 1129 4351 et
1180 4300 1637 4367 prmvaricationis

105 4363 915 4439 pmtiattthicexpressamCQuod
947 4363 1131 4423 contra
1162 4363 1449 4425 haereticos
1480 4371 1637 4439 hujus

106 4435 757 4511 t‘etnporis‘observandum.
792 4441 941 4505 Quod
974 4441 1015 4494 si
1061 4443 1181 4510 quis
1209 4452 1414 4511 quierat
1444 4457 1508 4493 an
1542 4435 1634 4495 ca-

104 4496 201 4551 l1th
224 4502 361 4579 fuerit
385 4525 446 4563 eo
474 4512 677 4563 saeculo
710 4496 972 4576 religiosae
1000 4496 1120 4564 vita'
1148 4496 1319 4566 for'ma
1345 4529 1462 4579 quae
1494 4528 1634 4565 nunc

101 4579 193 4650 fjl.
221 4574 333 4628 nihil
363 4580 511 4643 plane
559 4574 943 4650 ambigendum
973 4584 1100 4649 quin
1138 4574 1407 4636 simillima
1452 4584 1628 4637 fuerit.

102 4635 205 4721 Nam
236 4654 283 4696 et
310 4635 479 4713 primis
512 4635 769 4705 Ecclesia:
799 4635 1129 4717 temporibus
1161 4670 1264 4705 non
1299 4655 1469 4705 solum
1503 4669 1633 4721 pau-

104 4720 355 4789 l’frlalcm,
390 4724 713 4787 castitatem,
756 4734 810 4777 et
849 4724 1207 4776 obedientiam
1244 4720 1632 4789 profitebantur

104 4786 420 4863 monachi,_stti
442 4808 500 4847 ex
526 4786 752 4847 Philone
768 4802 977 4848 Constat
997 4793 1132 4862 (Lib.
1152 4798 1212 4848 de
1242 4786 1363 4847 Vita
1384 4794 1627 4863 suppli.);

102 4856 168 4933 sed
188 4865 230 4908 et
255 4860 353 4913 voti
376 4864 582 4918 vinculo
605 4866 669 4919 ad
700 4866 815 4919 haec
839 4856 1103 4933 perpetuo
1124 4856 1459 4919 observanda
1486 4856 1629 4920 'ohli?

100 4924 330 5004 Emetitur,
362 4933 429 4987 ita
457 4944 512 4987 ut
538 4936 607 4989 ab
633 4937 727 4990 illo
754 4924 900 4989 statu
932 4924 1167 4990 deficere
1196 4936 1437 4991 illicitum
1472 4939 1628 5004 plane

100 5000 389 5075 gtzrrielariunt
416 5017 749 5061 censeretur.
784 5008 896 5061 Hoc
925 5015 1131 5060 tantum
1159 5009 1404 5075 interest,
1429 5000 1621 5075 siquid

102 5074 293 5142 ξιριιττεδι,
330 5077 465 5142 quod
516 5092 621 5131 non
676 5079 851 5133 adhuc
898 5087 1045 5130 tanta
1094 5074 1622 5135 inerat.monasticis

103 5132 219 5219 lusce.
234 5132 361 5197 votis
391 5151 705 5219 auctoritas,
732 5151 868 5215 sive,
914 5158 974 5203 ut
999 5147 1262 5219 Theologi
1294 5132 1626 5215 vocant,so-

103 5200 414 5291 bimuli-35:8!
440 5200 943 5275 fortassisin—iti—dne
980 5200 1240 5287 expressi;
1291 5200 1529 5291 quidem,
1566 5233 1624 5275 ut

102 5285 194 5359 llth
215 5285 423 5359 similius
453 5300 554 5352 est,
599 5305 661 5345 ac
690 5292 904 5359 publice
928 5285 1494 5358 vota'emittebantur;
1517 5285 1626 5349 sed

102 5356 143 5395 ελ
178 5354 430 5423 professio,
476 5375 537 5413 ex
581 5354 851 5416 com—muni
892 5362 1134 5416 omnium
1181 5379 1344 5419 sensu
1391 5373 1445 5418 et
1483 5354 1624 5417 'con-

100 5426 243 5501 Eensu,
272 5426 333 5501 ita
372 5439 487 5501 erat
526 5431 779 5501 religioso
822 5436 982 5486 statui
1032 5449 1268 5500 annexa,
1311 5445 1366 5487 ut
1412 5436 1621 5489 etiamsi

99 5496 340 5575 fgce_nulla
368 5498 503 5553 facta
528 5496 674 5555 essét
706 5503 983 5571 professio,
1016 5514 1196 5561 tamen
1227 5496 1621 5575 intelligeretur

99 5564 340 5645 flmulgum
364 5578 506 5645 statu
533 5564 779 5641 suscepta
808 5574 924 5641 cjus
949 5564 1299 5643 professionis
1327 5564 1617 5645 obiigatio:

98 5636 349 5712 Wffilicet
385 5642 546 5696 modo
586 5636 709 5712 quo'
738 5636 879 5698 nunc
921 5636 1186 5701 castitatis
1225 5658 1408 5701 votum
1440 5636 1619 5701 sacris

98 5699 337 5786 tit-r‘ditltihus
358 5699 633 5786 annexum
669 5699 1004 5786 intelligitur.
1029 5699 1206 5785 Quod
1236 5699 1407 5775 exii—.—
1433 5699 1617 5773 Basilii

99 5772 283 5832 Quodam
325 5780 444 5837 loco
493 5784 712 5855 intelligi
760 5772 940 5857 poi‘ést
983 5772 1205 5857 tua...“
1232 5772 1301 5845 ἀά
1338 5772 1613 5850 ίΑηξυίιξιος

1759 3228 2098 3296 addicerent,
2132 3229 2294 3283 tacite
2322 3228 2632 3282 caelibatum
2664 3229 2953 3286 admittere
2981 3236 3347 3289 consuevissc.

1756 3301 1941 3371 Itaque
1991 3302 2094 3354 hoc
2142 3301 2302 3354 etiam
2352 3299 2554 3353 tamdiu
2604 3311 2875 3357 servatum
2929 3314 3043 3367 est,
3094 3307 3350 3371 quamdiu

1754 3374 1929 3440 prisca
1954 3373 2047 3426 illa
2073 3373 2241 3440 pietas
2268 3386 2331 3425 ac
2356 3371 2686 3426 verecundia
2714 3374 2847 3428 satis
2879 3376 2979 3429 fuit
3005 3374 3070 3429 ad
3104 3376 3350 3432 homines

1753 3443 1807 3497 in
1860 3442 2449 3515 officioicontiuendos
2486 3462 2535 3515 μιν
2572 3458 2833 3511 processu
2886 3461 3014 3499 vero
3065 3450 3345 3515 temporis,

1751 3526 2035 3569 crescente
2059 3514 2337 3568 hominum
2371 3513 2596 3575 malitia,
2631 3516 2935 3569 consultius
2964 3532 3027 3571 ac
3072 3513 3236 3570 tutius
3269 3522 3349 3571 vi-

1751 3600 1869 3639 sum
1902 3596 2006 3650 est,
2029 3586 2095 3639 ab
2126 3586 2191 3639 iis
2215 3587 2304 3652 qui
2338 3600 2467 3639 vere
2500 3586 2737 3653 religiosi
2765 3598 2859 3639 aut
2884 3587 3132 3639 monachi
3161 3588 3347 3643 haberi

1751 3658 1989 3719 vellent,
2048 3669 2362 3725 expressam
2424 3656 2838 3721 promissionem
2902 3663 3008 3708 tam
3075 3659 3342 3714 castitatis

1749 3741 1907 3796 quam
1952 3724 2375 3796 paupertatis_et
2419 3724 2745 3796 obedientim
2786 3726 3043 3793 exigere:
3080 3728 3343 3792 quemad-

1749 3793 1968 3850 modum
2000 3806 2052 3849 et
2084 3796 2144 3848 D.
2181 3794 2413 3847 Basilius
2455 3793 2657 3846 ibidem
2703 3796 2965 3853 decernit.
2994 3805 3047 3849 et
3085 3797 3174 3849 alii
3220 3801 3347 3853 reli-

1745 3870 1966 3936 gionum
1997 3865 2309 3918 fundatores
2341 3872 2397 3917 et
2427 3864 2771 3919 inStitutores
2803 3874 3145 3936 statuerunt;
3181 3871 3343 3926 tacita

1747 3935 1927 3991 tamen
1960 3936 2294 4003 professione
2336 3950 2440 3987 non
2482 3936 2719 4000 exclusa,
2754 3935 2848 3991 sed
2882 3940 3043 3992 certis
3074 3939 3343 3996 conditio-

1746 4009 1904 4063 nibus
1924 4023 2023 4077 per
2045 4022 2230 4062 sacros
2253 4021 2493 4060 canones
2512 4006 2919 4073 circumscripta
2949 4026 2959 4059 :
2989 4014 3128 4065 unde
3158 4028 3339 4078 parem

1743 4081 1939 4148 accipit
1967 4096 2089 4134 cum
2123 4092 2382 4147 expressa
2417 4078 2751 4147 professione
2782 4079 3089 4135 firmitatem
3122 4091 3176 4137 et
3207 4084 3341 4139 obli-

1741 4152 2039 4221 gationem.

1812 4221 1838 4259 ά
1880 4223 1983 4276 Alii
2035 4222 2251 4278 codices
2290 4238 2301 4272 :
2348 4219 2643 4275 Secundum
2691 4221 2982 4291 Scriptura?
3011 4228 3334 4281 sententiam.

1740 4296 1979 4349 llabetur
2034 4305 2212 4348 autem
2278 4292 2392 4345 haec
2446 4294 2715 4347 sententia
2763 4296 2905 4358 apud
2962 4296 3333 4352 Ecclesiasten

1739 4381 1857 4433 Cap.
1910 4382 1940 4418 v
1988 4366 2072 4419 his
2115 4364 2332 4417 verbis:
2370 4363 2432 4417 Si
2472 4364 2596 4430 quid
2636 4366 2815 4418 vovisti
2845 4365 2976 4428 Deo,
3018 4384 3083 4419 ne
3120 4371 3337 4422 moreris

1738 4439 1953 4490 reddere
1977 4452 1994 4489 :
2023 4436 2256 4505 displicet
2284 4434 2417 4486 enim
2440 4435 2488 4486 ei
2509 4435 2737 4492 inﬁdelis
2777 4445 2823 4489 et
2852 4438 3010 4490 stulta
3026 4440 3335 4507 promissio;

1740 4512 2002 4575 multoque
2026 4508 2207 4579 melius
2235 4515 2307 4559 est
2336 4522 2439 4558 non
2466 4521 2662 4571 vovere,
2691 4523 2843 4579 quam
2872 4520 2985 4579 post
3010 4523 3180 4562 votum
3209 4528 3333 4578 pro-

1740 4580 1895 4631 missa
1923 4596 2023 4631 non
2047 4578 2286 4631 reddere.
2828 4578 2835 4587 ’

1813 4661 1835 4687 ο
1878 4647 2589 4719 Αὺτθηιιηιίιιιίοηὶε,γείοιη
2630 4657 2683 4701 et
2728 4648 3126 4719 ahnvgationis,
3170 4668 3333 4708 voca-

1738 4720 1920 4773 bulum
1948 4732 2220 4788 sumptutn
2238 4735 2305 4773 ex
2324 4718 2501 4773 verbis
2515 4719 2815 4773 Salvatoris
2830 4718 2968 4790 apud
2985 4721 3328 4783 Matthteum:

1738 4791 1798 4845 Si
1842 4793 1956 4861 quis
2001 4792 2107 4844 vult
2150 4791 2321 4843 venire
2362 4799 2474 4860 post
2518 4807 2616 4857 me,
2654 4792 2866 4861 abneget
2902 4795 3246 4863 semetipsum,
3282 4808 3330 4850 et

1735 4864 1884 4938 tollat
1904 4880 2130 4938 _crucem
2174 4878 2343 4938 suam,
2396 4871 2442 4915 et
2487 4870 2728 4938 sequatur
2774 4880 2853 4916 me
2885 4863 3100 4934 (Matth.
3136 4866 3209 4938 κ).
3267 4869 3332 4923 Et

1732 4936 1871 5003 apud
1904 4934 2099 4988 Lucam
2129 4952 2140 4985 :
2174 4933 2353 4985 Omnis
2383 4949 2445 4984 ea:
2472 4933 2607 4986 vobis
2630 4934 2717 5001 qui
2738 4952 2841 4988 non
2872 4939 3135 4990 renuntiat
3164 4933 3330 4992 omni-

1732 5006 1825 5079 bus
1869 5022 1981 5076 qua:
2012 5006 2281 5079 possidet,
2335 5019 2433 5057 non
2485 5014 2647 5079 potest
2696 5021 2835 5059 meus
2885 5024 2990 5061 esse
3040 5010 3328 5079 discipulus

1730 5076 1883 5137 (Luc.
1920 5076 2052 5146 xtv).
2087 5076 2224 5141 Quid
2255 5086 2431 5128 autem
2462 5077 2533 5129 sit
2560 5075 2870 5145 abnegatio,
2906 5080 3019 5135 sive
3054 5075 3327 5135 abreuun.

1732 5148 1884 5219 tiatio
1907 5148 2052 5215 (sunt
2081 5148 2223 5219 enim
2250 5146 2367 5219 haec
2397 5149 2746 5219 synonyma),
2774 5149 2880 5203 late
2907 5152 3195 5205 disseritur
3218 5155 3326 5205 col-

1730 5217 1931 5272 latione
1961 5219 2144 5283 tertia,
2170 5218 2262 5271 ubi
2292 5217 2360 5271 de
2395 5217 3132 5275 tribus'abrenuntiationum
3164 5238 3327 5289 gene-

1728 5289 1878 5343 ribus
1906 5291 2102 5357 agitur.

1805 5358 1824 5397 ί
1869 5364 1945 5414 Ad
1976 5362 2196 5416 Galatas
2223 5370 2380 5416 sexto
2401 5376 2522 5431 cap.
2556 5362 2688 5417 dicit
2718 5363 3015 5430 Apostolus
3042 5381 3054 5414 :
3088 5361 3320 5415 Mundus

1726 5432 1862 5504 mihi;
1896 5433 2179 5499 cruciﬁxus
2226 5443 2321 5499 est,
2364 5443 2409 5486 et
2454 5452 2545 5504 ego
2587 5435 2801 5487 mundo.
2846 5432 3000 5504 Quod
3039 5448 3319 5499 exponens

1724 5502 1790 5556 D.
1834 5502 2123 5572 Gregorius
2167 5504 2303 5571 (Lib.
2337 5521 2371 5558 v
2411 5501 2599 5557 Horat.
2629 5521 2673 5557 c.
2706 5505 2798 5566 5),:
2836 5501 3085 5563 Mundus,
3121 5504 3313 5570 inquit,

1724 5577 1770 5627 ei
1812 5576 2087 5642 cruciﬁxus
2131 5586 2258 5641 erat,
2298 5576 2415 5644 quia
2450 5576 2581 5626 hunc
2610 5574 2754 5625 cordi
2791 5589 2882 5624 suo
2911 5574 3027 5640 jam
3064 5583 3317 5628 mortuum

1723 5662 1825 5699 non
1854 5646 2059 5699 amabat
2084 5662 2103 5698 :
2133 5647 2220 5697 sed
2260 5655 2306 5697 et
2336 5649 2557 5715 seipsum
2588 5644 2781 5715 mundo
2808 5644 3160 5711 cruciﬁxerat,
3191 5646 3315 5711 quia

1724 5718 1877 5770 talem
1904 5734 1955 5769 se
1981 5718 2028 5767 ei
2063 5714 2299 5769 exhibere
2326 5712 2544 5784 studuit,
2566 5723 2623 5784 ut
2649 5712 2710 5765 ab
2752 5730 2833 5777 eo,
2872 5716 3021 5784 quasi
3057 5726 3313 5781 mortuus,

1723 5789 2017 5856 concupisci
2040 5802 2144 5841 non
2173 5796 2363 5857 posset.
2389 5786 2457 5841 Et
2494 5783 2633 5843 infra
2661 5802 2674 5842 :
2705 5785 2838 5853 Quia
2868 5788 3027 5859 igitur
3059 5804 3149 5844 nec
3173 5786 3317 5844 Pau~
