3994 6202
1922 239 2204 297 JOANNIS
2241 235 2554 296 CASSIANI

3764 231 3870 291 190

606 355 812 412 mundo
833 355 958 412 huic
979 371 1100 412 esse
1122 357 1458 424 cruciﬁxum,
1493 356 1700 428 tibique
1729 357 1873 411 hunc
1901 358 2180 412 mundum.
2209 365 2260 424 Α
2287 352 2696 420 constrinxerit,
2738 351 3012 422 applicare
3053 350 3335 410 debemus.
3381 348 3452 406 Et
3498 350 3638 406 sicut
3684 347 3733 404 is
3777 349 3870 418 qui

607 447 900 505 Considera
923 462 1051 516 ergo
1074 449 1413 502 conditiones
1435 451 1632 512 crucis,
1662 449 1762 502 sub
1783 448 1938 517 cujus
1962 457 2016 503 te
2035 448 2187 502 dein-

604 553 732 609 ceps
771 549 1111 594 sacramento
1145 551 1359 608 oportet
1399 543 1449 592 in
1489 541 1588 594 hac
1625 540 1745 594 luce
1790 541 2024 608 versari,
2063 541 2186 608 quia

601 629 713 700 jam
748 637 806 684 tu
841 645 946 684 non
975 631 1134 692 vivis,
1177 630 1271 684 sed
1302 631 1390 686 ille
1419 632 1550 684 vivit
1579 631 1632 684 in
1669 640 1742 694 te,
1772 631 1864 701 qui
1901 643 1985 684 est
2014 632 2188 686 cruci-

605 721 744 776 ﬁxus
765 737 864 795 pro
887 731 938 776 te
965 719 1162 790 (Galat.
1190 722 1273 791 ιι).
1303 723 1380 776 Eo
1403 737 1534 792 ergo
1563 723 1750 777 habitu
1777 737 1838 776 ac
1867 723 2057 792 ﬁgura,
2081 735 2186 792 qua

602 830 704 886 pro
733 815 893 870 nobis
919 815 970 869 in
1000 815 1236 884 patibulo
1259 815 1362 869 fuit
1389 816 1479 870 ille
1503 831 1821 886 suspensus,
1845 831 1948 870 nos
1973 831 2186 885 quoque

603 923 826 963 necesse
859 915 943 963 est
971 909 1023 962 in
1054 908 1154 962 hac
1180 909 1286 962 vita
1315 909 1534 978 degere,
1559 921 1620 963 ut
1647 911 1858 965 scilicet
1890 909 2183 966 secundum

599 998 768 1054 David
807 995 980 1069 (Psal.
1028 999 1240 1069 cxvtn),
1288 1001 1570 1072 afligentes
1616 1001 1684 1056 de
1732 1003 1922 1056 timore
1973 1001 2184 1056 Domini

598 1105 787 1147 carnes
833 1103 1068 1158 nostras,
1101 1092 1387 1147 universas
1433 1095 1737 1148 voluntates
1787 1109 1850 1148 ac
1889 1094 2178 1161 desideria,

601 1175 709 1239 non
753 1192 954 1240 nostra:
992 1185 1444 1256 concupiscentia:
1483 1189 1795 1254 servientis,
1829 1187 1920 1242 sed
1957 1187 2183 1242 mortiﬁ-

598 1277 794 1333 cationi
827 1279 941 1348 ejus
975 1278 1269 1334 habeamus
1298 1281 1480 1334 afﬁxa.
1513 1281 1602 1336 Sic
1631 1283 1772 1338 enim
1800 1281 2014 1336 Domini
2045 1298 2184 1352 pras-

595 1381 809 1440 ceptum
845 1370 1186 1439 implebimus
1207 1372 1441 1426 dicentis
1467 1371 1682 1440 (Matth.
1719 1371 1930 1444 x):Qui
1963 1390 2068 1428 non
2092 1389 2183 1428 ac-

599 1461 731 1529 cipit
783 1476 1000 1516 crucem
1052 1477 1201 1518 suam
1250 1473 1307 1518 et
1348 1465 1594 1533 sequitur
1637 1479 1746 1530 me,
1806 1481 1910 1518 tton
1963 1475 2045 1520 est
2093 1480 2182 1521 me

595 1551 808 1620 dignus.
839 1553 945 1608 Sed
977 1552 1114 1608 forte
1139 1553 1322 1608 dicas:
1351 1553 1633 1620 Quomodo
1651 1562 1831 1622 potest
1860 1553 2023 1608 homo
2055 1569 2178 1610 cru-

594 1657 712 1698 cem
743 1657 893 1698 suam
913 1644 1111 1714 jugiter
1141 1657 1378 1714 portare,
1401 1645 1488 1700 vel
1513 1645 1961 1715 quemadmodum
1991 1647 2179 1701 vivens

2287 449 2533 519 patibulo
2551 447 2727 502 crucis
2765 445 3006 514 atﬁgitur
3034 461 3140 500 non
3166 445 3276 514 jam
3309 443 3596 514 praesentia
3625 451 3870 498 contem-

2285 541 2484 611 platur,
2516 555 2620 596 nec
2645 539 2714 594 de
2745 539 2854 594 suis
2882 537 3258 594 affectionibus
3282 536 3504 606 cogitat,
3525 549 3632 590 non
3661 549 3760 612 pro
3781 533 3868 590 die

2290 637 2528 690 crastino
2554 633 2924 688 sollicitudine
2943 647 3175 702 curaque
3199 630 3546 696 distenditur,
3571 629 3715 684 nulla
3744 643 3870 702 pos-

2286 727 2496 782 sidendi
2531 726 2965 796 concupiscentia
3000 735 3374 795 permovetur,
3407 725 3554 780 nulla
3595 724 3868 794 superbia,

2285 819 2434 874 nulla
2484 821 2860 884 contentione,
2913 818 3062 874 nulla
3109 818 3451 874 aemulatione
3495 815 3863 880 succenditur,

2284 925 2392 966 non
2417 913 2486 968 de
2513 913 2873 982 presentibus
2893 911 3040 966 dolet
3069 909 3305 980 injuriis,
3335 923 3442 964 non
3465 908 3861 980 praeteritarum

2278 1005 2388 1075 jam
2419 1005 2764 1070 recordatur,
2799 1019 2966 1074 seque
2992 1018 3115 1060 cum
3143 1001 3319 1060 adhuc
3345 1001 3514 1070 spirat
3543 1003 3595 1054 in
3636 1015 3866 1069 corpore

2282 1099 2488 1154 cunctis
2525 1099 2808 1158 elementis
2849 1095 3025 1154 credit
3055 1109 3176 1152 esse
3203 1093 3542 1158 defunctum,
3567 1092 3694 1150 illuc
3725 1107 3866 1166 prte-

2283 1193 2502 1248 mittens
2551 1192 2632 1245 sui
2685 1190 2866 1245 cordis
2915 1189 3193 1252 intuitum,
3239 1202 3347 1258 quo
3388 1201 3450 1244 se
3489 1200 3596 1244 non
3646 1185 3866 1240 dubitat

2283 1283 2428 1338 illico
2458 1284 2814 1336 transiturum
2834 1298 2853 1333 ι
2889 1283 2960 1337 ita
2992 1295 3091 1335 nos
3125 1293 3339 1350 quoque
3365 1287 3392 1316 ι
3419 1277 3616 1336 timore
3649 1279 3864 1334 Domini

2281 1376 2571 1430 crucitixos
2600 1381 2812 1443 oportet
2841 1373 2926 1428 bis
2963 1371 3232 1435 omnibus,
3279 1369 3332 1426 id
3375 1380 3483 1437 est,
3531 1383 3640 1426 non
3682 1369 3864 1424 solum

2280 1469 2588 1524 carnalibus
2615 1468 2778 1533 vitiis,
2808 1481 2995 1520 verum
3037 1465 3198 1519 etiam
3235 1463 3366 1532 ipsis
3401 1463 3684 1526 elementis
3715 1479 3862 1520 mor-

2281 1569 2401 1614 tuos
2430 1574 2575 1628 esse,
2611 1560 2734 1614 illuc
2781 1559 3042 1613 habentes
3076 1557 3265 1612 oculos
3294 1557 3488 1612 animae
3533 1566 3736 1612 nostra:
3763 1557 3864 1612 de-

2280 1652 2437 1716 ﬁxos,
2473 1667 2577 1718 quo
2607 1667 2704 1706 nos
2734 1665 2956 1720 sperare
2992 1650 3250 1704 debemus
3295 1647 3586 1704 momentis
3633 1649 3865 1718 singulis

600 1736 718 1804 quis
747 1737 922 1806 possit
947 1751 1068 1792 esse
1098 1737 1428 1792 cruciﬁxus?
1459 1739 1593 1793 Audi
1627 1739 1888 1794 rationem
1918 1738 2173 1795 breviter.
2206 1741 2254 1802 B
2279 1746 2624 1814 migraturos.
2670 1743 2779 1796 lloc
2811 1743 2956 1796 enim
2989 1743 3149 1796 modo
3177 1741 3532 1796 mortiﬁcatas
3557 1741 3864 1809 poterimus

1146 1827 1370 1884 CAPUT
1411 1829 1629 1886 XXXV.

857 1921 1006 1986 Quod
1031 1937 1162 1975 crux
1191 1929 1369 1976 nostra
1405 1923 1555 1976 timor
1589 1921 1795 1976 Domini
1821 1924 1902 1978 sit.

663 2011 806 2067 Crux
835 2023 1020 2068 nostra
1069 2016 1222 2070 timor
1269 2015 1486 2069 Domini
1529 2027 1632 2070 est.
1668 2017 1815 2070 Sicut
1843 2032 1972 2086 ergo
1999 2019 2176 2073 cruci-

594 2104 736 2159 llxus
759 2105 876 2175 quis
903 2105 1012 2175 jam
1047 2121 1152 2160 non
1187 2123 1283 2176 pro
1318 2099 1483 2162 ant’mi
1510 2109 1592 2162 sui
1625 2117 1774 2162 motu
1807 2109 2052 2164 membra
2077 2125 2176 2165 sua

589 2213 856 2268 quoquam
883 2199 1134 2252 movendi
1161 2200 1241 2254 vel
1264 2199 1616 2254 convertendi
1639 2200 1797 2254 habet
1821 2211 2170 2269 potestatem:

591 2289 661 2342 ita
691 2304 744 2345 ct
781 2306 878 2347 nos
907 2293 1214 2346 voluntates
1257 2303 1472 2346 uestras
1509 2309 1570 2347 ac
1603 2293 1891 2361 desideria,
1937 2310 2042 2348 non
2088 2309 2173 2350 se-

588 2381 821 2437 cundum
845 2383 896 2438 id
924 2383 1061 2453 quod
1089 2384 1242 2438 nobis
1278 2400 1444 2440 suave
1475 2395 1553 2439 est
1585 2399 1645 2440 ac
1670 2386 1906 2441 delectat
1936 2387 2002 2442 ad
2029 2403 2170 2458 prat-

587 2487 735 2542 sens,
787 2474 883 2530 sed
929 2473 1222 2530 secundum
1273 2475 1445 2544 legem
1494 2476 1728 2545 Domini,
1782 2493 1887 2547 quo
1935 2494 2034 2533 nos
2075 2479 2166 2532 illa

2281 1840 2564 1890 universas
2583 1833 3048 1904 concupiscentias
3074 1843 3310 1902 nostras,
3337 1843 3390 1889 et
3412 1833 3636 1890 allectus
3655 1833 3864 1891 habere

2280 1929 2548 1986 carnales.

2807 2037 3034 2095 CAPUT
3067 2038 3311 2095 XXXVI.

2280 2177 2432 2244 Quod
2453 2175 2762 2230 renuntiatio
2803 2183 2982 2227 nostra
3020 2173 3150 2246 nihil
3180 2173 3366 2246 prosit,
3392 2173 3436 2228 si
3459 2173 3646 2229 eisdem
3667 2176 3857 2246 quibus

2665 2247 3068 2299 renuntiavimus
3110 2245 3452 2313 implicemur.

2343 2383 2486 2441 Cave
2514 2399 2641 2454 ergo
2673 2399 2741 2438 ne
2766 2382 2894 2454 quid
2923 2381 3216 2452 aliquando
3245 2396 3432 2436 eorum
3459 2397 3704 2437 resumas
3731 2399 3856 2453 quae

2273 2479 2592 2534 renuntians
2613 2477 2883 2546 abjecisti,
2910 2485 2965 2531 et
2989 2474 3016 2514 δ
3039 2483 3231 2532 contra
3263 2475 3478 2532 Domini
3501 2475 3854 2532 interdictum

1633 2631 1893 2688 ALARDI
1931 2630 2169 2688 GAZIEI
2204 2630 2770 2688 COMMENTARIUS.

583 2767 662 2820 lus
698 2764 876 2818 mundi
907 2765 1124 2835 gloriam
1159 2764 1434 2834 qtta'rebat,
1471 2781 1564 2818 nec
1593 2781 1624 2816 a
1653 2765 1833 2817 mundi
1863 2765 2029 2833 gloria
2056 2763 2167 2832 ipse

582 2840 921 2904 quwrebatur,
948 2847 998 2890 et
1032 2852 1084 2890 se
1117 2837 1330 2902 mundo,
1369 2844 1415 2890 et
1450 2836 1700 2890 mundum
1725 2837 1820 2890 sibi
1860 2835 2164 2904 cruciﬁxum

588 2925 699 2961 esse
723 2909 996 2976 gloriatur.
1027 2907 1150 2960 Haec
1173 2909 1484 2976 Gregorius.
1515 2907 1740 2961 Pulchra
1771 2919 1947 2960 autem
1980 2907 2032 2959 in
2063 2905 2164 2960 hoc

585 2980 762 3047 capite
789 2987 842 3032 et
873 2979 1112 3047 sequenti
1143 2979 1438 3032 inStituitnr
1467 2978 1797 3046 comparatio
1827 2978 2074 3031 monachi
2107 2986 2162 3032 et

585 3049 823 3104 hominis
844 3049 988 3102 cruci
1014 3049 1180 3112 altixi,
1214 3051 1348 3101 iC('lll
1372 3048 1678 3114 dignissima
1709 3060 1764 3100 et
1791 3049 1961 3116 praxi.
1988 3048 2156 3114 Quam

582 3121 1042 3188 comparationem
1075 3119 1341 3173 Caesarius
1385 3119 1567 3172 itidem
1617 3119 1756 3184 (Lib.
1805 3134 1896 3171 vin
1943 3135 1987 3171 c.
2047 3117 2156 3185 10),

2337 2763 2366 2802 ι)
2401 2763 2604 2818 Alludit
2630 2763 2694 2816 ad
2725 2764 2900 2818 locum
2925 2762 3158 2817 Matthaei
3179 2779 3303 2818 xxiv
3320 2763 3519 2834 capite,
3545 2765 3632 2819 ubi
3665 2765 3852 2821 Domi.

2279 2847 2400 2898 nus,
2432 2835 2498 2889 de
2540 2834 2748 2888 excidio
2790 2835 3287 2904 Hierosolymorum
3321 2845 3375 2890 et
3403 2837 3708 2891 calamitate
3753 2837 3854 2892 Ju—

2266 2905 2502 2978 dmorut‘n
2552 2905 2800 2974 loquens,
2831 2907 2906 2958 ait
2939 2923 2950 2956 :
2976 2904 3128 2978 Tunc
3157 2907 3244 2974 qui
3271 2907 3323 2958 in
3347 2906 3538 2960 Iudaea
3575 2917 3724 2974 sunt,
3765 2914 3854 2978 fu-

2264 2977 2406 3046 giant
2435 2980 2502 3029 ad
2545 2986 2778 3040 montes;
2806 2985 2852 3028 et
2896 2977 2984 3044 qui
3025 2977 3080 3028 in
3109 2986 3259 3044 tecto,
3305 2993 3408 3030 non
3455 2977 3850 3042 descendat,rut

2263 3051 2410 3099 tollat
2434 3047 2637 3112 aliquid
2664 3049 2726 3099 de
2753 3047 2904 3099 domo
2930 3062 3059 3110 sua;
3099 3057 3144 3100 et
3171 3049 3259 3110 qui
3287 3049 3339 3101 in
3365 3065 3510 3118 agro,
3545 3065 3646 3101 non
3683 3067 3851 3104 rever-

2267 3125 2405 3170 tatur
2454 3121 2632 3171 tollere
2679 3120 2906 3170 tunicam
2943 3134 3109 3170 suam.
3149 3118 3314 3185 Quem
3347 3119 3520 3172 locum
3569 3121 3734 3174 etiam
3781 3123 3845 3176 D.

581 3179 836 3246 noo'ille
889 3189 1226 3243 Arelatensis
1278 3193 1586 3256 episcopus,
1626 3179 2163 3261 'sedCisterciens'is
2190 3179 2235 3242 C
2269 3187 2499 3261 Hilarius
2541 3190 2765 3261 mystice
2811 3198 2864 3242 et
2915 3179 3226 3261 munditer,
3261 3199 3316 3242 ut
3368 3191 3452 3244 hic
3507 3190 3803 3247 Cassianus
3829 3238 3846 3261 ,

585 3263 901 3324 monachus,
937 3261 1180 3328 apposite
1212 3270 1264 3313 et
1289 3269 1653 3312 consentanea
1683 3260 1806 3313 huic
1834 3259 2164 3324 iUCO.CX|tla-

580 3344 672 3386 not
701 3335 750 3386 in
785 3333 927 3384 hunc
965 3331 1182 3384 modum
1218 3349 1229 3381 :
1267 3329 1474 3396 Duplex?
1497 3339 1572 3382 est
1601 3329 1961 3397 religiosorum
1995 3332 2164 3382 cruci-

582 3405 727 3470 ]i.cio,
757 3403 974 3455 (taurinis
1001 3401 1258 3454 interioris
1292 3418 1381 3470 per
1406 3401 1626 3454 alienam
1658 3402 2083 3468 compassionem,
2117 3409 2165 3454 et

581 3475 802 3528 ltonnnis
825 3474 1088 3526 exterioris
1113 3489 1201 3540 per
1223 3473 1486 3540 propriam
1507 3473 1674 3524 carnis
1694 3472 2160 3538 tttortificationem.

580 3545 720 3598 Crux
750 3547 882 3598 enini
913 3543 1103 3595 dicitur
1137 3559 1169 3594 a
1189 3545 1420 3596 cruciatu
1447 3558 1464 3595 :
1493 3559 1621 3596 cruat
1642 3541 2006 3596 monachorum
2026 3543 2166 3613 rigor

581 3615 777 3670 ordinis
810 3625 902 3680 est,
940 3625 1044 3666 tant
1067 3625 1274 3684 propter
1301 3615 1502 3682 vigilias
1529 3623 1576 3666 et
1599 3615 1876 3674 orationes,
1912 3624 2020 3666 tum
2043 3629 2165 3682 pro-

579 3697 690 3762 pter
711 3688 918 3756 jejunia
946 3696 991 3738 et
1018 3687 1414 3756 castigationes;
1452 3695 1557 3737 tum
1587 3695 1796 3762 propter
1820 3685 2088 3762 silentium
2115 3693 2164 3738 et

580 3757 736 3830 opera
771 3773 1051 3822 manuum;
1092 3769 1194 3830 tum
1235 3767 1459 3830 prapterr
1484 3758 1654 3810 carnis
1681 3757 2076 3830 continentiam,
2117 3766 2165 3809 et

580 3828 992 3896 uestimentorum
1038 3828 1293 3896 stratique
1346 3829 1606 3880 duritiam.
1665 3829 1767 3892 Qui
1823 3839 1993 3881 autem
2043 3837 2165 3880 sunt

580 3895 816 3968 Christi?
851 3898 950 3963 Qui
982 3913 1096 3948 cum
1119 3895 1362 3965 Apostolo
1388 3901 1554 3950 dicere
1587 3909 1796 3962 possunt
1831 3897 2029 3968 (Galat.
2064 3903 2160 3963 ll):

581 3965 787 4021 Christo
818 3968 1006 4028 conﬁxi
1037 3985 1214 4020 sumus
1251 3971 1391 4020 cruci
1418 3985 1436 4020 :
1465 3969 1550 4036 qui
1582 3985 1783 4020 carnem
1814 3965 1958 4020 suam
1995 3969 2164 4020 cruci-

578 4035 825 4106 ﬁxerunt,
855 4039 908 4090 id
935 4049 1030 4100 est,
1055 4040 1196 4090 cruci
1235 4035 1524 4104 aﬁixerunt,
1558 4054 1672 4088 cum
1707 4039 1840 4089 vitiis
1875 4053 2082 4102 operum
2113 4047 2162 4090 et

578 4108 1412 4180 concupiscentiisdesideriorum
1433 4117 1718 4180 pugnantes
1744 4122 1759 4158 :
1791 4123 1879 4159 nec
1899 4119 2161 4180 ponuntur

579 4178 662 4232 illi
693 4178 794 4232 duo
821 4179 1030 4250 genitiui
1059 4178 1281 4250 plurales
1304 4178 1786 4240 instrumentaliter,
1819 4181 1905 4230 sed
1939 4178 2156 4242 passive,

578 4265 636 4302 eo
668 4248 924 4319 quodper
952 4249 1161 4300 virtutes
1189 4248 1243 4300 in
1275 4250 1442 4302 carnis
1471 4253 1814 4302 maceratione
1852 4251 2160 4312 morti/ieeu—

579 4329 680 4373 tur.
715 4318 842 4373 Tres
871 4319 1018 4384 claui,
1047 4322 1229 4386 quibus
1251 4336 1435 4384 corpus
1463 4319 1700 4382 monachi
1730 4322 1868 4370 cruci
1891 4321 2033 4374 debet
2055 4337 2160 4374 esse

578 4391 804 4462 nmmum,
839 4401 937 4444 (res
963 4399 1081 4442 sunt
1125 4393 1336 4462 virtutes
1373 4408 1462 4462 per
1490 4407 1635 4457 quas,
1666 4399 1790 4442 teste
1821 4389 2154 4460 Hieronymo,

579 4461 832 4532 martyres
865 4463 1166 4531 efficiuntur,
1195 4461 1386 4515 scilicet
1423 4463 1725 4524 obedirntia,
1761 4464 2021 4528 patientia,
2063 4463 2159 4514 hu-

578 4535 813 4616 militas:
845 4549 1050 4616 manum
1083 4533 1317 4614 monac/ti
1355 4534 1837 4614 demirantconﬁgat
1873 4535 2157 4616 obedientia
2189 4557 2232 4616 Β

576 4605 687 4657 sine
729 4605 1169 4668 murmuratione;
1215 4605 1468 4656 sinistram
1507 4603 1763 4671 patientia
1793 4606 1903 4656 sine
1943 4603 2159 4656 simula-

578 4674 713 4727 tione
739 4690 756 4733 :
786 4675 986 4728 clavum
1007 4675 1305 4727 obedientia:
1331 4673 1562 4738 impellat
1585 4689 1731 4744 amor
1751 4691 1984 4744 superum
2003 4674 2158 4744 liber-

578 4746 737 4798 tatis:
765 4747 968 4798 clarum
1000 4746 1258 4814 patientia:
1287 4745 1440 4797 timor
1464 4759 1622 4810 paena!
1650 4743 1961 4814 gehennalis.
1993 4743 2157 4798 Pedes

579 4817 720 4868 illius
751 4832 868 4868 vera
896 4817 1156 4868 humilitas
1187 4817 1448 4882 conligat;
1479 4823 1531 4866 ut
1567 4831 1667 4866 non
1697 4815 1864 4865 solum
1899 4814 2152 4885 praelatis,

577 4887 668 4940 sed
694 4897 741 4940 et
765 4887 1010 4956 fratribus
1033 4901 1086 4939 se
1112 4895 1320 4956 propter
1346 4886 1604 4938 Christum
1628 4885 1888 4956 subjiciat,
1913 4895 1966 4936 ut
1991 4888 2159 4938 dicere

577 4959 736 5023 possit
777 4973 890 5010 cum
933 4954 1215 5026 Psalmista
1242 4955 1410 5026 (Paul.
1438 4959 1623 5026 cxvtn)
1657 4973 1668 5006 :
1707 4954 2017 5026 Humiliatns
2046 4973 2156 5008 sunt

577 5043 954 5098 usquequaque,
991 5025 1205 5080 Domine
1228 5025 1258 5080 :'
1284 5025 1349 5078 Et
1381 5031 1433 5078 in
1474 5027 1579 5080 alia
1608 5025 1806 5098 psalmo
1836 5025 1950 5092 (Ps.
1989 5033 2114 5098 va)
2143 5043 2156 5080 :

577 5097 883 5168 lmposuisti
923 5097 1153 5170 homines
1189 5115 1340 5170 super
1380 5100 1553 5161 capita
1587 5097 1782 5152 nostra:
1823 5098 1938 5150 Duo
1983 5097 2156 5165 pedes,

579 5169 776 5236 duplex
801 5177 874 5222 est
894 5168 1153 5237 superbia,
1181 5168 1362 5222 mentis
1388 5171 1581 5222 scilicet
1607 5179 1650 5222 et
1677 5171 1906 5239 corporis
1931 5186 1949 5223 :
1977 5182 2020 5222 et
2047 5171 2162 5222 licet

577 5241 819 5310 superbia
859 5249 1014 5310 caput
1051 5241 1117 5310 sit
1159 5241 1385 5293 omnium
1419 5242 1691 5304 vittarum;
1737 5258 1838 5293 non
1877 5251 2042 5293 tamen
2079 5241 2161 5292 itt-

577 5308 802 5380 congrue
847 5308 936 5380 per
962 5308 1145 5382 pedes,
1192 5313 1276 5381 qui
1314 5311 1508 5382 inﬁnite
1547 5319 1664 5362 sunt
1701 5321 1868 5382 partes
1907 5312 2157 5381 corporis,

574 5383 886 5450 quandoque
932 5381 1266 5450 designatur;
1315 5381 1452 5449 quod
1503 5382 1636 5432 enim
1681 5381 1824 5450 ualde
1868 5383 2068 5450 odimus
2113 5390 2161 5432 et

573 5449 903 5524 despicimus,
931 5453 1028 5524 hoc
1043 5449 1267 5519 pedibus
1293 5451 1686 5504 conculcantus:
1707 5449 2016 5524 undeJosue
2037 5451 2162 5524 ﬁliis

575 5519 750 5576 Israel
794 5535 848 5576 ut
891 5521 1024 5596 colla
1063 5538 1241 5596 regum
1284 5524 1606 5596 calcaret-itur
1637 5521 1904 5596 (prwcepit.
1938 5521 2028 5596 rlta
2071 5521 2161 5576 ille

575 5599 910 5647 monachum
939 5591 1184 5647 adinstar
1207 5593 1440 5646 hominis
1467 5593 1708 5647 crucitixi
1735 5591 2001 5660 depingit.

563 5691 568 5712 -.
650 5662 946 5726 ll(lomodo
977 5665 1222 5716 monachi
1268 5665 1516 5718 dicantur
1560 5664 1760 5720 mundo
1789 5663 1990 5720 mortui
2034 5663 2162 5720 vide

573 5729 772 5785 collat.
799 5731 872 5786 ει
898 5745 1022 5798 cap.
1045 5735 1080 5788 ο
1107 5732 1462 5800 esplicauun.

2269 3259 2679 3322 interpretatur.
2707 3259 2823 3324 Quo
2853 3259 3065 3328 quidem
3096 3273 3254 3314 sensu
3285 3275 3412 3314 vere
3443 3261 3638 3315 dicitur
3658 3259 3849 3317 monaé

2267 3331 2370 3382 cho
2413 3331 2754 3384 interdictum
2788 3329 2855 3384 de
2886 3329 3229 3398 perfectionis
3269 3339 3410 3385 tecto
3454 3333 3846 3389 descendendo

2267 3401 2466 3468 aliquid
2516 3403 2708 3472 tollere
2748 3415 2814 3452 ex
2848 3402 2928 3455 his
2969 3417 3088 3471 qua:
3117 3403 3506 3458 abrenuntians
3533 3404 3845 3472 abdicarit;

2267 3481 2362 3526 aut
2389 3473 2454 3524 de
2486 3487 2614 3540 agro
2639 3471 2975 3539 Evangelica:
2997 3475 3343 3539 operationis
3372 3475 3596 3540 reverti,
3626 3483 3683 3528 ut
3703 3471 3848 3530 tunié

2266 3556 2349 3609 ca,
2381 3541 2482 3596 hoc
2509 3550 2610 3606 est,
2641 3543 2886 3596 externis
2916 3553 2970 3596 et
3017 3544 3401 3614 temporalibus
3435 3545 3611 3608 bOnis,
3644 3549 3850 3614 quibus

2265 3627 2325 3666 se
2352 3614 2617 3682 spoliarit,
2654 3615 2999 3668 reVestiatur.
3029 3615 3132 3668 Sed
3169 3613 3382 3682 juvabit
3406 3617 3490 3671 hic
3517 3617 3615 3672 SS.
3651 3613 3848 3674 Patres

2266 3683 2596 3739 disserentes
2661 3683 2914 3739 audiis~e.
2983 3685 3217 3738 Hilarius
3276 3687 3327 3739 in
3399 3690 3846 3744 commentario:

2268 3752 2499 3818 Tectum,
2527 3757 2719 3826 inquit,
2753 3766 2824 3808 est
2873 3757 3056 3826 domus
3098 3757 3382 3826 fastigium,
3415 3767 3462 3812 et
3507 3756 3848 3816 habitationis

2264 3828 2420 3896 totius
2452 3825 2647 3881 excelSa
2680 3827 2946 3896 perfectio.
2989 3825 3088 3892 Qui
3131 3825 3288 3896 igitur
3312 3828 3368 3880 itt
3405 3832 3851 3887 consummatione

2263 3895 2445 3950 domas
2475 3915 2581 3951 sine
2613 3941 2624 3958 ,
2658 3897 2714 3949 id
2741 3895 2836 3958 ett,
2862 3899 2914 3950 in
2936 3899 3104 3949 rordis
3134 3897 3216 3948 sui
3254 3903 3567 3966 perfectione
3595 3903 3846 3956 constite-

2263 3969 2350 4032 rit,
2377 3971 2679 4043 descendere
2707 3970 2775 4043 it_t_
2789 3967 3067 4043 humiliora
3095 3984 3270 4043 reruni
3285 3973 3613 4043 stccularium
3635 3973 3850 4043 cupidi.-

2263 4045 2367 4113 tate
2397 4056 2498 4091 non
2532 4037 2795 4113 debet._Et
2816 4041 2904 4108 qui
2930 4041 2981 4113 in
3023 4054 3169 4109 agro,
3199 4041 3392 4113 scilicet
3417 4047 3612 4111 positus
3643 4037 3850 4113 iit-ope-

2261 4111 2456 4162 ratione
2485 4109 2744 4179 prtecepti.
2771 4125 2872 4160 non
2899 4109 2964 4160 ad
2994 4125 3144 4160 curas
3171 4109 3846 4180 pristinas-revertatur,ob

2260 4195 2386 4242 quas
2409 4193 2629 4232 veterum
2655 4180 2838 4232 exinde
2865 4181 3234 4248 peccaminum.
3258 4181 3439 4248 quibus
3483 4193 3633 4236 antea
3659 4195 3844 4238 cante-

2257 4251 2492 4322 gebatur,
2519 4252 2612 4303 erit
2636 4251 2860 4301 tunicam
2887 4250 3182 4322 relicturus.
3219 4251 3281 4306 D.
3310 4253 3663 4322 Hieronymus
3689 4253 3840 4308 Lici-

2262 4319 2407 4374 nium
2433 4321 2510 4394 ad
2535 4319 2987 4394 perseverantiam
3013 4321 3279 4394 hortatur
3301 4324 3485 4378 multis
3513 4319 3841 4394 hujusmodi

2259 4393 2542 4464 senti-otiis
2575 4390 2933 4464 euocet-Vatis,
2959 4393 3110 4464 quasi
3155 4394 3204 4445 in
3237 4393 3375 4447 idem
3421 4390 3798 4464 spectantibus
3827 4415 3844 4450 :

2264 4461 2484 4538 Obsecro
2505 4473 2573 4524 te,
2603 4461 2776 4538 inquit
2805 4459 2996 4530 (Epist.
3022 4461 3151 4538 28),
3191 4473 3239 4538 et
3261 4459 3466 4538 moneo.
3499 4467 3723 4538 parentis
3755 4471 3850 4538 af-

2265 4537 2424 4602 fectu,
2453 4543 2511 4585 ut
2541 4535 2629 4600 qui
2661 4533 2944 4588 Sodomam
2967 4532 3219 4602 reliquisti
3249 4534 3405 4604 (Cen.
3437 4535 3574 4605 x11),
3597 4539 3666 4588 ad
3687 4532 3846 4590 mon-

2263 4615 2384 4658 tana
2413 4607 2680 4676 festinans,
2708 4613 2819 4672 post
2849 4613 3046 4674 tergum
3069 4607 3400 4676 nerespicias
3430 4623 3448 4660 :
3471 4623 3534 4660 ne
3557 4609 3720 4660 aratri
3745 4611 3846 4662 sti-

2260 4693 2372 4729 vam
2401 4675 2558 4745 (Luc.
2593 4677 2695 4746 Ix),
2725 4690 2787 4728 ne
2825 4676 3078 4742 ﬁmbriam
3126 4675 3437 4746 Saluatoris,
3470 4691 3532 4730 ne
3571 4679 3845 4734 cincinnos

2262 4748 2395 4815 ejus.
2429 4749 2593 4800 noctis
2638 4763 2755 4800 rore
2797 4749 3114 4817 madefactos
3147 4745 3368 4812 (Cautio.
3407 4747 3480 4818 ν),
3526 4765 3654 4818 quos
3681 4751 3846 4803 semel

2262 4825 2433 4872 tenere
2463 4819 2676 4886 coepisti,
2709 4817 2987 4886 aliquando
3019 4819 3280 4882 dimittas;
3303 4833 3365 4870 ne
3407 4817 3471 4871 de
3501 4817 3626 4871 tecto
3668 4819 3844 4873 virtu-

2263 4899 2370 4940 tum
2411 4892 2630 4959 pristina
2657 4889 2963 4956 quwsiturus
2992 4889 3288 4959 uestimenta
3333 4887 3657 4959 descendas;
3684 4907 3750 4942 ne
3781 4892 3847 4944 de

2261 4974 2389 5026 agro
2411 4954 2698 5029 revertaris
2725 4961 2928 5012 domum
2955 4954 3163 5026 (Matth.
3207 4955 3372 5029 ttxrv);
3404 4973 3466 5009 ne
3503 4963 3840 5029 campestria,

2261 5043 2376 5082 cum
2407 5027 2538 5080 Loth
2567 5027 2718 5100 (Cen.
2749 5035 2888 5100 XIII),
2915 5037 2959 5080 et
2981 5041 3178 5078 unauna
3199 5027 3460 5078 hortorum
3483 5027 3692 5099 diligas,
3723 5049 3848 5100 qm:

2261 5115 2362 5152 non
2391 5099 2666 5170 irrigantur
2693 5100 2757 5154 de
2785 5099 2930 5160 creto,
2953 5106 3006 5148 ut
3034 5105 3168 5170 terra
3195 5105 3391 5161 sancta,
3423 5101 3513 5151 sed
3541 5107 3604 5152 de
3631 5099 3846 5156 turbido

2261 5165 2764 5244 ﬂumine—.lordanis,
2783 5181 3061 5244 postquam
3075 5165 3252 5220 dulces
3272 5183 3434 5244 aquas
3455 5173 3616 5225 maris
3633 5172 3683 5224 Μ
3693 5176 3844 5228 ortui
3889 5199 3902 5214 ι

2263 5237 2624 5296 commixtione
2665 5239 2891 5292 mutavit.
2925 5237 3144 5308 prisse
3173 5239 3452 5292 multorum
3485 5252 3595 5308 est;
3617 5245 3685 5294 ad
3714 5245 3844 5296 cul-

2265 5327 2376 5364 ttten
2405 5314 2708 5382 pervenisse,
2742 5321 3040 5382 paucorum.
3070 5306 3170 5374 Qui
3193 5310 3242 5360 in
3269 5312 3438 5363 stadio
3464 5306 3693 5374 currunt,
3717 5329 3842 5366 om-

2265 5398 2353 5436 nes
2379 5379 2586 5451 quidmt
2619 5387 2874 5451 currunt;
2905 5379 2989 5430 sed
3015 5395 3144 5451 unus
3172 5383 3356 5448 accipit
3391 5381 3678 5446 brariumtl
3711 5382 3842 5438 Cor.

2263 5459 2359 5520 Vl).
2385 5448 2448 5506 At
2469 5461 2650 5506 contra
2675 5448 2817 5502 nobis
2844 5450 3048 5502 dicitur.
3081 5449 3167 5504 Sic
3189 5455 3402 5517 currite,
3429 5463 3482 5505 ut
3505 5455 3844 5520 comprehen-

2263 5519 2397 5596 datis
2433 5525 2473 5594 (l
2503 5521 2623 5596 Cur.
2657 5519 2834 5596 ηιμ).
2859 5521 3189 5596 ᾼυειιξιὶῃιιξ
3227 5525 3530 5596 ἱιιῄθρὶδιοΙιι
3559 5519 3625 5576 ad
3659 5524 3844 5596 Hesy-

2261 5589 2659 5666 cltium'(Epist.
2689 5591 2778 5666 80)
2805 5607 2817 5642 :
2851 5589 2917 5643 In
2940 5589 3388 5666 tribulationibus,
3425 5596 3617 5661 inquit,
3649 5589 3841 5649 concit-

2261 5667 2385 5718 dum
2418 5663 2511 5728 est,
2535 5682 2596 5716 ne
2618 5665 2884 5734 quisquam
2914 5665 3138 5734 devictus
3180 5663 3248 5715 ad
3287 5667 3540 5718 carnalem
3581 5667 3743 5718 vitam
3773 5668 3844 5720 de

2261 5737 2520 5806 spirituali
2552 5733 2860 5788 sublimitate
2899 5733 3320 5800 descendat;attt
3355 5737 3440 5806 qui
3461 5737 3756 5808 profecerat
3781 5741 3844 5794 in
