3994 6202
100 255 227 318 -Νῗ

142 375 323 448 (Hatttt.
348 375 488 447 ntv)
519 376 587 431 de
614 389 743 446 agro
762 375 1091 445 evangelicae
1115 372 1446 444 operationis
1470 388 1661 429 rever-
1690 383 1745 443 Α

140 485 229 536 sus,
271 469 547 525 inveniaris
594 469 773 524 tunica
824 480 933 537 tua,
985 484 1091 539 qua
1137 478 1197 523 te
1236 467 1657 537 exspoliaveras,

138 568 349 624 revestiri
377 584 389 619 :
417 581 588 636 neque
610 569 675 621 ad
706 566 936 621 humiles
964 572 1318 635 terrenasque
1350 563 1537 618 mundi
1564 564 1666 618 hu-

140 660 205 731 jus
226 661 667 730 concupiscentias
698 675 761 715 ac
794 659 971 715 studia
1015 658 1342 723 revolvaris,
1374 666 1431 712 et
1475 667 1663 712 contra

139 749 302 806 Christi
331 751 629 806 mandatum
658 750 727 806 de
757 750 1105 820 perfectionis
1130 757 1271 805 tecto
1298 749 1661 817 descendens,

140 844 299 900 tollere
337 844 530 914 aliquid
570 859 865 914 praesumas
894 859 963 899 ex
1006 843 1090 898 his
1121 859 1241 914 quae
1269 843 1664 898 abrenuntiatis

135 936 377 993 abdicasti.
405 938 548 993 Cave
592 951 660 991 ne
701 946 979 1006 parentum
1002 979 1017 1003 ,
1064 951 1132 992 ne
1160 934 1462 991 affectionis
1491 936 1669 1005 pristi-

138 1044 205 1084 na:
228 1031 528 1100 recorderis,
562 1042 618 1089 et
636 1033 702 1088 ad
732 1045 892 1087 curas
920 1030 1084 1099 hujus
1124 1030 1307 1083 sreculi
1336 1028 1666 1082 sollicitudi-

138 1136 305 1193 nesque
328 1134 630 1192 revocatus,
663 1123 959 1180 secundum
1004 1120 1306 1176 Salvatoris
1336 1119 1664 1174 sententiam

137 1230 304 1285 ponens
347 1234 563 1274 manum
608 1228 753 1273 tuam
784 1232 951 1285 super
990 1222 1267 1280 aratrum,
1299 1221 1354 1269 et
1394 1215 1667 1282 aspiciens

137 1320 267 1375 retro,
282 1326 442 1382 regno
455 1312 717 1367 caelorum
737 1320 894 1381 aptus
915 1312 1035 1364 esse
1054 1323 1159 1362 non
1178 1308 1354 1378 possis
1370 1305 1548 1377 (Luca:
1565 1305 1664 1375 ιι).

137 1402 247 1458 Cave
279 1419 340 1458 ne
378 1404 592 1475 quando
634 1403 975 1473 superbiam,
1010 1415 1172 1470 quam
1215 1414 1359 1454 nunc
1402 1398 1669 1467 incipiens

138 1494 291 1549 ardore
317 1495 436 1550 fidei
469 1510 531 1550 ac
560 1494 717 1565 plena
767 1493 1072 1548 humilitate
1114 1491 1357 1555 calcasti,
1385 1504 1508 1544 cum
1551 1504 1666 1545 caa-

139 1591 244 1653 peris
279 1588 602 1655 psalmorum
643 1588 732 1643 vel
776 1586 1133 1657 professionis
1173 1584 1335 1653 hujus
1376 1584 1665 1653 quamdam

141 1680 334 1735 notitiam
362 1680 679 1751 degustare,
707 1679 968 1749 paulatim
1001 1678 1177 1733 elatus
1206 1676 1532 1732 resuscitare
1554 1692 1665 1731 me-

141 1771 378 1838 diteris,ac
405 1773 700 1828 secundum
728 1772 975 1842 Apostoli
1003 1770 1330 1824 sententiam
1357 1766 1664 1837 (Galat.u),
1700 1779 1744 1838 Β

142 1877 227 1932 quae
249 1866 564 1922 destruxiin
605 1865 801 1920 iterum
830 1862 1168 1919 reaediticans
1195 1862 1668 1929 praevaricatorem

146 1958 392 2012 constituas
427 1957 810 2026 temetipsum;
846 1955 938 2009 sed
968 1955 1145 2025 potius
1175 1962 1232 2009 ut
1257 1955 1307 2007 in
1335 1956 1431 2007 hac
1460 1954 1673 2007 nudita-

147 2054 200 2109 te,
224 2064 362 2119 quam
392 2064 579 2105 coram
604 2049 711 2103 Deo
737 2057 793 2102 et
822 2046 1025 2116 angelis
1055 2047 1172 2114 ejus
1202 2045 1474 2115 professus
1500 2059 1580 2111 es,
1604 2042 1671 2097 ad

140 2138 262 2197 linem
290 2158 453 2213 usque
485 2140 768 2212 perdures.
800 2139 858 2193 In
883 2138 983 2193 hac
1006 2153 1224 2209 quoque
1255 2136 1581 2200 humilitate,
1609 2149 1672 2189 ac

144 2236 379 2304 patientia,
421 2251 534 2308 qua
558 2245 618 2290 ut
653 2233 1003 2305 suscipereris
1039 2233 1093 2288 in
1133 2231 1460 2287 monasterio
1486 2232 1674 2286 decem

141 2326 291 2403 diebus
317 2346 413 2402 pro
439 2328 652 2384 foribus
685 2341 1039 2396 perseverans
1078 2325 1265 2380 multis
1295 2324 1549 2395 lacrymis
1574 2324 1675 2377 im-

139 2420 346 2489 plorasti;
366 2439 468 2477 non
498 2420 660 2475 modo
681 2419 958 2489 persistas,
985 2434 1175 2473 verum
1200 2418 1361 2473 etiam
1395 2416 1667 2487 proﬁcias,

139 2520 262 2581 atque
299 2527 635 2569 succrescas.
666 2510 811 2566 Satis
861 2510 1005 2565 enim
1048 2512 1425 2565 miserumest
1466 2519 1523 2563 ut
1551 2523 1673 2562 cum

139 2599 295 2659 debeas
327 2620 355 2659 a
382 2603 713 2659 rudimentis
743 2616 807 2657 ac
836 2602 1153 2671 primordiis
1194 2603 1301 2656 tuis
1347 2600 1597 2670 provehi,
1620 2609 1676 2655 et

146 2694 197 2749 ad
219 2697 586 2765 perfectionem
616 2695 860 2762 tendere,
896 2694 1059 2750 etiam
1090 2695 1157 2749 ab
1190 2694 1319 2763 ipsis
1354 2693 1580 2763 incipias
1607 2692 1675 2746 ad

148 2786 360 2846 inferiora
388 2791 660 2847 recidere.
688 2788 805 2844 Non
835 2790 979 2843 enim
1010 2790 1100 2859 qui
1139 2790 1368 2857 emperit
1409 2788 1554 2851 haec,
1580 2785 1677 2841 sed

138 2881 204 2950 qui
227 2883 639 2951 perseveraverit
666 2881 723 2936 in
752 2880 839 2937 his
870 2894 1039 2950 usque
1066 2879 1132 2934 ad
1167 2879 1352 2947 finem,
1382 2877 1471 2933 hic
1494 2879 1676 2932 salvus

138 2974 217 3028 erit
240 2974 437 3047 (Matth.
468 2992 506 3031 ι
537 2983 584 3030 et
609 2972 782 3045 xxrv).

618 3086 843 3144 CAPUT
882 3084 1152 3142 XXXVII.

141 3176 257 3247 Quod
297 3183 532 3238 diabolus
577 3182 753 3235 nostro
783 3179 1113 3249 ﬁnisemper
1156 3176 1449 3245 insidietur,
1486 3184 1534 3231 et
1578 3192 1671 3231 nos
1697 3151 1744 3215 Ο

306 3256 409 3326 ejus
445 3261 607 3325 caput
626 3254 822 3323 jugiter
852 3248 1118 3303 observare
1155 3249 1450 3302 debeamus.

144 3325 148 3330 V
192 3325 424 3404 Versatus
444 3349 599 3404 enim
627 3339 1068 3415 serpens(Genes.
1091 3338 1171 3413 ιιι)
1204 3342 1457 3396 calcanea
1489 3350 1669 3396 nostra

140 3452 310 3510 semper
339 3442 617 3506 observat,
649 3439 702 3494 id
728 3446 832 3500 est,
860 3437 1147 3491 insidiatur
1184 3435 1350 3491 exitui
1382 3446 1590 3503 nostro,
1618 3445 1674 3490 et

140 3544 273 3600 usque
310 3536 361 3591 in
399 3538 568 3591 tinem
610 3532 734 3587 vita:
764 3538 965 3586 nostra:
993 3546 1097 3585 nos
1122 3530 1469 3600 supplantare
1499 3546 1670 3585 cona-

139 3629 219 3677 tur.
237 3627 294 3681 Et
321 3628 524 3683 idcirco
547 3625 688 3679 bene
717 3623 947 3692 coepisse
976 3622 1108 3677 nihil
1140 3622 1399 3692 proderit,
1432 3637 1531 3677 nec
1561 3622 1675 3691 ple-

139 3727 192 3767 no
233 3718 423 3776 fervore
472 3717 898 3775 renuntiationis
945 3716 1239 3785 arripuisse
1295 3717 1591 3785 principia.
1623 3716 1671 3769 si

138 3802 228 3863 huc
247 3826 504 3884 congruas
534 3810 697 3867 etiam
740 3810 862 3863 linis
899 3808 1152 3865 similiter
1180 3825 1287 3864 non
1321 3810 1673 3865 commenda-

138 3904 242 3957 Verit
276 3917 425 3977 atque
450 3903 806 3969 concluserit,
836 3902 1148 3972 Christique
1183 3901 1457 3959 humilitas
1507 3914 1672 3973 atque

488 256 575 312 DE
613 255 1090 315 CMNOBIORUM
1126 255 1368 313 INSTIT.
1408 257 1543 313 LIB.
1583 256 1673 312 IV.
1702 253 1884 310 —DE
1925 252 2305 311 INSTITUTIS
2345 206 2933 311 RENUNTIXNTIUM.

3232 248 3338 311 198

1768 376 2079 439 paupertas,
2108 383 2268 437 quam
2298 381 2441 422 nunc
2464 382 2646 422 coram
2678 367 2793 435 ipso
2822 364 3102 434 professus
3125 378 3210 433 es,
3241 379 3339 423 ιιι-

1765 478 1869 534 que
1898 462 1964 516 ad
1996 470 2297 518 extremum
2323 463 2468 530 vite,
2500 460 2948 531 quemadmodum
2980 468 3197 530 arrepta
3224 466 3335 530 est,

1763 572 1793 611 a
1822 566 1875 613 te
1894 572 2001 612 non
2032 557 2190 612 fuerit
2218 556 2505 613 custodita.
2537 555 2689 622 Quod
2712 563 2771 610 ut
2808 554 2982 624 possis
3006 555 3251 626 implere,
3279 561 3340 613 tu

1765 658 1793 687 ι
1820 652 1938 719 ejus
1964 652 2163 720 capita,
2196 651 2247 705 id
2268 661 2373 718 est,
2406 647 2790 720 cogitationum
2828 648 3089 719 principia
3117 665 3333 721 semper

1764 746 2017 809 observa,
2050 744 2078 784 ι)
2102 747 2168 799 ad
2201 745 2472 799 seniorem
2503 743 2713 799 scilicet
2738 756 2864 797 mox
2891 756 2953 797 ea
2976 741 3342 800 deferentha

1764 837 1907 891 enim
1937 836 2113 891 disces
2147 835 2453 906 perniciosa
2480 834 2599 904 ejus
2628 834 2777 889 initia
2801 841 3108 901 conterere,
3136 835 3185 891 si
3207 834 3344 891 nihil

1767 946 1833 987 ex
1861 931 1941 987 eis
1966 931 2169 987 seniori
2200 940 2290 987 tuo
2309 930 2590 986 erubueris
2620 928 2886 984 revelare.

2294 1062 2521 1119 CAPUT
2553 1059 2843 1117 XXXVIII.

1768 1152 1848 1209 De
1873 1155 2209 1210 renuntiantis
2247 1155 2658 1225 praeparatione,
2704 1152 2980 1225 adversum
3010 1153 3337 1220 tentationes,

2228 1224 2275 1279 et
2304 1229 2365 1279 de
2392 1226 2567 1294 paucis
2595 1224 2882 1278 imitandis.

1841 1337 1952 1406 Qua
1964 1349 2181 1408 prepter
2210 1338 2505 1394 secundum
2535 1338 2837 1409 Scriptura:
2851 1340 3184 1394 sententiam
3212 1337 3344 1409 (Ec-

1770 1431 1859 1487 cli.
1890 1433 1956 1501 ιι)
2008 1449 2261 1504 egressus
2304 1434 2370 1488 ad
2416 1435 2763 1490 serviendum
2795 1435 3040 1502 Domino,
3080 1446 3159 1490 sta
3198 1435 3250 1490 in
3283 1436 3351 1491 ti-

1770 1541 1920 1581 more
1937 1526 2120 1589 Dei,et
2146 1542 2387 1597 przepara
2419 1528 2653 1583 animam
2674 1539 2819 1582 tuam
2850 1544 2952 1583 neu
2982 1528 3049 1583 ad
3079 1528 3347 1599 requiem,

1771 1632 1878 1673 non
1914 1619 1979 1672 ad
2020 1620 2392 1686 securitatem,
2424 1636 2531 1673 non
2562 1620 2628 1673 ad
2658 1620 2901 1686 delicias,
2931 1620 3025 1675 sed
3067 1622 3131 1675 ad
3173 1629 3353 1675 tenta-

1769 1714 1943 1768 tiones
1972 1724 2027 1768 et
2056 1716 2351 1784 angustias.
2384 1714 2489 1769 Per
2528 1716 2724 1769 multas
2769 1716 2913 1770 enim
2970 1715 3348 1771 tribulationes

1771 1814 1987 1875 Oportet
2034 1822 2131 1862 nos
2186 1805 2407 1860 introire
2462 1810 2516 1863 in
2571 1822 2797 1877 regnum
2828 1806 2923 1861 Dei
2960 1806 3161 1879 (Actor.
3208 1810 3345 1878 xw).

1774 1898 2016 1967 Angusta
2048 1912 2280 1968 namque
2312 1908 2393 1953 est
2420 1908 2570 1967 porta
2602 1909 2655 1952 et
2678 1909 2825 1953 arcta
2856 1899 2939 1952 via
2964 1914 3082 1969 qua:
3114 1898 3263 1953 ducit
3288 1899 3355 1955 ad

1772 1989 1962 2056 vitam,
1994 1999 2048 2045 et
2086 1990 2243 2060 pauci
2295 2001 2421 2045 sunt
2446 1992 2534 2060 qui
2575 1991 2857 2046 inveniunt
2883 2007 3023 2046 eam.
3054 1992 3355 2048 Considera

1774 2096 1902 2152 ergo
1938 2093 1989 2137 te
2016 2083 2084 2138 de
2123 2083 2311 2152 paucis
2339 2095 2394 2138 et
2422 2070 2611 2138 electis
2633 2082 2907 2151 effectum,
2943 2094 2996 2137 et
3020 2099 3087 2138 ne
3112 2086 3356 2154 exemplo

1775 2189 1838 2229 ac
1862 2185 2048 2244 tepore
2075 2176 2434 2230 multitudinis
2448 2176 2772 2246 rel‘rigescas
2797 2177 2920 2230 :sed
2945 2177 3067 2231 vive
3090 2187 3147 2230 ut
3175 2180 3354 2247 pauci,

1777 2275 1834 2321 ut
1862 2283 1982 2321 cum
2024 2269 2207 2336 paucis
2241 2268 2469 2322 inveniri
2495 2268 2759 2322 merearis
2788 2268 2840 2321 in
2866 2283 3034 2337 regno
3066 2268 3181 2321 Dei.
3207 2269 3355 2323 Multi

1776 2359 1918 2414 enim
1953 2361 2288 2425 suntvocati,
2308 2360 2463 2430 pauci
2483 2376 2609 2415 vero
2622 2360 2777 2414 clccti
2795 2358 3009 2429 (Matth.
3027 2376 3101 2414 xx
3128 2371 3174 2414 et
3194 2359 3354 2433 xxii);

1780 2463 1836 2507 et
1864 2452 2093 2521 pusillus
2124 2460 2209 2505 est
2236 2468 2389 2521 grex,
2423 2452 2509 2506 cui
2539 2451 2870 2521 complacuit
2898 2451 3033 2520 patri
3067 2452 3357 2506 haeredita-

1774 2552 1884 2599 tem
1936 2546 2066 2599 dare
2098 2543 2276 2616 (Luae
2300 2543 2418 2615 ιιι).
2466 2544 2648 2613 Itaque
2680 2560 2784 2598 non
2817 2544 2939 2598 leve
2976 2545 3195 2599 noveris
3225 2559 3352 2601 esse

1775 2648 2081 2706 peceatum,
2116 2648 2137 2676 ε
2170 2636 2560 2707 perfectionem
2601 2637 2905 2708 professum
2940 2640 3271 2709 quempiam,
3294 2655 3357 2695 ea

1777 2745 1896 2798 qua:
1934 2742 2061 2784 sunt
2094 2728 2409 2798 imperfecta
2439 2730 2655 2785 sectari.
2696 2728 2778 2783 Ad
2810 2745 2967 2797 quem
3010 2729 3357 2799 perfectionis

1775 2832 1974 2878 statum
2008 2824 2091 2879 his
2115 2824 2363 2894 gradibus
2390 2831 2555 2893 atque
2587 2823 2686 2879 hoc
2715 2823 2907 2879 ordine
2937 2824 3273 2894 pervenitur.

2354 2959 2581 3014 CAPUT
2614 2958 2856 3013 XXXIX.

1875 3056 1989 3123 Quo
2012 3056 2192 3110 ordine
2215 3055 2283 3109 ad
2300 3055 2667 3125 perfectionem
2699 3054 2977 3109 ascendere
3007 3064 3258 3128 aporteat.

1846 3167 1873 3207 ά
1908 3169 2237 3239 Principium
2270 3176 2474 3223 nostrae
2496 3169 2683 3223 salutis
2715 3169 3067 3241 ejusdemque
3088 3169 3357 3239 custodia,

1775 3262 1920 3319 sicut
1952 3264 2086 3329 dixi,
2118 3264 2279 3317 timor
2317 3262 2529 3318 Domini
2562 3271 2667 3319 est.
2697 3261 2802 3319 Per
2835 3265 2978 3320 hunc
2998 3267 3142 3319 enim
3174 3272 3227 3319 et
3266 3265 3361 3320 ini‘

1774 3358 1909 3413 tium
1941 3358 2335 3422 conversionis,
2369 3366 2422 3411 et
2452 3358 2705 3411 vitiorum
2742 3358 3003 3427 purgatio,
3030 3366 3084 3411 et
3104 3362 3359 3415 virtutum

1775 3450 2041 3516 custodia,
2078 3448 2161 3502 his
2200 3446 2289 3518 qui
2337 3450 2653 3504 imbuuntur
2702 3448 2769 3502 ad
2808 3452 2950 3503 viam
2989 3450 3360 3518 perfectionis,

1774 3545 2094 3613 acquiritur.
2128 3544 2230 3609 Qui
2265 3558 2391 3598 cum
2426 3544 2798 3613 penetraverit
2839 3544 3073 3597 hominis
3102 3554 3361 3609 mentem,

1776 3644 2152 3703 contemptum
2193 3652 2373 3690 rerum
2406 3639 2644 3690 omnium
2679 3637 2844 3704 parit;
2886 3634 3217 3690 oblivionem
3271 3650 3363 3703 pa-

1777 3736 2019 3791 rentum,
2050 3727 2343 3795 mundique
2374 3726 2547 3793 ipsius
2574 3726 2748 3795 gignit
2778 3725 3059 3778 horrorem
3093 3734 3363 3780 :contem—

1779 3831 1877 3890 ptu
1910 3828 2087 3872 autem
2120 3833 2183 3871 ac
2210 3816 2509 3887 privatione
2538 3816 2850 3871 facultatum
2878 3815 3141 3883 omnium,
3174 3816 3352 3873 humi-

1774 3909 1903 3963 litas
1932 3909 2253 3977 acquiritur.
2291 3918 2314 3945 ο
2352 3908 2634 3963 Ilumilitas
2664 3923 2794 3963 vero
2823 3908 2907 3963 his
2947 3906 3163 3963 indiciis
3206 3923 3358 3966 com-

1158 4017 1416 4072 ALARDI
1456 4017 1688 4074 cum
1730 4006 2296 4077 COMMENTARIUS.

137 4116 351 4188 anteriora
374 4136 424 4173 se
450 4118 761 4183 extendens,
792 4117 1077 4184 deﬁciendo
1121 4118 1173 4169 in
1223 4119 1513 4187 posteriora
1541 4118 1673 4188 deﬁ—

136 4184 379 4312 ﬁigt.“\(ide
407 4192 560 4262 plura
605 4190 658 4244 in
688 4188 930 4245 eamdem
969 4184 1298 4275 sententiam
1348 4190 1417 4243 ad
1457 4204 1577 4259 cap.
1600 4184 1670 4244 ‘27

192 4297 217 4404 ff
239 4297 373 4398 Ejus,
405 4332 602 4404 supple
628 4332 920 4404 serpentis,
951 4334 1054 4385 hoc
1082 4318 1185 4394 est,
1216 4331 1535 4404 diaboli,_gde
1565 4348 1670 4401 quo

134 4392 632 4475 Isidor'us'appo'site
685 4392 750 4459 ad
804 4392 946 4457 hunc
994 4392 1383 4475 locum'rdicit:
1423 4392 1671 4456 Diabolus

133 4480 325 4547 serpens
350 4484 418 4526 est
454 4474 703 4535 lubricus.
738 4478 890 4547 cujus
942 4475 985 4527 si
1040 4474 1219 4547 capiti,
1250 4474 1305 4524 id
1362 4483 1468 4547 est,
1494 4477 1672 4547 primm

1779 4121 2041 4191 perfectus
2088 4136 2215 4181 esse,
2247 4120 2399 4188 vade,
2443 4120 2600 4173 vende
2640 4119 2814 4191 omnia
2844 4136 2958 4189 qua:
3006 4121 3251 4186 habes,et
3296 4120 3363 4174 da

1782 4189 2119 4260 pauperibus,
2150 4201 2194 4244 et
2226 4192 2358 4257 veni,
2383 4207 2594 4261 sequere
2614 4208 2715 4244 me.
2742 4189 2894 4245 Unde
2924 4207 3260 4263 consequens
3282 4201 3364 4246 est

1778 4263 2091 4331 religiosum
2123 4280 2227 4314 non
2260 4264 2376 4317 leve
2404 4270 2678 4331 peccatum
2733 4264 3041 4327 admittere,
3078 4276 3135 4317 ut
3165 4264 3250 4317 hic
3284 4265 3364 4316 di-

1804 4334 1940 4397 ;itur,
1974 4336 2016 4386 si
2047 4334 2281 4386 studium
2314 4350 2409 4386 seu
2464 4333 2717 4386 affectum
2767 4335 3129 4402 adipiscendae
3186 4332 3364 4403 perfe-

1804 4348 1940 4395 itur,
1974 4350 2016 4386 ει
2047 4348 2281 4386 stuumm
2314 4350 2409 4386 seu
2464 4348 2717 4386 aneetum
2767 4348 3129 4402 atIIpISCEIIGzP
3186 4348 3352 4403 perle-

1773 4348 1975 4487 gtionis
2000 4403 2827 4487 abjiciat,_autremittatrmulto
2841 4409 3007 4487 magis
3035 4406 3079 4458 si
3102 4407 3180 4459 sic
3211 4405 3352 4487 apud

1771 4472 2092 4537 Ee'statuat,
2129 4485 2182 4527 et
2208 4475 2352 4528 dicat
2383 4493 2393 4525 :
2422 4474 2560 4527 Nolo
2584 4476 2646 4528 ad
2695 4472 3081 4540 perfectionem
3113 4472 3357 4542 tendere,

131 4536 407 4609 suggestioni
434 4562 537 4599 non
579 4536 855 4611 resistitu'r,
882 4554 1021 4616 totus
1042 4536 1304 4616 in'intima
1327 4536 1519 4616 cordis".
1547 4545 1671 4597 dum
1699 4536 1754 4595 D
1777 4557 1867 4599 aut
1892 4546 1941 4598 in
1974 4562 2032 4597 ea
2070 4536 2410 4613 progressum
2437 4544 2634 4601 facere.
2658 4536 2728 4598 Ilia
2751 4545 3139 4616 intelligendus
3163 4547 3221 4599 D.
3242 4536 3365 4601 Hie;

132 4616 490 4752 ιὲἷιὲοδὲιιιῧιιτ,
534 4616 769 4671 illabitur
822 4612 1068 4684 (Isidor.
1123 4615 1215 4669 lib.
1266 4630 1304 4667 tt
1354 4615 1418 4668 de
1468 4631 1671 4669 summo

172 4695 260 4732 ono
283 4696 327 4734 c.
362 4685 431 4737 II.

189 4749 212 4787 δ
242 4753 310 4806 De
340 4749 433 4809 hac
462 4756 674 4811 salutari
696 4757 942 4812 doctrina
960 4768 1012 4809 et
1033 4758 1281 4811 cautione
1315 4757 1412 4812 SS.
1445 4755 1669 4810 Patrum

132 4831 214 4886 pro
238 4822 495 4892 iuniorum
517 4844 609 4881 seu
633 4831 957 4883 novitiorum
984 4828 1319 4881 institutione
1349 4842 1412 4881 ac
1443 4828 1673 4881 tnitiune

132 4891 361 4968 adversus
390 4898 684 4953 diabolicas
717 4900 1328 4968 suggestiones,dietum
1351 4909 1429 4954 est
1454 4898 1507 4951 in
1537 4913 1673 4967 prae-

132 4963 413 5083 ;titélf't‘r‘t'ibus
452 4968 607 5041 (Cap.
648 4971 681 5025 8
729 4963 850 5026 et'9
902 4971 1058 5041 hujus
1100 4968 1240 5040 lib.),
1267 4977 1323 5024 et
1355 4969 1482 5024 alibi
1515 4963 1671 5039 plura

303 5054 365 5083 ιιι-

163 5047 365 5090 tcentur.

192 5106 627 5188 ﬁPerfectionem
681 5112 1007 5188 proﬁtentur
1040 5110 1334 5188 _relig_iosi,_
1374 5128 1480 5166 non
1530 5111 1674 5180 quod

133 5180 289 5230 statim
337 5191 615 5236 teneantur
660 5180 781 5238 esse
830 5183 1082 5253 perfecti;
1116 5183 1210 5237 sed
1248 5184 1370 5253 quia
1417 5199 1513 5246 per
1546 5194 1675 5236 vota

132 5254 208 5323 {ua
235 5253 615 5323 constituuntur
644 5255 699 5307 in
722 5264 863 5308 statu
902 5254 1251 5323 perfectionis
1278 5252 1363 5323 (S.
1391 5253 1579 5306 Thom.
1613 5253 1676 5304 “2-

130 5312 175 5379 2.
203 5321 387 5393 (1.1786,
411 5333 512 5377 art.
541 5327 564 5378 1
594 5325 721 5388 eti;
755 5312 954 5379 Navar.
974 5336 1246 5379 comment.
1276 5312 1300 5379 ἱ
1331 5325 1394 5378 de
1427 5324 1669 5393 Regalar.

130 5398 253 5465 πςιηι.
278 5392 310 5446 9
343 5404 389 5447 et
424 5396 538 5465 10),
564 5403 726 5463 atque
765 5397 869 5449 hoc
919 5398 1038 5464 ipso
1077 5397 1385 5465 obligantur
1422 5396 1477 5449 in
1506 5392 1673 5447 cunni

131 5466 236 5536 γηθ-
254 5477 339 5517 sua
370 5468 433 5519 ad
459 5466 875 5536 perfectionem,
911 5469 1051 5521 velut
1081 5468 1144 5520 ad
1176 5468 1453 5534 preprium
1488 5465 1672 5525 finem,

129 5531 329 5605 tendere
356 5546 411 5590 et
461 5531 734 5605 aspirare;
763 5539 1031 5591 servando
1063 5531 1317 5591 nimirum
1354 5536 1675 5603 Evangelica

130 5604 349 5681 consilia,
375 5623 493 5677 quze
520 5604 647 5661 Sunt
676 5619 801 5663 vota
824 5609 1153 5681 eSsentialia,
1179 5620 1229 5663 et
1257 5625 1369 5663 sum
1396 5606 1676 5681 ιθιίὲίοιέίε

129 5665 371 5751 instituta,
392 5665 514 5748 qua:
555 5690 684 5733 sunt
744 5679 1018 5745 aptissima
1062 5665 1458 5748 cmisequendie
1496 5665 1675 5751 perfo-

130 5747 314 5801 ctiouis
339 5747 717 5821 instrumenta,
734 5752 888 5821 juxta
918 5751 1048 5806 illud
1075 5747 1315 5807 Matthxi
1340 5765 1475 5805 xix:
1508 5747 1572 5805 Si
1599 5749 1680 5801 vis

1774 4632 2038 4686 ronymus
2069 4631 2188 4669 cum
2222 4616 2286 4666 ad
2332 4616 2681 4687 Heliodorum
2716 4616 2783 4669 ita
2817 4618 3003 4671 scribit
3034 4636 3046 4670 :
3075 4616 3155 4671 Tu
3198 4623 3365 4687 perfe-

1774 4684 1916 4740 ctum
1945 4698 1990 4739 te
2012 4688 2120 4753 fore
2144 4688 2405 4757 pollicitus
2426 4704 2495 4740 es.
2526 4684 2666 4739 Nam
2688 4687 2921 4756 quando,
2939 4690 3125 4742 relicta
3148 4684 3359 4753 militia,

1775 4767 1825 4812 te
1853 4758 2093 4811 castrasti
2132 4767 2339 4829 propter
2360 4773 2520 4825 regna
2563 4759 2828 4825 caelorum,
2860 4760 2983 4828 quid
3021 4758 3170 4813 aliud
3208 4776 3363 4829 quam

1778 4830 2059 4899 perfectam
2087 4839 2289 4881 secutus
2317 4844 2370 4880 es
2401 4830 2601 4881 vitam?

1848 4896 1875 4935 ἀ
1909 4899 1985 4951 De
2037 4900 2230 4952 timore
2280 4899 2369 4953 Dei
2403 4900 2643 4965 pluribus
2688 4900 2741 4953 in
2796 4900 2931 4953 locis
2983 4909 3194 4970 agetur.
3226 4900 3361 4955 Vide

1778 4969 1877 5023 lib.
1915 4985 1984 5022 xu
2014 4984 2062 5023 c.
2091 4970 2178 5033 51,
2202 4969 2381 5040 (ςοῌξιι.
2413 4971 2445 5023 5
2470 4985 2588 5037 cap.
2612 4971 2891 5033 18,collat.
2926 4972 2981 5024 lt
3018 4969 3139 5040 cap.
3171 4971 3203 5025 6
3225 4975 3361 5036 et8;

1780 5050 1854 5103 et,
1890 5041 1933 5093 si
1968 5042 2132 5101 Iubet,
2165 5039 2249 5090 adi
2281 5039 2751 5093 Turrecrematum
2785 5052 3016 5096 tractatu
3058 5044 3128 5098 59
3168 5044 3220 5095 in
3257 5042 3361 5096 Re-

1778 5112 1900 5177 gula
1936 5111 1995 5161 υ.
2030 5108 2333 5175 Benedicti,
2365 5109 2433 5164 de
2482 5115 2677 5164 timore
2724 5112 2937 5168 Domini
2990 5113 3107 5169 fuse
3154 5127 3217 5166 ac
3268 5114 3360 5180 pie

1779 5188 2127 5234 tractantem.

1856 5261 1879 5287 θ
1908 5250 2239 5304 Humilitatis
2264 5249 2452 5305 decem
2482 5260 2656 5318 actus,
2685 5268 2777 5307 seu
2807 5253 3006 5318 ofﬁcia,
3038 5254 3126 5306 hic
3165 5264 3358 5307 recen-

1778 5329 1886 5389 set,
1921 5338 2039 5387 quae
2072 5322 2183 5376 fere
2214 5325 2545 5376 conveniunt
2578 5334 2631 5377 et
2658 5325 2971 5377 coincidunt
3002 5337 3122 5375 cum
3147 5322 3359 5377 duode-

1779 5394 1882 5447 cim
1911 5393 2164 5462 gradibus
2210 5394 2528 5447 humilitatis
2572 5410 2598 5445 a
2646 5395 2706 5446 D.
2742 5393 3029 5446 Benedicto
3060 5391 3361 5462 assignatis

1782 5460 1936 5545 (Cap.
1965 5467 1995 5518 7
2026 5464 2261 5545 Regula’)
2284 5484 2295 5515 :
2316 5465 2526 5545 ‘Quibirs
2552 5463 2695 5516 scala
2734 5464 2832 5514 illa
2859 5460 3229 5545 erigenda‘est,
3248 5478 3365 5545 qum

1780 5531 1835 5587 in
1862 5531 2040 5589 somno
2069 5531 2517 5605 Iacob/apparuit,
2550 5550 2642 5599 pa
2660 5548 2809 5605 quam
2841 5533 2887 5605 ei
2908 5531 3276 5605 descendentes
3314 5541 3363 5586 et

1781 5610 2118 5660 ascendentes
2146 5601 2332 5672 angeli
2366 5607 2673 5658 visebantur.
2703 5601 2809 5655 Sed
2859 5602 2948 5672 de
2979 5602 3281 5655 humilitate
3314 5612 3370 5657 et

1782 5677 1900 5745 ejus
1930 5678 2183 5746 gradibus
2216 5669 2364 5741 plura
2394 5678 2501 5729 alio
2533 5675 2659 5746 loco
2683 5671 2823 5741 (Lib.
2861 5669 2981 5741 xu).
3018 5672 3131 5727 Hoc
3158 5679 3369 5727 tantum

1780 5744 1951 5810 addo,
1964 5748 2064 5801 tria
2087 5746 2406 5800 humilitatis
2436 5746 2636 5800 iudicia
2650 5744 2753 5801 hoc
2778 5746 2898 5803 loco
2920 5750 3379 5803 commemorata.
