3994 6202
603 258 708 320 190

602 480 940 541 voluntates;
966 473 1225 541 secundo,
1254 473 1295 527 si
1333 489 1444 527 non
1475 472 1648 525 solum
1683 481 1897 526 actuum
1926 486 2169 537 suorum,

604 581 790 619 verum
829 566 989 619 etiam
1020 564 1406 634 cogitationum
1441 562 1580 617 nihil
1610 578 1768 617 suum
1795 563 2054 617 celaverit
2082 578 2172 618 se-

604 661 842 723 niorem;
879 658 1058 719 tertio,
1092 656 1136 709 si
1168 655 1303 709 nihil
1336 670 1447 708 suae
1478 654 1816 721 discretioni,
1861 654 1954 709 sed
1972 655 2174 724 judicio

525 777 531 826 χ
603 751 718 820 ejus
748 752 999 803 universa
1038 748 1362 809 committat,
1394 761 1457 801 ac
1497 747 1701 800 monita
1733 746 1850 816 ejus
1889 748 2079 801 sitiens
2110 760 2174 801 ac

600 845 832 898 libenter
859 828 1155 903 ausCultet;
1184 850 1397 909 quarto,
1424 841 1467 895 si
1498 841 1548 894 in
1583 840 1831 894 omnibus
1848 852 2025 894 servet
2046 839 2174 894 obe-

598 934 883 998 dientiam,
908 931 1400 996 mansuetudinem,
1416 942 1470 986 et
1487 932 1759 1002 patientia:
1784 932 2168 995 constantiam;

596 1026 803 1094 quinto,
838 1026 882 1079 si
915 1040 1022 1097 non
1062 1026 1235 1079 solum
1273 1025 1522 1094 injuriam
1553 1023 1748 1079 inferat
1787 1025 1940 1087 nulli,
1972 1024 2064 1079 sed
2106 1039 2173 1078 ne

595 1120 663 1174 ab
685 1117 790 1171 alio
817 1116 1035 1187 quidem
1066 1116 1284 1170 sibimet
1315 1117 1601 1183 irrogatam
1634 1116 1815 1168 doleat
1853 1126 2013 1184 atque
2074 1115 2171 1167 tri-

594 1220 803 1271 stetur;
837 1217 1013 1272 sexto,
1044 1208 1089 1261 si
1146 1207 1279 1261 nihil
1326 1218 1468 1275 agat,
1515 1207 1647 1261 nihil
1691 1214 1997 1274 priesumat,
2026 1207 2169 1273 quod

595 1317 704 1356 non
755 1301 840 1354 vel
879 1300 1182 1355 communis
1216 1299 1419 1368 regula,
1452 1300 1539 1353 vel
1588 1300 1851 1367 majorum
1883 1301 2171 1353 cohortan-

599 1404 686 1447 tur
703 1393 984 1461 exempla;
1013 1393 1265 1460 septimo,
1291 1391 1335 1443 si
1367 1391 1511 1443 omni
1540 1390 1747 1444 vilitate
1767 1399 2053 1445 contentus
2078 1393 2166 1455 sit,

596 1496 651 1542 et
679 1488 745 1540 ad
783 1488 958 1541 omnia
989 1502 1109 1555 quae
1147 1485 1249 1539 sibi
1282 1485 1663 1553 praecipiuntur
1688 1485 1834 1538 velut
1866 1486 2167 1553 Operarium

599 1578 801 1633 malum
854 1594 913 1632 se
950 1576 1278 1647 judicaverit
1307 1585 1361 1630 et
1398 1575 1708 1644 indignum:
1756 1587 1966 1637 octavo,
1994 1576 2037 1628 si
2085 1591 2168 1630 se-

594 1673 881 1739 metipsum
914 1673 1121 1724 cunctis
1146 1668 1456 1723 inferiorem
1483 1684 1586 1722 non
1611 1669 1897 1738 superficie
1927 1684 2167 1737 pronun-

1920 258 2192 318 JOANNIS
2228 261 2535 319 CASSIANI

603 382 891 453 probatur:
916 381 1174 451 primo,si
1208 378 1557 434 mortificatas
1587 377 1643 431 in
1677 391 1735 433 se
1761 377 1966 432 habeat
1990 393 2176 433 omnes
2202 384 2259 442 Α

3760 265 3867 324 eoo

3191 299 3471 323 .fu‘.

2867 378 3093 435 CAPUT
3130 366 3315 475 nisi
3338 342 3405 475 9
3482 418 3487 425 .

2328 510 2394 567 In
2424 516 2810 584 congregatione
2837 512 3137 570 cmttobitica
3162 506 3425 588 constituti
3609 516 3827 575 tolerare

2769 601 2827 638 ac
2848 589 3096 649 sustinere
3124 587 3359 646 debeant;
3377 592 3410 621 ί»
3505 603 3528 621 .,
3662 602 3665 607 .
3704 592 3731 615 ςη

2344 740 2472 806 Quae
2497 755 2673 793 omnia
2707 751 2764 794 ut
2791 743 2963 811 possis
2992 747 3270 813 consequi,
3301 752 3356 798 et
3391 720 3495 817 sub
3673 748 3855 817 regula

2274 834 2494 901 spiritali
2536 842 2791 901 perpetuo
2822 837 3133 902 perdurare,
3173 837 3516 921 tria-haecne
3561 853 3859 909 congrega-

2275 926 2419 978 tione
2444 928 2748 980 necessario
2774 928 3123 985 custodienda
3151 940 3276 984 sunt
3302 931 3424 997 tibi,
3455 940 3511 985 ut
3540 933 3751 986 scilicet
3775 947 3857 987 se-

2274 1017 2501 1070 cundum
2551 1016 2848 1072 Psalmistre
2890 1022 3212 1074 sententiam
3254 1020 3434 1090 (Psal.
3465 1022 3669 1092 xxxvn)
3700 1042 3712 1075 :
3747 1021 3859 1096 Ego

2273 1116 2439 1159 autem
2464 1118 2719 1176 tamquam
2742 1111 2926 1163 surdus
2977 1129 3074 1164 non
3099 1113 3389 1179 audiebant,
3418 1122 3463 1168 et
3511 1115 3637 1168 sicut
3689 1126 3858 1168 mutus

2273 1199 2360 1265 qui
2412 1214 2510 1250 non
2547 1201 2708 1269 aperit
2766 1216 2821 1252 os
2850 1218 2999 1253 suum
3025 1218 3044 1265 ,'
3071 1212 3117 1255 et
3158 1204 3323 1273 factus
3372 1221 3484 1257 sum
3530 1206 3659 1258 sicut
3708 1207 3859 1260 homo

2272 1305 2373 1340 non
2400 1290 2632 1354 audiens,
2658 1300 2703 1341 et
2727 1306 2827 1343 non
2851 1292 3036 1345 habens
3063 1293 3118 1345 in
3168 1310 3253 1346 ore
3298 1311 3389 1347 suo
3440 1296 3856 1367 redargutioues;

2275 1389 2327 1430 tu
2359 1394 2570 1447 quoque
2598 1381 2740 1434 velut
2772 1382 2965 1435 surdus
2993 1398 3055 1437 ac
3083 1394 3260 1438 mutus
3298 1396 3351 1438 et
3396 1400 3571 1440 caecus
3618 1388 3854 1447 incedas,

2272 1480 2330 1523 ut
2356 1471 2554 1539 absque
2578 1472 2719 1524 illius
2747 1475 3199 1542 contemplatione
3229 1476 3321 1545 qui
3351 1477 3445 1530 tibi
3473 1478 3630 1531 fuerit
3650 1478 3717 1532 ad
3740 1480 3859 1533 imi-

2274 1568 2493 1621 tandum
2527 1570 2718 1623 merito
2756 1570 3100 1639 perfectionis
3139 1572 3378 1633 electus,
3426 1574 3671 1627 universa
3708 1591 3859 1642 qure-

2273 1672 2502 1727 cutnque
2542 1660 2739 1714 videris
2782 1662 2955 1714 minus
3003 1662 3371 1716 :edificatiouis
3400 1663 3673 1727 habentia,
3708 1667 3857 1719 velut

596 1766 692 1817 tiet
722 1762 1006 1825 labiorum,
1035 1761 1131 1814 sed
1171 1759 1360 1814 intimo
1386 1760 1563 1813 cordis
1592 1759 1775 1813 credat
1805 1759 2028 1823 affectu;
2072 1774 2169 1813 no-
2198 1755 2245 1814 B
2272 1765 2445 1803 0330115
2470 1766 2575 1805 n0n
2607 1753 2815 1817 Vide-'15;
2844 1768 2910 1809 ne
2939 1754 3205 1808 ὃηὶωθῑυε
3230 1770 3413 1808 eorum
3438 1756 3525 1824 (illi
3552 1757 3665 1810 hinc
3687 1770 3854 1825 agunt

592 1870 684 1920 no,
715 1855 761 1908 si
808 1852 1041 1922 linguam
1090 1850 1365 1916 cohibeat,
1396 1852 1480 1905 vel
1530 1867 1636 1904 non
1688 1851 1758 1904 sit
1798 1852 2068 1919 clamosus
2114 1851 2168 1905 in

590 1960 760 2009 voce;
791 1944 1085 2007 decimo,si
1112 1958 1217 1996 non
1247 1943 1317 1996 sit
1347 1941 1525 1995 facilis
1558 1957 1619 1996 ac
1647 1952 1927 2011 promptus
1960 1944 2010 1996 in
2034 1942 2163 1996 risu.

591 2037 809 2091 Talibus
850 2052 1077 2105 namque
1106 2035 1337 2097 indiciis,
1371 2045 1426 2090 et
1458 2034 1542 2088 his
1571 2035 1860 2095 similibus,
1893 2034 2167 2088 humilitas

588 2146 714 2184 vera
746 2130 1096 2198 dignoscitur.
1123 2130 1255 2195 Quae
1282 2144 1404 2182 cum
1431 2129 1591 2184 fuerit
1613 2129 1665 2182 in
1693 2130 1920 2182 veritate
1954 2142 2167 2195 posses-

588 2238 667 2286 sa,
716 2221 1002 2276 confestim
1056 2230 1110 2276 te
1148 2222 1215 2275 ad
1264 2223 1608 2287 charitatem,
1633 2237 1752 2291 quae
1784 2221 2029 2275 timorem
2060 2236 2166 2273 non

589 2315 772 2379 habet,
802 2314 970 2383 gradu
1008 2313 1413 2367 excellentiore'
1434 2313 1710 2381 perducet,
1742 2329 1837 2382 per
1864 2329 2020 2383 quam
2048 2312 2165 2366 uni-

588 2420 744 2459 versa
776 2420 894 2473 quae
924 2404 1070 2472 prius
1099 2418 1205 2458 non
1234 2405 1351 2459 sine
1382 2420 1535 2473 paena
1566 2405 1869 2460 formidinis
1899 2406 2163 2460 observa-

588 2496 704 2558 bas.
730 2496 933 2564 absque
957 2495 1065 2549 ullo
1090 2494 1275 2550 labore
1303 2497 1451 2550 velut
1471 2498 1787 2550 naturaliter
1816 2496 2045 2566 incipies
2072 2513 2163 2551 cu-

589 2590 812 2653 stodire,
845 2598 869 2625 α
900 2604 1007 2643 non
1044 2589 1150 2657 jam
1182 2590 1643 2659 contemplatione
1673 2591 1945 2659 supplicii,
1982 2591 2063 2645 vel
2098 2591 2164 2643 ti—

588 2682 754 2735 moris
798 2680 961 2741 illius.
991 2681 1084 2737 sed
1115 2698 1299 2738 amore
1342 2683 1509 2752 ipsius
1540 2684 1665 2738 boni
1710 2694 1766 2738 et
1808 2683 2162 2739 delectatione

587 2772 862 2828 virtutum.

1194 2886 1420 2943 CAPUT
1467 2887 1579 2943 XL.

592 3017 739 3084 Quod
778 3036 879 3073 non
907 3020 1094 3093 debeat
1135 3024 1418 3075 monachus
1463 3023 1715 3093 exempla
1743 3023 2075 3093 perfectionis
2128 3038 2159 3073 a

807 3090 982 3144 multis
1003 3102 1256 3160 expetere,
1287 3094 1375 3146 sed
1403 3094 1463 3145 ab
1486 3090 1614 3160 uno,
1642 3090 1948 3164 vel'paucis.

657 3225 734 3279 Ad
766 3230 908 3294 quod
954 3236 1008 3279 ιιι
1055 3226 1235 3279 valeas
1280 3226 1487 3279 facilius
1528 3227 1832 3295 pervenire,
1860 3226 2152 3294 bexempla

588 3318 682 3372 tibi
715 3326 838 3373 sunt
884 3318 1196 3372 imitationis
1238 3332 1301 3372 ac
1337 3320 1457 3372 vita:
1507 3320 1755 3387 perfectae
1787 3321 1840 3373 in
1870 3335 2159 3389 congrega-

590 3412 735 3465 tione
758 3412 1135 3477 commoranti,
1159 3426 1186 3462 a
1217 3412 1419 3479 paucis,
1455 3411 1616 3464 immo
1648 3412 1716 3464 ah
1746 3427 1870 3475 uno,
1908 3412 1990 3465 vel
2022 3413 2153 3464 duo-

586 3501 707 3566 bus,
739 3517 840 3557 llOtt
872 3518 900 3555 a
931 3501 1176 3571 pluribus
1197 3502 1518 3569 expetenda.
1553 3501 1684 3555 Nam
1716 3513 1911 3570 prreter
1936 3502 1987 3555 id
2016 3503 2156 3571 quod

586 3595 884 3649 examinata
921 3596 1025 3647 vita
1058 3604 1220 3663 atque
1243 3596 1307 3647 ad
1336 3610 1525 3663 purum
1569 3607 1787 3649 excocta
1818 3597 2082 3665 reperitur
2102 3597 2155 3650 in

585 3688 795 3757 paucis;
828 3689 986 3743 etiam
1028 3688 1169 3741 istud
1198 3704 1264 3742 ex
1316 3688 1417 3742 hoc
1464 3687 1708 3742 utilitatis
1750 3688 1979 3753 accedit,
2014 3688 2154 3757 quod

586 3779 652 3832 ad
686 3781 1063 3847 perfectionem
1095 3780 1352 3850 propositi
1406 3780 1584 3852 hujus,
1615 3781 1664 3835 id
1706 3790 1811 3846 est,
1844 3782 2158 3837 cmnobialis

587 3872 729 3933 vitae,
756 3872 1061 3941 diligentius
1104 3875 1223 3940 quis
1271 3873 1430 3927 unius
1476 3874 1732 3927 imbuitur
1786 3888 1849 3927 ac
1900 3873 2159 3927 formatur

590 3963 854 4031 exemplo.

2271 1844 2589 1897 auctoritate
2609 1886 2622 1907 ,
2673 1845 2756 1897 vel
2806 1844 2976 1897 forma
3002 1887 3017 1908 ,
3060 1845 3125 1898 ad
3159 1846 3207 1899 id
3238 1846 3377 1914 quod
3404 1846 3639 1900 deterius
3665 1858 3769 1911 est,
3802 1859 3855 1902 et

2271 1933 2409 2002 quod
2440 1944 2561 1987 ante
2593 1934 2964 2001 damnaveras,
2996 1937 3314 1991 traducaris.
3340 1936 3397 1991 Si
3430 1938 3855 2003 inobedientem,

2273 2025 2316 2077 si
2349 2032 2742 2088 contumacem,
2772 2026 2816 2079 si
2842 2027 3209 2081 detrahentem
3260 2029 3492 2083 audieris
3518 2074 3531 2097 ,
3569 2031 3653 2083 vel
3696 2047 3855 2085 secus

2269 2133 2426 2186 quam
2460 2118 2553 2171 tibi
2589 2118 2841 2171 traditum
2869 2130 2950 2172 est
2975 2119 3175 2186 aliquid
3206 2120 3578 2175 admittentem
3626 2138 3732 2176 non
3773 2126 3853 2177 of-

2268 2208 2547 2275 fendaris,
2598 2225 2695 2263 nec
2743 2210 2809 2263 ad
2860 2210 3173 2264 imitandum
3218 2227 3339 2265 eum
3387 2213 3474 2265 tali
3524 2214 3855 2268 subvertaris

2268 2302 2554 2369 exemplo:
2602 2302 2696 2356 sed
2741 2312 2801 2356 ut
2846 2303 3057 2368 surdus,
3098 2305 3186 2372 qui
3241 2305 3355 2358 haec
3394 2305 3605 2372 penitus
3632 2322 3730 2361 nec
3760 2323 3854 2360 au-

2268 2393 2432 2447 dieris
2459 2394 2704 2448 universa
2737 2398 3088 2449 transmittas.
3119 2397 3177 2450 Si
3208 2397 3303 2450 tibi
3334 2399 3418 2451 vel
3446 2401 3696 2468 cuiquam
3722 2404 3860 2453 eott’

2266 2486 2422 2551 vicia,
2455 2487 2498 2540 si
2527 2488 2833 2557 irrogantur
2861 2489 3069 2557 injurize
3094 2534 3106 2555 ,
3156 2500 3272 2544 esto
3315 2492 3600 2546 immobilis
3630 2534 3643 2555 ,
3689 2501 3744 2547 et
3786 2496 3853 2547 ad

2266 2579 2668 2644 responsionem
2695 2578 2908 2631 talionis
2927 2590 2982 2631 ut
3004 2589 3180 2633 mutus
3198 2582 3459 2647 ausculta,
3480 2588 3693 2651 semper
3712 2582 3856 2638 hunc

2266 2667 2562 2722 Psalmistae
2590 2669 2913 2724 versiculum
2945 2670 2997 2723 in
3028 2672 3191 2726 corde
3224 2684 3313 2726 tuo
3342 2674 3669 2727 dccantnns:
3708 2676 3848 2744 Dixi,

2264 2760 2562 2814 custodiam
2592 2762 2707 2814 vias
2744 2776 2913 2825 meas,
2966 2773 3023 2816 ut
3070 2779 3175 2816 non
3220 2764 3523 2832 delinquam
3570 2766 3623 2818 in
3673 2767 3851 2836 lingua

2265 2867 2404 2907 mea.
2437 2853 2595 2907 Posui
2626 2855 2704 2907 ori
2732 2868 2853 2908 meo
2881 2856 3175 2909 custodiam
3203 2871 3322 2909 eum
3353 2858 3676 2911 consisteret
3715 2875 3848 2927 pee-

2265 2954 2414 2999 cator
2444 2945 2698 3000 adversus
2730 2963 2835 3007 me,
2867 2947 3107 3001 obmutui
3139 2957 3192 3001 et
3239 2948 3548 3003 humiliatus
3594 2964 3745 3016 sum,
3798 2964 3854 3006 et

2266 3038 2386 3092 silui
2418 3054 2446 3091 a
2481 3039 2635 3094 bonis
2667 3039 2839 3109 (Psal.
2885 3040 3134 3110 xxxviii).
3184 3052 3204 3079 ε
3250 3040 3445 3096 Verum
3496 3052 3550 3097 et
3595 3054 3853 3112 quartum

2186 3142 2231 3204 ρ
2263 3130 2365 3183 hoc
2396 3146 2504 3199 pra:
2533 3133 2784 3185 omnibus
2813 3132 3021 3196 excole,
3052 3133 3191 3201 quod
3223 3133 3336 3185 haec
3363 3150 3480 3203 qua:
3504 3150 3662 3202 supra
3710 3136 3853 3190 dixi-

2261 3240 2380 3279 mus
2409 3226 2508 3278 tria
2535 3235 2689 3279 ornet
2718 3234 2876 3294 atque
2908 3226 3263 3290 commendet,
3298 3227 3349 3280 id
3380 3237 3478 3291 est,
3530 3238 3585 3280 ut
3625 3228 3855 3282 stultum

2261 3327 2333 3381 te,
2364 3317 2655 3370 secundum
2686 3317 2928 3386 Apostoli
2957 3319 3276 3373 sententiam
3308 3317 3361 3387 (Ι
3390 3317 3509 3372 Cor.
3543 3320 3646 3387 ιιι),
3686 3320 3853 3373 facias

2258 3410 2310 3463 in
2337 3410 2436 3463 hoc
2459 3411 2675 3471 mundo,
2710 3420 2769 3464 ιιι
2797 3411 2871 3465 sis
2908 3411 3161 3480 sapiens:
3216 3412 3347 3465 nihil
3392 3412 3601 3466 scilicet
3645 3413 3855 3467 discer-

2259 3520 2414 3569 nens,
2435 3505 2563 3557 nihil
2583 3504 2883 3572 dijudicans
2903 3521 2967 3558 ex
2988 3504 3068 3558 his
3088 3520 3207 3574 qua:
3229 3504 3321 3559 tibi
3346 3504 3546 3559 fuerint
3562 3506 3848 3573 imperata:

2260 3598 2352 3653 sed
2379 3614 2499 3652 cum
2530 3599 2673 3651 omni
2705 3597 3045 3665 simplicitate
3075 3613 3136 3651 ac
3168 3597 3271 3651 fide
3301 3598 3660 3652 obedientiam
3707 3613 3856 3653 scm-

2263 3706 2358 3759 per
2378 3690 2653 3756 exhibeas,
2680 3690 2807 3743 illud
2842 3690 3205 3743 tantummodo
3229 3700 3471 3743 sanctum
3495 3731 3511 3754 ,
3540 3690 3666 3743 illttd
3694 3692 3850 3754 utile,

2266 3782 2395 3837 illud
2438 3797 2652 3851 sapiens
2698 3797 2817 3837 esse
2859 3782 3142 3863 judicans,
3191 3783 3442 3850 quicquid
3484 3783 3608 3848 tibi,
3644 3784 3727 3838 vel
3763 3785 3855 3838 lex

2271 3876 2388 3941 Dei,
2418 3877 2500 3929 vel
2530 3875 2774 3929 Seuioris
2802 3890 3027 3928 examen
3059 3873 3331 3929 indixerit.
3364 3874 3478 3928 Tali
3508 3874 3650 3928 enim
3699 3876 3856 3928 insti-

2270 3967 2477 4021 tutione
2505 3966 2775 4031 fundatus,
2805 3965 2904 4020 sub
2935 3965 3034 4020 hac
3073 3964 3357 4035 disciplina
3405 3966 3604 4036 poteris
3648 3965 3855 4021 durare

1648 4117 1904 4173 ALARDI
1942 4118 2175 4174 GAZAEI
2216 4119 2785 4178 COMMENTARIUS.

591 4272 781 4326 nempe
801 4263 1033 4320 sextum,
1058 4255 1346 4323 septimum
1377 4262 1432 4307 et
1464 4264 1733 4319 octavum,
1767 4254 1956 4309 iisdem
1988 4257 2167 4312 verbis

590 4344 618 4380 a
648 4328 710 4381 D.
744 4328 1031 4381 Benedicto
1082 4326 1223 4378 inter
1266 4326 1463 4391 gradus
1497 4327 1815 4380 humilitatis
1873 4342 2169 4381 connume-

590 4401 723 4461 rari,
757 4406 816 4451 ut
837 4397 1233 4451 ibidemvidere
1254 4407 1357 4451 est.
1384 4394 1536 4452 Unde
1558 4398 1804 4466 suspicor
1832 4412 1899 4451 ex
1928 4398 2029 4452 hoc
2052 4400 2168 4453 loco

595 4470 764 4524 fuisse
796 4477 1112 4521 mutuatum.

673 4549 697 4576 ει
733 4540 987 4593 Alludere
1016 4538 1227 4592 videtur
1258 4538 1324 4593 ad
1356 4538 1477 4591 illos
1506 4539 1805 4593 versiculos
1837 4556 1850 4603 ;

772 4648 995 4711 Oderunt
1012 4661 1217 4711 peccare
1241 4650 1355 4698 boni
1384 4652 1572 4699 virtutis
1597 4662 1761 4699 amore
1790 4666 1800 4699 :

775 4710 1000 4761 Oderunt
1016 4710 1229 4774 peccare
1251 4711 1364 4760 mali
1385 4712 1639 4761 formidine
1660 4727 1832 4774 poenae.

588 4816 690 4890 Sed
724 4818 988 4884 prtecipue
1038 4818 1104 4871 ad
1158 4818 1288 4871 illttd
1336 4819 1562 4890 Joannis
1605 4820 1834 4885 apostoli
1867 4838 1878 4871 :
1910 4818 2157 4890 Perfecta

588 4887 815 4960 charitas
839 4892 977 4958 foras
1008 4890 1161 4942 mittit
1185 4891 1416 4942 timorem
1442 4889 1484 4957 (Ι
1512 4888 1671 4943 Joan.
1701 4890 1796 4960 tv),
1832 4887 2158 4959 netnpe‘ser-

594 4959 773 5012 vilem.
850 4983 873 5014 ι

661 5028 688 5066 b
716 5030 1019 5083 Meminerit
1051 5030 1220 5083 lector
1245 5031 1330 5085 hic
1360 5033 1441 5101 agi
1465 5032 1531 5085 de
1556 5032 1777 5087 novitiis
1807 5040 1862 5085 et
1906 5030 2161 5094 incipien—

590 5100 752 5160 tibus,
780 5101 977 5154 nonde
1008 5100 1434 5168 provectioribu’s
1472 5111 1526 5155 et
1566 5102 1842 5171 perfectis.
1876 5102 2154 5170 Siquidem

590 5172 851 5223 novitinut
874 5171 982 5224 hac
1014 5171 1170 5238 longa
1203 5180 1471 5237 oratione,
1503 5188 1595 5225 seu
1641 5173 2043 5239 exhortatione,
2078 5176 2160 5226 in-

589 5242 853 5311 formabat
878 5253 933 5295 et
962 5240 1261 5296 instruebat
1307 5243 1471 5297 abbas
1512 5245 1602 5295 ille
1635 5242 1969 5311 Pynuuhius,
2005 5256 2059 5295 ut
2089 5259 2157 5297 ex

590 5310 1017 5379 praecedentibus
1040 5323 1255 5366 constat
1276 5312 1433 5383 (Cap.
1452 5312 1523 5365 52
1542 5310 1744 5382 hujus).
1773 5312 1936 5365 Docet
1981 5314 2159 5382 itaque

593 5382 893 5449 hujusmodi
926 5383 1141 5437 novitiis
1180 5394 1233 5437 et
1280 5382 1560 5448 tironibus,
1591 5396 1713 5435 cum
1762 5382 1942 5435 adhuc
1990 5389 2149 5436 rudes

590 5452 788 5515 sint,et
802 5469 906 5506 non
929 5468 989 5507 ea
1020 5454 1201 5520 leiiCii
1227 5464 1279 5506 et
1307 5455 1601 5521 prudentiae
1616 5452 1866 5504 facultate
1896 5453 2146 5517 polleant,

594 5532 651 5575 ut
680 5524 850 5597 sciant
881 5527 1167 5597 reprohare
1197 5524 1395 5597 malpm
1436 5532 1492 5576 et
1534 5524 1756 5597 eligere
1786 5523 2007 5597 bonum,
2050 5522 2153 5576 hoc

594 5601 696 5655 est,
726 5594 950 5646 virtutes
982 5612 1006 5643 η
1037 5595 1180 5647 vitiis
1211 5594 1550 5658 discernere;
1594 5610 1698 5648 non
1728 5594 1928 5647 debere
1956 5596 2151 5646 multos

595 5661 839 5732 adhiberi
866 5664 1171 5732 magistros,
1203 5680 1231 5716 a
1261 5666 1456 5732 quibus
1490 5667 1734 5731 exempla
1765 5664 2077 5718 imitationis
2099 5676 2154 5719 et

599 5730 845 5786 ineundae
886 5731 1014 5787 vitae
1039 5730 1326 5799 expetant;
1359 5737 1459 5791 hoc
1484 5746 1587 5804 est,
1620 5730 1845 5804 quorum
1877 5736 2069 5792 intuitu
2099 5745 2154 5792 et

2275 4256 2575 4331 imitatione
2603 4257 2851 4331 studeant
2874 4273 3053 4313 mores
3081 4275 3208 4315 suos
3229 4274 3577 4331 componere,
3601 4280 3661 4319 ac
3685 4266 3859 4321 vitam

2275 4327 2587 4406 instituere;
2624 4328 2716 4380 sed
2760 4344 2924 4406 unum
2970 4332 3169 4406 potius,
3199 4337 3282 4387 vel
3310 4327 3457 4389 certe
3481 4327 3680 4406 paucos
3710 4353 3850 4393 vere

2273 4398 2555 4465 religiosos
2585 4400 2806 4466 proponi
2840 4400 3159 4465 imitandos;
3193 4418 3312 4457 cum
3352 4398 3527 4460 multo
3544 4407 3754 4460 facilius
3784 4410 3863 4463 sit

2275 4468 2432 4520 unius
2459 4470 2708 4532 exemplo
2742 4468 3047 4535 informari,
3075 4488 3231 4540 quant
3265 4477 3552 4531 mttltorum
3578 4519 3590 4535 .
3617 4488 3674 4529 et
3705 4494 3735 4531 e
3772 4481 3862 4533 di-

2279 4553 2435 4590 verso
2480 4541 2715 4617 proclive
2760 4540 3049 4617 admodum
3080 4546 3307 4617 plurium
3334 4550 3582 4617 exemplo
3603 4549 3859 4612 juniores

2279 4611 2569 4674 corrumpi.
2603 4621 2693 4662 aut
2742 4612 3035 4664 deteriores
3088 4614 3248 4668 effici.
3288 4611 3537 4673 Proclivis
3579 4611 3713 4671 enim
3771 4631 3855 4673 est

2186 4682 2236 4742 D
2262 4680 2523 4759 malorum
2548 4680 2787 4759 inritatio,
2821 4693 2869 4735 et
2889 4700 3128 4759 quarunt
3146 4688 3354 4739 virtutes
3374 4691 3577 4759 assequi
3602 4706 3853 4759 nequeas,

2266 4758 2398 4830 certe
2427 4751 2646 4830 imitaris
2676 4754 2948 4830 _ttitia,__ait_
2978 4755 3036 4830 [)ἲ
3070 4754 3429 4830 Hieronymus
3473 4751 3634 4829 epist.
3663 4751 3689 4811 '7
3715 4761 3737 4830 (
3768 4762 3857 4813 Ad

2265 4820 2456 4899 [fretam
2480 4822 2542 4899 de
2562 4822 2785 4899 institui.
2814 4822 2978 4899 ﬁltw).
3011 4825 3078 4899 At
3102 4825 3169 4878 de
3196 4820 3618 4893 provectioribus
3647 4841 3697 4884 et
3720 4820 3859 4899 pru-

2267 4892 2605 4945 deutioribus
2634 4895 2789 4947 aliter
2820 4892 3153 4949 sentiendum
3180 4911 3248 4948 ex
3280 4900 3548 4952 sententia
3582 4900 3641 4951 Β.
3676 4892 3861 4955 Attio-

2266 4960 2364 5023 nii,
2394 4976 2551 5029 quam
2601 4964 2772 5018 refert
2802 4968 3002 5018 Auctor
3030 4970 3269 5031 sequenti
3304 4966 3443 5019 libro
3470 4985 3480 5017 :
3514 4984 3617 5031 qua
3675 4972 3851 5026 docet

2267 5032 2590 5109 monachum
2622 5036 2839 5109 minime
2860 5035 3058 5087 debere
3085 5035 3152 5085 ab
3172 5048 3300 5096 uno,
3324 5038 3569 5109 quamvis
3602 5055 3855 5109 summo,

2267 5100 2515 5173 universa
2546 5118 2741 5171 genera
2784 5107 3037 5156 virtutum
3083 5113 3357 5171 expetere.
3390 5106 3540 5161 Alius
3584 5113 3744 5173 enim,
3770 5100 3859 5165 ἱιιξ

2265 5171 2400 5237 quit,
2433 5173 2659 5225 scientia:
2688 5174 2900 5242 ﬂoribus
2928 5182 3223 5231 exornatur.
3246 5176 3379 5228 alter
3408 5171 3743 5233 discretionis
3758 5200 3855 5234 ra-

2267 5243 2401 5319 tione
2436 5242 2695 5319 robustius
2736 5242 3092 5319 contnt‘ttnitur,
3122 5243 3251 5319 alter
3281 5248 3545 5311 patientia:
3589 5252 3857 5319 gtavitate

2268 5311 2535 5382 fundatur,
2566 5316 2701 5366 alius
2743 5312 3066 5382 humilitatis,
3100 5315 3233 5368 alius
3280 5311 3610 5374 continentia}
3659 5324 3860 5376 εἰωθυῖα

2253 5381 2549 5452 praefertur,
2576 5384 2709 5436 alius
2725 5381 3080 5456 _simplicitalis
3106 5389 3272 5456 gratia
3296 5388 3594 5455 decoratur,
3619 5400 3738 5444 etc.

2335 5468 2351 5487 εί
2388 5456 2625 5519 Quatuor
2655 5453 2882 5515 colores,
2919 5468 3012 5507 seu
3057 5453 3395 5510 conditiones
3439 5464 3548 5512 veri
3582 5453 3860 5517 ἰιιυῐιειειιί

2257 5522 2421 5578 habes
2451 5528 2533 5577 hic
2563 5525 2705 5577 velut
2736 5525 2785 5575 iu
2818 5525 2990 5596 tabula
3016 5525 3287 5595 depictas;
3321 5544 3512 5596 nempe
3536 5540 3592 5582 ttt
3618 5531 3855 5596 surdus,

2257 5609 2457 5667 mutus,
2483 5608 2674 5658 caecus,
2705 5602 2758 5648 et
2790 5595 2980 5648 stultus
3009 5597 3079 5650 sit
3105 5617 3118 5649 :
3148 5614 3279 5666 quas
3316 5595 3527 5667 quidem
3564 5595 3862 5657 moraliter

2257 5664 2631 5733 intelligendas
2660 5681 2799 5732 esse,
2836 5681 2940 5721 non
2971 5664 3209 5738 proprie,
3238 5664 3597 5740 aut—physice,
3624 5686 3736 5727 non
3760 5682 3855 5731 est

2258 5741 2399 5804 quod
2430 5750 2703 5794 moneant.
