4016 6202
169 180 248 243 201
634 199 730 259 DE
768 199 1245 261 C(ENOBIDBUM
1287 200 1819 267 INSTIT.,LIB»,_V.
1846 233 1918 243 —
1944 200 2040 260 DD
2071 203 2343 263 SPIRITU
2381 204 2945 266 GASTRIMARGIIE.

3331 215 3439 275 202

167 328 438 384 perpetuo,
468 324 528 372 et
555 316 625 372 de
651 319 896 374 coenobio
914 315 1088 372 ‘nuuis
1110 315 1731 384 talitatiomousinimici,
1774 319 1830 383 Α
1858 321 2114 377 sensibus
2154 325 2370 381 valeant
2408 326 2698 392 inhaerere,
2738 327 3009 397 quoddam
3051 342 3115 383 ex
3148 327 3234 384 his
3261 340 3286 368 ⁸
3312 333 3439 391 bre-

168 410 315 464 nullis
344 408 675 467 factionibus
700 411 1019 468 devolveris.

739 526 960 585 CAPUT
1001 528 1163 583 XLII.

168 638 312 706 Quod
343 640 531 695 bonum
561 643 818 709 patientiae
851 658 959 698 sua:
996 660 1099 697 non
1145 643 1322 698 debeat
1361 646 1637 699 monachus
1680 646 1743 700 de

232 711 455 766 aliorum
482 729 687 782 sperare
710 714 915 784 virtute,
943 715 1038 769 sed
1063 716 1127 769 de
1145 732 1241 769 sua
1263 716 1669 787 longanimitate.

231 844 372 916 Ergo
398 847 708 916 patientiam
734 858 878 904 tuam
906 864 1015 906 non
1045 849 1213 906 debes
1247 851 1316 907 de
1353 851 1581 906 aliorum
1621 866 1745 921 spe-

165 952 280 993 rare
306 940 523 1006 virtute,
552 941 603 995 id
630 951 735 1007 est,
766 951 826 997 ut
854 950 984 997 tunc
1012 958 1129 998 eam
1160 944 1538 1000 tantummodo
1570 945 1747 1015 possi-

161 1032 300 1097 deas,
326 1047 444 1088 cum
474 1049 504 1088 a
530 1035 747 1091 nemine
772 1034 943 1091 fueris
970 1036 1247 1091 irritatus:
1290 1036 1436 1107 quod
1484 1046 1542 1091 ut
1581 1038 1750 1107 possit

160 1136 258 1177 non
285 1125 528 1185 evenire.
557 1136 663 1182 tuae
690 1141 798 1183 non
828 1128 1072 1197 subiacet
1100 1130 1394 1199 potestati;
1437 1129 1533 1185 sed
1571 1130 1748 1199 potius

159 1214 223 1269 de
252 1216 549 1272 humilitate
576 1226 665 1273 tua
695 1226 751 1274 et
779 1218 1205 1290 longanimitate,
1235 1235 1355 1290 quae
1394 1220 1449 1275 in
1486 1228 1580 1275 tuo
1617 1234 1749 1289 pen-

159 1306 243 1361 det
268 1306 509 1365 arbitrio.

719 1403 951 1460 CAPUT
992 1403 1177 1460 XLIII.

269 1513 1022 1591 Recapitulatiogwpositionis
1048 1536 1138 1591 per
1166 1537 1320 1589 quam
1350 1522 1637 1576 monachus

453 1588 522 1640 ad
555 1588 920 1658 perfectionem
946 1588 1110 1661 possit
1140 1588 1436 1646 ascendere.

1843 417 2074 473 viarium
2106 419 2381 489 colligam,
2416 434 2511 489 per
2540 421 2684 491 quod
2714 423 2889 491 possis
2918 422 3180 479 brevitate
3206 432 3262 479 et
3288 441 3443 483 com-

1844 512 2046 582 pendio
2076 512 2451 568 mandatorum
2483 515 2803 572 memoriter
2831 517 3084 573 universa
3129 520 3440 588 complecti.

1846 607 1985 661 Audi
2029 621 2158 675 ergo
2209 607 2396 676 paucis
2442 609 2691 664 ordinem
2735 625 2832 679 per
2859 626 3017 678 quem
3046 613 3344 669 ascendere
3374 615 3443 669 ad

1844 700 2237 771 perfectionem
2261 717 2529 757 summam
2553 703 2671 757 sine
2696 703 2812 758 ullo
2833 704 3017 759 labore
3039 718 3103 759 ac
3125 705 3443 762 difﬁcultate

1846 793 2051 848 valeas.
2085 792 2414 864 Principium
2447 804 2647 850 nostra;
2686 795 2878 850 salutis
2921 796 3309 868 sapientiaeque
3351 815 3442 853 se-

1847 888 2082 944 cundum
2112 888 2418 958 Scripturas
2445 890 2607 944 timor
2638 889 2849 944 Domini
2877 901 2961 943 est
2998 889 3237 962 (Prover.
3273 892 3334 962 ι).
3368 892 3446 946 De

1848 981 2044 1035 timore
2097 980 2312 1035 Domini
2360 982 2599 1035 nascitur
2644 983 2986 1052 compunctio
3033 982 3308 1037 salutaris.
3366 984 3445 1038 De

1849 1076 2265 1142 compunctione
2294 1073 2472 1129 cordis
2503 1074 2744 1142 procedit
2778 1076 3178 1130 abrenuntiatio
3198 1118 3213 1141 ,
3244 1076 3297 1130 id
3330 1087 3441 1143 est,

1850 1166 2066 1221 nuditas
2096 1177 2151 1221 et
2174 1176 2518 1235 contemptus
2542 1168 2781 1221 omnium
2812 1166 3147 1222 facultatum.
3182 1168 3255 1221 De
3285 1168 3443 1222 nudi-

1849 1268 1961 1315 tate
1990 1259 2264 1314 humilitas
2288 1270 2629 1330 procreatur.
2660 1260 2735 1314 De
2762 1259 3061 1315 humilitate
3098 1260 3443 1316 mortificatio

1848 1353 2189 1408 voluntatum
2261 1362 2569 1422 generatur.
2628 1352 3045 1407 Mortificatioue
3099 1355 3439 1409 voluntatum

1852 1447 2759 1517 exstirpanturatquejmarcescunt
2781 1448 3031 1502 universa
3058 1447 3210 1502 vitia.
3238 1448 3442 1518 Expul-

1850 1539 2004 1594 sione
2033 1540 2310 1605 vitiorum,
2362 1542 2587 1592 virtutes
2638 1536 2968 1593 fructiﬁcant
3012 1547 3171 1608 atque
3218 1554 3441 1594 succre—

1850 1641 2028 1689 scunt.
2058 1632 2419 1686 Pullulatione
2443 1633 2699 1686 virtutum
2743 1632 2946 1700 puritas
2985 1631 3167 1686 cordis
3204 1632 3440 1701 acquiri-

222 1718 290 1772 Et
318 1729 380 1773 ut
403 1720 523 1775 haec
550 1723 731 1777 omnia
759 1739 879 1791 quas
907 1724 1085 1780 latiori
1115 1741 1363 1782 sermone
1390 1727 1596 1798 digesta
1625 1735 1751 1783 sunt
1777 1744 1828 1805 Β
1854 1736 1959 1781 tur.
1990 1726 2230 1781 Puritate
2266 1724 2449 1781 cordis
2488 1724 2815 1796 Apostolicac
2857 1724 3135 1779 charitatis
3180 1724 3440 1794 perfectio

155 1811 312 1866 cordi
342 1821 438 1867 tuo
468 1814 680 1870 facilius
726 1816 1088 1883 inculcentur,
1139 1834 1201 1874 ac
1246 1820 1592 1876 tenacissime
1634 1822 1746 1875 tuis

1853 1818 2180 1899 possidetur.

1227 1940 1489 1996 ALARDI
1528 1938 1761 1996 GAZrEl
1798 1936 2361 1995 COMMENTARIUS.

217 2038 245 2066 α
278 2029 644 2095 Breviarium,
672 2032 834 2087 etiam
863 2035 1085 2088 vetustis
1112 2042 1166 2089 et
1202 2034 1409 2089 Latinis
1434 2034 1753 2089 auctoribus

148 2102 437 2174 usitatum,
464 2101 515 2155 id
540 2112 641 2167 est,
671 2104 1072 2174 compendium,
1093 2106 1480 2171 summarium;
1507 2105 1592 2160 vel
1617 2121 1753 2174 opus

145 2173 427 2249 concisum
474 2173 943 2249 et_abbreviatum
968 2221 981 2241 ,
1025 2175 1211 2231 Graece
1243 2179 1478 2249 satrapa),
1514 2179 1595 2231 vel
1629 2173 1754 2231 ἄνα-

146 2245 513 2317 κεφαλαίωσιςη
537 2243 830 2300 Suetonius
870 2246 923 2300 in
964 2249 1244 2317 Augmto:
1287 2243 1433 2302 Fecit
1473 2256 1521 2301 et
1556 2249 1751 2303 brevia-

144 2317 275 2366 rium
304 2318 469 2368 totius
499 2316 720 2385 imperii,
748 2327 997 2387 quantum
1022 2316 1245 2371 militum
1272 2322 1363 2372 sub
1386 2321 1548 2389 signis
1569 2319 1753 2387 ubique

142 2394 290 2448 esset,
324 2400 579 2457 quantum
611 2389 844 2457 pecuniw
866 2388 919 2441 in
949 2391 1135 2442 mrario
1162 2399 1211 2443 et
1248 2390 1405 2457 ﬁscis,
1438 2388 1487 2443 et
1525 2392 1749 2457 vectiga-

143 2456 330 2530 li‘orum
367 2456 610 2530 residuis.
640 2456 787 2530 Idem
812 2460 863 2512 in
905 2458 1184 2530 Caligula:
1235 2456 1595 2530 Dispensatori
1638 2456 1751 2515 bre-

139 2527 368 2580 uiarium
405 2529 661 2581 rationum
692 2528 945 2596 o/ferenti.
980 2527 1181 2586 Eodem
1225 2527 1510 2587 aut'affini
1557 2546 1742 2597 sensu,

140 2606 197 2650 ut
217 2600 655 2662 nomenclatura,
686 2599 866 2654 brevis
888 2612 941 2655 et
965 2601 1129 2657 breve
1148 2602 1351 2657 dicitur
1371 2605 1742 2670 substantive,

140 2671 435 2745 masculini
466 2680 519 2722 et
542 2675 717 2724 neutri
750 2672 963 2745 generis
989 2690 1001 2724 :
1026 2689 1141 2745 quo
1173 2674 1330 2728 modo
1358 2675 1558 2745 vulgus
1588 2673 1749 2728 Breve

137 2742 500 2815 apostolicum
521 2750 745 2815 usurpat
770 2760 781 2795 :
813 2758 924 2812 quo
947 2743 1134 2797 itidem
1161 2745 1219 2797 D.
1245 2742 1570 2799 Benedictus
1593 2746 1744 2815 (Cap.

138 2824 281 2880 xxxii
319 2812 569 2880 Regulae)
599 2812 848 2867 abbatem
901 2824 1121 2877 monet.
1154 2825 1210 2867 ut
1254 2830 1424 2869 rerum
1466 2824 1511 2869 et
1549 2812 1743 2870 utensi-

137 2878 605 2955 liumgmonasterii
636 2882 835 2936 brevem
865 2893 1069 2950 teneat;
1099 2900 1259 2955 quem
1301 2886 1743 2941 Turrecrematus

134 2953 387 3027 notitiam
440 2962 495 3027 et
542 2955 913 3027 memorialem
963 2953 1289 3027 scripturam
1338 2958 1739 3027 interpretatur.

137 3022 244 3098 _Sed
286 3026 590 3098 occasione
609 3026 750 3098 _dat_a
781 3025 994 3080 dicendi
1024 3026 1093 3081 de
1123 3026 1406 3090 Breuiario,
1438 3022 1495 3082 in
1515 3030 1743 3098 gratiam

134 3092 452 3170 iuniorum,
480 3095 687 3170 juvabit
717 3096 808 3149 hic
837 3106 1052 3151 notasse
1067 3098 1325 3170 codicem
1372 3092 1546 3163 illum',
1584 3116 1744 3170 quem

138 3180 245 3230 pne
273 3164 541 3221 manibus
573 3168 860 3235 habemus,
894 3183 999 3233 quo
1023 3168 1260 3224 ofﬁcium
1287 3169 1525 3224 divinum
1573 3164 1737 3227 conti-

137 3247 331 3307 netur,
397 3237 740 3293 Breviarium
790 3239 1095 3309 appellari,
1149 3240 1435 3311 multiplici
1493 3244 1744 3297 ratione:

1856 2031 2032 2101 primo
2062 2032 2184 2101 quia
2214 2032 2455 2087 continet
2480 2044 2665 2086 omnes
2697 2032 2930 2098 psalmos
2965 2031 3160 2099 quibus
3201 2032 3440 2086 breviter

1857 2103 2037 2158 omnia
2070 2104 2264 2157 divinae
2300 2102 2595 2171 Scriptura:
2633 2103 2889 2171 mysteria
2934 2104 3303 2171 praecipuaque
3344 2103 3442 2158 Dei

1857 2188 2021 2243 opera
2051 2184 2103 2229 et
2132 2174 2392 2229 beneficia
2422 2189 2518 2239 per
2560 2172 2777 2225 modum
2825 2172 2999 2243 laudis
3038 2173 3438 2241 exprimuntur,

1857 2255 1915 2299 ut
1958 2247 2031 2299 ait
2075 2246 2364 2315 Dionysius
2404 2244 2498 2298 lib.
2549 2243 2616 2297 de
2667 2243 2873 2297 Eccles.
2918 2242 3126 2298 Hierar.
3170 2246 3343 2310 capite
3369 2244 3438 2307 5;

1856 2317 2053 2371 deinde
2083 2317 2435 2371 selectissima
2481 2330 2707 2383 qumque
2754 2315 2917 2368 totius
2964 2315 3171 2369 veteris
3215 2324 3268 2368 et
3315 2316 3442 2367 ιη»νί

1855 2387 2213 2454 Testamenti;
2243 2389 2400 2442 tertio
2419 2387 2615 2441 selecta
2642 2386 2855 2439 Patrum
2880 2386 3227 2450 documenta;
3250 2396 3440 2454 quarto

1851 2460 2119 2527 praecipua
2151 2474 2375 2527 quaeque
2420 2468 2569 2528 gesta
2613 2469 2962 2522 sanctorum;
3013 2458 3199 2528 quinto
3250 2456 3440 2510 breves

1851 2532 2186 2598 precationes
2230 2544 2367 2599 quas
2409 2530 2666 2584 collectas
2704 2539 2913 2592 vocant,
2946 2542 3065 2595 qua:
3097 2527 3262 2599 ferea
3295 2544 3438 2582 sum-

1850 2603 1952 2654 mis
1987 2598 2327 2668 pontificibus
2367 2600 2678 2669 compositae
2726 2599 2969 2669 fuerunt;
3015 2608 3168 2653 sexto
3211 2598 3442 2669 hymnus

1848 2672 2065 2741 aliquos
2092 2689 2120 2726 a
2155 2672 2402 2725 Patribus
2440 2668 2772 2735 compositos
2813 2672 2830 2715 l
2852 2668 3106 2741 Leonard.
3149 2668 3356 2723 Lessius
3400 2671 3441 2723 ι.

1848 2758 1887 2797 ιι
1914 2740 1975 2796 de
1999 2743 2181 2796 Justit.
2218 2753 2265 2795 et
2290 2741 2417 2795 Jure
2440 2758 2485 2794 c.
2518 2743 2585 2797 57
2613 2742 2735 2794 dub.
2758 2742 2835 2808 8).
2858 2740 3043 2795 Merito
3071 2741 3252 2810 itaque
3283 2756 3440 2794 voca-

1851 2824 1940 2867 tur
1969 2814 2326 2877 Breviarium,
2356 2813 2481 2880 quia
2509 2825 2590 2866 est
2618 2812 2996 2875 compendium
3022 2814 3261 2865 omnium
3293 2827 3437 2879 prae-

1852 2885 2113 2938 dictorum
2142 2883 2481 2938 admirabile.
2514 2883 2632 2951 Quo
2670 2882 2832 2937 etiam
2881 2882 3040 2935 modo
3080 2882 3441 2937 Tertullianus

1883 2955 1992 3008 Lib.
2026 2956 2089 3009 de
2117 2955 2263 3008 Orat.
2307 2971 2423 3023 cap.
2455 2954 2510 3022 1)
2559 2956 2858 3008 orationem
2907 2954 3237 3007 Dominicam
3285 2965 3436 3009 vocat

1901 3027 2180 3080 reviarium
2227 3026 2381 3079 totius
2426 3025 2717 3095 Evangelii.
2765 3024 2870 3080 Sed
2914 3024 3028 3079 haec
3057 3026 3254 3085 obiter.
3285 3034 3339 3078 et
3366 3040 3434 3095 ex

1773 3128 1819 3192 Ο
1852 3097 2139 3192 occasione
2169 3097 2313 3152 dicta
2337 3097 2405 3152 de
2432 3094 2729 3167 Breviario,
2763 3112 2869 3166 quo
2895 3097 3024 3151 nihil
3058 3096 3318 3151 habemus
3353 3094 3432 3149 fa-

1850 3169 2137 3224 miliarius.

135 3348 3404 3375 mm

1170 3445 1638 3553 LIBER
1726 3445 2445 3571 QUINTUS.

1339 3628 1424 3679 DE
1457 3628 1709 3680 SPIBI'IU
1745 3628 2251 3683 GASTBIMARGUE.

672 3866 904 3924 CAPUT
940 3865 1233 3922 PRIMUM.

138 3953 424 4014 Transitus
453 3958 523 4015 ab
552 3959 805 4015 institutis
835 3959 1182 4014 coenobiorum
1222 3957 1291 4010 ad
1335 3956 1750 4012 colluctationem

549 4040 661 4084 octo
690 4031 1061 4103 principalium
1092 4030 1348 4083 uitiorum.

202 4145 456 4212 Quintus
487 4145 670 4213 nobis,
692 4144 917 4214 juvante
945 4145 1077 4213 Deo,
1109 4145 1244 4200 liber
1278 4146 1377 4202 iste
1415 4144 1746 4216 procuditur.

1853 3867 1987 3923 Nam
2014 3878 2040 3906 ει
2070 3877 2188 3938 post
2215 3875 2447 3937 quatuor
2471 3868 2700 3933 libellos,
2730 3866 2819 3935 qui
2846 3881 3005 3935 super
3034 3869 3293 3925 institutis
3318 3886 3433 3926 mo-

1854 3963 2211 4017 nasteriorum
2242 3960 2432 4029 digesti
2460 3971 2607 4024 sunt,
2642 3975 2784 4017 nunc
2809 3963 3050 4031 arripere
3094 3964 3432 4021 colluctatio-

1854 4068 1980 4108 nem
2008 4052 2036 4091 ι)
2066 4054 2324 4108 adversus
2351 4062 2472 4107 octo
2494 4053 2810 4124 principalia
2840 4055 2968 4109 vitia
2996 4059 3190 4111 vestris
3226 4060 3421 4113 oratio«

1856 4146 2036 4210 nibus,
2073 4147 2297 4200 Domino
2328 4142 2691 4213 confortante',
2725 4146 3082 4217 disponimus,
3115 4150 3162 4204 id
3190 4162 3293 4217 eet,
3322 4153 3433 4222 pri-

1246 4286 1503 4341 ALARDI
1539 4284 1773 4343 GAZA‘II
1810 4283 2373 4342 COMMENTORIUS.

210 4377 634 4456 {Itaquatuor
666 4377 833 4456 libros
861 4378 1229 4456 praecedentes
1256 4380 1370 4456 sub
1402 4395 1511 4434 uno
1551 4380 1710 4433 titulo
1735 4397 1749 4433 :
1777 4381 1832 4442 D
1857 4380 2381 4456 metaphoriceyero
2400 4393 2562 4456 _omne
2589 4378 2907 4456 principium
2931 4380 3252 4456 directivum
3276 4402 3433 4456 caput

128 4448 210 4503 De
239 4448 513 4525 institutis
544 4450 1006 4525 monasteriorum,
1054 4451 1563 4525 veI__ctenobiorumA,_
1599 4465 1750 4525 com-
1856 4460 2112 4525 vocatur;
2147 4449 2286 4525 unde
2317 4457 2375 4525 e_t_
2400 4450 2661 4513 homines,
2696 4451 2787 4516 qui
2814 4451 3212 4525 aliosdirigunt
3247 4466 3301 4511 et
3338 4448 3433 4525 gu.

124 4522 443 4645 prehendit
467 4540 480 4573 ε
514 4535 653 4589 quos
683 4520 995 4576 Gennadius
1021 4531 1075 4574 et
1103 4521 1194 4575 alii
1222 4523 1331 4576 suis
1362 4522 1595 4590 prepriis
1626 4522 1752 4574 titu-
1856 4522 2537 4591 bernant,capitaaliorum
2560 4529 2839 4577 vocantur.
2865 4522 3063 4576 Dicitur
3092 4520 3222 4594 ergo
3249 4520 3434 4590 vitium

156 4594 205 4645 is
237 4592 619 4645 distinguunt.
651 4591 753 4645 Alii
785 4606 913 4645 vero
945 4606 1049 4645 una
1088 4592 1388 4645 eademque
1427 4594 1755 4645 monastica—
1856 4592 2085 4645 capitale
2107 4608 2211 4645 uno
2233 4594 2389 4645 modo
2415 4608 2445 4645 a
2467 4593 2638 4645 cauite
2662 4592 3057 4645 oronriedicto.
3081 4598 3225 4645 eisin
3250 4600 3434 4645 vilium

156 4594 205 4646 is
237 4592 619 4661 distinguunt.
651 4591 753 4646 Alii
785 4606 913 4647 vero
945 4606 1049 4645 una
1088 4592 1388 4659 eademque
1427 4594 1748 4647 monastica-

1856 4592 2085 4659 capitale
2107 4608 2211 4647 uno
2233 4594 2389 4646 modo
2415 4608 2445 4645 a
2467 4593 2638 4657 capite
2662 4593 2876 4659 proprie
2894 4592 3057 4655 dicto,
3081 4608 3134 4648 et
3151 4591 3225 4649 sit:
3250 4600 3435 4657 vitium

125 4678 263 4735 rum
299 4664 712 4735 institutionum
760 4663 1114 4735 inscriptione
1157 4663 1530 4735 denominant.
1570 4664 1748 4735 sicque

1856 4663 2085 4735 capitale
2106 4664 2427 4732 appellatur,
2448 4662 2589 4735 quod
2612 4677 2765 4735 poena
2781 4663 2969 4735 capitis
2993 4667 3210 4731 punitur
3226 4668 3435 4735 (Tltom.

126 4734 325 4787 libros
359 4732 656 4786 duodecim
691 4731 1088 4789 institutibnum
1136 4750 1165 4787 a
1207 4734 1359 4788 libris
1405 4731 1752 4788 collationum
1860 4731 3435 4799 1-24.56,art.5et4,et2-2,q.5.48;.Ioau.Azoriuslnstit.

124 4814 461 4877 secernunt
496 4817 559 4857 ac
587 4813 856 4873 separant,
886 4813 949 4860 ut
974 4805 1099 4859 alibi
1155 4806 1353 4860 dictum
1393 4814 1477 4860 est
1510 4804 1624 4873 (Ad
1660 4804 1750 4858 lib.
1859 4806 2041 4877 moral.
2071 4822 2142 4871 iv,
2167 4824 2279 4877 cap.
2300 4804 2408 4872 12).
2436 4810 2503 4877 At
2524 4820 2626 4856 non
2650 4806 2716 4857 ita
2744 4804 3435 4877 accipiturvitiumcapitala

123 4892 163 4943 ι,
198 4894 331 4944 cap.
374 4875 462 4946 Ι).
1856 4876 1909 4929 in
1926 4878 2025 4930 hoc
2049 4875 2295 4935 tractatu.
2315 4891 2421 4943 quo
2442 4876 2507 4929 de
2522 4877 2663 4946 vitiis
2684 4876 3000 4946 capitalibus
3023 4881 3224 4945 agitur:
3251 4875 3436 4935 dicun-

199 4946 231 4984 δ
264 4945 459 5017 Hujus
499 4946 621 5020 libri
655 4961 717 5002 ac
769 4946 1112 5017 sequentium
1141 4948 1441 5020 communis
1471 4947 1748 5016 inscriptio

1856 4953 1950 5020 turi
1970 4950 2112 5002 enim
2136 4947 2401 5020 capitalia,
2432 4945 2571 5012 quod
2586 4947 2707 5020 ‘sint
2732 4946 2890 4998 veluti
2924 4945 3117 5012 fontes,
3149 4951 3231 5002 vel
3263 4955 3435 5020 capita

1855 5014 2211 5086 reliquorum,
2227 5031 2257 5068 e
2277 5014 2660 5086 quib_us,__velut
2681 5029 2745 5067 ex
2768 5028 3017 5080 corrupta
3038 5021 3236 5084 radice,
3262 5014 3435 5076 omnis

1855 5082 2068 5158 generis
2099 5087 2244 5147 vitia,
2276 5082 2661 5158 turpitudines,
2712 5086 2965 5158 scandala
3011 5103 3078 5158 ac
3114 5082 3435 5155 corruptelae

1856 5153 2180 5227 profluuntt
2207 5153 2353 5227 quod
2393 5163 2567 5227 tamen
2610 5167 2715 5203 non
2747 5154 2824 5207 sic
2855 5157 3217 5221 accipiendum
3238 5200 3251 5219 ,
3282 5153 3433 5227 quasi

1856 5224 2065 5296 singula
2090 5226 2217 5279 vitia
2240 5224 2483 5294 capitalia
2506 5231 2822 5296 casterorum
2849 5226 3085 5296 omnium
3109 5243 3282 5281 causa:
3299 5224 3429 5288 Sint.

1858 5310 1913 5354 et
1942 5295 2197 5367 origines,
2229 5300 2322 5351 sed
2349 5297 2471 5365 quia
2498 5295 2912 5367 unumquodque
2941 5295 3151 5349 illorum
3190 5299 3259 5351 sit
3292 5302 3434 5352 mul-

1859 5364 2048 5423 torum'
2067 5364 2290 5422 aliorum
2323 5364 2483 5434 caput
2512 5376 2567 5421 et
2593 5379 2772 5417 causa.
2800 5364 2951 5419 Unde
2971 5375 3025 5418 et
3046 5367 3270 5436 singulis
3292 5371 3438 5425 vitiis

1858 5441 2177 5509 capitalibus
2205 5440 2368 5493 multa
2396 5440 2517 5491 vitia
2557 5452 2625 5490 ex
2668 5436 2798 5503 ipsis
2841 5437 3112 5509 nascentia
3159 5440 3435 5508 assignari.

1860 5504 1962 5577 ίυί,
1998 5526 2117 5579 (iure
2147 5512 2272 5564 tilia:
2298 5512 2529 5578 ipsorum
2562 5516 2834 5579 vocantur.
2867 5504 3113 5579 secundo
3141 5504 3434 5567 nmaﬁdum

126 5028 235 5085 est,
268 5020 344 5074 de
376 5018 716 5088 capitalibus
745 5020 928 5073 vitiis:
962 5019 1212 5088 quamvis
1255 5020 1415 5073 etiam
1456 5021 1557 5074 sub
1593 5034 1756 5089 gene-

125 5093 233 5144 rali
264 5091 439 5144 titulo
489 5090 893 5143 institutionum
938 5089 1358 5143 monasticarum
1398 5090 1757 5159 comprehen-

126 5160 359 5218 dantur.
399 5160 620 5216 Horum
670 5161 926 5214 librorum
978 5160 1224 5215 meminit
1274 5160 1490 5213 Photius
1537 5160 1756 5215 Grzccus

127 5231 182 5287 in
213 5249 322 5287 suo
348 5233 574 5299 elogio.
607 5245 809 5299 eosque
830 5231 985 5286 valde
1011 5230 1379 5293 commendat,
1402 5239 1459 5283 ut
1481 5230 1550 5283 ibi
1571 5232 1756 5286 videre

127 5313 212 5373 est
240 5306 302 5358 in
340 5305 525 5373 hujus
551 5302 734 5368 Operis
766 5302 934 5356 initio.
966 5302 1138 5356 Porro
1172 5300 1241 5355 de
1267 5300 1412 5373 vitiis
1450 5302 1758 5373 principali-

127 5372 252 5441 bus,
284 5369 806 5443 sive'capitalibus,
840 5388 1069 5443 quorum
1101 5371 1476 5443 tractationem
1503 5369 1758 5438 deinceps

127 5440 474 5517 aggreditur
526 5440 821 5517 Cassianus
846 5440 871 5507 ,⁷
903 5442 1328 5517 gumdamgmihi
1375 5440 1759 5517 vid_en_tur_hic

126 5510 451 5587 generatim
494 5514 870 5589 praznotanda.
895 5512 1108 5589 Primo.
1139 5514 1328 5589 vitium
1358 5510 1588 5589 capitale
1625 5510 1759 5589 duo-
1860 5520 1962 5577 tur,
1984 5526 2117 5589 ἀραὶ
2147 5512 2272 5589 tilia:
2298 5512 2529 5589 ipsorum
2562 5516 2834 5589 vocantur.
2867 5510 3113 5589 Secundo
3141 5519 3227 5589 not

124 5576 231 5645 bus
263 5589 461 5644 modis
494 5576 843 5654 intelligitur.
888 5584 1133 5659 Capitale
1168 5585 1371 5659 enim_a
1399 5576 1577 5659 caliite
1617 5582 1758 5659 diei—
1859 5582 2000 5659 quod
2017 5576 2465 5659 'Cassianustic
2485 5590 2531 5632 et
2558 5577 2734 5659 collot.
2756 5576 2811 5641 4,
2838 5594 2886 5659 c.
2914 5576 2971 5643 2)
2993 5578 3261 5659 octovitia
3289 5584 3434 5649 capi-

125 5672 253 5725 tur;
277 5670 455 5724 caput
478 5648 855 5728 autem'sonat
871 5648 1173 5728 membrum
1194 5648 1757 5728 quoddam'animalis,
1860 5648 2007 5715 talia.
2032 5665 2133 5728 seu
2157 5648 2502 5728 principalia,
2539 5648 2731 5728 posuit,
2762 5650 2884 5718 quia
2914 5648 3220 5728 superbiam
3245 5648 3434 5728 octavo

124 5720 283 5809 quod
313 5720 406 5789 est
454 5726 798 5800 principium
850 5720 1228 5781 directionum‘
1256 5727 1421 5782 totius
1464 5723 1757 5780 animalis:
1861 5736 1925 5779 ac
1966 5723 2133 5779 veluti
2158 5720 2427 5791 supremo
2465 5720 2585 5775 loco
2612 5720 2754 5775 inter
2784 5736 2847 5776 ea
2879 5728 3145 5778 recenset.
3180 5720 3249 5777 Et
3276 5722 3433 5799 hujus

455 5816 754 5887 PATROL.
793 5818 1026 5882 XLIX.
2852 5822 2891 5890 7
