4016 6202
545 254 649 317 207
666 319 687 332 ρ

1842 244 2121 314 JnANNlS
2157 253 2466 314 cassum
2951 239 2955 241 “
3663 250 3781 308 20s

543 372 828 436 sententia,
862 382 1181 422 monacnum
1226 382 1321 439 qui
1368 378 1489 439 post
1541 373 1837 429 cmnobiale
1867 344 2191 439 ρτοβοει-Ἀ
2218 372 2434 437 habeat,
2477 367 2854 438 contemplari,
2894 368 3244 441 studioseque
3290 368 3595 438 decerpere.
3633 367 3757 422 Cun-

541 476 654 519 tum
711 461 919 529 fastigia
973 460 1160 514 nititur
1190 461 1521 516 sublimioris
1575 463 1921 532 perfectionis
1952 465 2111 517 attin-

540 570 692 626 gere,
730 564 787 607 et
812 553 1154 623 apprehenso
1183 554 1530 609 discretionis
1576 558 1843 618 examine,
1889 556 2110 625 proiirio

538 649 646 717 jam
678 653 867 713 potens
895 653 980 700 est
1004 654 1149 701 stare
1178 646 1406 714 judicio,
1436 657 1596 717 atque
1622 658 1648 685 ⁸
1674 649 1741 702 ad
1771 663 1949 703 arcem
1978 664 2110 703 ana-

538 738 833 793 choreseos
851 739 1151 807 pervenire,
1171 736 1197 775 b
1222 739 1439 793 minime
1456 740 1651 794 debere
1675 739 1742 794 ab
1760 754 1888 808 uno,
1919 754 2110 809 quam-

537 833 620 887 vis
638 846 870 897 summo,
895 832 1143 887 universa
1171 847 1369 902 genera
1386 833 1650 887 virtutum
1667 839 1940 902 expetere.
1954 832 2111 886 Alius

539 926 682 982 enim
710 925 951 981 scientiae
991 922 1218 979 ﬂoribus
1246 933 1559 990 exornatur,
1610 926 1745 979 alter
1773 924 2113 980 discretionis

538 1020 747 1077 ratione
774 1019 1044 1073 robustius
1098 1017 1481 1082 communitur,
1512 1017 1647 1071 alter
1677 1018 1947 1085 patientiae
1991 1032 2114 1084 gra-

537 1116 705 1167 vitate
736 1111 1022 1175 fundatur;
1047 1109 1179 1163 alius
1227 1108 1566 1174 humilitatis,
1597 1108 1734 1163 alius
1760 1109 2111 1163 continentiae

535 1206 739 1260 virtute
794 1204 1094 1273 praefertur,
1128 1202 1264 1255 alius
1295 1201 1655 1270 simplicitatis
1688 1203 1857 1271 gratia
1887 1202 2113 1257 decora-

537 1306 647 1351 tur.
678 1298 778 1351 Hic
799 1294 1277 1361 magnanimitatis,
1315 1293 1409 1348 ille
1459 1293 1869 1359 misericordiae,
1904 1294 2006 1348 iste
2034 1294 2114 1348 vi-

538 1390 810 1460 giliarum,
842 1387 931 1440 hic
952 1387 1353 1449 taciturnitatis,
1394 1385 1484 1440 ille
1517 1385 1716 1441 laboris
1732 1385 2113 1456 studiosuper-

542 1483 745 1537 eminet
791 1486 1042 1533 cmteros.
1098 1478 1166 1531 Et
1218 1476 1417 1532 idcirco
1472 1478 1796 1532 monachum
1849 1478 2112 1546 Spiritalia

538 1573 699 1627 mella
749 1569 983 1624 condere
1030 1569 1361 1637 cupientem,
1411 1568 1556 1622 velut
1604 1584 1758 1637 apem
1798 1569 2111 1635 prudentis-

537 1664 730 1717 simam
762 1660 963 1714 debere
993 1673 1426 1728 unamquamque
1470 1659 1724 1713 virtutem
1778 1659 1846 1713 ab
1891 1656 1972 1714 his
2020 1660 2111 1729 qui

2216 473 2333 520 ctas
2364 476 2595 532 namque
2624 463 2666 515 si
2696 461 2763 517 ab
2792 477 2899 515 uno
2928 462 3176 517 volumus
3225 461 3482 529 mutuari,
3530 471 3616 515 aut
3637 459 3758 514 difﬁ-

2213 552 2340 618 cile,
2372 564 2463 607 aut
2489 563 2634 607 certe
2657 567 2947 622 numquam
2977 552 3171 608 idonea
3191 552 3258 607 ad
3284 551 3599 607 imitandum
3623 551 3758 607 nobis

2215 644 2458 714 exempla
2487 652 2739 715 poterunt
2759 644 3150 714 reperiri.Quia
3179 655 3201 683 σ
3225 645 3350 699 licet
3379 643 3604 699 necdum
3628 642 3759 697 Chri-

2214 748 2356 791 stum
2411 737 2588 791 omnia
2615 735 2837 803 factum,
2883 738 3179 791 secundum
3218 736 3536 806 Apostolum
3567 733 3756 807 (lCor.

2214 829 2333 902 xv),
2361 831 2640 885 videamus
2669 831 2722 885 in
2751 830 3033 896 omnibus;
3068 840 3247 885 tamen
3277 830 3381 885 hoc
3404 830 3567 885 modo
3598 843 3766 898 possu-

2215 939 2337 979 mus
2366 939 2509 989 eum,
2554 923 2607 979 id
2637 933 2739 991 est,
2790 938 2888 993 per
2915 931 3101 994 partes
3156 923 3212 978 in
3242 922 3493 978 omnibus
3527 921 3762 977 invenire.

2217 1017 2293 1071 De
2322 1016 2443 1086 ipso
2472 1016 2614 1071 enim
2664 1015 2883 1082 dicitur,
2917 1016 3009 1085 qui
3054 1015 3225 1070 factus
3251 1024 3335 1070 est
3364 1013 3521 1069 nobis
3566 1028 3627 1069 ex
3672 1012 3768 1066 Deo

2216 1108 2501 1177 sapientia,
2529 1107 2765 1177 justitia,
2793 1107 3053 1162 sanctitas
3081 1115 3135 1161 et
3165 1106 3462 1176 redemptio
3503 1105 3549 1176 (Ι
3577 1102 3766 1170 Coi-.1).

2217 1200 2353 1254 Dum
2383 1215 2511 1270 ergo
2539 1202 2593 1254 in
2629 1199 2738 1253 alio
2763 1200 3046 1269 sapientia,
3080 1200 3134 1254 in
3166 1200 3272 1254 alio
3306 1199 3534 1268 iustitia,
3582 1197 3633 1250 in
3680 1194 3773 1247 alio

2216 1291 2494 1357 sanctitas,
2530 1291 2584 1345 in
2617 1291 2727 1345 alio
2776 1290 3165 1357 mansuetudo,
3198 1293 3249 1344 in
3299 1289 3403 1343 alio
3452 1290 3687 1354 castitas,
3727 1285 3773 1338 in

2217 1384 2324 1440 alio
2354 1383 2651 1449 humilitas,
2684 1383 2736 1437 in
2767 1382 2874 1438 alio
2921 1382 3172 1453 patientia
3201 1382 3489 1451 reperitur,
3522 1379 3775 1435 membra-

2216 1476 2314 1531 tim
2341 1475 2585 1531 Cbristus
2613 1490 2707 1545 per
2732 1489 3167 1545 unumquemque
3206 1489 3346 1528 nunc
3375 1482 3681 1527 sanctorum
3705 1468 3777 1523 di-

2218 1571 2364 1625 visus
2414 1581 2517 1626 est.
2544 1568 2571 1607 ά
2603 1570 3055 1626 Concurrentibus
3103 1582 3231 1624 vero
3279 1567 3546 1623 universis
3599 1566 3652 1620 in
3678 1562 3783 1618 uni-

2218 1671 2377 1717 tatem
2408 1663 2532 1717 tidei
2563 1677 2625 1718 ac
2650 1663 2881 1726 virtutis,
2914 1662 3158 1717 redditur
3183 1661 3238 1714 in
3266 1659 3437 1714 virum
3480 1658 3781 1728 perfectum,

539 1770 657 1809 eam
707 1752 1019 1807 familiarius
1049 1752 1327 1821 possident
1355 1750 1621 1806 deﬂorare
1648 1761 1702 1805 et
1729 1753 1781 1806 in
1813 1754 1903 1808 sui.
1928 1763 2115 1821 pecto-
2142 1779 2192 1839 Β
2218 1754 2604 1825 plenitudinem
2630 1757 2710 1809 sui
2736 1754 2983 1828 corporis
3014 1754 3231 1825 (Ephes.
3260 1757 3356 1823 tv),
3388 1752 3441 1806 in
3471 1752 3785 1821 singulorum

538 1847 617 1902 ris
647 1860 772 1901 vase
801 1846 1081 1915 diligenter
1114 1844 1408 1899 recondere
1439 1861 1451 1896 :
1502 1858 1602 1899 nec
1632 1844 1763 1912 quid
1815 1846 1992 1901 minus
2021 1848 2114 1903 ali-

540 1938 659 2008 quis
683 1936 875 1993 habeat
901 1935 1192 2003 discutere,
1225 1933 1319 1990 sed
1348 1933 1453 1989 hoc
1481 1943 1689 1989 tantum
1731 1935 1857 2005 quid
1898 1939 2111 1993 virtutis

2222 1848 2584 1904 membrorum
2624 1850 2883 1918 compage
2908 1864 2971 1903 ac
3000 1847 3329 1918 proprietate
3359 1845 3662 1916 perficiens.
3692 1845 3786 1898 Do-

2220 1955 2321 1996 nec
2349 1956 2477 2011 ergo
2516 1941 2696 1996 veniat
2742 1941 2875 1996 illud
2906 1949 3119 2011 tempus
3162 1954 3270 2011 quo
3298 1939 3369 1994 sit
3396 1938 3540 1994 Deus
3571 1948 3598 1977 ε
3625 1937 3789 1993 omnia

1598 2069 1854 2139 ALARDI
1893 2072 2131 2130 GAZAEI
2167 2074 2737 2136 COMMENTARIUS.

541 2195 778 2251 tionibus
804 2192 859 2247 in
888 2190 1149 2262 praeclaro
1169 2201 1331 2257 opere
1361 2185 1429 2262 de
1456 2184 1595 2262 Vitis
1623 2185 1839 2239 Patrum
1881 2201 2053 2262 nuper
2083 2204 2115 2243 a

541 2282 602 2322 se
630 2256 960 2321 restituto'et
988 2256 1254 2315 illustrato
1280 2258 1469 2327 :cujus
1497 2256 1737 2311 rationes
1763 2258 1902 2325 apud
1938 2259 2111 2327 ipsum

541 2336 801 2391 videndas
830 2333 1099 2399 relinquo,
1133 2344 1256 2399 cum
1311 2326 1399 2379 hic
1447 2334 1653 2399 tantum
1708 2341 1774 2399 ex
1824 2326 2113 2385 occasione

541 2403 838 2460 notationis
868 2392 1186 2455 Baronianae
1210 2397 1277 2451 de
1299 2396 1518 2450 Antonii
1547 2392 1664 2450 Vita
1697 2397 1921 2467 ejusque
1947 2399 2116 2456 inter-

541 2486 706 2547 prete
725 2488 903 2529 sermo
934 2468 1210 2547 inciderit.

616 2555 643 2584 ι
666 2545 776 2599 Hoc
803 2554 906 2603 est,
942 2540 1009 2594 ad
1038 2540 1271 2598 culmen.
1298 2534 1793 2606 perfectionemque
1816 2538 1943 2593 vitae
1986 2555 2116 2596 ana-

542 2617 851 2679 choreticae,
882 2627 1002 2681 qua:
1031 2621 1115 2665 est
1140 2608 1307 2663 veluti
1336 2622 1435 2661 arx
1460 2609 1713 2678 quaedam
1740 2620 1794 2663 et
1837 2608 2115 2682 fastigium

540 2687 839 2743 religionis.
1004 2720 1011 2728 .

612 2702 1076 2811 ξείίέιῐὲδέθηῐθηίίθ
1107 2753 1168 2806 Β.
1197 2748 1416 2822 Antonii
1446 2748 1605 2805 docet
1627 2747 1833 2822 Auctor
1861 2766 1985 2807 eum
2018 2755 2113 2822 qui

542 2828 609 2882 ad
639 2822 1247 2897 perfectionemtendit,
1279 2821 1477 2897 quique
1496 2861 1510 2885 ,
1538 2820 1877 2891 apprehenso,
1919 2820 2112 2897 inquit,

542 2893 859 2972 discretionis
881 2896 1132 2972 examine,
1161 2893 1368 2972 proprio
1391 2895 1508 2972 jam
1519 2902 1698 2972 pot_ens
1717 2902 1794 2972 est
1813 2901 1949 2972 stnre
1964 2894 2119 2972 indi-

542 2972 640 3033 cio,
671 2969 772 3043 hoc
793 2976 899 3030 est,
928 2968 1017 3035 qui
1050 2968 1121 3019 ita
1151 2962 1541 3043 prudentiteet
1580 2962 1921 3043 discretionis
1966 2962 2117 3043 dono

543 3039 803 3108 praeditus
858 3033 962 3104 est,
1012 3044 1069 3090 ut
1115 3036 1285 3104 possit
1336 3033 1515 3108 omnia
1547 3033 1795 3108 probare,
1824 3044 1877 3088 et
1906 3035 2113 3091 solum-

547 3101 708 3164 modo
740 3108 881 3177 quod
903 3101 1219 3162 bunum-est
1250 3116 1437 3177 tenere
1468 3102 1509 3174 (Ι
1545 3101 1727 3177 Thess.
1751 3110 1832 3170 v),
1867 3120 1973 3159 non
2020 3108 2119 3161 de-

544 3182 674 3236 bere
727 3175 798 3233 ab
840 3194 947 3232 uno
1001 3177 1218 3231 homine
1279 3176 1517 3230 omnium
1559 3175 1816 3228 virtutum
1865 3179 2113 3245 exempla

543 3246 649 3306 sibi
679 3263 989 3321 proponere
1009 3246 1297 3321 imitanda;
1319 3246 1413 3300 sed
1442 3260 1472 3297 a
1502 3244 1707 3321 multis,
1732 3245 1859 3321 etin
1890 3244 2117 3317 singulis

544 3316 809 3389 inSpicere
861 3318 992 3387 quid
1040 3318 1301 3386 optimum
1333 3326 1494 3389 atque
1522 3316 2111 3389 perfectissimum’sit;

546 3386 666 3447 cum
698 3386 911 3447 constet
937 3390 1211 3445 neminem
1260 3386 1569 3442 mortalium
1620 3386 1674 3438 in
1726 3389 1871 3440 omni
1913 3389 2117 3445 virtute

546 3464 841 3554 e'ncellene,
873 3461 971 3554 sed
1016 3462 1158 3554 hunc
1211 3457 1519 3554 prudentia:
1552 3456 1718 3554 alium
1769 3456 2107 3554 fortitudine,
2143 3489 2189 3554 C

543 3535 711 3588 alium
739 3528 844 3587 alia
872 3532 1067 3586 virtute
1115 3543 1394 3598 superare,
1438 3528 1521 3599 vel
1552 3528 1821 3599 superari,
1860 3540 1918 3582 ut
1964 3531 2113 3599 quis-

543 3620 650 3673 que
686 3604 857 3674 magis
901 3604 989 3658 vel
1017 3603 1194 3674 minus
1224 3601 1279 3654 in
1302 3599 1401 3653 hac
1438 3598 1520 3653 vel
1544 3598 1652 3674 illa
1681 3598 2109 3674 se__exercuerit.

543 3669 701 3743 Quod
756 3669 1071 3743 praclarum
1120 3671 1510 3743 documentum
1542 3669 1684 3723 idem
1707 3670 1818 3743 _ille
1846 3669 2117 3727 Antonius

543 3740 770 3815 magnus
827 3760 931 3800 non
981 3742 1160 3798 verbis
1209 3740 1549 3815 solummodo
1604 3740 1893 3815 tradidit,_
1916 3743 2009 3796 sed
2057 3754 2121 3799 et;

543 3811 790 3886 exemplo
820 3825 874 3870 et
893 3830 1058 3884 opere
1085 3814 1355 3882 praestitit.
1386 3812 1541 3886 Nam,
1575 3821 1631 3886 ut
1671 3811 1916 3886 refertus.
1944 3815 2121 3886 Atha-

546 3883 751 3952 nasius,
780 3886 852 3937 sic
878 3883 1103 3938 omnium
1135 3886 1349 3952 fratrum
1380 3883 1719 3934 aemulabatur
1754 3884 1965 3936 meliora
1990 3885 2115 3937 cha-

544 3957 778 4019 rismata,
820 3964 876 4007 ut
906 3966 1162 4022 tamquam
1190 3955 1300 4019 apis
1330 3952 1726 4016 prudentissima
1750 3956 1983 4021 proprias
2015 3957 2119 4007 sine

543 4027 786 4093 gulorum
830 4026 1023 4094 gratias
1071 4024 1295 4094 hauriret
1316 4022 1529 4094 ;_hujus_
1554 4022 1941 4094 continentiam,
1968 4022 2117 4094 illius

545 4089 916 4167 iucunditatem
930 4093 1234 4167 sectabatur,
1258 4091 1405 4167 istius
1431 4090 1709 4167 lenitatem,
1736 4089 1875 4167 illius
1896 4092 2114 4167 vigilan-

546 4158 688 4227 iiam,
711 4164 919 4216 alterius
963 4161 1164 4231 legendi
1192 4158 1531 4231 aemulabatur
1571 4158 1911 4223 industriam;
1950 4158 2114 4214 istum

544 4237 883 4300 ieiunantem,
908 4229 1055 4287 illum
1099 4230 1237 4282 humi
1272 4229 1610 4296 quiescentem
1642 4230 1958 4295 mirabatur;
1988 4234 2115 4285 alte-

545 4306 654 4357 rius
686 4304 1010 4370 patientiam,
1044 4300 1256 4354 alterius
1291 4300 1734 4351 mansuetudinem
1770 4302 2114 4371 praadicabat:

547 4376 772 4427 omnium
798 4391 995 4443 quoque
1020 4372 1265 4425 vicariam
1291 4384 1506 4443 ergause
1543 4373 1766 4443 retinens
1790 4371 2112 4437 churitatem,

546 4455 698 4515 atque
732 4439 979 4498 universis
1009 4446 1267 4515 uirtutum_
1281 4439 1520 4515 partibus
1572 4441 1813 4515 irrigatus
1845 4445 1910 4495 ad
1941 4446 2116 4498 sedem

546 4510 810 4586 propriam
826 4515 1202 4586 regrediebatur
1211 4510 1267 4586 ,ΑΙ
1273 4514 1321 4564 bi
1336 4526 1503 4562 secum
1517 4510 1763 4586 universa
1772 4530 1830 4578 pe
1839 4524 2111 4586 rtractans,

546 4582 774 4638 omnium
799 4587 853 4638 in
882 4582 934 4639 se
955 4589 1083 4638 bona
1113 4582 1361 4636 nitebatur
1391 4582 1687 4647 exprimere.
1725 4583 1848 4637 llatc
1874 4584 2114 4639 Athana-

547 4659 660 4711 sius
702 4658 767 4710 de
799 4660 855 4710 S.
906 4658 1137 4710 Antonio
1173 4652 1501 4723 (Theodoret.
1530 4654 1606 4723 _in
1636 4652 1833 4706 Histor.
1870 4656 1973 4712 SS,
2011 4656 2119 4709 Ρα-

545 4739 703 4787 trum.
732 4744 777 4780 c.
804 4728 881 4793 5).
926 4726 1006 4780 Ad
1040 4721 1372 4778 liunc‘etiam
1419 4721 1640 4793 modum
1688 4725 1906 4777 Publius
1948 4728 2115 4781 abbas

545 4792 916 4853 sanctissimus
943 4812 1069 4850 suos
1095 4796 1392 4849 cmnobitas
1420 4792 1753 4855 hortabatur,
1789 4805 1843 4847 ut
1872 4798 2007 4851 alter
2036 4815 2101 4852 ex

2222 2200 2279 2244 ut
2304 2192 2368 2244 ab
2399 2193 2503 2245 alio
2541 2192 2710 2245 discas
2736 2192 3097 2257 humilitatem,
3131 2190 3194 2243 ab
3218 2190 3321 2242 alio
3342 2190 3695 2261 patientiam;
3720 2187 3795 2261 hic

2222 2271 2269 2313 te
2309 2263 2590 2326 silentium,
2642 2264 2735 2315 ille
2764 2263 2943 2315 doceat
2986 2259 3455 2324 mansuetudinem,
3486 2271 3596 2316 etc.
3649 2260 3718 2313 Et
3742 2259 3789 2311 in

2221 2332 2465 2399 Epistola
2515 2334 2582 2387 ad
2630 2332 2981 2387 Eustochium
3036 2331 3231 2401 (Epist.
3262 2331 3377 2402 22),
3420 2331 3791 2402 Egyptiorum

2220 2405 2607 2457 monachorum
2659 2404 2902 2457 instituta
2957 2417 3412 2466 commemorans,
3457 2414 3644 2457 narrat
3677 2414 3798 2470 quo-

2220 2475 2381 2528 modo
2412 2475 2505 2527 alii
2538 2476 2769 2528 aliorum
2802 2475 3031 2528 virtutes
3057 2484 3112 2528 et
3138 2474 3285 2527 varia
3318 2474 3479 2539 dona,
3517 2472 3799 2541 perfectio-

2219 2559 2425 2614 nesque
2452 2545 2826 2607 observarent,
2859 2555 2915 2599 et
2958 2544 3062 2598 sibi
3093 2546 3161 2598 ad
3190 2545 3509 2599 imitandum
3541 2557 3797 2614 propone

2220 2628 2366 2687 _rent.
2404 2614 2607 2686 Hymno
2629 2618 2787 2676 dicto.
2820 2615 3019 2687 inquit;
3047 2616 3116 2668 ad
3147 2617 3399 2687 praesepia
3424 2616 3505 2685 (id
3531 2627 3618 2669 ess
3644 2613 3801 2668 cellu-

2219 2685 2325 2751 las)
2356 2685 2612 2751 redeunt;
2640 2688 2709 2740 ibi
2749 2702 2909 2756 usque
2948 2685 3015 2738 ad
3045 2685 3320 2749 vesperam
3356 2702 3471 2740 cum
3511 2686 3623 2739 suis
3654 2700 3803 2756 unus:

2219 2757 2433 2825 quisque
2456 2758 2699 2825 loquitur,
2745 2766 2792 2811 et
2824 2754 3002 2811 dicit:
3040 2756 3251 2811 Vidistis
3294 2758 3463 2819 illum,
3508 2765 3557 2810 et
3612 2754 3804 2810 illum?

2219 2838 2412 2896 quanta
2439 2829 2493 2881 in
2522 2828 2636 2897 ipso
2661 2831 2726 2882 sit
2754 2829 3018 2899 gravitasf’,
3041 2840 3294 2895 quantum
3314 2828 3576 2882 silentium
3601 2828 3628 2881 ?
3653 2840 3802 2899 quam

2218 2898 2513 2953 moderatus
2549 2898 2830 2968 incessus?
2863 2898 2923 2953 Si
2950 2899 3208 2968 inﬁrmum
3252 2899 3505 2965 viderint,
3538 2898 3806 2952 consolan-

2222 2976 2308 3091 ἓψ-
2332 2985 2350 3022 :
2381 2972 2425 3023 si
2452 2971 2507 3022 in
2536 2967 2635 3025 Dei
2678 2986 2851 3024 amore
2888 2967 3185 3041 ferventem,
3217 2969 3552 3024 cohortantur
3575 2968 3648 3021 ad
3699 2978 3802 3022 stu-

2262 3056 2388 3091 tum.

2262 3056 2388 3092 tum.

2297 3121 2319 3149 ε
2352 3111 2608 3178 Spectant
2634 3111 2724 3165 illa
2746 3112 2910 3164 verba
2936 3111 3178 3177 Apostoli
3222 3109 3287 3163 ad
3316 3108 3527 3164 Coloss.
3561 3126 3657 3179 nt,
3690 3109 3811 3163 Om-

2220 3182 2309 3233 nia
2355 3193 2401 3233 et
2430 3184 2482 3233 in
2524 3182 2755 3234 omnibus
2783 3180 3033 3234 Christus.
3066 3182 3164 3235 Ubi
3190 3182 3361 3232 omnia
3386 3181 3775 3249 intelliguntur
3795 3219 3809 3241 ,

2222 3266 2339 3319 qua:
2366 3251 2431 3304 ad
2467 3252 2871 3305 renovationem
2902 3251 3133 3303 hominis
3176 3251 3467 3317 pertinent,
3505 3248 3713 3320 de’qua
3745 3248 3811 3320 ibi

2219 3322 2329 3389 agit
2351 3321 2665 3388 Apostolus,
2699 3332 2754 3373 ut
2778 3319 3006 3388 iustitia,
3038 3320 3315 3382 sanctitas,
3342 3329 3397 3372 et
3424 3334 3542 3389 qua:
3571 3319 3716 3376 mox
3750 3319 3811 3374 ab

2220 3388 2482 3461 A’postolo
2513 3401 2918 3461 enumerantur.
2947 3389 3179 3461 Dicitur
3222 3400 3413 3461 autem,
3446 3388 3716 3446 Christus
3757 3404 3813 3444 ea

2220 3458 2398 3516 omnia
2428 3476 2548 3516 esse
2574 3461 2627 3514 in
2655 3459 2995 3532 omnibus,id
3020 3469 3121 3525 est,
3156 3462 3207 3513 in
3227 3459 3370 3513 omni
3401 3458 3690 3532 hominum
3727 3475 3816 3532 ge.

2218 3548 2367 3599 nere,
2394 3547 2497 3587 non
2527 3533 2704 3604 solum
2735 3531 3044 3604 causaliter.
3070 3546 3165 3585 seu
3190 3540 3459 3604 tamquam
3492 3530 3814 3604 principalis

2219 3619 2409 3667 causa,
2441 3612 2500 3655 ut
2527 3602 2697 3666 Deus;
2732 3602 2823 3656 sed
2866 3602 3028 3668 etiam
3071 3603 3343 3656 meritorie
3365 3642 3380 3665 ,
3409 3600 3510 3655 hoc
3562 3600 3697 3669 est,
3725 3616 3816 3669 per

2217 3676 2467 3729 meritum
2495 3689 2608 3728 sum
2637 3671 2938 3744 passionis:
2988 3688 3092 3740 quo
3109 3687 3285 3744 _sensu
3312 3674 3473 3726 etiam
3505 3672 3651 3727 infra
3686 3672 3818 3728 dici-

2220 3756 2337 3798 tur:
2376 3746 2473 3811 Qui
2521 3742 2684 3814 factus
2715 3751 2787 3796 est
2819 3742 3053 3815 nobisdea:
3100 3742 3206 3798 Deo
3234 3743 3527 3815 sapientia,
3559 3746 3812 3815 justitia,

2218 3818 2464 3869 sanctitas
2489 3826 2537 3870 et
2561 3815 2842 3882 redemptio
2871 3813 2915 3883 (Ι
2947 3813 3063 3867 Cor.
3103 3817 3166 3878 1).
3203 3814 3397 3868 Verum
3423 3816 3541 3882 quia
3563 3813 3703 3869 hac
3734 3829 3819 3868 re-

2220 3889 2437 3941 novatio
2459 3902 2552 3941 seu
2583 3888 2788 3940 novitas
2814 3884 3047 3938 hominis
3071 3885 3356 3938 inchoatur
3380 3884 3598 3953 quidem
3628 3887 3685 3939 in
3717 3885 3816 3938 hac

2220 3957 2328 4025 vita
2363 3974 2454 4023 per
2483 3960 2710 4025 gratiam
2744 3966 2798 4009 et
2820 3955 3276 4022 justiﬁeationem,
3307 3965 3360 4007 at
3386 3956 3543 4023 plene
3570 3966 3631 4010 et
3657 3958 3820 4011 abso-

2220 4024 2334 4095 lute
2355 4044 2458 4080 non
2486 4024 2759 4093 perficitur
2779 4034 2834 4079 et
2860 4034 3282 4089 consummatur,
3317 4026 3415 4078 nisi
3444 4026 3493 4078 in
3520 4025 3705 4081 futura
3730 4039 3822 4095 per

2221 4093 2487 4164 integram
2520 4098 2715 4149 anima:
2740 4104 2793 4148 et
2824 4096 3067 4165 corporis
3098 4096 3526 4149 reformationem
3560 4108 3618 4150 et
3650 4093 3823 4163 glori-

2224 4163 2563 4227 ﬁcationem;
2616 4166 2737 4217 ideo
2784 4163 3229 4218 dicit'Cassianus
3274 4166 3500 4219 necdum
3534 4166 3820 4221 Christum

2228 4237 2407 4287 omnia
2439 4236 2634 4288 factum
2661 4234 2833 4288 videri
2864 4237 2914 4287 in
2944 4236 3217 4301 omnibus,
3255 4239 3463 4291 scilicet
3496 4239 3745 4305 perfecte
3771 4245 3824 4291 et

2223 4306 2493 4358 absolute.

2293 4374 2319 4410 ἰ
2350 4375 2553 4428 Αῖιιιιιὶι
2583 4390 2768 4428 rursus
2796 4375 2860 4429 ad
2891 4375 2979 4428 illa
3001 4378 3159 4430 verba
3207 4376 3452 4444 Apostoli
3485 4376 3693 4443 Ephes.
3728 4394 3818 4431 tv:

2227 4445 2404 4498 Donec
2429 4462 2758 4518 oct‘urramus
2790 4462 2962 4499 omnes
2990 4448 3042 4499 in
3070 4448 3311 4501 unitatem
3336 4448 3479 4514 ﬁdei,
3505 4458 3550 4499 et
3588 4451 3826 4518 agnitio-

2224 4520 2307 4570 nis
2348 4518 2446 4585 ﬁlii
2476 4515 2676 4586 Dei,rin
2706 4518 2867 4570 uirum
2899 4518 3194 4586 perfectum,
3243 4520 3293 4569 in
3321 4534 3612 4570 mensuram
3628 4515 3822 4573 vittatis

2225 4589 2557 4656 plenitudinis
2586 4585 2794 4641 Christi.
2828 4585 2933 4641 Sed
2966 4591 3140 4642 virum
3168 4591 3461 4657 perfectum
3492 4588 3581 4641 hic
3641 4590 3821 4643 inter—

2224 4671 2464 4726 pretatur
2499 4659 2770 4713 Chrisunn
2796 4660 2968 4727 ipsum
2989 4702 3001 4721 ,
3029 4677 3150 4713 cum
3186 4672 3361 4713 tamen
3390 4660 3618 4713 evidens
3648 4662 3727 4714 sit
3755 4660 3823 4714 ad

2225 4745 2325 4784 nos
2348 4746 2407 4783 ea
2437 4731 2593 4783 verba
2624 4729 2831 4794 referri,
2864 4745 2995 4798 quos
3012 4732 3301 4798 Apostolus
3327 4730 3457 4783 dicit
3484 4730 3534 4783 in
3561 4730 3821 4798 generali

2226 4802 2466 4853 Omnium
2497 4802 2890 4854 reSurrectione
2916 4816 3236 4855 occursuros
3264 4842 3277 4864 ,
3310 4801 3361 4854 id
3390 4810 3474 4855 est
3499 4843 3513 4865 ,
3547 4814 3822 4856 evasuros

544 4873 715 4923 altero
744 4870 1011 4923 aSsitluam
1056 4867 1334 4921 utilitatem
1369 4878 1566 4937 capere
1600 4878 1908 4933 conaretur,
1942 4880 2104 4935 atque
2132 4866 2187 4926 D
2214 4871 2267 4923 in
2303 4876 2443 4924 virus
2488 4870 2777 4936 perlaetus,
2808 4871 2858 4923 in
2892 4887 3197 4925 mensuram
3229 4873 3402 4926 aetatis
3452 4870 3824 4937 plenitudinis

543 4942 634 4995 hic
662 4942 874 5009 quidem
909 4940 1065 5009 illius
1092 4934 1556 5009 mansuetudinem
1607 4937 1911 4991 imitaretur
1942 4957 1954 4989 :
2016 4934 2108 4993 ille

542 5006 729 5066 contra
760 5008 1219 5063 mansuetudinem
1272 5020 1420 5059 suam
1453 5006 1608 5072 hujus
1636 5010 1753 5060 zelo
1782 5009 2059 5063 roboraret
2088 5026 2105 5071 ;

542 5084 679 5136 alius
732 5083 797 5135 ab
848 5082 953 5133 alio
982 5079 1307 5147 vigilantiam
1352 5076 1617 5142 disceret;
1677 5080 1821 5132 illum
1869 5083 2111 5135 vicissim

540 5152 731 5225 jejunii
760 5150 1408 5225 austeritatetmdoceret
1446 5167 1457 5200 :
1487 5148 1955 5225 denique__omues
2001 5154 2109 5225 sibi

541 5220 773 5279 invicem
802 5232 853 5277 et
879 5220 1121 5290 discipuli
1145 5220 1332 5275 fierent
1360 5222 1693 5290 etmagistri.
1719 5220 1807 5275 Sic
1829 5225 1972 5275 enim
1995 5222 2109 5277 fore

543 5296 773 5361 dicebat,
796 5304 855 5348 ut
886 5288 1028 5347 alter
1047 5308 1110 5344 ex
1137 5292 1356 5344 alterius
1384 5288 1487 5361 vita
1511 5304 1624 5356 tntae
1650 5292 1748 5343 sibi
1769 5292 1993 5345 deerant
2012 5294 2110 5347 de-

544 5359 841 5430 sumentes,
874 5362 1322 5432 perfectissimum
1359 5359 1917 5432 virtutum_cumulum
1947 5364 2109 5416 confi-

544 5447 747 5491 cerent.
778 5428 952 5490 Sic-et
987 5435 1047 5487 D.
1095 5434 1451 5501 Hieronymus
1500 5430 1564 5501 ad
1596 5428 1875 5501 Rusticum
1911 5446 2108 5501 _m0ua-

543 5507 702 5560 chum
735 5514 853 5573 post
883 5507 1021 5557 varia
1071 5499 1391 5557 documenta
1434 5500 1832 5573 subditiEpist.
1873 5499 1928 5573 4)
1959 5518 1971 5553 :
2007 5502 2109 5555 Per

544 5574 651 5629 haec
678 5572 847 5627 omnia
875 5574 940 5625 ad
967 5573 1098 5626 illud
1128 5574 1285 5627 tendit
1309 5572 1495 5635 oratio,
1524 5578 1577 5622 ut
1604 5572 1812 5624 doceam
1833 5580 1880 5624 te
1901 5589 2002 5624 non
2023 5584 2108 5627 tuo

543 5646 737 5701 iudicio
758 5644 1131 5708 dimittendum,
1167 5646 1254 5696 sed
1283 5644 1442 5695 virere
1480 5641 1657 5693 debere
1695 5643 1747 5694 in
1799 5644 2109 5697 monasterio

544 5715 637 5769 sub
660 5713 814 5766 unius
851 5712 1124 5778 disciplina
1165 5712 1362 5781 Patris,
1411 5713 1759 5783 consortioque
1806 5716 2105 5791 multorum,

2215 4939 2438 5013 Chiisti,
2473 4951 2607 5005 etc.,
2656 4941 2777 5011 quia
2805 4958 2922 4994 cum
2949 4944 3137 5013 venerit
3170 4943 3311 5013 _quod
3365 4943 3649 5013 perfectum
3704 4953 3827 5005 est,

2216 5012 2556 5083 evacttabitur
2572 5012 2709 5081 quod
2734 5028 2799 5065 ea:
2826 5026 2967 5081 parte
2992 5024 3062 5065 est
3086 5011 3129 5083 (ι
3153 5010 3271 5066 Cor.
3303 5010 3446 5081 xm).

2293 5091 2314 5117 σε
2349 5081 2498 5156 Quid
2518 5081 2582 5156 sit
2607 5083 2774 5137 Deum
2809 5086 2986 5156 omnia
3016 5081 3138 5136 esse
3166 5084 3219 5135 in
3242 5086 3513 5156 omnibus,
3548 5094 3606 5140 et
3627 5101 3819 5156 quan-

2216 5151 2287 5206 do
2316 5154 2419 5205 erit
2448 5152 2577 5205 illud
2606 5164 2833 5220 tempus,
2864 5153 2995 5206 scite
3027 5163 3081 5205 et
3124 5155 3530 5209 accommodate
3557 5158 3623 5211 ad
3649 5151 3843 5218 'hunc,

2217 5222 2454 5299 Cassiani
2478 5224 2672 5299 locnm
2689 5224 3061 5299 illustnandum
3077 5224 3323 5299 _esgplicat
3352 5226 3413 5299 ι).
3441 5228 3824 5299 Hieronymus

2220 5292 2517 5367 his_verbis
2545 5291 2889 5367 (Epistt'ldﬂ.
2923 5301 3047 5345 tom.
3077 5293 3199 5367 Ill):
3231 5295 3403 5367 Quod,
3425 5298 3499 5349 ait
3522 5291 3828 5367 Apostolus

2221 5365 2267 5429 (Ι
2301 5364 2419 5417 Cor.
2457 5361 2577 5431 xv):
2611 5362 2679 5418 Ut
2708 5364 2773 5416 sit
2801 5361 2938 5415 Deus
2961 5365 3133 5416 omnia
3162 5366 3216 5417 in
3244 5366 3501 5431 ontnibus,
3533 5361 3629 5421 hoc
3658 5384 3830 5421 sensu

2220 5436 2579 5499 accipiendum
2606 5442 2718 5486 est:
2767 5432 3044 5500 Dominus,
3072 5452 3131 5487 ac
3163 5436 3407 5490 Salvator
3447 5448 3619 5490 noster
3674 5454 3832 5491 nunc

2221 5508 2388 5557 omnia
2418 5524 2518 5559 non
2544 5505 2702 5575 estin
2734 5504 2984 5570 omnibus,
3021 5507 3109 5559 sed
3140 5524 3256 5575 pars
3288 5509 3338 5560 in
3369 5508 3611 5575 singulis.
3655 5507 3831 5561 Verbi

2220 5578 2391 5642 gratia
2414 5621 2425 5641 ς
2448 5578 2512 5628 ein
2546 5573 2823 5631 Salomone
2852 5573 3145 5640 sapientia,
3184 5579 3237 5629 in
3269 5573 3677 5631 David‘bonitas
3704 5622 3717 5638 ,
3770 5580 3831 5631 in

2220 5645 2319 5698 Job
2349 5647 2617 5717 patientia,
2647 5645 2701 5697 in
2725 5644 2933 5717 Dan_iele
2964 5648 3187 5715 cognitio
3216 5649 3531 5717 futurorum,
3558 5650 3611 5700 in
3648 5648 3831 5703 Petro

2223 5717 2372 5787 ﬁdes,
2402 5718 2453 5771 in
2486 5716 2704 5771 Phinees
2735 5724 2782 5770 et
2809 5713 2984 5772 Paulo
3008 5713 3169 5789 zelus,
3203 5713 3253 5774 in
3282 5716 3486 5774 Joanne
3509 5720 3829 5789 virginitas,
