3994 6202
234 237 334 299 909

707 249 793 307 DE
832 254 1313 317 C(ENOBIORUM
1352 261 1596 320 INSTIT.
1637 267 1767 326 LIB.
1808 270 1961 327 νβ
1995 274 2084 332 DE
2122 278 2389 340 SPIRITU
2428 283 2992 343 GASTRIMARGIAE.

3375 294 3482 353 2i0

234 356 283 409 in
315 360 604 473 amnibus,
629 379 681 417 in
735 371 983 433 prmsenti
1027 382 1218 473 potest
1266 376 1366 429 hoc
1420 393 1526 445 quo
1574 380 1807 439 diximus
1828 389 1882 450 Α
1910 390 2190 449 uniformis
2212 398 2389 467 regula
2411 401 2687 468 custodiri,
2710 404 2831 473 quia
2852 420 2950 459 nec
2973 405 3139 461 robur
3161 424 3322 464 unum
3347 428 3478 468 cun-
3537 450 3542 459 -

236 448 408 513 modo,
442 450 494 504 id
524 461 627 517 est,
662 470 755 522 per
782 467 961 526 partes
992 463 1245 518 virtutum
1292 481 1411 523 esse
1449 470 1503 523 in
1554 473 1802 529 omnibus

234 540 391 606 Deus,
425 542 550 598 licet
602 548 835 602 nondum
862 567 958 621 per
985 554 1372 622 plenitudinem
1400 575 1585 616 earum
1616 567 1795 621 omnia

232 633 299 684 sit
326 632 378 685 in
401 634 665 691 omnibus.
717 639 850 705 Quia
903 643 1030 698 licet
1085 661 1220 701 unus
1268 650 1542 718 religionis
1600 666 1798 711 nostrae

231 724 297 775 sit
342 724 499 788 finis,
560 729 921 796 professiones
973 745 1150 791 tamen
1202 739 1432 794 diversae
1485 744 1676 812 quibus
1729 747 1797 803 ad

231 814 388 869 Deum
418 818 713 887 tendimus;
750 825 953 881 sicutin
980 828 1362 885 collationibus
1387 835 1656 890 seniorum
1685 840 1799 907 ple-

228 908 345 960 nius
367 909 746 979 disputandum
770 926 852 971 est
880 917 1043 987 (Vide
1062 920 1236 975 collat.
1261 925 1311 990 1,
1343 924 1411 979 18
1438 936 1485 979 et
1513 928 1623 995 19).
1648 929 1797 985 Ideo-

226 1014 324 1066 que
347 1000 689 1059 discretionis
708 1015 761 1060 et
782 1010 1127 1067 continentiae
1140 1011 1310 1069 forma
1335 1015 1402 1069 ab
1429 1017 1512 1071 bis
1534 1028 1618 1073 est
1643 1021 1795 1077 nobis

225 1092 548 1158 peculiarius
571 1098 893 1169 expetenda,
918 1116 948 1154 a
972 1104 1165 1172 quibus
1198 1105 1422 1162 virtutes
1447 1109 1539 1161 has
1564 1125 1659 1179 per
1677 1128 1799 1181 gra—

224 1182 350 1233 tiam
382 1181 619 1251 Spiritus
647 1192 818 1244 sancti
848 1191 1068 1248 uberius
1106 1195 1353 1251 videmus
1396 1196 1655 1266 eflluere;
1688 1220 1796 1258 non

221 1275 362 1343 quod
407 1277 549 1333 ullus
579 1295 699 1349 qua:
731 1283 783 1336 in
816 1286 1013 1341 multos
1052 1286 1225 1343 divisa
1273 1298 1403 1343 sunt
1431 1294 1579 1346 solus
1628 1296 1800 1363 possit

223 1366 529 1435 acquirere,
560 1372 655 1426 sed
680 1382 736 1427 ut
762 1374 817 1428 in
850 1375 934 1430 his
962 1377 1114 1432 bonis
1154 1394 1386 1449 quorum
1416 1396 1638 1451 capaces
1675 1399 1797 1440 esse

219 1468 526 1528 possumus,
557 1462 623 1515 ad
655 1477 842 1519 eorum
875 1482 973 1522 nos
1012 1468 1368 1526 imitationem
1400 1473 1493 1543 qui
1536 1488 1597 1529 ea
1629 1490 1793 1545 pecu-

218 1546 403 1603 liarius
430 1551 733 1622 obtinuere,
766 1558 1073 1614 tendamus.

851 1649 1079 1707 CAPUT
1118 1652 1180 1707 V.

246 1728 406 1796 Quod
437 1750 545 1789 non
571 1738 731 1808 possit
768 1740 831 1792 ab
879 1742 1112 1820 omnibus
1142 1746 1414 1820 uniformis
1432 1749 1757 1820 jejuniorum

770 1814 950 1882 regula
977 1814 1241 1870 custodiri.

281 1893 469 1969 Itaque
500 1908 523 1937 ο
554 1914 715 1971 super
732 1902 1059 1973 jejuniorum
1088 1907 1248 1963 modo
1276 1910 1415 1964 haud
1440 1919 1616 1980 potest
1635 1912 1791 1967 facile

1904 495 2004 549 ctis
2032 500 2343 566 corporibus
2397 502 2566 566 inest,
2612 519 2708 559 nec
2732 546 2746 570 ,
2790 508 2926 561 sicut
2967 517 3177 564 caeteras
3203 512 3429 571 virtutes
3456 563 3474 587 ,

1903 596 2065 652 animi
2094 602 2259 655 solius
2285 602 2465 672 rigore
2492 614 2766 674 parantur.
2801 607 2868 661 Et
2893 609 3089 665 idcirco
3124 614 3247 682 quia
3272 633 3377 672 non
3420 620 3476 675 in

1901 701 2013 753 sola
2039 701 2350 759 fortitudine
2378 708 2571 760 mentis
2588 709 2909 774 consistunt,
2927 724 3045 766 cum
3069 719 3309 789 corporis
3329 720 3475 776 enim

1901 801 2255 868 possibilitate
2275 805 2614 874 participant,
2647 806 2803 861 talem
2819 821 2980 876 super
2997 809 3079 864 his
3105 808 3470 873 definitionem

1901 903 2148 959 traditam
2178 905 2333 961 nobis
2360 907 2690 979 accepimus,
2718 906 2744 945 δ
2777 909 3046 965 diversum
3083 927 3204 968 esse
3230 916 3477 974 refectio-

1900 1005 1985 1058 nis
2014 1005 2227 1074 quidem
2262 1016 2467 1075 tempus
2494 1023 2558 1062 ac
2581 1009 2796 1064 modum
2820 1019 2873 1064 et
2901 1012 3232 1081 qualitatem,
3265 1032 3359 1085 pro
3381 1020 3476 1072 im-

1900 1106 2012 1172 pari
2067 1106 2271 1162 scilicet
2318 1122 2611 1177 corporum
2657 1118 2831 1177 statu,
2864 1112 2949 1167 vel
3000 1121 3158 1168 aetate
3202 1130 3264 1170 ac
3312 1133 3476 1172 sexu:

1902 1220 2059 1260 unam
2088 1215 2263 1262 tamen
2292 1223 2413 1263 esse
2440 1210 2689 1265 omnibus
2718 1227 2817 1279 pro
2844 1216 3039 1270 mentis
3069 1218 3394 1273 continentia
3425 1230 3480 1276 et

1901 1305 2065 1359 animi
2117 1305 2316 1360 virtute
2368 1307 2728 1376 castigationis
2783 1308 3042 1377 regulam.
3101 1309 3284 1380 Neque
3336 1314 3478 1367 enim

1902 1407 2105 1460 cunctis
2122 1404 2377 1476 possibile
2399 1414 2481 1459 est
2509 1406 2930 1461 hebdomadibus
2958 1409 3225 1477 protelare
3245 1410 3474 1480 jejunia.

1898 1504 1994 1559 sed
2018 1518 2084 1558 ne
2108 1504 2352 1558 triduana
2374 1504 2610 1572 quidem,
2645 1506 2725 1559 vel
2747 1505 3000 1572 biduana,
3031 1507 3207 1562 inedia
3233 1510 3477 1565 refectio-

1896 1616 2020 1658 nem
2068 1602 2176 1657 cibi
2231 1600 2463 1657 differre.
2520 1603 2566 1657 A
2612 1602 2792 1657 multis
2839 1605 3035 1674 quippe
3087 1608 3401 1677 aegritudine
3422 1624 3477 1668 et

1895 1705 2129 1760 maxime
2174 1706 2325 1759 senio
2350 1705 2459 1773 jam
2492 1702 2720 1759 defessis
2746 1749 2759 1771 ,
2790 1720 2857 1759 ne
2904 1722 3074 1775 usque
3115 1708 3185 1762 ad
3223 1724 3472 1766 occasum

1895 1808 2113 1880 quidem
2137 1806 2266 1861 solis
2281 1805 2541 1874 jejunium
2572 1805 2688 1859 sine
2705 1803 2998 1861 afflictione
3026 1808 3301 1863 toleratur.
3322 1811 3475 1866 cNon

1899 1908 2148 1964 omnibus
2175 1906 2467 1959 infusorum
2515 1904 2844 1974 leguminum
2874 1920 3000 1962 esus
3039 1912 3292 1964 convenit
3323 1926 3475 1967 ener-

1274 2044 1531 2101 ALARDI
1570 2046 1805 2105 GAZEI
1841 2041 2406 2103 COMMENTARIUS.

216 2142 262 2178 in
286 2127 490 2205 cateris
518 2130 880 2205 aeterm-Cum
901 2141 1071 2187 autem
1099 2151 1271 2189 rerum
1297 2138 1525 2190 omnium
1552 2139 1669 2205 ﬁnis
1700 2138 1793 2191 ad-

216 2199 428 2263 venerit,
457 2209 578 2252 tunc
597 2202 778 2278 _omnia
808 2202 861 2278 in
876 2205 1115 2278 omnibus
1144 2209 1261 2271 erit,
1286 2221 1341 2278 ut
1362 2199 1561 2278 singuli
1579 2218 1790 2261 sancto-

215 2282 323 2320 rum
357 2286 532 2322 omnes
562 2271 771 2324 virtutes
800 2273 1054 2340 habeant,
1087 2285 1142 2328 ut
1172 2278 1237 2330 sit
1285 2271 1522 2332 Christus
1560 2287 1698 2333 totus
1736 2280 1791 2333 in

215 2340 433 2415 cunctis.
469 2340 592 2415 Haec
626 2341 691 2415 [ξ.
718 2341 1094 2415 Hieronymus.

282 2409 429 2486 {_Sjc
460 2419 513 2464 et
546 2411 604 2486 ι).
639 2411 864 2486 Basilius
906 2409 957 2468 in
1006 2414 1204 2481 Regula
1249 2418 1632 2473 monachorum
1667 2435 1788 2486 cap.

220 2477 416 2561 il).(Ea:
442 2482 672 2561 versione
688 2482 888 2561 [iu/ini,
913 2495 959 2539 et
980 2487 1031 2540 in
1057 2477 1187 2561 Reg.
1210 2489 1311 2556 fus.
1338 2488 1529 2559 disput.
1547 2507 1658 2560 cap.
1678 2477 1789 2561 i9),

217 2550 523 2627 ubiquaerit
548 2568 666 2621 quae
689 2556 757 2627 sit
776 2550 1027 2611 mensura
1049 2550 1431 2627 continentiae,"
1450 2560 1501 2614 id
1528 2550 1632 2623 esi,
1660 2550 1795 2615 teni;

216 2624 509 2698 perantive,
540 2637 635 2677 seu
661 2624 1035 2682 abstinentiae?
1070 2639 1125 2684 et
1155 2624 1442 2698 reSpondet
1470 2649 1484 2687 :
1532 2632 1793 2696 Quantum

216 2694 292 2768 ad
308 2694 473 2759 cibos,
507 2706 658 2768 prout
688 2712 807 2751 usus
832 2698 1081 2768 deposcit,
1112 2708 1188 2753 vet
1214 2694 1368 2763 retas,
1403 2702 1480 2754 vel
1525 2694 1689 2763 labor,
1717 2703 1795 2756 vel

217 2762 377 2814 robur
400 2766 650 2839 corporis,
678 2769 753 2819 vel
772 2762 1107 2824 commoditas
1128 2782 1232 2825 est:
1254 2774 1325 2825 ita
1341 2773 1496 2824 etiam
1521 2782 1567 2826 et
1588 2762 1792 2839 modus,

219 2844 261 2884 et
290 2834 520 2912 qualitas
552 2838 1053 2912 temperabiturcibi.
1089 2840 1268 2910 Neque
1298 2843 1431 2895 enim
1456 2842 1697 2912 possibile
1722 2834 1795 2897 est

218 2918 400 2983 omnes
432 2906 616 2983 fratres
647 2925 803 2962 unum
830 2911 1063 2983 ordinem
1091 2928 1152 2965 ac
1186 2906 1399 2965 modum
1444 2906 1520 2965 vel
1565 2912 1796 2983 regulum

219 2976 500 3053 custodire.
534 2976 606 3029 Hi
642 2994 757 3031 vero
783 2981 867 3049 qui
895 2984 1006 3053 sani
1044 2990 1182 3045 sunt,
1216 2991 1428 3053 possunt
1456 2976 1794 3037 omnes’eam-

219 3046 327 3097 dem
358 3063 648 3101 mensuram
680 3046 844 3104 tenere
886 3052 940 3103 in
969 3046 1294 3106 abstinentia.
1323 3052 1349 3105 1
1361 3055 1597 3107 mmutari
1627 3064 1796 3108 autem

220 3125 419 3190 Oportet
442 3134 533 3186 per
555 3121 806 3188 singulos,
829 3121 884 3174 in
904 3124 1085 3189 quibus
1114 3140 1268 3177 causa
1293 3123 1467 3190 aliqua
1490 3124 1796 3179 diversitntis

218 3187 410 3264 existit,
441 3187 761 3264 providentia
786 3208 845 3244 ac
871 3187 1161 3260 provisione
1180 3211 1355 3247 eorum
1377 3187 1560 3264 quibus
1591 3197 1800 3262 dispen-

219 3258 527 3334 sandicura
556 3260 665 3334 hcec
695 3258 964 3317 commissa
994 3275 1082 3319 est.
1135 3266 1199 3318 Et
1231 3265 1292 3318 D.
1326 3258 1643 3319 Benedictus
1672 3258 1792 3334 cap.

220 3327 311 3401 ιος
352 3327 718 3401 nusquisque
750 3335 1013 3399 proprium
1037 3336 1228 3388 donum
1253 3335 1402 3389 habet
1428 3353 1489 3389 ea:
1509 3335 1633 3401 Deo,
1662 3327 1796 3391 alius

220 3399 306 3474 sic,
337 3400 484 3474 alius
504 3418 617 3455 vero
635 3399 711 3455 sic
740 3404 779 3473 (I
798 3402 917 3457 Cor.
947 3404 1064 3474 xu).
1090 3404 1155 3458 Et
1182 3407 1295 3459 ideo
1314 3423 1428 3459 cum
1449 3399 1628 3474 aliqua
1651 3425 1796 3461 scru-

221 3470 500 3533 pulositate
530 3489 562 3524 a
591 3470 1211 3529 nobis‘mensura'rictus
1258 3478 1481 3530 aliorum
1528 3470 1792 3532 statuitur.

223 3538 422 3604 Quibus
470 3554 638 3596 autem
684 3544 841 3597 donat
889 3546 1028 3600 Deus
1075 3548 1396 3601 tolerantiam
1443 3548 1793 3611 abstinentiae,

222 3612 492 3683 prapriam
520 3630 572 3666 se
602 3613 864 3669 habituros
902 3620 1182 3673 mercedem
1223 3622 1407 3673 sciant.
1464 3620 1610 3683 Quod
1636 3621 1681 3671 si
1706 3629 1797 3671 aut

220 3680 312 3731 loci
342 3685 621 3758 necessitas
643 3727 657 3749 ,
686 3694 775 3758 aut
807 3686 989 3758 _labor,
1022 3699 1111 3741 aut
1162 3689 1319 3741 ardor
1346 3680 1536 3742 testat'is
1576 3690 1797 3758 amplius

220 3754 532 3819 poposcerit,
566 3756 617 3806 in
639 3756 849 3809 arbitrio
881 3760 1065 3825 prioris
1094 3761 1356 3822 consistat,
1392 3754 1722 3812 considerans
1742 3761 1799 3813 in

220 3825 480 3897 omnibus,
507 3842 570 3877 ne
598 3829 831 3897 subrepat
852 3829 1075 3891 satietas,
1106 3828 1182 3882 vel
1209 3831 1444 3883 ebrietas.

289 3890 317 3928 ¹>
352 3894 511 3948 Patet
538 3912 603 3949 ex
631 3890 878 3952 hoc'loco
904 3890 1109 3953 varium
1141 3900 1305 3954 fuisse
1336 3900 1440 3953 illis
1470 3899 1716 3953 Patribas
1743 3908 1797 3953 et

225 3966 508 4039 monachis
532 3968 807 4037 utriusque
855 3983 1014 4023 sexus
1059 3970 1333 4039 jejunandi
1371 3971 1630 4024 modum:
1676 3970 1796 4024 aliis

222 4038 549 4090 strictiorcm
590 4047 643 4091 et
673 4040 1024 4093 austeriorem
1051 4038 1069 4104 ,
1106 4042 1229 4095 aliis
1260 4042 1434 4095 minus
1484 4050 1793 4103 austerum.

223 4119 313 4167 pro
360 4107 580 4181 impari,
629 4109 827 4181 inquit,
876 4126 1144 4181 corporum
1172 4123 1337 4176 statu,
1388 4114 1467 4165 vel
1510 4122 1690 4177 (etate,
1719 4111 1795 4165 rel

220 4188 346 4251 seau
373 4192 391 4238 ;
415 4178 553 4251 alios
583 4179 723 4251 enim
755 4178 975 4248 integris
1005 4182 1428 4237 hebdomadibus
1452 4183 1649 4251 jejunia
1672 4197 1796 4250 pro-

224 4246 442 4321 telasse,
472 4248 523 4301 id
551 4260 653 4321 est,
685 4246 921 4319 integras
947 4251 1309 4307 hebdomadas
1328 4246 1631 4321 jejuna'sse;
1661 4246 1794 4307 alios

222 4316 495 4393 triduana,
528 4329 622 4372 aut
644 4316 869 4393 biduana
898 4336 1179 4393 servasse;
1204 4316 1341 4377 alios
1368 4316 1630 4393 integram
1656 4322 1795 4388 Qua-

220 4384 818 4463 tlragesimamabsque
843 4392 961 4463 cibo
991 4401 1046 4447 et
1065 4384 1191 4463 potu
1236 4384 1531 4463 jejunasse;
1566 4384 1795 4460 denique
1832 4406 1840 4409 ‘

221 4454 360 4509 alios
407 4460 536 4514 solis
589 4454 941 4529 leguminibus
966 4454 1351 4529 aut'oleribu's;
1401 4454 1533 4517 alios
1588 4454 1795 4518 modico

224 4538 393 4601 pane,
426 4546 598 4595 eoque
641 4532 815 4597 sicco,
850 4533 901 4585 id
929 4542 1043 4599 est,
1090 4536 1291 4596 absque
1339 4534 1565 4587 obsonio
1597 4534 1798 4601 (cujus-

226 4596 375 4672 tuodi
405 4601 599 4653 victum
628 4602 763 4655 alias
792 4596 1039 4677 (Librtv,
1060 4620 1106 4655 c.
1135 4604 1227 4677 2i)
1254 4607 1582 4677 ξηροφαγίοξνρ
1604 4596 1667 4656 id
1684 4596 1790 4677 ἕξιν

223 4666 507 4743 siccorum
531 4686 675 4743 esum
710 4666 889 4726 vocari
915 4674 1167 4743 diximus)
1196 4666 1478 4728 contentos
1508 4666 1691 4726 fuisse.
1722 4674 1796 4727 De

220 4735 431 4801 quibus
462 4741 716 4812 videndus
739 4743 1069 4812 Epiphanius
1097 4735 1160 4796 in'
1180 4744 1283 4797 line
1314 4745 1432 4797 libri
1457 4752 1642 4796 contra
1677 4745 1796 4796 HIE-

1897 2136 2064 2203 licias,
2086 2146 2142 2189 ut
2166 2132 2323 2202 duplo
2344 2131 2724 2205 plustemporis
2746 2133 2973 2187 inediam
2995 2135 3149 2204 facile
3168 2140 3471 2205 sustineant,

1896 2218 1942 2262 et
1967 2208 2049 2261 via:
2078 2214 2297 2265 tantum,
2326 2220 2415 2258 seat
2445 2204 2621 2257 diebus
2651 2206 2885 2273 expletis,
2920 2207 3217 2259 alimentum
3245 2204 3473 2265 nrcessaé

1895 2280 2028 2331 rium
2057 2274 2626 2349 degustentijlmcjlli.
2659 2275 2863 2349 Quibus
2882 2276 3097 2349 (accedit
3125 2277 3187 2327 D.
3218 2278 3472 2349 Augusti-

1896 2365 1998 2401 nus
2029 2343 2147 2418 (Lib
2175 2362 2189 2400 ι
2219 2346 2281 2398 de
2312 2344 2448 2418 Mor.
2483 2343 2627 2397 Eccl.
2649 2362 2778 2418 _cap.
2804 2346 2899 2418 51)
2930 2346 2998 2418 _de
3044 2343 3339 2403 Cmnobitis
3383 2355 3467 2407 sui

1897 2414 2156 2485 temporis
2189 2418 2301 2470 haec
2321 2415 2560 2469 scribens
2589 2434 2601 2467 :
2633 2414 2849 2487 Jejunia
2875 2416 3027 2469 etiam
3065 2434 3275 2487 prorsus
3303 2422 3471 2475 incre-

1895 2490 2074 2542 dibilia
2097 2487 2285 2540 multos
2310 2502 2541 2540 exercere
2567 2486 2755 2553 didici,
2790 2502 2893 2539 non
2929 2486 3158 2556 quotidie
3198 2491 3350 2545 semel
3378 2494 3472 2547 sub

1895 2569 2093 2613 noctem
2116 2558 2392 2626 reﬁciendo
2420 2573 2631 2625 corpus,
2659 2558 2798 2625 quod
2825 2566 2895 2609 est
2934 2573 3289 2627 usquequaque
3317 2565 3471 2617 usita.

1896 2631 2168 2692 tissimum,
2214 2628 2302 2681 sed
2333 2628 2630 2703 continuum
2666 2628 2911 2691 triduum,
2942 2628 3019 2681 vel
3045 2631 3268 2699 amplius
3289 2636 3465 2703 swpis—

1895 2701 2042 2765 sime,
2073 2701 2181 2753 sine
2203 2700 2310 2751 cibo
2338 2714 2396 2750 ac
2421 2706 2546 2762 potu
2572 2698 2776 2751 ducere.

1972 2782 1994 2809 ο
2028 2771 2296 2838 Legunien
2328 2767 2809 2838 diciturquidquid
2841 2783 2871 2821 e
2900 2777 3059 2822 terra:
3104 2771 3235 2826 satis
3264 2773 3315 2826 in
3347 2775 3469 2830 sili-

1899 2842 2018 2910 quis
2048 2837 2300 2914 nascitur.
2336 2837 2502 2891 Varro
2533 2837 2627 2891 lib.
2660 2854 2677 2891 ι
2704 2838 2771 2893 de
2796 2838 2881 2914 Re
2897 2841 3124 2895 rustica:
3149 2841 3433 2914 Legumina
3452 2894 3466 2913 ,

1899 2909 2091 2977 inquit,
2124 2909 2407 2986 evelluntur
2433 2924 2459 2959 e
2488 2916 2642 2986 terra,
2674 2925 2776 2962 non
2791 2910 3151 2986 _subsecantur,
3176 2909 3428 2986 utifruges

1935 2997 2015 3036 uw
2043 2980 2177 3049 quod
2217 2981 2287 3031 ita
2316 2981 2568 3047 legantur,
2616 2980 2874 3050 legumina
2896 2978 3034 3034 dicta
3062 2992 3198 3037 sunt.
3234 2978 3469 3044 lsidbrus

1935 2999 2015 3036 uw
2043 2999 2175 3049 quoa
2217 2999 2287 3031 tta
2316 2999 2568 3047 tegantur,
2616 2999 2874 3050 tegumina
2896 2999 3034 3034 meta
3062 2999 3198 3037 sunt.
3234 2999 3469 3044 Ismorns

1898 2999 2131 3123 bltymol.
2165 3051 2257 3125 lib.
2294 3064 2400 3125 xvii
2427 3064 2546 3117 cap.
2572 3051 2643 3104 ιτ
2676 3050 2959 3125 Legumina
2990 3070 3022 3105 a
3047 3056 3261 3125 legendo
3301 3059 3469 3125 dicta,

1896 3118 2086 3177 veteres
2116 3123 2249 3174 enim
2272 3118 2718 3195 melioragquceque
2742 3118 2968 3192 legebant
2982 3118 3123 3195 ;_sive
3141 3129 3283 3195 quod
3311 3118 3470 3183 manu

1900 3194 2163 3267 legantur,
2190 3208 2353 3261 neque
2380 3193 2648 3267 sectionem
2674 3195 2955 3267 requirant.
2989 3192 3327 3267 Leguminum
3354 3201 3470 3267 plu-

1898 3260 2032 3317 rima
2056 3260 2173 3318 sunt
2203 3278 2411 3331 genera,
2440 3263 2712 3337 exquibus
2741 3262 2878 3332 faba,
2904 3263 3032 3337 lens,
3062 3260 3196 3333 pisa,
3230 3260 3468 3337 faselum,

1900 3337 2051 3400 cicer,
2096 3334 2351 3403 lupinum,
2398 3334 2624 3402 gratiora
2664 3335 2720 3387 in
2766 3351 2862 3387 usu
2902 3334 3164 3390 hominum
3210 3334 3465 3393 videntur.

1900 3406 2075 3460 lnfusa
2130 3413 2308 3459 autem
2352 3404 2617 3475 legumina
2664 3406 2956 3466 dicuntur,
3014 3421 3148 3475 aqua
3196 3408 3471 3465 dumtaxat

1900 3476 2202 3530 madefacta
2224 3484 2315 3527 aut
2340 3474 2524 3527 diluta.
2552 3474 2645 3528 Sic
2675 3490 2818 3544 smpe
2848 3475 2901 3527 in
2932 3474 3075 3529 Vitis
3102 3478 3317 3532 Patrum
3346 3520 3359 3541 .
3386 3483 3469 3533 in-

1900 3550 2114 3616 fundere
2136 3562 2317 3616 panes,
2347 3559 2443 3616 pro
2474 3560 2769 3616 macerare,
2789 3553 2880 3597 aut
2908 3545 3273 3616 madefacere;
3295 3549 3391 3602 lib.
3413 3567 3470 3604 ιιι

1899 3614 2047 3670 hum.
2067 3619 2100 3670 4
2118 3614 2469 3682 ίΙηῙιιηάεὸαι
2492 3631 2677 3682 panem
2700 3614 2755 3666 in
2780 3630 2968 3682 aquam
2994 3614 3167 3666 dicens
3187 3630 3205 3667 :
3232 3617 3363 3669 Dum
3386 3619 3470 3670 hic

1899 3692 2048 3756 panis
2092 3683 2411 3763 infunditur,
2455 3695 2599 3763 et_c.;
2640 3684 2794 3763 ηιλχ
2822 3683 3008 3763 libello
3041 3683 3075 3734 4
3098 3682 3347 3763 alnfudit
3377 3705 3470 3757 pa-

1899 3751 2033 3820 nem,
2059 3766 2106 3809 et
2131 3751 2261 3809 sedit
2284 3764 2338 3804 ut
2360 3754 2715 3805 manducaret.
2748 3751 2917 3805 Porro
2937 3752 3311 3817 leguminibus,
3343 3751 3472 3811 utet

1899 3827 2166 3890 oleribus,
2218 3821 2512 3875 monachos
2550 3821 2907 3876 communiter
2946 3825 3020 3876 uti
3063 3824 3241 3879 solere
3288 3838 3469 3880 narrat

1899 3897 2063 3950 etiam
2102 3896 2162 3948 D.
2193 3893 2552 3962 Hieronymus
2593 3894 2643 3945 in
2675 3894 2832 3960 epist.
2870 3892 2976 3945 22:
3013 3891 3241 3961 Vivitur,
3275 3897 3468 3962 inquit,

1897 3983 2049 4037 pane,
2074 3963 2411 4037 leguminibus
2441 3962 2754 4037 etole_r_i_bus,
2795 3979 2920 4037 qua:
2945 3964 3053 4037 sale
3082 3966 3191 4019 solo
3218 3967 3467 4020 condiun-

1900 4033 2004 4089 tur.
2031 4037 2097 4090 Et
2125 4033 2197 4089 _in
2247 4033 2531 4087 Hilarionis
2586 4033 2735 4086 Vita:
2770 4035 2810 4086 Α
2837 4035 3077 4087 vicesimo
3123 4038 3289 4102 primo
3334 4054 3469 4091 anno

1898 4124 2059 4176 usque
2080 4108 2146 4159 ad
2176 4105 2466 4158 vicesimum
2491 4104 2792 4176 septimum,
2826 4104 2984 4158 tribus
3014 4109 3161 4159 annis
3196 4108 3469 4161 dimidium

1898 4174 2050 4231 lentis
2080 4177 2355 4231 sextarium
2393 4174 2735 4241 madefactum
2774 4191 2903 4244 aqua
2933 4178 3123 4246 frigida
3149 4179 3387 4245 comedit,
3420 4189 3469 4232 et

1897 4251 2015 4302 aliis
2045 4247 2204 4302 tribus
2230 4261 2411 4315 panem
2439 4247 2643 4297 aridum
2668 4261 2787 4296 cum
2830 4247 2936 4298 sale
2975 4255 3021 4299 et
3058 4263 3209 4314 aqua.
3240 4247 3407 4302 Porro
3436 4267 3471 4302 α

1898 4320 2133 4373 vicesimo
2161 4319 2373 4381 septimo
2401 4331 2558 4379 usque
2605 4316 3033 4387 adgtricesimum,
3067 4318 3231 4371 herbis
3260 4323 3473 4387 agresti-

1900 4390 1989 4442 bus
2010 4398 2054 4442 et
2078 4389 2413 4459 virgultorum
2435 4385 2782 4459 quorumdam
2799 4386 3249 4459 radicibusicrudis
3272 4385 3472 4444 susten-

1899 4468 2032 4513 tatus
2061 4456 2171 4512 estf
2196 4460 2321 4512 Haec
2352 4456 2728 4526 Hieronymus.
2754 4456 2831 4508 De
2859 4457 3107 4528 lenticula
3136 4460 3319 4522 etiam,
3352 4478 3472 4528 qua:
3522 4492 3525 4493 ν

1900 4532 2039 4583 inter
2061 4530 2326 4594 legumina
2358 4536 2641 4591 censetur,
2679 4541 2776 4579 nec
2812 4542 2916 4580 non
2965 4527 3238 4595 lapsanio,
3264 4531 3313 4583 id
3344 4527 3427 4585 est
3452 4575 3469 4596 ,

1899 4600 2049 4655 olere
2075 4597 2271 4666 agresti
2302 4597 2580 4651 monachis
2596 4595 2874 4669 _lEgyptiis
2899 4597 3146 4669 familiari
3170 4600 3290 4654 cibo
3313 4595 3473 4669 supe-

1897 4672 2008 4723 rius
2036 4670 2211 4722 habita
2238 4679 2319 4721 est
2341 4668 2538 4721 mentio
2563 4666 2699 4735 (Lib.
2726 4683 2778 4719 ιν
2803 4683 2851 4719 c.
2881 4668 2951 4721 20
2970 4678 3015 4721 et
3043 4670 3189 4737 ult.).
3217 4670 3280 4724 D.
3308 4666 3473 4725 etiam

1900 4741 2217 4794 Benedictus
2272 4740 2489 4792 tertium
2536 4740 2602 4791 de
2649 4738 3006 4806 leguminibus
3056 4742 3471 4807 pulmentarium

222 4821 413 4872 reses,
434 4821 500 4881 et
529 4804 799 4867 Palladius
827 4804 879 4866 in
910 4812 1182 4868 Lausiacis
1203 4859 1217 4881 ,
1252 4816 1582 4875 Sozonienns
1622 4813 1710 4867 lib.
1748 4830 1798 4868 vr
1823 4804 1875 4863 D
1901 4811 2157 4865 fratribus
2186 4809 2432 4881 concedit
2455 4807 2608 4881 (Cap.
2630 4804 2908 4879 59'Reg.).
2939 4811 3009 4865 At
3030 4804 3221 4877 printer
3255 4812 3370 4866 haec
3389 4830 3475 4865 se-

219 4892 341 4941 t-ap.
376 4880 454 4933 28
482 4893 533 4934 et
561 4893 807 4952 sequent.
836 4883 946 4938 Nec
973 4899 1075 4938 non
1104 4895 1157 4936 et
1179 4880 1313 4938 Vita:
1342 4885 1553 4938 Patrum
1583 4883 1804 4950 praecla-

220 4952 292 4999 ris
324 4954 474 5002 notis
502 4964 555 5005 et
581 4955 1046 5008 observationibus
1070 4954 1134 5007 Β.
1163 4956 1219 5006 P.
1252 4955 1518 5008 Heriberti
1549 4953 1805 5013 Roswev-

218 5021 270 5094 di
302 5036 335 5074 e
365 5022 640 5077 Societate
694 5024 821 5077 Jesu
874 5027 1107 5092 theologi
1158 5041 1326 5094 nuper
1378 5026 1680 5089 illustrataz,
1712 5026 1802 5078 ubi

219 5092 508 5165 innumera
538 5094 804 5161 ejusmodi
837 5098 1141 5149 referuntur
1171 5092 1437 5165 exempla.
1465 5096 1575 5149 Huc
1597 5104 1804 5162 spectat

217 5164 363 5224 quod
388 5162 463 5216 de
488 5166 762 5218 monachis
791 5166 1164 5220 Alexandrinis
1190 5162 1374 5219 scribit
1403 5166 1553 5219 Philo
1585 5166 1803 5219 Judzeus

218 5230 359 5304 (Lib.
411 5232 637 5304 deAVita
683 5236 1013 5304 contempl.),
1060 5245 1114 5289 et
1140 5253 1202 5289 ex
1234 5251 1300 5290 eo
1326 5236 1591 5289 Eusebius
1623 5235 1803 5289 Caesa—

218 5303 421 5386 riensis
456 5302 594 5374 (Lib.
628 5321 662 5358 tl
696 5302 896 5387 βίαιοι-ζ
929 5302 973 5359 c.
1004 5306 1095 5375 16)
1128 5306 1213 5387 liis
1242 5308 1417 5360 verbis
1444 5324 1455 5357 :
1501 5305 1804 5387 Cibumnaut

219 5376 491 5439 potionem
512 5391 659 5429 nemo
689 5376 899 5429 illorum
926 5388 1043 5430 ante
1064 5376 1187 5430 solis
1215 5391 1451 5430 occasum
1472 5375 1630 5441 capit.
1676 5375 1805 5438 Qui-

218 5444 341 5496 dam
374 5462 561 5513 porro,
591 5461 807 5515 quorum
842 5448 1024 5499 animis
1052 5448 1316 5501 ardentius
1343 5448 1568 5500 scientia:
1604 5446 1803 5499 deside-

218 5516 357 5567 rium
386 5516 617 5580 insidet,
663 5519 747 5570 via:
790 5520 945 5571 semel
985 5528 1084 5570 toto
1114 5519 1281 5571 triduo
1325 5518 1421 5570 cibi
1453 5520 1803 5569 recordamur.

224 5584 500 5639 Nonnulli
546 5586 798 5658 illecebris
847 5588 1105 5656 sapientia:
1133 5587 1286 5658 (qua:
1339 5586 1565 5641 salubria
1608 5588 1811 5639 virtutis

224 5665 619 5728 praceptatam
658 5656 860 5724 affatim
886 5668 933 5709 et
966 5656 1164 5728 copiose
1185 5656 1513 5727 suppeditat)
1556 5660 1807 5728 quodam.

225 5728 378 5781 modo
393 5727 613 5781 invitati
638 5728 709 5780 sic
737 5727 1072 5796 oblectamur,
1102 5731 1315 5799 indeque
1342 5728 1464 5783 tales
1491 5729 1699 5797 capiunt
1723 5727 1810 5781 de-

1908 4884 2006 4945 ria,
2036 4881 2272 4935 occurrit
2302 4878 2430 4931 tnihi
2456 4880 2689 4944 lepidum
2716 4878 3029 4947 responsum
3051 4883 3325 4950 cujusdam
3361 4900 3475 4935 mo-

1904 4952 2083 5016 nachi,
2111 4952 2200 5015 qui
2228 4962 2444 5017 rogatus
2465 4951 2588 5016 quid
2614 4950 2771 5022 hodie
2794 4953 3155 5022 comedisset?
3176 4956 3470 5022 respondit,

1905 5024 2049 5077 olera
2082 5037 2201 5074 Clllll
2233 5021 2389 5086 pisis;
2424 5022 2545 5086 quid
2580 5020 2730 5073 lteri?
2762 5021 2873 5089 pisa
2904 5038 3023 5075 cum
3052 5020 3322 5087 oleribus;
3348 5026 3472 5089 quid

1906 5093 2101 5146 nudius
2148 5090 2387 5163 tertius?
2418 5092 2524 5157 pisa
2558 5101 2609 5143 et
2640 5091 2808 5145 olera.
2843 5093 3081 5163 Denique
3129 5094 3255 5161 quid
3280 5093 3476 5163 nudius

1906 5162 2166 5229 quartus?
2192 5163 2360 5225 olera,
2385 5171 2439 5213 et
2467 5166 2600 5228 pisa.
2627 5164 2714 5216 Sic
2738 5162 2823 5216 ille
2850 5161 3223 5231 quotidianum
3253 5176 3340 5215 aut
3364 5161 3473 5214 fre-

1907 5248 2076 5302 quens
2106 5232 2389 5285 admodum
2415 5234 2797 5287 monachorum
2823 5234 3101 5302 obsonium
3132 5232 3309 5285 facere
3336 5233 3477 5285 indi-

1908 5301 2035 5358 Caus
2052 5302 2222 5381 (Vide
2272 5303 2427 5381 aliud.
2454 5306 2739 5381 exemplum
2780 5303 2925 5381 apud
2969 5301 3269 5381 C'cesarium,
3299 5302 3405 5381 lib._
3428 5317 3476 5355 tv

1911 5392 2026 5443 cap.
2052 5376 2144 5439 79;
2176 5374 2340 5427 Basil.
2370 5372 2459 5443 lib.
2488 5374 2550 5426 de
2564 5369 2740 5426 sancta
2780 5373 2923 5441 Virg.
2944 5388 2961 5433 ;
2986 5369 3299 5443 AHieranym.
3325 5372 3475 5440 epist.

1912 5440 1984 5498 10⁷
2005 5446 2070 5498 ad
2093 5444 2351 5511 Furiam).
2378 5442 2643 5520 Cancrum
2673 5457 2792 5520 esus
2808 5440 3128 5520 leguminum
3145 5456 3245 5509 qua
3271 5453 3479 5520 ratione

1913 5515 2001 5569 hic
2029 5518 2235 5569 dicatur
2276 5508 2586 5575 enervatus,
2618 5510 2756 5563 haud
2779 5513 2909 5562 satis
2936 5508 3186 5575 expedio,
3232 5512 3337 5565 nisi
3368 5528 3479 5566 ιιιε-

1915 5590 2205 5655 tonytnice,
2236 5585 2356 5651 quia
2389 5598 2584 5655 corpus
2611 5590 2663 5633 et
2690 5580 2832 5632 vires
2864 5586 3114 5655 enervat,
3148 5588 3307 5650 atque
3337 5583 3478 5635 debi-

1916 5651 2032 5710 litat
2064 5657 2238 5722 potius
2263 5668 2418 5720 quam
2452 5651 2765 5704 conﬁrmat:
2796 5651 2879 5705 vel
2908 5655 3308 5722 comparatione
3348 5656 3479 5707 alio-

1918 5742 2035 5780 rum
2062 5721 2305 5778 Ciborum
2339 5722 2618 5775 fortiorum
2638 5760 2651 5785 ,
2680 5736 2774 5777 seu
2805 5723 2894 5791 qui
2945 5721 3115 5790 magis
3148 5728 3393 5782 nutriunt
3427 5733 3478 5779 et
