4016 6202
555 251 658 312 ait
835 227 872 260 ²
1201 301 1206 304 .
1291 274 1316 298 ρ·
1859 253 2138 313 JOANNIS

2256 253 2492 314 .SSlANl
3157 247 3166 252 ‘
3688 249 3777 310 sti

555 385 742 444 vatus,
773 387 873 431 nec
911 373 1120 430 cunctis
1149 388 1403 444 purorum
1437 374 1644 432 olerum
1674 375 1868 436 habilis
1895 389 1980 456 est
2013 396 2139 450 par-
2165 383 2220 441 Α
2243 378 2577 434 conceditur.
2607 375 2762 432 Alius
2789 373 3086 446 quantitate
3119 371 3378 432 librarum
3409 372 3624 431 duarum
3651 383 3779 430 satu-

555 467 806 534 cimonia,
837 481 938 522 nec
959 467 1224 523 universis
1246 476 1272 506 α
1296 467 1427 523 sicci
1459 471 1612 538 panis
1633 471 1855 526 refectio
1873 474 2133 542 castigata

2241 475 2457 530 ritatem
2484 487 2590 528 non
2612 471 2776 527 sentit
2793 485 2810 537 ;
2829 468 2857 508 ι)
2877 469 3014 526 alius
3030 469 3180 526 librae
3200 469 3381 538 unius,
3407 469 3518 524 sive
3533 466 3778 524 uncisrum

1622 609 1882 668 ALARDI
1921 613 2156 670 GAZIEI
2193 612 2757 671 COMMENTARIUS.

552 719 748 773 corpus
803 705 1088 772 roborant,
1146 713 1274 776 puta
1317 709 1560 762 carnium
1600 718 1654 764 et
1694 709 1942 776 piscium.
1997 709 2131 763 Nam

553 777 824 844 legumina
855 777 1095 846 alioquin
1129 789 1322 832 natura
1356 795 1450 833 sua
1479 779 1653 833 calida
1684 789 1737 831 et
1766 779 1990 832 ﬂatuosa
2014 795 2137 836 esse

553 855 784 920 testatur
813 849 1066 912 Basilius,
1099 861 1154 906 et
1176 849 1556 920 Hieronymus,
1585 849 1739 920 cujus
1773 851 1886 920 haec
1907 859 1991 904 est
2014 865 2139 920 sen-

553 920 718 991 tentia
748 919 815 974 de
836 920 1164 991 leguminum
1188 930 1241 976 et
1257 919 1462 976 olerum
1493 935 1590 991 esu
1621 931 1674 974 et
1693 919 1999 991 differentia
2027 938 2042 975 ι
2071 919 2138 974 In

556 990 684 1062 ipsis
711 993 835 1045 cibis
848 989 1018 1045 calida
1045 992 1454 1062 qttarquedevita.
1482 989 1604 1043 Non
1621 990 1789 1044 solum
1810 992 1873 1045 de
1896 992 2137 1046 carnibus

554 1059 760 1135 loquor,
789 1080 944 1135 super
968 1059 1152 1134 quibus
1170 1059 1284 1116 'Vas
1309 1063 1565 1115 electionis
1581 1062 1778 1132 profert
1804 1064 2102 1135 sententiam
2118 1080 2138 1119 :

554 1131 760 1186 Bonum
783 1131 863 1188 est
877 1131 1310 1188 non'manducarc
1331 1148 1558 1197 carnem,
1572 1131 1616 1186 et
1633 1149 1732 1186 non
1755 1133 1919 1188 bibere
1943 1135 2133 1190 uinum.

556 1203 664 1257 Sed
715 1207 870 1258 etiam
910 1207 962 1258 in
1001 1206 1124 1274 ipsis
1163 1202 1504 1274 leguminibus
1540 1205 1784 1272 inﬂantia
1835 1220 2047 1273 quaeque
2091 1214 2138 1260 et

554 1277 734 1345 gravia
759 1273 1069 1330 declinanda
1112 1273 1232 1328 sunt
1245 1291 1264 1338 ;
1319 1273 1557 1345 nihilque
1585 1275 1656 1328 ita
1682 1275 1814 1330 scias
1856 1279 2141 1332 conducere

554 1343 865 1404 Christianis
890 1345 1320 1412 adolescentibus,
1355 1355 1410 1398 ut
1437 1343 1579 1400 esum
1601 1347 1814 1402 olerum.
1847 1345 1996 1402 Unde
2019 1359 2064 1402 et
2087 1353 2142 1402 in

556 1417 657 1470 alio
693 1419 834 1471 loco:
869 1417 968 1482 Qui
995 1415 1231 1484 inﬁrmus
1259 1417 1360 1482 est,
1395 1417 1492 1482 ait,
1536 1415 1679 1471 olera
1717 1419 2020 1483 manducet;
2063 1435 2142 1472 ar-

555 1487 749 1558 dorque
771 1502 1040 1558 corporum
1069 1487 1426 1558 frigidioribus
1466 1488 1626 1558 epulis
1656 1490 2014 1558 temperandus
2044 1499 2137 1544 est.

555 1557 764 1612 Rursus
792 1557 896 1610 alio
941 1559 1060 1612 loco
1103 1556 1244 1627 (Lib.
1285 1573 1322 1612 ιι
1363 1569 1541 1612 contra
1576 1556 1863 1624 lavinia):
1899 1558 2140 1627 Olerum,

555 1629 748 1698 inquit,
783 1644 1054 1702 pomorum
1079 1645 1138 1702 ac
1167 1627 1516 1700 leguminum,
1551 1643 1596 1684 et
1627 1631 1832 1702 facilior
1859 1640 2142 1702 apparatus

555 1709 650 1762 est,
681 1707 726 1752 et
755 1710 864 1752 arte
885 1701 1258 1772 impendiisque
1277 1716 1555 1770 coquorum
1577 1717 1682 1754 non
1713 1701 1935 1772 indiget,
1961 1710 2005 1772 et
2032 1703 2143 1755 sine

557 1785 684 1844 cura
711 1780 967 1844 sustentat
1017 1771 1224 1841 corpus,
1274 1773 1634 1841 moderateque
1678 1771 1918 1844 sumptus
1967 1771 2142 1826 leviori

557 1840 840 1913 digestione
867 1840 1221 1913 concoquitur.

627 1919 653 1948 ι
681 1911 734 1984 ld
763 1921 866 1978 est,
893 1911 1089 1976 tenuis.
1114 1923 1169 1970 et
1183 1928 1366 1984 parca,
1382 1924 1438 1968 et
1458 1923 1624 1970 certae
1641 1929 1910 1970 mensurae
1932 1915 2142 1980 legibus

2237 711 2409 775 librte,
2437 725 2532 764 seu
2554 709 2762 779 pondo:
2788 722 3035 762 mensura
3053 715 3228 762 autem
3256 713 3410 772 potus
3437 717 3554 774 qua:
3589 703 3776 758 hemina

2238 781 2458 844 dicitur,
2487 795 2588 834 n0n
2623 795 2720 844 pro
2751 781 2988 845 pondere
3015 779 3181 847 ipsius
3209 785 3391 845 potus,
3421 791 3514 847 seu
3545 789 3636 847 pro
3670 781 3781 843 potu

2239 854 2370 905 tanti
2399 851 2677 922 ponderis,
2702 850 2798 906 sed
2822 867 2915 920 pro
2939 845 3192 927 mensura
3217 846 3529 927 mensus-ali,
3545 845 3783 927 velmen-

2239 918 2498 988 surante,
2551 937 2643 976 seu
2687 918 3180 980 vase’contiuente.
3235 930 3290 974 et
3337 918 3604 988 metiente
3635 918 3782 984 ipsum

2241 1005 2447 1062 potum,
2471 987 2556 1048 vel
2581 1010 2678 1061 pro
2703 1003 2828 1060 potu
2856 1001 3116 1046 coiiteuto
3141 992 3195 1045 in
3222 1006 3372 1051 vase,
3399 991 3486 1060 qui
3509 987 3610 1042 dici
3633 991 3787 1055 potest

2243 1081 2499 1120 mensura
2530 1073 2860 1128 mensurata.
2906 1065 3087 1130 Itaque
3117 1076 3362 1117 mensura
3399 1069 3554 1128 potus
3598 1073 3690 1130 non
3732 1071 3786 1109 ex

2239 1138 2526 1206 gravitate,
2560 1148 2652 1190 aut
2689 1136 2949 1204 pondere,
2981 1129 3074 1188 sed
3111 1149 3176 1188 ex
3207 1133 3504 1202 capacitate
3531 1129 3665 1185 vasis
3689 1141 3788 1196 spe-

2242 1219 2440 1272 ctatur,
2473 1217 2534 1261 ut
2563 1209 2698 1262 satis
2723 1219 2906 1261 nutum
2940 1216 3042 1260 est.

2314 1279 2482 1334 Porro
2531 1278 2723 1332 libram
2773 1275 3123 1345 pouderalem
3153 1288 3340 1330 rursus
3382 1273 3646 1340 duplicem
3692 1276 3787 1322 sta-

2245 1361 2431 1404 tuunt:
2465 1351 2692 1404 alteram
2735 1347 2971 1402 sedecim
3003 1348 3305 1412 unciarum,
3354 1360 3513 1414 quam
3561 1349 3792 1414 mercato-

2242 1423 2402 1487 riam,
2430 1421 2544 1474 sive
2570 1421 2978 1490 zygustaticam,
3007 1412 3389 1494 Galliregiam,
3410 1425 3504 1470 aut
3525 1412 3790 1494 Parisiuam

2243 1504 2576 1561 nuncupant,
2609 1507 2718 1562 qua
2747 1498 3076 1545 mercatores
3101 1489 3536 1562 ,‘institoresque
3579 1489 3794 1562 quicum-

2244 1578 2348 1630 que
2379 1555 2589 1619 merces
2621 1555 2886 1632 appensas
2914 1558 3264 1624 venumdant,
3311 1568 3568 1632 utuntur;
3595 1555 3793 1632 alteram

2244 1624 2562 1706 Romanam,
2595 1624 2876 1688 duodecim
2904 1632 3183 1706 dumtaxat
3213 1631 3491 1684 uuciarum
3512 1673 3538 1706 ,_
3573 1642 3680 1706 quae
3709 1624 3796 1706 llo-

2245 1706 2419 1758 manis
2443 1705 2570 1756 olim
2591 1706 2811 1770 usitata,
2837 1711 2892 1756 et
2917 1702 3271 1769 scriptoribus
3290 1710 3374 1754 est
3392 1701 3796 1770 nominatissima

2246 1774 2494 1846 (Budaeus
2507 1774 2596 1828 lib.
2613 1791 2648 1829 ιι
2671 1777 2736 1828 de
2757 1766 2915 1837 Asse;
2935 1766 3122 1827 Junius
3144 1770 3598 1846 nomenclat.)i._lta
3616 1769 3670 1822 S.
3695 1766 3798 1846 Epi-

2244 1843 2496 1916 phanius,
2529 1848 2617 1913 qui
2649 1847 2714 1900 de
2739 1847 3004 1916 mensuris
3033 1843 3432 1916 etpoﬁnderibus
3463 1843 3654 1916 librum
3680 1843 3799 1916 scu-

2249 1907 2384 1986 bsil:
2417 1907 2593 1984 Libra,
2627 1918 2818 1986 inquit,
2859 1925 2932 1969 est
2953 1907 3239 1986 duodecim,
3269 1915 3563 1968 unciarum.
3593 1907 3801 1986 lsidorus

561 1983 809 2069 astricta,
835 1999 993 2053 quam
1022 1981 1289 2069 excedere
1307 1981 1413 2069 non
1429 1985 1960 2068 liceret..Mac'robius
1981 1985 2073 2066 lib.
2102 2003 2140 2069 ιι
2173 2009 2218 2069 Β
2246 1981 2469 2069 etytiiol.
2495 1981 2590 2041 lib.
2615 1981 2846 2069 xvicap.
2866 1986 2968 2040 24:
3002 1985 3168 2068 Uncia
3190 1981 3802 2069 dicta,qttod.uniucrsita-

558 2051 1002 2128 Saturnal.’cap.
1041 2057 1211 2128 lziAt
1250 2073 1364 2110 cum
1393 2056 1604 2128 heroes,
1634 2056 1838 2128 inquit,
1874 2059 2140 2128 castigatis

561 2123 782 2195 dapibus
810 2123 1068 2180 assidunt.
1099 2127 1465 2182 Tertullianus
1489 2127 1583 2180 lib.
1614 2127 1682 2181 de
1711 2125 1958 2194 chunio:
1989 2123 2142 2182 Nunc

558 2194 606 2248 si
635 2194 824 2250 temere
849 2200 1102 2251 rationem
1122 2199 1360 2269 castigati
1384 2199 1513 2252 adeo
1541 2199 1722 2262 victus,
1754 2209 1884 2269 etcf,
1909 2197 1998 2252 tibi
2021 2213 2147 2266 per-

559 2281 748 2392 geram
782 2269 834 2322 in
876 2270 1195 2336 quibusdam
1241 2268 1471 2336 legitur:
1503 2269 1736 2338 castigati
1765 2285 1797 2323 a
1823 2268 1930 2322 Deo
1960 2269 2140 2324 victus.

615 2377 629 2391 .
663 2339 1024 2392 Hierunvmus
1051 2339 1145 2392 lib.
1175 2355 1214 2392 ιι
1233 2351 1419 2392 contra
1441 2339 1818 2392 Jovinianum:
1852 2341 1956 2392 Οιιὶ
1983 2357 2140 2392 maro-

615 2377 629 2391 .
663 2339 1024 2414 Hieronymus
1051 2339 1159 2414 lib._
1175 2355 1214 2394 ιι
1233 2351 1419 2414 contra
1441 2339 1818 2414 Joviuianum;
1852 2341 1956 2414 Qui
1983 2357 2147 2414 agro-

562 2417 657 2473 tat,
690 2425 794 2462 non
820 2409 974 2462 aliter
1002 2409 1182 2478 recipit
1207 2410 1502 2471 sanitatem,
1537 2411 1640 2464 nisi
1677 2413 1815 2464 tenui
1853 2412 1961 2465 cibo
1989 2409 2050 2464 εἰ
2063 2429 2150 2468 ca-

563 2481 750 2552 stigato
774 2481 929 2546 victu,
953 2495 1071 2552 qua:
1097 2480 1256 2540 λεπτή
1285 2479 1453 2536 δίαιτα
1474 2481 1681 2535 dicitur.
1709 2481 1999 2537 Cassianus
2028 2501 2149 2537 rur-

563 2565 658 2604 sus
688 2551 816 2605 lib.t
837 2551 969 2620 cap.
989 2552 1110 2614 ult.,
1139 2553 1433 2606 secundum
1456 2552 1810 2620 quorumdam
1834 2553 2146 2618 lectionem,

566 2623 872 2691 castigatum
916 2621 1129 2676 modum
1175 2621 1311 2677 dixit
1355 2639 1452 2692 pro
1487 2625 1637 2691 justo
1676 2634 1734 2679 et
1780 2625 2147 2680 convenienti.

565 2692 738 2775 Porro
751 2693 850 2775 illa
869 2692 998 2775 sicci
1021 2694 1178 2764 panis
1193 2693 1418 2775 refectio
1433 2693 1622 2775 Graece
1641 2695 1916 2775 ξηρρφασγία
1935 2696 2154 2750 diceba-

567 2772 679 2826 tur,
708 2772 768 2818 ut
786 2765 1042 2836 superius
1067 2767 1464 2830 annotavimus,
1487 2766 1540 2822 id
1571 2777 1674 2834 est,
1705 2765 1974 2823 siccorum
2004 2781 2151 2834 esus,

567 2841 696 2904 puta
719 2835 887 2890 solius
913 2837 1067 2905 panis
1093 2852 1214 2892 cum
1233 2838 1369 2904 sale,
1393 2837 1597 2903 absque
1618 2837 1728 2893 alio
1757 2839 2014 2896 obsonio:
2046 2853 2155 2893 non

569 2915 754 2980 tamen
782 2907 1000 2980 explosa
1032 2921 1200 2974 aqua,
1235 2924 1340 2980 qua
1371 2909 1657 2979 dupliciter
1689 2911 2006 2976 utebantur,
2039 2919 2154 2964 tum

571 2977 642 3049 ad
671 2975 1060 3049 infundendum
1088 2992 1180 3033 aut
1209 2975 1702 3048 superfundendum
1737 2983 1900 3049 pani,
1950 2975 2060 3035 tum
2087 2980 2156 3035 ad

569 3047 887 3122 bibendum.
913 3049 1070 3105 Unde
1100 3049 1242 3119 apud
1271 3047 1570 3107 Palladium
1607 3053 1661 3108 in
1691 3047 1812 3107 Vita
1845 3053 1993 3108 Pauli
2029 3053 2158 3122 legi-

572 3126 666 3192 tur
691 3119 958 3175 Antonius
993 3123 1311 3190 apposuisse
1339 3137 1540 3178 mensaa
1567 3132 1798 3192 quatuor
1828 3119 2155 3192 paxamidia,

571 3189 629 3271 id
657 3201 974 3274 est,.pancs,
1002 3189 1060 3246 et
1103 3193 1208 3247 sibi
1237 3208 1401 3247 unum
1427 3189 1809 3259 madefecisse;
1830 3189 1990 3248 erant
2013 3193 2157 3248 enim

574 3261 728 3324 sicci,
757 3261 950 3326 inquit.

647 3331 678 3371 δ
717 3331 1015 3404 Difﬁcultas
1041 3347 1149 3388 non
1175 3347 1338 3404 parva
1363 3335 1490 3390 hinc
1516 3333 1688 3390 oritur
1719 3335 1786 3390 de
1811 3334 1950 3390 libra
1981 3334 2154 3403 panis,

2249 2069 2348 2114 tem
2372 2061 2626 2130 minorum
2640 2061 2918 2127 ponderum
2936 2074 3028 2130 sua
3051 2057 3243 2130 unitate
3265 2057 3470 2130 vinciat,
3497 2056 3554 2108 id
3575 2063 3664 2113 est,
3686 2066 3804 2130 cont-

2246 2131 2519 2196 plectatnr.
2552 2123 2760 2185 Constat
2789 2141 2956 2182 autem
2989 2129 3214 2196 dragmis
3243 2135 3377 2191 octo,
3407 2127 3462 2180 id
3484 2123 3806 2192 estscrupulis

2245 2199 2338 2256 2'5.
2363 2200 2514 2266 Quod
2527 2199 2744 2272 proinde
2765 2200 3044 2272 legitimum
3058 2199 3256 2272 pondus
3271 2199 3510 2272 habetur,
3527 2198 3646 2272 quia
3661 2207 3807 2272 nume:

2247 2289 2337 2326 rus
2364 2263 2726 2338 scrupulor-um
2748 2263 2857 2340 ejus
2884 2271 3038 2324 horas
3058 2263 3169 2322 'diei
3213 2269 3473 2340 noctisque
3493 2263 3721 2328 metitur,
3747 2263 3808 2340 uel

2247 2337 2566 2416 quialibram
2581 2343 2738 2416 efﬁcit
2751 2337 3019 2416 duodecies
3031 2337 3657 2416 computatus,_du_odecim
3669 2337 3811 2416 unciis

2249 2411 2516 2484 perﬁcitur
2531 2431 2550 2480 ;
2571 2411 2618 2466 et
2639 2415 2756 2466 inde
2781 2413 2996 2465 habetur
3020 2411 3228 2535 ρει-ζεσιὶ
3249 2411 3491 2482 ponderis
3515 2425 3694 2482 genus,
3715 2411 3812 2476 quia

2251 2495 2322 2535 tot
2346 2493 2542 2535 constat
2567 2485 2748 2535 unciis.
2777 2494 2899 2535 auat
2937 2483 3096 2535 mensi
3133 2500 3188 2535 us
3236 2498 3427 2535 annus.
3459 2480 3616 2534 Dicta
3664 2487 3812 2533 autem

2251 2480 2322 2538 tot
2346 2493 2542 2538 constat
2567 2485 2748 2544 unciis,
2777 2494 2899 2554 quot
2937 2480 3188 2536 mensibus
3236 2480 3427 2535 annus.
3459 2480 3616 2554 Dicta
3664 2487 3812 2533 autem

2252 2556 2402 2624 libra,
2436 2565 2563 2626 quot
2590 2557 2655 2609 sit
2677 2553 2857 2619 libera,
2884 2562 2931 2608 et
2970 2563 3156 2626 cuncta
3195 2554 3327 2626 inter
3355 2569 3406 2606 se
3432 2553 3679 2626 pondera_
3703 2566 3815 2616 prae-

2253 2621 2398 2680 dicta'
2420 2621 2712 2681 concludat.
2749 2629 2840 2685 Sic
2869 2626 2980 2679 ille.
3017 2625 3107 2680 His
3129 2621 3452 2694 prmitiissis,
3503 2633 3562 2680 ut
3617 2621 3682 2676 ad
3707 2637 3817 2694 sco.

2254 2713 2379 2768 pum
2414 2709 2654 2753 nostrum
2675 2698 2975 2762 veniamus,
3008 2696 3148 2768 quod
3179 2695 3248 2748 ad
3272 2693 3594 2768 Cassianum
3623 2693 3816 2755 attinet,

2256 2765 2361 2824 non
2393 2771 2554 2824 aliam
2604 2770 2856 2824 existimo
2905 2767 3045 2838 apud
3080 2769 3251 2836 ipsum
3302 2765 3530 2836 intelligi
3559 2773 3814 2834 opOrtere,

2257 2855 2416 2912 quam
2444 2852 2680 2896 veterem
2716 2841 2898 2912 illam,
2938 2837 2994 2912 et
3030 2839 3169 2907 apud
3217 2852 3406 2912 omnes
3454 2837 3737 2912 usitatam,
3777 2844 3820 2912 et

2258 2903 2526 2982 éOgnitam
2571 2913 2797 2978 libram,
2851 2903 3134 2965 duodecim
3187 2907 3395 2982 scilicet
3438 2903 3822 2982 unciarum._ld

2259 2977 2401 3057 enim
2434 2982 2552 3052 ipse
2585 2987 2716 3057 satis
2755 2983 2955 3037 indicat
2996 2983 3190 3057 Collat.
3222 2981 3257 3033 2
3285 2994 3403 3048 cap.
3437 2977 3528 3046 l9,
3557 2979 3646 3034 ubi
3677 2977 3822 3057 abbas

2259 3049 2471 3123 Moyses
2495 3055 2757 3124 approbat
2785 3063 2839 3108 et
2882 3053 3222 3108 commendat
3264 3065 3580 3124 mensuram
3606 3049 3756 3118 panis
3781 3049 3824 3100 in

2261 3121 2473 3180 duobus
2495 3121 2806 3192 paiimaciis
2831 3125 3196 3184 constitutam,
3227 3136 3358 3192 quos
3388 3121 3654 3192 parvulos
3681 3132 3826 3190 panes

2259 3205 2420 3250 vocat
2440 3236 2454 3260 ,
2485 3189 2540 3250 et
2567 3198 2653 3248 vix
2683 3195 2830 3250 librae
2871 3195 3030 3248 unius
3062 3193 3269 3260 pondus
3299 3189 3553 3246 habuisse
3583 3189 3824 3244 afﬁrmat.

2261 3265 2332 3320 At
2351 3267 2394 3319 si
2426 3265 2537 3320 duo
2561 3281 2728 3334 panes
2772 3265 2932 3320 simul
2967 3263 3138 3334 juncti
3168 3275 3274 3315 non
3299 3260 3612 3314 habuissent
3638 3261 3828 3330 pondus

2264 3331 2864 3392 duodecitn'unciarum
2904 3331 2996 3388 aut
3039 3331 3284 3395 circiter;
3331 3336 3482 3384 certe
3513 3345 3625 3384 non
3661 3333 3828 3386 fuisset

577 3414 710 3474 quot
729 3404 918 3459 uncias
945 3397 1195 3460 babuerii
1220 3405 1360 3474 apud
1387 3407 1509 3462 illos
1537 3407 1741 3462 Patres.
1766 3397 1996 3460 Videtur
2012 3397 2157 3460 enim
2187 3397 2238 3462 C
2269 3407 2461 3464 modus
2491 3407 2581 3462 ille
2601 3405 2965 3474 aequissimus,
3013 3419 3068 3456 ιιι
3093 3411 3270 3474 vocat,
3296 3402 3409 3454 sive
3436 3414 3696 3474 mensura
3721 3403 3829 3456 satis

576 3475 668 3530 hic
699 3477 890 3530 Auctor
915 3477 1144 3532 innuere
1184 3475 1376 3532 libram
1409 3492 1569 3532 unam
1616 3487 1820 3532 tantum
1868 3475 2035 3532 fuisse
2064 3491 2160 3534 sex

575 3560 880 3619 unetarum.
915 3546 1085 3604 Libra
1113 3547 1266 3601 unius
1290 3589 1306 3612 ,
1353 3549 1554 3619 inquit,
1587 3549 1688 3602 sive
1735 3549 2010 3602 unciarum
2037 3564 2158 3614 sex,

579 3619 732 3686 quasi
757 3617 906 3690 idem
935 3620 1006 3675 sit
1032 3619 1166 3690 libra
1197 3634 1323 3690 una,
1353 3615 1406 3676 et
1425 3615 1598 3674 unciae
1623 3635 1740 3676 sex.
1766 3619 1850 3674 Ad
1879 3619 2031 3688 cujus
2062 3635 2161 3690 exs

579 3689 926 3815 plicationem
959 3689 1160 3773 aliquid
1189 3689 1478 3746 dicendum
1509 3691 1577 3774 de
1599 3691 1754 3752 libra.
1780 3701 1832 3746 et
1857 3689 2162 3760 cujusmodi

601 3761 719 3815 lbra
746 3761 1064 3815 intelltmtur
1093 3773 1201 3815 tum
1234 3763 1372 3815 anud
1416 3763 1728 3815 Cassianum
1764 3761 1916 3815 (ϐαι).
1957 3761 2026 3815 59
2058 3760 2162 3815 Re-

601 3760 1201 3834 ibraintelligiturtum
1234 3763 1393 3834 apud;
1416 3763 1728 3818 Cassianum
1764 3761 1916 3834 (Cap.
1957 3761 2026 3818 59
2058 3760 2164 3834 Re-

582 3831 772 3904 gulae),
803 3831 1571 3906 tum’apud_D._Benedictum
1613 3837 1664 3890 in
1695 3831 1916 3906 Regula.
1956 3835 2054 3901 Qui
2095 3833 2164 3889 de

583 3903 855 3974 mensuris
886 3911 942 3956 et
971 3904 1298 3971 putideribus
1314 3903 1872 3974 scripserunt,libram
1897 3906 2163 3970 duplicem

584 3971 941 4042 distinguunt,
975 3975 1356 4044 mensuralem,
1385 3971 1437 4044 et
1462 3977 1842 4044 ponderalem;
1877 3986 1933 4028 et
1961 3977 2164 4044 Roma-

585 4057 687 4096 nos
717 4051 946 4109 utraque
967 4057 1095 4096 usos
1128 4043 1290 4096 fuisse
1317 4043 1555 4098 Galenus
1581 4050 1795 4108 asserit,
1827 4053 1964 4098 teste
1992 4043 2163 4098 Geor-

583 4111 674 4182 gio
723 4113 956 4182 agricola
981 4111 1206 4182 (Galen.
1259 4113 1348 4166 lib.
1381 4129 1396 4166 ι
1431 4115 1495 4165 de
1523 4114 1804 4182 Composit.
1857 4113 2164 4179 medicam;

589 4181 744 4254 Geor.
764 4181 1018 4254 Ἀργείην.
1044 4183 1106 4236 de
1129 4181 1356 4236 Ponder.
1383 4193 1430 4235 et
1451 4181 1726 4252 mensur.).
1749 4183 1876 4237 Erat
1896 4182 2164 4250 siquidem

585 4253 724 4308 libra
748 4253 885 4320 apud
906 4253 1356 4322 Romanosgenus
1376 4269 1644 4308 mensurae
1673 4255 1826 4308 lineis
1847 4254 2164 4322 quibusdam

587 4324 958 4386 intersectum,
1000 4325 1192 4393 quibus
1221 4323 1560 4378 dividebatur
1589 4325 1644 4378 in
1667 4325 1952 4380 duodecim
1985 4335 2164 4393 partes

589 4395 848 4463 aequales.
881 4409 1015 4457 quas
1043 4394 1229 4454 uncias
1257 4395 1543 4454 vocabant.
1574 4395 1722 4452 Hanc
1749 4405 1927 4451 autem
1957 4411 2168 4449 mensu-

587 4480 705 4534 ram
737 4465 802 4518 ad
833 4463 1190 4519 ditioreutiatn
1228 4465 1480 4534 ponderis
1502 4507 1516 4528 ,
1571 4467 1758 4522 libram
1803 4467 2164 4522 mensuralem

589 4533 862 4602 dixerunt,
889 4535 974 4590 vel
1003 4535 1191 4592 libram
1219 4533 1556 4602 mensuram;
1585 4537 1808 4592 alteram
1837 4547 2035 4604 autem,
2062 4553 2165 4606 qua

589 4621 681 4660 res
711 4607 1126 4678 appeuduntur,
1161 4610 1261 4662 hoc
1311 4615 1422 4674 est,
1469 4607 1684 4678 pondus
1714 4611 1918 4678 ipsum,
1975 4609 2164 4662 libram

588 4676 961 4746 pouderalem,
994 4680 1074 4734 vel
1119 4679 1306 4732 libram
1339 4676 1546 4747 pundo:
1579 4676 1744 4748 cujus
1773 4679 1956 4734 itidem
1988 4690 2166 4748 partes

589 4749 762 4804 unciae
790 4759 1068 4804 vocantur.
1099 4747 1252 4806 Unde
1281 4764 1616 4818 consequens
1650 4747 1738 4806 est
1771 4747 2010 4818 duplices
2045 4766 2164 4806 esse

589 4821 802 4886 uncias,
825 4835 1020 4888 nempe
1037 4823 1393 4886 meusurales,
1417 4831 1471 4875 et
1495 4821 1837 4888 pouderales.
1863 4821 1992 4874 Nam
2017 4838 2164 4875 Illell-

590 4891 798 4947 surales
828 4903 1003 4956 partes
1034 4899 1160 4946 sunt
1189 4893 1338 4946 libra:
1363 4893 1705 4956 tuerisuralis,
1733 4893 1872 4946 sicut
1903 4893 2167 4959 pondera-

591 4963 671 5016 les
687 4975 866 5031 partes
893 4971 1019 5016 sunt
1043 4963 1196 5016 libra?
1222 4963 1560 5032 pouderalis:
1590 4973 1644 5018 et
1671 4965 1784 5018 lizec
1805 4971 1890 5018 est
1915 4963 2168 5015 dilleren-

591 5035 663 5088 tia
691 5036 831 5088 inter
859 5033 1210 5092 mensurales.
1238 5042 1292 5086 et
1317 5035 1636 5100 pouderales
1668 5037 1875 5096 uncias,
1899 5045 1950 5088 et
1981 5033 2164 5098 libras,

589 5104 734 5176 quod
783 5104 1103 5174 pouderales
1135 5105 1290 5159 nobis
1316 5105 1384 5158 ob
1409 5107 1596 5159 oculos
1621 5117 1822 5170 ponunt
1851 5107 2164 5174 gravitatem

589 5191 907 5244 corporum;
939 5177 1292 5242 mensurales,
1325 5176 1538 5236 molem,
1571 5179 1684 5230 sive
1717 5178 2163 5244 magnitudinem,

589 5257 682 5300 aut
713 5249 1089 5315 capacitatem.
1119 5253 1177 5299 ut
1195 5247 1353 5300 docet
1381 5248 1522 5300 idem
1547 5245 1802 5300 Galenus.
1827 5247 2166 5300 Manifestum

589 5325 774 5371 autem
809 5327 892 5372 est
919 5317 1108 5370 libram
1138 5317 1570 5382 pontleralem,et
1589 5326 1984 5383 consequenter
2004 5319 2165 5370 etiam

591 5389 779 5442 uncias
799 5387 1116 5456 pouderales
1139 5387 1388 5456 intelligi,
1404 5401 1524 5442 cum
1546 5385 1612 5439 de
1640 5387 1771 5456 libra
1795 5385 1948 5452 panis
1968 5399 2162 5454 agitur.

592 5455 860 5524 Quaeritur
887 5459 1115 5512 cnimde
1140 5455 1376 5526 pondere
1402 5472 1496 5512 seu
1526 5455 1788 5526 gravitate
1811 5457 1967 5525 hujus
1993 5457 2164 5510 librae.

591 5527 824 5583 Proinde
851 5529 1009 5584 aliter
1039 5525 1178 5597 apud
1220 5529 1277 5582 Ι).
1323 5527 1666 5582 Benedictum
1703 5525 1854 5598 (Cap.
1886 5529 1954 5582 59
1992 5537 2040 5580 et
2072 5527 2164 5597 40)

593 5598 852 5664 accipitur
863 5613 1049 5652 mensu
1061 5617 1114 5654 ra
1137 5599 1400 5664 ciborum,
1415 5601 1570 5654 aliter
1582 5615 1826 5654 mensura
1845 5613 2020 5668 putus.
2033 5599 2166 5654 Nam

593 5681 842 5722 mensura
858 5670 1122 5732 ciborum,
1151 5681 1406 5738 quantum
1425 5674 1490 5726 ad
1519 5687 1712 5740 panem
1739 5674 1947 5734 attinet,
1973 5672 2168 5736 accipi-

583 5743 688 5804 ,tltr
715 5744 812 5804 pro
842 5752 1092 5804 mensura
1118 5740 1420 5808 ponderali,
1453 5744 1556 5798 hoc
1579 5751 1682 5808 est,
1715 5759 1812 5811 pro
1842 5753 1979 5812 pane
2009 5743 2168 5798 unius

2263 3479 2590 3550 justa,quae_
2621 3471 2868 3550 omnibus
2913 3475 3116 3550 passim
3145 3471 3391 3530 sulﬁcere
3419 3481 3611 3550 posset
3640 3473 3830 3550 absque

2265 3543 2376 3606 ullo
2405 3543 2650 3606 obsonio.
2687 3546 2837 3602 Unde
2876 3543 3116 3600 nunnulli
3149 3559 3180 3599 e
3206 3543 3483 3598 contrario
3517 3558 3588 3598 ex
3620 3559 3690 3598 eo
3729 3545 3832 3598 loco

2266 3623 2526 3690 colligunt
2550 3619 2756 3688 singula
2783 3613 3281 3690 paxiiiiacia_t‘uisse
3312 3611 3471 3690 unius
3503 3611 3684 3690 librae,
3732 3613 3830 3690 sive

2268 3691 2335 3746 Η
2366 3683 2690 3747 ιιῖιοὶιιιιιιιῖε
2713 3683 2856 3758 quod
2887 3699 3061 3742 tamen
3093 3685 3297 3758 ibidem
3329 3683 3832 3758 refutabimus._Sed

2265 3765 2464 3818 clarius
2491 3762 2542 3816 id
2573 3755 2744 3828 ipsum
2775 3759 3060 3816 conﬁrmat
3097 3757 3368 3826 Palladius
3415 3755 3664 3828 historia:
3712 3755 3833 3811 Lau-

2266 3836 2428 3890 siaca:
2451 3849 2568 3903 Cap.
2593 3826 2684 3900 98,
2707 3831 2796 3888 ubi
2823 3831 2892 3886 de
2920 3831 3084 3886 Paulo
3113 3827 3367 3896 Simplice
3395 3829 3503 3896 agit
3533 3845 3544 3878 :
3585 3826 3732 3896 Fert,
3750 3828 3831 3903 itt-

2266 3908 2380 3973 quit
2401 3947 2414 3966 ,
2437 3899 2710 3970 Antonius,
2751 3913 2799 3957 et
2828 3903 3040 3970 imponit
3085 3916 3268 3973 menste
3293 3909 3511 3973 quatuor
3547 3899 3834 3971 paxamidia

2269 3969 2370 4046 (-sic
2397 3977 2514 4044 ipse
2537 3969 2714 4042 vocat,
2742 3990 2860 4040 quae
2888 3969 2976 4046 alii
3006 3969 3329 4046 paxitiiacia)
3359 3986 3457 4046 sex_
3483 3969 3834 4046 unciarum,_ct

2266 4041 2362 4098 sibi
2391 4041 2597 4114 quidem
2625 4061 2786 4098 unum
2814 4041 3104 4114 madefecit,
3139 4051 3242 4095 etc.
3288 4041 3645 4114 Sex,c_inquit,
3671 4041 3835 4114 uncia—

2267 4111 2427 4168 rum}
2453 4117 2594 4184 quod
2624 4115 2806 4184 utique
2835 4115 2901 4168 de
2922 4111 3148 4182 singulis
3170 4111 3508 4184 paxamidiis,
3552 4115 3670 4168 sive
3701 4113 3834 4182 paxi-

2269 4183 2926 4254 maciis’intelligendum.
2979 4185 3135 4254 Quis_
3168 4185 3310 4236 enim
3365 4183 3565 4236 dixerit
3619 4193 3834 4252 quatuor

2269 4256 2566 4324 paxamidia
2599 4251 2756 4307 simul
2785 4263 2840 4307 et
2862 4255 3088 4324 junctim
3113 4251 3278 4324 fuisse
3312 4263 3514 4306 tantum
3537 4251 3836 4310 sex’uucia-

2268 4323 2427 4382 rum?
2453 4324 2692 4393 Quatuor
2712 4339 2841 4393 ergo
2870 4323 3172 4394 paxamidia
3193 4324 3376 4394 viginti
3393 4333 3626 4394 quatuor
3639 4327 3831 4388 uncias,

2269 4397 2373 4452 hoc
2398 4409 2498 4461 est,
2525 4397 2655 4450 duas
2686 4394 2851 4466 libras
2884 4393 3034 4462 panis
3063 4393 3366 4466 pendebant
3390 4393 3580 4452 {unde
3611 4395 3835 4466 sequitur

2268 4483 2701 4537 unamquamque
2731 4465 2924 4519 libram
2956 4465 3240 4537 duodecim
3295 4467 3469 4522 unciis
3517 4465 3834 4537 constitisse.

2271 4539 2376 4595 Sed
2407 4533 2532 4608 quid
2555 4533 2626 4590 ad
2649 4547 2966 4600 praesentem
2991 4533 3235 4590 Cassiani
3261 4537 3434 4592 locum
3463 4537 3736 4600 dicemus,
3758 4535 3834 4590 ubi

2271 4612 2480 4663 videtur
2513 4609 2726 4673 libram,
2770 4619 2822 4661 et
2851 4622 2948 4660 sex
2996 4609 3180 4660 uncias
3229 4609 3584 4675 confundere,
3631 4619 3723 4664 aut
3751 4619 3836 4677 pro

2270 4683 2458 4736 eodem
2506 4677 2785 4746 accipere?
2827 4678 3086 4744 Equidem
3129 4677 3303 4734 fateor
3339 4682 3509 4749 primo
3551 4683 3750 4736 intuitu
3775 4680 3834 4732 ita

2188 4777 2242 4836 Β
2270 4753 2456 4812 videri,
2477 4749 2836 4836 etqueultlibct
2854 4751 3112 4836 lectorcm
3134 4750 3264 4806 satis
3290 4761 3554 4836 attentum
3587 4755 3658 4836 iu_
3677 4763 3837 4807 trans-

2269 4839 2425 4880 cursu
2479 4823 2549 4876 ita
2596 4820 2984 4888 judicaturutn.
3013 4821 3082 4876 At
3112 4837 3231 4876 cum
3269 4838 3338 4878 ex
3365 4823 3520 4876 dictis
3557 4827 3691 4878 satis
3718 4838 3837 4876 cou-

2267 4905 2374 4950 stet
2412 4893 2478 4948 de
2507 4893 2716 4946 diversa
2753 4895 3003 4947 Auctoris
3033 4893 3316 4954 sententia,
3351 4897 3489 4947 ratio
3521 4896 3764 4962 postulat
3791 4899 3839 4944 ut

2267 4966 2382 5034 ejus
2413 4965 2610 5029 verba,
2659 4965 2832 5030 quoad
2881 4965 3000 5034 ejus
3048 4964 3164 5017 tieri
3195 4974 3399 5030 potest,
3467 4967 3756 5020 commode
3792 4971 3839 5014 el

2270 5045 2636 5089 consentanea
2668 5036 3100 5104 interpretemur.
3155 5035 3242 5088 Sic
3269 5035 3431 5100 igitur
3455 5037 3660 5100 sentio,
3687 5051 3840 5090 vocu-

2269 5107 2372 5160 lam
2397 5105 2500 5158 sive
2529 5105 2630 5158 hoc
2669 5107 2792 5161 loco
2840 5121 2945 5159 non
2976 5119 3094 5174 esse
3123 5107 3509 5168 exposntivam,
3543 5108 3640 5160 sed
3671 5107 3838 5174 potius

2269 5175 2688 5241 adversatiVam,
2719 5187 2772 5230 ut
2795 5173 3058 5230 dialectici
3085 5179 3396 5242 loquuntur,
3425 5185 3478 5229 et
3496 5173 3727 5243 positam
3751 5188 3840 5244 pro

2268 5248 2423 5301 immo
2452 5247 2540 5300 vel
2568 5247 2992 5302 subaudiendum
3021 5245 3172 5296 etiam
3195 5259 3280 5297 aut
3307 5247 3432 5308 quid
3461 5248 3674 5313 simile;
3703 5259 3757 5301 ut
3777 5251 3841 5297 sit

2269 5333 2460 5372 sensus
2492 5335 2504 5370 :
2539 5320 2794 5388 quosdam
2821 5326 3102 5388 contentos
3129 5330 3248 5369 esse
3277 5315 3410 5370 libra
3445 5321 3598 5385 panis
3633 5335 3650 5373 :
3682 5319 3840 5388 immo

2270 5393 2430 5444 etiam
2461 5384 2714 5452 dimidia,
2758 5402 2848 5442 seu
2882 5386 3020 5454 quod
3051 5384 3192 5439 idem
3241 5399 3322 5441 est
3343 5429 3356 5448 .
3397 5384 3488 5444 sex
3519 5390 3720 5442 unciis.
3747 5385 3840 5454 Qui

2269 5462 2484 5528 quidem
2515 5474 2704 5514 sensus
2725 5469 2780 5514 et
2805 5473 2968 5529 verus
2990 5465 3043 5508 ct
3073 5459 3262 5529 planus
3293 5469 3392 5524 est,
3427 5460 3700 5529 dictisque
3727 5473 3840 5512 con-

2269 5527 2578 5587 sentaneus.
2605 5531 2692 5584 Sic
2713 5529 2852 5583 enim
2878 5527 2942 5580 de
2978 5528 3214 5582 Antonio
3235 5531 3482 5598 superius
3504 5527 3840 5592 audivimus,

2268 5601 2442 5672 ipsum
2477 5605 2634 5656 unico
2663 5598 2992 5672 paxamidio,
3028 5599 3078 5652 id
3109 5609 3194 5654 est
3221 5600 3420 5654 selibra
3449 5603 3596 5670 panis
3629 5615 3843 5672 sexuuf

2270 5670 2470 5730 clatum
2519 5670 3060 5742 contentuntiluisse.
3111 5672 3176 5725 Et
3217 5675 3270 5726 in
3327 5675 3430 5726 vita
3481 5672 3632 5726 l’uuli
3687 5671 3842 5742 primi

2271 5747 2510 5802 eremitaa
2537 5751 2719 5799 narrat
2748 5743 2812 5798 D.
2844 5741 3202 5806 Hieronymus
3244 5757 3463 5818 corvum
3509 5745 3562 5799 iu
3605 5741 3841 5800 adventu
