4016 6202
245 146 363 205 215

740 146 834 203 DE
872 145 1349 205 C(ENOBIORUM
1385 146 1635 204 INSTIT.
1681 148 1811 204 LIB.
1853 147 2013 205 V.--
2048 148 2133 205 DE
2171 148 2448 207 SPlRlTU
2488 150 3055 213 GASTRIMARGLE.

3448 149 3556 222 ΞῙι

245 277 354 321 sex
382 262 575 322 edulio
604 248 1019 337 prtegravatur;
1062 273 1305 323 attamen
1352 278 1489 319 unus
1516 264 1568 318 in
1602 264 1858 319 omnibus
1886 269 1939 330 Α
1964 268 2051 321 his
2078 268 2423 323 continentiae
2445 269 2562 326 finis
2586 280 2691 339 est,
2712 287 2777 328 ne
2791 273 2909 344 quis
2935 274 3093 344 juxta
3120 289 3431 334 mensuram
3463 294 3555 335 ca-

676 350 679 353 ’
1342 381 1599 437 ALARDI
1638 381 1877 438 GAZAEI
1915 383 2488 443 COMMENTARIUS.

253 498 489 571 Antonii
522 515 723 569 panem
754 501 1013 571 integrum
1060 500 1275 569 (utpote
1308 501 1466 554 unius
1508 500 1683 567 librm)
1715 508 1861 553 attu-

248 569 415 626 lisse.
454 572 569 638 Quo
600 573 705 625 viso
735 588 753 626 :
781 569 905 636 Eia',
953 573 1129 639 inquit
1170 572 1403 633 Paulus.
1439 572 1688 627 Dominus
1711 571 1859 625 nobis

250 642 554 710 prandium
590 643 749 708 misit,
790 660 899 701 rere
926 644 1063 713 pius.
1091 659 1209 697 vere
1234 644 1518 699 misericors
1547 660 1564 697 :
1587 652 1860 713 sexaginta

252 713 373 785 iam
414 716 539 768 anni
580 726 727 777 sunt,
775 716 914 785 quod
955 715 1151 783 accipio
1199 714 1406 767 dimidii
1455 730 1656 775 semper
1706 717 1858 782 panis

249 784 613 854 fragmentum
641 801 658 836 :
677 784 849 839 verum
890 786 959 840 ad
989 786 1264 840 adventum
1288 793 1435 838 tuum
1472 785 1721 838 militibus
1747 786 1859 840 suis

248 853 506 911 Christus
536 856 815 925 duplicavit
855 873 1136 910 annonam.
1184 856 1247 909 Et
1278 856 1331 909 in
1371 853 1490 911 Vita
1521 855 1810 911 Hilarionis
1840 874 1855 909 :

249 927 305 978 A
331 927 587 981 tricesimo
606 928 792 993 primo,
826 928 999 998 inquit
1024 929 1161 981 idem
1194 926 1581 998 Hieronymus,
1611 943 1767 996 usque
1790 926 1859 980 ad

248 997 579 1068 tricesimum
613 999 855 1066 quintum
886 997 1081 1063 (aetatis
1129 997 1364 1068 annum)
1405 1015 1497 1052 sex
1526 999 1709 1051 uncias
1736 997 1859 1052 hor-

244 1067 431 1138 deacii
459 1069 642 1135 panis.
693 1080 738 1124 et
772 1080 974 1124 coctum
1016 1071 1214 1124 modice
1259 1067 1371 1123 olus
1416 1068 1607 1138 absque
1652 1070 1764 1122 oleo
1802 1070 1856 1123 in

239 1137 369 1191 cibo
398 1140 603 1194 habuit.
624 1138 898 1195 Dorotheo
930 1142 1057 1195 item
1096 1140 1279 1194 abbati
1311 1139 1365 1194 in
1409 1137 1650 1209 Egypto
1679 1142 1857 1195 uncia:

242 1211 416 1277 panis
444 1225 536 1266 sex
556 1251 572 1275 ,
603 1221 657 1269 et
683 1213 1056 1267 olusculorum
1086 1211 1394 1271 fasciculus.
1421 1212 1647 1266 refectio
1675 1224 1854 1278 erant,

240 1286 399 1356 teste
429 1281 756 1356 Sozomeno
782 1282 923 1356 (Lib.
955 1299 1129 1356 v1,_c.
1176 1279 1291 1351 29).
1323 1282 1482 1356 Plura
1515 1284 1764 1349 exempla
1802 1284 1855 1338 in

242 1349 397 1407 Vitis
429 1354 643 1408 Patrum
673 1349 860 1409 videre
895 1363 997 1409 est.
1028 1349 1297 1409 Caeterum
1324 1353 1415 1422 qui
1447 1354 1589 1408 hanc
1613 1364 1852 1409 nostram

237 1424 654 1491 expositionem
698 1425 1018 1493 improbarit
1039 1468 1053 1487 ,
1079 1426 1311 1479 alterum
1339 1441 1368 1479 e
1392 1424 1606 1478 duobus
1631 1424 1856 1479 fateatur

236 1508 489 1551 necesse
516 1506 629 1557 est.
663 1507 758 1551 aut
785 1497 1029 1551 vitiatum
1055 1510 1178 1550 esse
1202 1497 1347 1549 limic
1365 1495 1568 1561 locum,
1591 1511 1749 1563 quem
1776 1503 1855 1550 ta-

232 1579 381 1637 men
414 1566 468 1619 in
497 1567 754 1622 omnibus
775 1566 1182 1637 exemplaribus
1204 1576 1309 1619 tam
1342 1581 1472 1620 mss.
1505 1580 1663 1635 quam
1687 1583 1853 1622 excu-

232 1635 325 1690 sis
354 1646 700 1695 constantem
726 1635 974 1700 invenio;
1003 1648 1092 1691 aut
1122 1646 1269 1693 certe
1296 1637 1709 1705 duplicemapud
1734 1638 1852 1693 illos

230 1709 561 1777 monachos
590 1709 757 1763 fuisse
784 1709 978 1763 libram
1011 1710 1184 1777 panis,
1208 1708 1428 1761 alteram
1464 1723 1588 1770 sex,
1621 1711 1848 1763 alteram

230 1776 553 1851 duodecim
576 1780 854 1851 unciarum
880 1799 894 1851 ς
918 1776 1057 1851 quod
1080 1779 1197 1834 sine
1220 1779 1327 1835 ullo
1355 1778 1691 1848 antiquitatis
1729 1778 1847 1835 suf-

229 1846 436 1919 fragio
464 1850 585 1919 quis
612 1850 894 1906 admittat?

317 1918 493 1992 Nunc
516 1921 583 1976 ad
600 1921 1024 1978 D.Benedictnm
1048 1930 1104 1975 ut
1130 1920 1450 1976 accedamus
1480 1920 1661 1992 (cujus
1680 1922 1845 1978 etiam

222 1991 431 2063 gratia
475 2001 529 2046 et
555 2004 805 2051 resnectu
832 1994 945 2048 llth
973 1993 1265 2059 diSputatio
1293 2008 1544 2063 suscepta
1575 1991 1702 2063 est).
1729 1994 1846 2063 ejus

222 2062 525 2133 institutio
553 2064 619 2117 de
651 2063 751 2118 hac
782 2066 935 2133 panis
966 2079 1212 2118 mensura
1244 2062 1556 2133 quotidiana
1582 2062 1846 2121 fratribus

223 2132 611 2206 impartienda
643 2139 721 2189 sic
752 2132 943 2191 habet:
972 2133 1128 2188 Panis
1145 2132 1278 2188 libra
1301 2152 1402 2188 una
1420 2152 1676 2206 propensa
1705 2153 1765 2189 su
1792 2140 1843 2188 7i-

220 2204 341 2274 ciat
365 2205 422 2257 in
458 2205 563 2269 die,
588 2207 693 2260 sive
715 2223 819 2261 una
854 2209 921 2261 sit
956 2208 1199 2270 refectio,
1233 2207 1335 2260 sive
1360 2204 1569 2274 prandii
1592 2218 1639 2260 et
1670 2224 1847 2263 ciente;

224 2273 404 2349 Quod
427 2278 472 2329 si
490 2280 734 2331 caenaturi
755 2289 896 2343 sunt,
916 2278 978 2331 de
996 2280 1169 2331 cadent
1201 2276 1333 2330 libra
1360 2273 1511 2333 tertia
1536 2296 1655 2349 pars
1676 2296 1705 2329 a
1732 2277 1847 2333 Cel-

218 2347 379 2401 lario
430 2360 715 2402 reservetur
754 2349 1018 2404 reddenda
1055 2349 1349 2403 coenaturis.
1409 2347 1561 2413 Quod
1603 2350 1648 2404 si
1701 2351 1848 2403 labor

220 2416 383 2493 [orte
429 2421 598 2493 [actus
630 2421 785 2491 fuerit
815 2423 1001 2493 major,
1049 2420 1099 2493 in
1132 2417 1345 2473 arbitrio
1373 2431 1421 2473 et
1477 2428 1728 2487 potestate
1750 2423 1846 2475 ab-

220 2486 380 2564 batis
403 2490 583 2564 erit(si
604 2486 1081 2564 e'xpediat)aliquid
1101 2508 1308 2564 augere,
1331 2486 1530 2564 remota
1553 2510 1659 2564 pra:
1680 2493 1847 2546 omni-

218 2558 329 2613 bus
359 2560 607 2627 crapula,
636 2573 742 2618 etc.
778 2562 925 2635 (Cap.
961 2563 1030 2618 39
1057 2558 1328 2633 Regula);
1351 2562 1441 2617 ubi
1476 2558 1585 2617 duo
1609 2564 1845 2633 spectari

218 2640 518 2699 possunt:
557 2637 733 2702 primo
758 2650 921 2689 cerne
945 2649 1213 2690 mensurae
1229 2637 1501 2696 quantitas
1524 2635 1767 2701 definita,
1791 2646 1846 2691 et

218 2710 463 2775 taxata,
512 2719 703 2775 nempe
729 2707 859 2761 libra
907 2722 1011 2760 una
1059 2720 1346 2773 propensa,
1381 2707 1430 2760 id
1461 2714 1547 2761 est
1576 2722 1842 2775 appensa,

220 2774 575 2842 ponderata,
601 2774 844 2843 pensata,
872 2786 929 2831 ut
955 2776 1282 2843 Smaragdus
1304 2778 1542 2845 exponit.
1570 2774 1683 2847 Ego
1714 2792 1845 2831 vero

218 2859 578 2914 prOpenSam
608 2846 848 2918 intelligo
872 2848 1300 2917 propendentem
1333 2862 1395 2901 ac
1443 2848 1746 2917 profusam,
1788 2849 1845 2904 id

219 2925 314 2972 est
345 2918 565 2985 largam
588 2928 643 2972 et
662 2923 964 2988 copiosam.
993 2935 1097 2972 non
1128 2919 1839 2987 parcam,autdiminutam;

216 2987 389 3057 juxta
422 2988 559 3041 illud
586 2987 745 3044 Litore
765 3006 817 3045 v1
845 3005 861 3043 :
897 2990 1195 3044 Mensarum
1216 2988 1425 3053 bonam,
1449 3001 1495 3044 et
1521 2996 1805 3061 confertam
1822 3032 1840 3059 ,

215 3069 268 3113 et
330 3061 689 3133 coagitatam,
748 3070 797 3133 et
846 3064 1293 3133 superet/latentem
1336 3061 1529 3115 dabunt
1580 3063 1634 3118 in
1674 3067 1845 3119 sinum

216 3140 473 3185 vestrum
499 3148 518 3184 :
552 3131 615 3185 Et
642 3132 783 3192 apud
816 3131 1060 3187 Plautum
1095 3148 1348 3202 propensa
1398 3150 1641 3202 munera,
1674 3136 1724 3189 id
1757 3143 1843 3189 est

216 3216 462 3277 magna.
501 3202 772 3269 Secundo,
802 3203 1029 3277 facultas
1056 3204 1433 3277 eatnAangendi
1462 3206 1532 3274 (si
1562 3204 1837 3277 expediat)

216 3274 537 3328 abbatibus
563 3289 842 3330 concessa.
884 3276 1069 3343 Quoad
1118 3273 1377 3342 primum,
1430 3273 1723 3332 natandum
1771 3273 1840 3331 de

222 3344 329 3399 bac
359 3345 513 3398 libra
544 3347 701 3414 punis
724 3362 751 3399 a
781 3347 843 3401 Ι).
865 3346 1158 3401 Benedicto
1180 3347 1489 3416 praescripta
1514 3351 1693 3403 varias
1716 3363 1840 3403 esse

219 3416 536 3485 opiniones
555 3456 571 3481 ,
590 3432 827 3487 eamque
848 3417 986 3485 apud
1016 3418 1191 3472 varios
1238 3420 1370 3472 Varii
1413 3432 1558 3480 esse.
1586 3430 1639 3473 et
1668 3418 1839 3474 fuisse

220 3487 530 3558 ponderis:
568 3486 1010 3545 Turrecrematus
1059 3489 1275 3558 lit-gula:
1313 3498 1709 3544 commentator
1765 3492 1837 3546 ita

218 3569 430 3613 censet
449 3576 471 3632 :_
491 3555 708 3632 Pondus
728 3559 883 3632 hujus
910 3560 1051 3632 libra:
1066 3555 1216 3632 panis
1237 3562 1407 3630 majus
1430 3577 1538 3614 esse
1559 3562 1834 3627 credimus,

218 3645 390 3695 quam
421 3629 496 3683 sit
532 3630 733 3700 pondus
763 3628 907 3685 libra
953 3628 1296 3698 Florentinis,
1318 3628 1457 3697 qua:
1486 3640 1682 3686 tantum
1709 3632 1840 3687 duo-

220 3700 403 3773 decim
429 3702 615 3773 uncias
635 3702 825 3755 dicitur
852 3704 1111 3773 continere
1140 3718 1159 3756 :
1192 3702 1314 3768 quia
1338 3702 1439 3755 ista
1460 3718 1563 3755 non
1593 3703 1838 3773 sufﬁceret

219 3772 442 3843 duabus
476 3772 858 3839 refectionibus.
892 3772 1149 3831 Prwterea
1167 3773 1265 3827 ista
1294 3773 1478 3828 divisio
1501 3773 1644 3826 librce
1664 3772 1834 3843 panis,

221 3842 513 3897 honestius
538 3859 600 3897 ac
623 3844 800 3899 utilius
823 3845 1133 3898 divideretur
1167 3845 1221 3897 in
1247 3843 1419 3911 plures
1450 3860 1625 3913 panes,
1654 3842 1708 3898 ut
1733 3857 1837 3898 ter-

221 3917 298 3967 tia
327 3931 465 3986 pars
499 3916 552 3967 in
578 3932 711 3986 pane
738 3917 940 3986 integro
982 3916 1142 3986 possit
1170 3915 1420 3986 reservari
1448 3914 1597 3983 fratri
1623 3932 1715 3982 pro
1738 3932 1836 3970 cae-

224 4002 317 4038 na.
354 3985 457 4041 Sic
492 3985 627 4054 ipse.
649 3985 1156 4056 Smara’gdusabbas
1175 3985 1373 4041 ibidem
1402 3986 1835 4051 citatquemdam

224 4056 643 4127 monachorum,
673 4060 1015 4127 magistrum,
1072 4072 1234 4123 quem
1273 4072 1378 4111 non
1428 4056 1700 4122 nominat,
1762 4060 1835 4113 ita

224 4127 514 4201 dicentem
532 4146 557 4201 7:7
586 4126 792 4201 Medius
827 4131 976 4196 panis
1000 4146 1222 4201 pensans
1268 4129 1449 4182 libram
1479 4130 1694 4197 singulis
1721 4133 1834 4200 fra-

226 4198 401 4253 tribus
422 4201 477 4252 in
505 4200 591 4253 die
614 4199 848 4271 suﬁciat,
873 4198 1152 4254 secundum
1172 4202 1393 4272 formam
1416 4201 1605 4272 divina:
1631 4198 1834 4272 dispen-

226 4272 479 4336 sationis,
512 4285 626 4323 cum
655 4272 883 4325 medium
911 4274 1059 4338 panis
1088 4270 1301 4327 caelestis
1326 4288 1504 4326 corvus
1536 4270 1835 4325 Paulo'ser-

228 4355 291 4393 vo
329 4340 434 4394 Dei
461 4342 695 4410 quotidie
723 4345 1023 4397 vescendum
1049 4344 1325 4413 paraverit.
1362 4342 1586 4409 Quando
1616 4360 1737 4413 ergo
1766 4344 1834 4397 ad

224 4420 440 4485 sextam
464 4417 647 4466 horam
670 4422 898 4478 tempore
919 4416 1115 4478 mtivo,
1140 4413 1216 4469 vel
1239 4414 1354 4467 aliis
1376 4414 1685 4485 ternporibus
1707 4415 1832 4482 reﬁ-

228 4483 413 4547 ciunt,
443 4485 595 4557 tertia
615 4485 815 4554 quadra
839 4485 999 4557 ipsius
1026 4485 1286 4539 Dominici
1309 4486 1457 4552 panis
1476 4483 1518 4538 ἀ
1550 4483 1833 4557 Cellerario

231 4569 327 4621 per
354 4555 587 4607 omnium
616 4555 952 4624 annonas'(id
982 4567 1083 4620 est,
1120 4557 1409 4623 portiones,
1441 4557 1557 4610 sive
1582 4556 1828 4624 praeben-

1879 1882 1929 1942 B

1965 498 2263 578 pre/tensae
2290 503 2500 573 regione
2530 520 2681 571 pane,
2724 505 2849 558 dum
2890 506 2959 559 ad
3005 523 3058 561 se
3098 508 3310 575 quisque
3348 509 3552 578 nititur,

1964 586 2088 663 pars
2115 572 2299 653 cuique
2324 572 2800 663 suajremjaneret‘in
2830 572 3331 663 mnnibus(Hi_eron.
3365 572 3553 663 Ibid);

1964 641 2099 708 Quis
2130 644 2272 696 enim
2318 644 2502 698 credat
2540 645 2679 701 duos
2724 641 3100 703 Anacboretas
3147 641 3557 705 abstinentissi-

1962 728 2089 787 mos
2131 724 2185 767 et
2233 715 2384 768 senio
2419 717 2693 772 confectos
2721 718 2856 771 duas
2903 719 3070 775 libras
3110 723 3264 787 panis
3316 737 3420 775 una
3445 736 3559 777 cte-

1963 785 2089 837 nula
2120 789 2555 863 consumpsisse,
2590 798 2667 863 et_
2689 788 2761 863 ita
2786 790 3054 863 trahendo
3077 785 3306 846 invicem
3332 793 3557 863 aequali-

1965 864 2071 919 ter,
2111 865 2199 907 aut
2219 855 2352 919 fore,
2378 858 2671 912 divisisse?
2694 859 2799 915 Sed
2814 860 3039 915 aliorum
3063 863 3227 915 etiam
3258 855 3558 919 sententias

1961 926 2265 980 audiamus.
2296 929 2651 985 Cassinenses
2699 929 2753 984 in
2801 947 2895 985 sua
2926 932 3301 987 declaratione
3344 933 3409 987 ad
3462 934 3557 989 illa

1961 998 2370 1075 verbanﬂegttlm
2402 1000 2612 1075 :_Panis
2638 1003 2771 1075 libra
2790 1019 2897 1075 una
2932 1001 3079 1075 (Cap.
3104 1002 3193 1073 59)
3227 1021 3239 1054 :
3273 1002 3399 1059 Cum
3419 1021 3557 1075 pon-

1962 1068 2059 1142 dus
2084 1068 2269 1142 librae,
2292 1070 2538 1138 inquiunt
2577 1074 2654 1142 (ut
2680 1068 2948 1127 habuimus
2975 1091 3005 1127 a
3027 1068 3343 1129 monasterio
3376 1068 3553 1131 nostra

1962 1136 2304 1215 Cpssinensi),
2340 1136 2405 1215 sit
2429 1136 2701 1197 unciarunt
2732 1146 2939 1215 trigintu
2970 1147 3125 1198 trium
3145 1188 3158 1206 .
3206 1152 3254 1198 et
3294 1148 3467 1210 semis,
3496 1156 3555 1201 ut

1960 1210 2045 1285 virs
2072 1219 2266 1264 tantum
2286 1213 2434 1283 panis
2462 1231 2592 1267 unus
2624 1217 2782 1285 frater
2796 1210 2877 1269 die
2897 1232 2999 1268 una
3024 1216 3338 1270 manducare
3350 1219 3512 1285 possit
3530 1234 3553 1273 :

1960 1283 2193 1335 volumus
2248 1283 2668 1339 consuetudinem
2718 1298 2944 1340 nostram
2988 1288 3213 1351 servari,
3262 1298 3317 1341 ut
3351 1283 3555 1345 scilicet

1959 1364 2255 1425 apponatur
2302 1357 2449 1421 panis
2473 1396 2488 1419 ,
2530 1369 2776 1425 quantum
2806 1359 2931 1411 satis
2961 1370 3051 1412 est.
3107 1358 3196 1413 Sic
3245 1358 3321 1412 illi
3356 1358 3550 1416 libram

1961 1426 2112 1494 panis
2146 1424 2362 1494 triginta
2389 1424 2560 1480 tribus
2593 1430 2767 1482 unciis
2796 1440 2848 1482 et
2881 1429 3152 1483 semuncia
3185 1433 3549 1487 constituunt.

1958 1492 2029 1547 Et
2060 1495 2160 1547 hoc
2191 1492 2403 1561 quidem
2446 1497 2658 1565 pondus
2679 1544 2693 1565 ,
2726 1508 2783 1553 ut
2811 1515 2936 1555 vere
2968 1500 3401 1565 Benedietinum,
3433 1502 3550 1559 sive

1956 1581 1986 1618 a
2014 1565 2075 1619 D.
2105 1566 2394 1621 Benedicto
2420 1572 2796 1637 przescriptnm
2846 1580 2900 1624 et
2937 1586 2965 1623 a
3010 1576 3335 1626 monasterio
3364 1572 3547 1627 Caesi-

1957 1639 2113 1708 nensi
2142 1648 2423 1701 acceptum
2457 1642 2736 1708 complura
2772 1643 3098 1698 monasteria
3131 1642 3339 1697 ordinis
3368 1642 3547 1701 Bene-

1956 1707 2143 1761 dictini
2192 1709 2243 1762 in
2280 1708 2449 1764 Gallia
2482 1707 2774 1767 retinuisse
2805 1713 3041 1768 Jacobus
3071 1713 3283 1768 Brolius
3324 1713 3377 1769 S.
3405 1713 3546 1769 Ger-

1958 1779 2200 1855 rnanide
2218 1781 2392 1834 Pratis
2423 1783 2719 1855 monachus
2751 1784 2802 1836 in
2828 1785 3542 1855 supplementoAntiquitat.

1956 1846 2253 1904 Parisieus.
2287 1855 2581 1907 annotavit.
2619 1854 2728 1909 Leo
2749 1846 3011 1910 Ostiensis
3044 1857 3094 1909 in
3126 1846 3381 1911 chronici}
3406 1856 3545 1912 Cas-

1954 1921 2157 1998 _sinensi
2192 1922 2282 1977 lib.
2317 1923 2493 1998 primo
2520 1940 2636 1998 cap.
2676 1927 2739 1979 14
2770 1926 2935 1981 refert
2981 1925 3234 1998 Czirolum
3293 1927 3545 1998 Magnum

1953 1990 2202 2058 imperat.
2247 1996 2347 2049 sub
2387 2011 2528 2049 anno
2574 1997 2784 2051 Domini
2817 1998 2920 2051 774
2962 1999 3166 2053 litteras
3207 1990 3419 2052 dedisti
3468 1999 3539 2056 ad

1953 2061 2666 2139 'l_‘liendemarumAaldiatem
2699 2069 3097 2133 Cassinensem,
3127 2078 3181 2121 ut
3209 2068 3405 2139 aliquot
3435 2070 3535 2123 sibi

1952 2133 2015 2210 de
2042 2138 2347 2210 monasterio
2377 2136 2433 2193 S.
2466 2137 2731 2210 Benedicti
2762 2139 3005 2210 dirigeret
3032 2140 3240 2207 fratres,
3264 2133 3353 2210 qui
3382 2156 3543 2209 regu-

1951 2204 2110 2258 larem
2153 2208 2480 2279 disciplinam
2511 2211 2563 2263 in
2597 2208 2781 2264 Gallia:
2808 2204 3041 2278 partibus
3056 2204 3356 2263 exstinctam
3381 2204 3539 2264 reno-

1950 2287 2146 2350 varent.
2177 2277 2328 2341 Quod
2368 2290 2415 2333 et
2460 2282 2598 2347 fecit,
2638 2283 2844 2336 mittens
2882 2283 2928 2335 ei
2975 2281 3129 2334 etiam
3160 2280 3445 2350 Regulam,
3487 2288 3541 2335 et

1951 2347 2197 2422 hymnos.
2231 2352 2319 2420 qui
2340 2361 2459 2405 tunc
2482 2369 2543 2405 ea:
2571 2353 2847 2407 traditione
2886 2353 3098 2422 Regula:
3127 2352 3178 2404 in
3223 2347 3316 2404 liae
3353 2368 3537 2406 mona-

1947 2420 2102 2471 sterio
2132 2422 2458 2477 canebantur.
2490 2422 2706 2477 Pondus
2737 2441 2936 2494 quoque
2966 2420 3124 2477 librae
3155 2423 3301 2491 panis
3321 2433 3367 2475 et
3397 2439 3542 2476 men-

1947 2504 2125 2542 suram
2144 2532 2157 2553 ,
2190 2495 2280 2546 sed
2302 2503 2346 2546 et
2369 2496 2545 2548 colicis
2568 2512 2859 2550 mensuram
2881 2511 3037 2563 quam
3068 2496 3121 2547 in
3144 2496 3302 2547 mixto
3324 2497 3541 2547 servito-

1948 2576 2029 2632 res
2046 2564 2279 2632 accipere
2303 2564 2505 2627 debent,
2538 2575 2584 2620 et
2611 2582 2809 2620 onmem
2833 2565 3251 2621 consuetudinem
3276 2582 3391 2631 qua:
3416 2574 3541 2621 tunc

1948 2631 2001 2708 in
2033 2631 2129 2708 lioc
2172 2636 2285 2708 loco
2313 2637 2625 2703 servabatur,
2664 2640 2909 2708 scriptam
2937 2637 3239 2692 transmisit.
3270 2636 3395 2691 “330
3426 2635 3540 2691 Leo

1948 2701 2213 2777 (_)stie_nsis
2265 2708 2383 2761 loco
2424 2701 2722 2775 praenotan
2770 2701 2881 2776 (In
2930 2710 3161 2777 margine
3211 2718 3539 2777 annotatur:

1950 2770 2167 2828 Pondus
2192 2780 2338 2849 panis
2366 2770 2437 2833 8..
2450 2778 2709 2832 Benedicti
2738 2770 2899 2849 fuisse
2923 2780 2958 2834 4
2988 2770 3281 2849 librarum).
3311 2779 3538 2834 Litterae

1949 2854 2127 2919 autem
2163 2848 2526 2903 'l‘heodemari
2572 2848 2804 2915 abbatis,
2853 2851 3049 2919 quibus
3080 2848 3325 2918 petititmi
3353 2850 3538 2908 Caroli

1946 2913 2121 2986 Magni
2170 2933 2265 2986 per
2313 2920 2491 2974 omnia
2547 2913 2941 2985 satisfaciebat,
3001 2913 3095 2975 ad’
3126 2921 3330 2975 calcem
3384 2920 3536 2975 illius

1948 2984 2197 3042 Cltronici
2226 2992 2506 3059 appositae,
2542 2991 2644 3046 hoc
2667 2992 2808 3046 inter
2837 2984 2938 3045 alia
2970 2993 3280 3047 continent:
3315 2990 3536 3046 Diremi-

1948 3073 2061 3136 rnus
2081 3074 2278 3130 quoque
2302 3061 2501 3136 pondus
2524 3074 2746 3136 quatuor
2776 3064 3025 3117 librarum
3043 3101 3060 3129 ,
3096 3064 3163 3118 ad
3184 3066 3332 3136 cujus
3358 3080 3530 3133 a’qua-

1948 3127 2145 3206 litatem
2177 3127 2422 3206 ponderis
2448 3127 2595 3203 panis
2639 3135 2754 3202 ﬁeri
2798 3136 2996 3199 debeat,
3019 3127 3109 3206 qui
3155 3137 3209 3188 in
3239 3127 3534 3205 quaternos

1945 3202 2172 3326 gzuadros
2218 3202 2538 3273 singularum
2579 3206 2858 3275 librarum,
2885 3202 3041 3276 juxta
3083 3202 3288 3260 sacrum
3333 3214 3532 3273 textum

1997 3273 2183 3326 caulae.
2231 3278 2391 3326 possit
2434 3276 2625 3326 dividi:
2659 3277 2867 3326 quando
2898 3277 3122 3326 pondus-
3170 3278 3299 3326 sicut
3329 3278 3389 3326 ab
3410 3278 3531 3326 inso

1997 3273 2183 3343 egulte,
2224 3278 2391 3348 possit
2434 3276 2625 3343 dividi;
2659 3273 2867 3348 quando
2886 3273 3123 3347 pondus,
3170 3278 3299 3331 sicut
3329 3278 3531 3346 abipso

1946 3343 2105 3420 Patre
2120 3352 2195 3399 est
2216 3346 2529 3405 institutum.
2559 3349 2612 3402 in
2635 3343 2730 3403 hoc
2754 3360 2825 3403 est
2845 3343 2956 3403 loco
2979 3358 3255 3420 repertum.
3281 3348 3403 3420 llu‘c
3428 3343 3527 3415 ibi,

1945 3425 2001 3471 et
2025 3416 2134 3470 alia
2161 3433 2279 3484 quae
2308 3427 2607 3487 sequuntur
2648 3422 2716 3474 de
2753 3435 3002 3474 mensura
3034 3416 3189 3484 potus
3211 3419 3340 3473 alibi
3382 3421 3529 3474 refe-

1942 3488 2133 3541 renda.
2174 3488 2265 3560 llis
2295 3489 2498 3545 accedit
2545 3490 2749 3545 additio
2779 3493 2948 3560 prima
2979 3490 3045 3543 ad
3072 3490 3399 3559 Capitularia
3439 3506 3529 3545 re-

1942 3572 2066 3630 gum
2095 3573 2216 3630 cap.
2242 3559 2331 3627 57,
2366 3563 2455 3616 ubi
2503 3559 2860 3624 statuitur,'ut
2905 3562 3035 3615 libra
3062 3564 3230 3626 panis,
3263 3577 3379 3630 qua:
3407 3577 3525 3613 mo-

1941 3629 2118 3682 nachis
2144 3629 2316 3696 datur,
2349 3633 2559 3701 triginta
2585 3633 2766 3686 solidis
2804 3648 2893 3703 per
2921 3632 3159 3703 denarios
3183 3629 3522 3703 panderetur,

1942 3710 2215 3771 antequam
2238 3713 2509 3772 coquatur.
2538 3703 2690 3767 Quod
2714 3702 2790 3755 sic
2816 3702 3076 3769 intelligo,
3102 3710 3157 3754 ut
3180 3702 3317 3772 libra
3344 3704 3516 3771 panis,

1942 3786 2136 3841 nempe
2156 3770 2468 3841 quotidiana
2503 3773 2676 3840 portio
2707 3770 3340 3841 monacliorumtriginta
3388 3770 3523 3826 soli-

1941 3840 2055 3905 dis,
2092 3842 2141 3895 id
2175 3839 2257 3896 est
2294 3839 2537 3907 assibus,
2580 3841 2984 3896 Turonensibus
3039 3839 3263 3906 saltem,
3318 3842 3365 3895 si
3412 3858 3520 3901 non

1942 3911 2361 3978 Parisiensibus,
2389 3914 2501 3967 sive
2528 3915 2786 3985 trecentis
2816 3911 3092 3985 sexaginta
3124 3911 3361 3968 denariis
3383 3930 3516 3985 pcn-

1941 3988 2093 4049 dere,
2120 3985 2221 4038 hoc
2241 3997 2352 4049 est,
2387 3988 2569 4039 valere
2599 3984 2791 4037 debeat
2820 3998 2833 4033 :
2862 3983 3008 4054 unde
3034 3983 3150 4052 ejus
3182 3983 3514 4054 magnitudo,

1940 4065 1991 4127 et
2021 4057 2229 4124 pondus
2250 4056 2504 4111 testimari
2534 4055 2704 4124 possit
2731 4054 2890 4124 (Vide
2918 4052 3168 4108 Budazum
3189 4056 3226 4108 l.
3256 4052 3289 4107 v
3309 4052 3516 4127 Thes.).

1940 4126 2066 4181 Haec
2098 4139 2151 4183 et
2180 4128 2312 4192 alia,
2342 4128 2529 4192 credo,
2572 4128 2835 4195 spectavit
2870 4127 3114 4181 Andreas
3144 4126 3516 4191 Quercetanns

1939 4199 1992 4270 in
2028 4200 2170 4252 notis
2204 4200 2271 4253 ad
2311 4200 2471 4270 vitam
2521 4199 2579 4253 S.
2612 4198 2815 4253 0d0nis
2853 4197 3066 4270 abbatis
3112 4195 3514 4270 Cluniacensis,

1938 4269 2029 4341 ubi
2061 4270 2274 4331 dicitur,
2301 4269 2699 4325 Sustentubatur
2728 4269 2897 4322 media
2927 4271 3073 4338 panis
3099 4269 3251 4324 libra.
3281 4268 3511 4341 Duplex,

1939 4340 2135 4409 inquit,
2161 4351 2232 4393 est
2262 4341 2393 4394 libra
2426 4360 2439 4396 :
2467 4342 2703 4396 Romana
2732 4356 2805 4393 xu
2853 4341 3136 4403 ιιηεὶηνωητ
3175 4350 3221 4394 et
3268 4340 3515 4396 mercato-

1936 4412 2015 4462 ria
2040 4426 2125 4464 xvn
2144 4456 2157 4478 ,
2190 4412 2279 4464 sed
2308 4413 2385 4465 his
2407 4412 2570 4465 multo
2598 4413 2762 4481 major
2804 4410 3162 4478 Beuedictina,
3196 4412 3296 4465 sive
3325 4412 3514 4466 Mona-

1936 4482 2102 4547 chica,
2132 4499 2277 4553 cujus
2302 4485 2470 4536 media
2496 4494 2788 4537 contentum
2814 4481 3045 4535 Odonem
3069 4482 3239 4552 prodit
3261 4486 3369 4551 ejus
3399 4485 3515 4539 viae

1936 4555 2157 4623 scriptor
2187 4572 2200 4605 :
2235 4553 2373 4607 Nunt
2404 4554 2705 4608 Benedictus
2721 4570 2814 4623 cap
2854 4554 2922 4608 59
2951 4553 3160 4623 Regula:
3182 4554 3515 4620 praescribens

235 4624 364 4704 das)
396 4626 451 4677 in
494 4626 720 4704 cellario.
743 4622 1032 4704 subtracta,
1051 4700 1062 4704 _
1080 4622 1191 4681 sero
1224 4627 1299 4704 (id
1330 4636 1413 4681 est
1443 4622 1690 4704 vespere)
1712 4636 1831 4680 ante
1854 4642 1907 4704 Ι)
1936 4622 2225 4677 mensuram
2253 4628 2478 4704 ciborum
2495 4623 2756 4704 monac/tis
2777 4622 2906 4704 suis,
2927 4624 2997 4677 ait
3021 4622 3039 4676 ἑ
3073 4622 3235 4704 (fanis.
3255 4623 3387 4704 libra
3408 4645 3514 4681 una

234 4693 365 4769 illos
393 4696 607 4769 crudum
628 4696 1029 4766 pulmentarium
1043 4693 1366 4769 inferendum
1392 4693 1579 4752 mensis
1605 4693 1830 4767 ponatur

233 4764 316 4835 (id
344 4776 454 4830 est,
490 4764 710 4823 lactucae
734 4769 817 4823 vel
848 4764 1409 4824 berbulze'hortenses
1436 4764 1671 4823 aceto'et
1708 4770 1828 4824 oleo

228 4835 523 4905 perfusae).
557 4837 706 4903 Quod
720 4850 892 4893 autem
919 4840 1064 4905 dicit,
1088 4843 1234 4907 panis
1260 4841 1390 4894 libra
1419 4855 1520 4893 una
1548 4856 1823 4909 propensa,

227 4918 360 4982 ante
382 4919 635 4982 pensata,
671 4911 751 4964 vel
779 4911 969 4965 librata
993 4911 1315 4982 intelligitur.
1350 4911 1473 4966 Huic
1502 4911 1641 4982 apud
1674 4912 1825 4966 Sma—

224 4979 485 5048 ragdum.
508 4979 611 5055 Ubi
624 4997 751 5055 cum
774 4983 991 5045 dicitur,
1016 4979 1214 5055 medius
1229 4984 1373 5051 panis
1386 4979 1818 5055 pensa'nslibram,

223 5054 575 5123 satisjquoad
602 5052 801 5108 libram
830 5054 1084 5108 convenit
1107 5069 1227 5107 cum
1254 5052 1475 5123 Regula.
1520 5054 1615 5109 sed
1646 5056 1823 5121 quoad

224 5122 474 5194 medium
514 5138 744 5191 panem,
795 5140 952 5194 quem
984 5125 1117 5179 dicit
1142 5122 1371 5194 pensare
1401 5125 1621 5189 libram,
1670 5128 1823 5193 quasi

225 5191 444 5263 integer
490 5196 646 5262 panis
676 5191 869 5250 debeat
896 5211 1122 5264 pensare
1144 5191 1284 5248 duas
1331 5195 1529 5260 libras,
1561 5212 1665 5249 non
1688 5191 1826 5250 satis

221 5266 479 5333 apposite
508 5264 755 5321 alludere
802 5267 1018 5322 videtur
1067 5266 1316 5334 exemplo
1359 5265 1506 5320 Pauli
1546 5268 1816 5332 eremitze,

225 5338 311 5389 cui
339 5351 452 5390 non
480 5346 570 5392 est
614 5337 905 5392 verisimile
934 5338 1214 5392 dimidium
1254 5350 1441 5404 panem
1480 5338 1635 5390 unius
1665 5338 1817 5392 librat

223 5407 472 5475 quotidie
522 5408 695 5462 fuisse
743 5408 984 5475 allatum,
1018 5408 1112 5463 sed
1163 5408 1397 5461 medium
1434 5406 1604 5475 panis,
1650 5407 1703 5460 id
1732 5416 1817 5461 est

223 5478 511 5534 dimidiam
545 5479 762 5545 libram,
798 5492 855 5533 ut
882 5484 1129 5549 superius
1157 5478 1526 5547 exposuimus,
1557 5487 1611 5531 et
1641 5481 1690 5531 in
1722 5481 1816 5532 ad—

227 5560 389 5605 ventu
416 5553 643 5607 Antonii
671 5548 996 5620 duplicatum
1027 5553 1190 5605 fuisse
1216 5564 1508 5614 annonam,
1534 5548 1585 5601 id
1617 5560 1697 5602 est
1720 5566 1814 5616 pa-

234 5635 353 5694 nem
394 5624 880 5694 integrumiunius
906 5624 1055 5678 libra:
1093 5622 1522 5694 suppeditatum,
1555 5620 1623 5694 de
1664 5621 1818 5686 cujus

234 5689 496 5754 divumne
510 5689 813 5752 'bumiliter
843 5693 982 5751 inter
1010 5707 1070 5751 se
1100 5689 1517 5756 contendebant,
1545 5689 1707 5745 donec
1727 5707 1820 5757 ap-
1851 5739 1858 5744 .

1933 4711 2183 4767 prapensa
2208 4697 2426 4767 sufﬁciat
2460 4699 2513 4751 in
2541 4698 2778 4767 dictetc.
2821 4694 2974 4747 Hanc
3005 4697 3167 4767 multa
3194 4695 3378 4750 Gallia’
3403 4716 3513 4751 mo-

1932 4765 2159 4821 nasteria
2187 4765 2293 4821 sub
2317 4769 2429 4834 ipso
2450 4779 2594 4836 patre
2631 4766 2909 4821 Benedicto
2938 4765 3211 4819 militantia
3238 4770 3512 4823 retinuisse

1928 4848 2147 4892 constat.
2190 4839 2278 4895 Sic
2310 4840 2419 4893 ille.
2452 4840 2559 4896 Sed
2603 4840 2856 4894 hactenus
2888 4837 3017 4890 satis
3062 4837 3128 4890 de.
3176 4839 3306 4891 libra
3358 4843 3511 4907 panis

1928 4911 2068 4979 apud
2119 4911 2517 4975 Benedictinos,
2561 4913 2787 4979 ejusque
2824 4909 2974 4961 vario
3019 4908 3325 4974 intellectu;
3360 4912 3511 4963 vario

1930 4981 2112 5035 itidem
2138 4982 2395 5048 pondere,
2425 4996 2487 5034 ac
2510 4995 2763 5033 mensura
2793 4981 2931 5047 apud
2975 4979 3216 5033 diversos
3245 4996 3308 5035 ex
3344 4983 3507 5034 variis

1929 5050 2518 5120 Scriptoribusdictum
2553 5050 2765 5103 videtur
2801 5066 2814 5105 :
2843 5051 2927 5103 ubi
2962 5065 3021 5103 se
3049 5052 3272 5120 quisque
3312 5051 3363 5105 in
3407 5068 3507 5106 suo

1932 5136 2097 5175 sensu
2129 5119 2407 5172 abundare
2433 5120 2561 5172 satis
2583 5120 2816 5174 ostendit
2842 5137 2853 5170 :
2878 5135 2977 5175 nec
3004 5119 3319 5188 tamenquae
3345 5121 3510 5176 fuerit

1931 5207 2083 5244 mens
2114 5189 2465 5258 legislatoris.
2490 5197 2639 5243 certo
2669 5193 2843 5258 pomit
2875 5190 3102 5244 definire
3132 5202 3184 5242 et
3208 5192 3503 5257 explicare.

1928 5261 2079 5316 Nunc
2107 5260 2247 5329 quod
2274 5259 2340 5313 ad
2369 5260 2591 5314 alteram
2625 5272 2829 5325 partem
2872 5258 3281 5316 Constitutionis
3304 5260 3366 5314 D.
3402 5262 3506 5315 Be-

1928 5334 2125 5388 nedicti
2148 5332 2369 5397 attinet,
2404 5331 2663 5401 inprimis
2692 5330 3003 5401 audiendus,
3037 5330 3370 5384 Venetabilis
3415 5334 3507 5389 ille

1925 5403 2114 5459 Petrus
2140 5400 2527 5468 Cluniacensis,
2551 5402 2637 5471 qui
2665 5400 3101 5454 Cisterciensium
3118 5403 3503 5458 monachorum

1925 5490 2117 5546 graves
2156 5484 2209 5529 ct
2253 5475 2475 5530 aet-rbus
2527 5472 2861 5546 Ubjt’ClillneS
2892 5472 3505 5546 adversuquluniacen-

1926 5541 2045 5612 ses,
2075 5548 2225 5615 quasi
2262 5548 2480 5616 Regula:
2522 5541 2960 5616 praevaricatores
2989 5550 3042 5594 et
3071 5544 3176 5616 voti
3203 5553 3501 5614 transgres-

1926 5610 2106 5683 sores,
2139 5610 2408 5688 acriter'et
2438 5610 2631 5688 magno
2652 5613 2845 5688 spiritu
2866 5610 3104 5667 refutans
3124 5612 3283 5688 docet
3307 5610 3375 5688 iu'
3394 5617 3497 5683 his,
3570 5670 3579 5673 _

1924 5701 1978 5751 et
2004 5687 2271 5753 similibus
2302 5684 2850 5761 Regulaa'institutis,
2879 5698 2986 5739 non
3015 5693 3123 5740 tam
3147 5684 3312 5741 verba
3344 5687 3458 5761 ipsa
3478 5730 3499 5760 ,
