3994 6202
525 213 629 269 215

1829 208 2111 268 JOANNIS
2152 206 2466 263 CASSiANl

3679 207 3793 265 2M

523 328 770 398 pacitatis
797 343 908 382 suae
937 329 1238 383 saturitatis
1261 336 1513 384 oneretur
1539 327 1789 398 ingluvie.
1819 327 1934 384 Non
1960 327 2104 383 enim
2131 324 2184 386 Δ
2208 334 2394 395 guata,
2448 325 2668 380 noxiun
2714 326 2966 382 vitiorum
3008 325 3246 382 fomitem
3298 326 3622 398 igneumque
3657 342 3788 384 suc-

524 421 752 490 qualitas
778 421 914 486 sola,
964 421 1063 476 sed
1095 422 1256 476 etiam
1305 420 1573 491 quantitas
1618 436 1885 486 escarum,
1932 420 2102 476 aciem

522 513 701 566 cordis
740 513 1004 578 obtundit,
1049 528 1111 568 ac
1140 524 1318 568 mente
1345 529 1462 568 cum
1496 529 1656 568 carne
1686 514 1881 580 pariter
1909 514 2100 581 impin-

2209 416 2408 472 cendit.

1580 608 1834 664 ALABDI
1883 605 2118 663 GAZlEl
2155 603 2718 662 COMMENTARIUS.

521 713 683 772 quam
717 709 947 772 mentem
975 700 1046 769 pii
1080 701 1247 769 patris
1278 710 1331 755 et
1356 702 1677 772 legislatoris
1708 703 1981 757 Benedicti
2008 713 2093 754 at-

524 770 842 824 tcndendam
871 813 884 833 ,
933 779 988 825 et
1018 787 1081 824 ex
1110 772 1314 842 judicio
1343 770 1704 828 et'sententia
1752 774 2092 842 prtelatorum

521 843 606 906 pie
635 841 1086 913 interpretandam
1105 841 1300 912 (Epist.
1329 844 1420 900 9.8.
1443 846 1535 897 lib.
1567 844 1670 911 In).
1697 841 1778 898 ex
1803 844 1953 913 cujus
1979 844 2095 896 Ion-

522 925 585 977 ga
632 911 790 965 nimis
834 921 888 984 et
941 911 1147 984 prolixa
1180 915 1543 984 disputatione
1575 916 1690 969 hinc
1730 911 1951 984 quze‘ad
1979 930 2094 969 rem

523 991 760 1054 nostram
789 993 841 1037 et
873 983 976 1038 loci
1005 983 1073 1037 de
1117 1001 1222 1052 quo
1263 983 1471 1052 agimus
1509 983 1923 1040 elucidationem
1957 1002 2096 1054 pra:-

519 1053 673 1126 cipue
695 1064 959 1122 spectant,
985 1056 1158 1126 visum
1182 1065 1263 1109 est.
1281 1059 1596 1126 decerpere,
1622 1067 1674 1111 et
1691 1055 1774 1109 hic
1799 1053 2090 1117 ascribere.

519 1122 712 1196 quibus
742 1138 857 1196 eos,
888 1125 1062 1192 quoad
1113 1141 1420 1180 mensuram
1447 1122 1623 1196 panis,
1671 1137 1722 1181 et
1754 1136 1910 1196 potus
1955 1127 2095 1180 male

519 1194 586 1267 ab
619 1193 745 1267 ipsis
773 1195 1103 1267 intellectam
1123 1241 1137 1263 ,
1171 1193 1546 1267 ita,redargtiit
1572 1193 1839 1262 simttl,_et
1865 1197 2096 1251 solerter

519 1263 731 1337 instruit
767 1282 781 1318 :
814 1265 874 1337 Si
906 1268 1040 1319 enim
1069 1263 1326 1337 propensa
1361 1263 1490 1322 libra
1531 1270 1676 1337 panis
1704 1270 1756 1321 in
1799 1268 1881 1320 die
1912 1284 2091 1320 mona-

516 1332 612 1386 cho
639 1351 739 1410 non
761 1332 1140 1410 suffecerit;'si
1168 1332 1267 1391 'vel
1294 1332 1550 1392 modicum
1595 1355 1752 1410 supra
1781 1339 1986 1404 librant,
2017 1340 2096 1393 vel

516 1421 610 1473 pro
637 1406 768 1480 libra
797 1409 943 1460 aliud
968 1411 1276 1474 sumpserit:
1309 1412 1410 1464 nisi
1441 1406 1689 1480 integram
1729 1410 1926 1462 tertiam
1973 1426 2096 1474 par-

517 1484 614 1527 tem
633 1478 700 1528 ad
716 1493 842 1546 Opus
866 1495 1019 1532 ruente
1038 1481 1487 1545 sibireddendant,
1512 1478 1802 1547 cellerario,
1827 1496 1928 1532 non
1944 1481 2096 1534 alteri

519 1547 800 1628 reddiderit
834 1565 851 1600 :
879 1551 1100 1628 si_pl_us,
1134 1550 1210 1603 vel
1255 1555 1418 1605 minus
1447 1552 1510 1628 de
1539 1551 1674 1604 libra
1714 1552 1767 1628 in
1813 1553 1980 1616 prima
1994 1567 2123 1628 ’νε-ι

517 1617 736 1690 factione
765 1622 1055 1683 comederit,
1103 1637 1256 1689 quam
1287 1633 1338 1676 ut
1369 1626 1518 1676 tertia
1547 1638 1665 1690 pars
1692 1621 1761 1672 ad
1788 1622 2096 1674 servandum

518 1689 725 1762 residua
754 1691 840 1762 sit,
874 1692 928 1742 id
954 1701 1051 1754 est,
1086 1703 1139 1742 ut
1169 1710 1259 1746 nec
1281 1696 1397 1758 plus
1427 1695 1576 1746 tertia
1606 1701 1770 1762 parte,
1805 1707 1896 1744 nec
1925 1693 2095 1746 minus

519 1759 802 1810 comedenti
831 1763 1049 1827 supersit
1090 1778 1109 1814 :
1150 1781 1271 1815 num
1307 1764 1420 1816 ideo
1448 1759 1868 1826 condemnamur,
1893 1781 1920 1815 e
1942 1779 2094 1830 para-

520 1830 634 1905 disc
674 1833 1016 1894 excludimur,
1048 1842 1102 1905 ut
1129 1835 1353 1905 perjuri,
1387 1845 1435 1887 et
1481 1835 1577 1903 ﬁlii
1605 1833 1907 1905 perditionis
1934 1837 1987 1887 in
2017 1835 2096 1886 in-

520 1901 722 1965 fernum
759 1904 1111 1956 retrudimur?
1151 1901 1289 1969 Quid
1318 1901 1489 1958 autem
1525 1901 1735 1957 de'illt’s
1782 1904 1977 1962 dicetis.
2007 1906 2094 1970 qui

519 1980 662 2022 ertra
711 1973 965 2037 equitant,
1007 1985 1053 2028 et
1102 1977 1400 2029 necessitate
1451 1975 1746 2028 monasterii
1769 1991 1857 2042 per
1897 1976 2095 2028 diversa

519 2051 692 2092 euntes
735 2042 894 2096 multo
924 2054 1147 2110 tempore
1191 2065 1222 2099 a
1248 2048 1555 2100 monasterio
1584 2045 1806 2099 absunt?
1828 2046 2095 2116 Numquid

517 2127 716 2177 semper
739 2130 922 2188 panem
943 2133 1093 2168 suunt
1120 2119 1370 2170 trutinare
1389 2117 1660 2188 poterunt?
1683 2116 1952 2188 Numquid
1964 2134 2095 2170 sem-

517 2198 627 2250 per,
654 2193 698 2234 et
730 2186 913 2248 ubique
941 2188 1264 2240 cellerarium
1293 2186 1587 2241 monasterii
1608 2204 1774 2240 secum
1799 2187 1981 2240 habere
2001 2205 2094 2241 va-

518 2252 718 2328 lebunt,
753 2257 836 2308 cui
879 2258 1082 2325 quando
1132 2258 1207 2312 bis
1260 2260 1603 2326 comederint,
1650 2260 1852 2312 tertiam
1896 2269 2094 2328 partem

521 2322 663 2376 libra:
687 2342 795 2400 siue
821 2322 900 2380 ad'
929 2345 1120 2381 cumam
1143 2329 1285 2382 illam
1315 2322 1600 2400 recepturi,
1623 2345 1714 2400 nec
1738 2329 1802 2381 de
1837 2322 1939 2400 alio
1961 2347 2094 2400 pane

520 2399 796 2449 comessuri
824 2402 1179 2452 commendare
1217 2398 1459 2454 valeant?
1515 2400 1581 2453 Et
1635 2399 1770 2452 infra
1803 2416 1816 2452 :
1846 2398 1969 2452 Non
1998 2402 2090 2466 ita,

519 2484 618 2542 non
648 2469 717 2518 ita
748 2471 902 2542 sensit
939 2480 1167 2531 sanctus,
1215 2474 1302 2542 qui
1341 2472 1528 2540 spiritu
1569 2473 1796 2542 omnium
1830 2474 2096 2540 justorum

518 2539 704 2610 plenus
733 2540 893 2610 fuisse
930 2542 1118 2594 dicitur
1147 2559 1164 2594 :
1197 2539 1298 2595 non
1325 2539 1396 2594 ita
1425 2543 1585 2595 sensit
1615 2558 1633 2598 ε
1659 2541 1745 2593 sed
1771 2539 1944 2594 audite
1971 2543 2096 2610 quid

516 2609 746 2682 scuseril.
772 2608 1094 2682 ntellectum
1118 2616 1230 2682 ejus
1256 2613 1405 2666 verba
1433 2613 1694 2677 sequentia
1718 2608 2092 2665 demonstrant.

521 2678 672 2754 Quod
696 2681 740 2731 si
767 2679 934 2747 labor,
966 2678 1158 2751 inquit,
1191 2685 1324 2754 forte
1343 2685 1508 2753 major
1529 2687 1698 2752 factus
1727 2683 1900 2751 fuerit,
1933 2685 1984 2754 in
2012 2700 2098 2734 ar-

517 2749 668 2800 bitrio
697 2791 710 2811 ,
764 2761 812 2804 et
853 2749 1100 2819 potestate
1147 2749 1341 2808 abbatis
1373 2749 1467 2808 erit
1510 2749 1576 2822 (si
1613 2749 2098 2824 expediat)aliquid

517 2836 724 2888 augere,
749 2833 940 2895 remota
967 2841 1073 2895 prie
1091 2825 1321 2879 omnibus
1338 2829 1585 2891 crapula:
1606 2835 1660 2877 ut
1683 2842 1960 2895 numquam
1979 2827 2100 2878 sub-

518 2902 660 2959 repat
706 2893 974 2965 monacho
1011 2896 1316 2965 indigeries;
1351 2898 1469 2964 quia
1500 2897 1630 2950 nihil
1666 2896 1739 2948 sic
1779 2893 2097 2949 contrarium

518 2973 588 3012 est
619 2965 757 3014 omni
782 2961 1098 3038 Christiano,
1123 2961 1375 3031 quomodo
1401 2969 1786 3038 crapula,sicut
1813 2969 1886 3020 ait
1916 2967 2096 3020 Domi-

518 3049 613 3107 nus
645 3045 813 3107 master
845 3051 862 3087 :
901 3035 1101 3107 Videte,
1134 3054 1198 3089 ne
1223 3035 1501 3107 graventur
1528 3037 1684 3091 corda
1709 3049 1874 3091 vestra
1900 3039 1952 3090 in
1984 3054 2099 3090 cra-

518 3105 644 3172 pula
669 3103 821 3173 (Luc.
847 3105 980 3178 χχι).
1025 3107 1151 3160 Htrc
1180 3103 1371 3173 dicens,
1416 3109 1540 3177 quid
1570 3109 1718 3162 aliud
1744 3125 1898 3178 quam
1929 3124 2101 3161 neces-

517 3178 717 3249 sitatem
765 3178 995 3249 retinuit,
1028 3181 1204 3231 vitium
1249 3184 1568 3246 amputavit;
1607 3189 1758 3249 atque
1803 3180 1854 3232 in
1885 3179 2098 3232 arbitrio

518 3246 712 3300 abbatis
742 3258 926 3300 cuncta
963 3248 1263 3318 hujasmodi
1313 3267 1418 3302 esse
1461 3246 1697 3303 censuit?
1724 3249 1829 3302 Sed
1856 3259 1902 3302 et
1929 3250 2100 3302 omnia

517 3318 665 3370 verba
703 3321 814 3388 ejus
860 3318 924 3370 de
962 3337 1201 3373 mensura
1255 3331 1402 3384 potus
1436 3321 1728 3378 tractantis.
1763 3336 1930 3373 nonne
1973 3319 2093 3373 huic

518 3399 705 3441 nostra:
723 3375 1094 3459 lintelligentite
1119 3375 1504 3460 astipulantur?
1536 3390 1663 3456 Quw
1689 3375 1949 3442 brevitatis
1972 3407 2093 3460 gra-
2121 3375 2168 3439 C

518 3460 590 3512 tia
617 3460 826 3532 libenter
851 3461 1332 3525 intermitteremus;
1359 3462 1446 3516 sed
1485 3464 1607 3532 quia
1635 3462 1715 3514 his
1740 3462 1964 3514 maxime
1983 3462 2094 3529 ejus

517 3531 756 3593 intentio,
786 3540 936 3602 atque
979 3532 1221 3586 discretio
1251 3535 1486 3600 cognosci
1516 3542 1700 3598 potest,
1730 3538 1927 3602 oportet
1953 3542 2007 3584 ut
2033 3549 2096 3585 ea

519 3617 769 3674 ponamus
796 3599 948 3670 (Cap.
982 3603 1049 3656 59
1075 3603 1251 3674 Reg)
1282 3599 1664 3674 Unusquisque,
1696 3599 1790 3669 aii,
1826 3603 2095 3674 proprium

518 3673 708 3725 donum
731 3672 881 3744 habet
915 3689 980 3727 ea:
1009 3671 1319 3739 Dem-alius
1347 3671 1447 3738 sic,
1474 3671 1608 3726 alius
1637 3689 1754 3727 vero
1782 3674 1855 3726 sic
1885 3671 1968 3744 (‘I
1996 3671 2097 3727 Co-

517 3745 642 3796 rint.
675 3753 793 3813 vn).
829 3743 895 3796 Et
938 3747 1054 3798 ideo
1086 3763 1198 3798 cum
1241 3747 1416 3816 aliqua
1461 3745 1858 3816 scrupulositate
1887 3743 1918 3798 ὰ
1947 3746 2097 3798 nobis

519 3830 760 3867 mensura
809 3816 971 3869 victus
1017 3817 1238 3872 aliorum
1277 3815 1624 3879 canstituitur,
1681 3826 1784 3871 etc.
1824 3815 2095 3869 Bonorum

518 3887 835 3939 diversitates
885 3888 1100 3942 diversis
1138 3908 1168 3941 a
1215 3887 1323 3943 Deo
1354 3888 1536 3941 donari
1581 3886 1725 3953 dicit,
1758 3896 1809 3941 et
1836 3887 1952 3940 ideo
1979 3903 2097 3940 cum

517 3956 909 4021 scrupulositatc
970 3975 1262 4012 mensuram
1307 3960 1469 4012 victus
1520 3958 1745 4011 aliorum
1791 3959 2096 4022 constituit;

518 4028 873 4079 constituendo
917 4039 1084 4081 tamen
1129 4031 1257 4082 nihil
1288 4030 1521 4097 prazcipit
1566 4031 1701 4080 :sed
1739 4045 1853 4082 eam
1894 4045 2098 4082 mensu-

517 4112 647 4160 ram,
680 4114 834 4165 quant
854 4099 1014 4164 ponit,
1043 4116 1188 4166 posse
1208 4099 1434 4166 sufﬁcere
1464 4097 1707 4165 fratribus
1733 4099 1926 4164 credit;
1949 4101 1992 4151 si
2019 4101 2098 4152 la-

520 4167 645 4240 bor,
664 4177 752 4219 aut
780 4167 954 4240 ardor,
988 4180 1074 4221 aut
1104 4170 1336 4240 qurelibet
1369 4168 1642 4220 necessitas
1671 4169 1891 4236 amplius
1931 4185 2096 4240 popo-

519 4239 688 4301 scerit,
737 4240 787 4290 in
832 4239 1046 4291 arbitrio
1101 4239 1302 4290 Prioris
1356 4241 1656 4302 constituit;
1697 4241 1961 4308 superﬂua
1986 4239 2005 4303 ,
2049 4251 2098 4293 et

521 4309 700 4361 ritiosa
722 4318 918 4361 tantum
938 4326 1077 4362 more
1103 4327 1193 4362 suo
1221 4307 1474 4372 reserans,
1505 4319 1550 4360 et
1578 4307 1770 4362 idcirco
1791 4311 2092 4373 satietatem,

520 4389 607 4431 aut
637 4380 927 4433 ebrietatem
955 4383 1124 4433 caveri
1143 4383 1196 4433 in
1223 4381 1455 4433 omnibus
1494 4379 1796 4433 admonens.
1825 4383 1914 4435 Sic
1943 4381 2095 4448 ipse:

521 4464 585 4502 ac
612 4449 824 4503 demum
853 4463 970 4516 post
993 4466 1158 4520 pauca
1185 4452 1254 4504 ita
1285 4451 1553 4504 Concludit
1579 4469 1590 4502 :
1619 4449 1736 4504 Hoc
1769 4451 1988 4504 Sanctus
2011 4452 2100 4504 ille

522 4521 806 4593 intellexit,
841 4523 934 4574 hoc
956 4524 1156 4593 scripsit
1191 4541 1202 4574 :
1235 4523 1331 4574 hac
1369 4525 1431 4575 de
1460 4538 1616 4576 causa
1651 4520 1783 4575 nihil
1805 4523 1947 4593 aliud
1971 4523 2101 4593 difﬁ-

523 4592 656 4651 nire,
681 4592 808 4644 nihil
833 4592 1108 4662 prwcipere
1130 4595 1287 4647 voluit
1310 4610 1328 4646 :
1356 4594 1444 4647 sed
1469 4611 1560 4661 pro
1582 4593 1828 4661 qualitate
1847 4592 2098 4658 locorum,

525 4670 830 4729 temporum,
865 4680 1085 4728 morum,
1116 4665 1496 4733 inﬁrmitatum,
1531 4671 1576 4716 et
1617 4664 1933 4717 diversorum
1963 4665 2102 4716 acci-

524 4735 752 4786 dentium
775 4735 934 4814 cibos,
959 4744 1124 4804 potus,
1157 4747 1339 4814 vestes,
1377 4747 1429 4814 et
1459 4736 1530 4787 ad
1551 4748 1833 4814 extremum
1860 4735 2098 4814 uniuersa
2127 4754 2179 4814 ι)

526 4815 630 4876 tam
655 4805 957 4876 corporibus
985 4850 994 4867 ,
1024 4823 1176 4876 quant
1197 4808 1462 4860 animabus
1485 4806 1796 4870 necessaria,
1821 4805 2038 4858 subditis
2063 4823 2096 4858 a

524 4874 772 4929 Patribus
793 4877 906 4929 dari
951 4874 1195 4942 sancivit;
1239 4881 1530 4930 animarum
1559 4876 1711 4928 saluti
1745 4875 2096 4929 tantummodo

524 4947 784 5012 intentus,
818 4959 864 4999 et
904 4964 1015 5001 eam
1041 4948 1146 5000 sive
1184 4949 1393 5011 dando,
1434 4950 1534 5000 sive
1577 4944 1947 5008 subtrahendo,
1995 4947 2098 5000 sive

523 5018 802 5089 parcendo,
825 5019 926 5072 sive
947 5020 1265 5085 corripiendo
1288 5033 1563 5089 procurare
1586 5015 1835 5089 sollicitus
1855 5016 2003 5089 (Cap.
2028 5019 2100 5073 40

525 5086 708 5158 Reg)
742 5089 850 5142 Hoc
881 5091 1096 5142 ostendit
1119 5086 1352 5143 omnibus
1375 5089 1547 5158 ferein
1571 5089 1692 5141 locis
1727 5086 1940 5158 Regula:
1959 5104 2098 5142 suae:

526 5162 621 5212 hoc
649 5161 938 5226 specialiter
969 5161 1092 5212 dicit
1142 5162 1192 5212 in
1239 5164 1468 5230 capitulo
1503 5161 1736 5228 superius
1784 5161 1954 5222 dicto,
2000 5175 2101 5227 quo

527 5241 711 5284 tractat
737 5249 755 5286 :
781 5232 836 5286 Si
861 5248 1032 5285 omnes
1051 5232 1229 5284 debent
1251 5231 1512 5297 aequaliter
1525 5237 1811 5284 necessaria
1836 5231 2104 5298 accipere?

533 5302 702 5364 Sicut,
737 5306 916 5372 inquit,
949 5305 1189 5373 scriptum
1215 5301 1660 5373 est,¥t_lividebatur
1683 5301 1928 5373 singulis,
1960 5309 2108 5368 prout

527 5374 708 5440 cuique
735 5371 860 5446 opus
882 5383 988 5427 erat
1020 5371 1152 5443 (Act.
1185 5376 1291 5446 Iv).
1319 5371 1419 5446 Ubi
1449 5389 1547 5424 non
1572 5371 1828 5446 dicimus,
1853 5380 1906 5420 ut
1933 5387 2108 5438 perso-

527 5459 732 5515 narum.
765 5441 904 5515 quod
928 5441 1076 5510 absit,
1098 5444 1327 5514 acceptio
1347 5444 1413 5496 sit
1447 5458 1465 5496 :
1493 5442 1582 5494 sed
1608 5441 1963 5515 infirmitatum
1984 5456 2105 5494 con-

529 5511 792 5568 sideratio.
838 5515 936 5571 Ubi
959 5518 1044 5586 qui
1065 5511 1240 5590 minus
1265 5515 1486 5590 indiget,
1513 5521 1633 5590 agat
1673 5511 1784 5590 l)eo
1811 5511 2027 5590 gratias,
2058 5521 2106 5564 et

532 5600 633 5635 non
679 5583 1018 5641 contristetur.
1050 5587 1150 5654 Qui
1179 5601 1293 5638 vero
1326 5583 1659 5654 plusindiget,
1686 5583 1986 5635 humilietur
2011 5598 2104 5652 pro

533 5653 864 5721 inﬁrmitate,
911 5674 1011 5710 non
1053 5653 1333 5710 extollatur
1367 5673 1459 5725 pro
1507 5655 1860 5708 misericordia
1895 5663 2000 5725 :et
2029 5653 2111 5725 ita

535 5727 712 5779 omnia
733 5728 956 5781 membra
981 5737 1124 5781 erunt
1151 5730 1206 5781 in
1229 5722 1376 5797 pace.
1406 5724 1548 5782 Huic
1575 5726 1767 5782 rationi
1791 5724 1970 5796 regula
1992 5722 2114 5785 cha-

2198 700 2385 763 ritatis,
2413 715 2529 765 quis
2553 699 2621 752 ad
2650 700 2889 756 universa
2915 717 2969 756 se
2979 701 3224 767 extendit,
3245 709 3297 754 et
3314 701 3486 755 omnia
3511 717 3606 756 sua
3630 704 3789 759 recti-

2201 771 2375 823 tudine
2395 779 2534 823 recta
2555 771 2698 838 facit,
2723 781 3012 833 attestatur,
3045 775 3121 826 uti
3140 771 3202 825 Β.
3230 773 3545 839 Augustinus
3572 775 3623 826 in
3649 775 3788 830 libro

2199 839 2264 915 de
2292 839 2523 915 Moribus
2551 841 2799 915 Ecclesiae
2818 844 3086 898 catholica
3112 851 3292 897 contra
3315 841 3630 898 Manichaee
3651 848 3783 899 scri-

2199 911 2314 964 bens
2347 913 2469 964 dicit
2492 928 2510 964 :
2535 911 2808 967 continent
2825 931 2877 968 se
2898 915 3054 984 igitur
3081 915 3119 966 ii
3137 916 3223 980 qui
3245 925 3458 983 possunt
3473 916 3582 984 (qui
3607 925 3784 971 tamen

2197 991 2318 1035 sunt
2345 984 2765 1051 innumerabiles)
2794 993 2844 1038 et
2888 1002 2920 1038 a
2967 985 3224 1047 carnibus,
3254 993 3301 1036 et
3327 1000 3360 1037 a
3390 986 3528 1048 vino,
3555 986 3684 1040 duas
3718 987 3784 1040 ob

2197 1068 2399 1128 causas,
2424 1052 2502 1105 vel
2523 1065 2736 1128 propter
2765 1055 2986 1128 fratrum
3011 1055 3426 1128 imbecillitatem,
3459 1056 3536 1128 vel
3565 1070 3784 1128 prapter

2199 1123 2633 1195 libertatemsuam
2663 1123 2908 1195 (Spectat
2935 1127 3107 1181 locum
3142 1125 3386 1195 Apostoli
3417 1125 3482 1180 ad
3505 1123 3782 1182 nome

2199 1192 2268 1246 de
2299 1193 2518 1268 vitando
2562 1192 2816 1268 seandalo
2841 1192 3223 1268 infirmorum).
3255 1194 3490 1251 Charitas
3518 1200 3783 1267 praecipue

2197 1264 2517 1335 custoditur;
2555 1267 2794 1320 charitati
2823 1270 3004 1331 victus,
3035 1264 3276 1322 charitati
3323 1264 3784 1335 sermo,'charitati

2197 1333 2422 1396 habitus,
2444 1335 2685 1391 charitati
2708 1339 2876 1393 vultus
2900 1349 3108 1404 aptatur
3135 1354 3152 1392 :
3182 1341 3348 1393 coitur
3370 1340 3424 1392 in
3454 1333 3632 1404 unam,
3653 1358 3783 1394 con-

2197 1407 2528 1476 spiraturque
2547 1408 2880 1462 charitatem:
2902 1409 3036 1464 hanc
3063 1410 3276 1473 violare,
3303 1420 3560 1478 tamquam
3585 1411 3778 1473 Deum,

2199 1479 2342 1546 nefas
2361 1479 2587 1532 ducitur.
2610 1480 2794 1534 Sciunt
2807 1481 2938 1534 hanc
2963 1482 3368 1535 commendatam
3381 1497 3528 1534 essea
3546 1479 3793 1544 Christo,-

2197 1558 2243 1617 et
2269 1549 2534 1617 apostolis,
2564 1561 2617 1602 ut
2640 1554 2685 1604 si
2711 1552 2819 1604 hmc
2847 1569 2950 1605 una
2977 1553 3129 1613 desit,
3159 1553 3336 1605 inania
3358 1553 3459 1604 sint
3485 1553 3652 1605 omnia
3685 1569 3705 1605 .°
3732 1555 3783 1606 si

2196 1615 2501 1694 hwcadsit,
2531 1623 2686 1694 plena
2737 1623 2840 1694 sint
2889 1624 3056 1676 omnia
3077 1621 3236 1694 (Cap.
3271 1621 3339 1677 54
3370 1621 3546 1691 Κεφ).
3581 1622 3783 1677 Hacte-

2199 1704 2297 1740 nus
2323 1688 2512 1762 Pe_trus
2531 1689 2885 1757 Venerabilis,
2910 1705 2961 1746 et
2984 1693 3051 1746 ab
3073 1688 3194 1761 ipso
3214 1694 3408 1748 citatus
3434 1688 3782 1762 D.'Augusti-

2199 1773 2318 1810 nus.
2379 1758 2434 1832 In
2477 1762 2673 1830 quibus
2721 1763 3011 1817 recitandis
3062 1758 3274 1818 tametsi
3316 1758 3630 1832 prolixum:
3662 1780 3779 1819 non

2198 1838 2374 1901 tamen
2407 1830 2699 1886 lcetoribus
2728 1834 2994 1901 religiosis
3024 1830 3420 1890 molestum-me
3451 1835 3616 1889 fuisse
3641 1849 3782 1889 con-

2199 1899 2338 1973 fido,
2389 1914 2511 1954 cum
2570 1903 2704 1956 nihil
2762 1899 3004 1958 instituto
3047 1915 3234 1959 nostro
3280 1906 3774 1973 accommodatius,

2125 1995 2174 2055 Β
2204 1969 2424 2055 nihilex
2435 1973 2690 2055 pressius,
2717 1973 2846 2028 nihil
2867 1974 3160 2055 efficacius,
3178 1985 3235 2055 et
3251 1977 3563 2055 accuratius
3589 1969 3778 2055 afferri

2205 2041 2454 2114 potuisse
2488 2044 2762 2114 videatur:
2816 2055 2874 2099 ut
2927 2046 3084 2113 plane
3112 2046 3300 2114 religio
3341 2046 3472 2100 mihi
3497 2045 3658 2101 fuerit
3687 2049 3778 2102 vel

2202 2112 2344 2184 iota,
2376 2112 2460 2167 vel
2499 2113 2705 2182 apicem
2737 2131 2898 2170 unum
2929 2112 3241 2184 ’prmterire:
3286 2116 3443 2170 Libet
3491 2128 3668 2171 tamen
3717 2128 3778 2174 et

2201 2181 2429 2254 alterum
2483 2181 2725 2250 ejusdem
2772 2181 3053 2241 sententiae
3104 2195 3427 2242 assertorem
3469 2201 3773 2254 accersere,

2199 2251 2461 2308 Joannem
2479 2255 2765 2327 Bertelium
2789 2257 3032 2312 abbatem
3051 2251 3778 2327 Luxernburgensem,eum¥

2201 2338 2304 2391 que
2335 2339 2496 2396 super
2515 2325 2716 2396 Regula
2744 2327 2805 2380 Ι).
2831 2328 3132 2393 Benedicti,
3163 2328 3321 2382 modo
3356 2325 3578 2390 serium,
3611 2331 3778 2385 modo

2202 2396 2430 2467 Eiectum
2453 2395 2814 2466 dialogistam.
2845 2400 2970 2467 Ejus
2997 2400 3159 2453 verba
3183 2408 3307 2453 sunt
3325 2400 3392 2450 ad
3423 2399 3572 2452 illum
3591 2399 3774 2453 locum

2201 2462 2418 2540 Begula;
2437 2462 2765 2540 spectantia:
2793 2462 2947 2535 Quod
2972 2481 3142 2523 autem
3163 2470 3289 2522 dicit
3313 2469 3401 2534 (D.
3427 2469 3777 2540 Benedictus)

2200 2535 2260 2586 de
2283 2537 2430 2604 panis
2459 2538 2587 2612 libra
2614 2541 2884 2607 unicuique
2911 2541 3150 2612 religioso
3172 2541 3384 2612 danda,
3407 2549 3453 2591 et
3483 2540 3619 2612 quod
3648 2535 3779 2594 relil

2199 2622 2334 2673 quite
2359 2611 2629 2681 servandw
2654 2619 2770 2662 sunt
2811 2627 2904 2681 pro
2933 2611 3204 2665 cienaturis
3231 2629 3262 2664 a
3288 2611 3574 2673 cellerario,
3605 2613 3781 2665 nescio

2202 2693 2324 2728 nunt
2349 2679 2419 2730 ita
2455 2681 2595 2741 juste
2633 2679 2942 2734 intellexerit
2979 2681 3316 2742 Benedictus,
3344 2683 3778 2746 quemadmodum

2200 2763 2391 2821 s_o_nare
2434 2749 2668 2804 videntur
2717 2753 2864 2806 verba
2895 2751 3106 2821 Regulae
3133 2769 3151 2805 :
3182 2750 3322 2804 Nam
3369 2753 3442 2805 sic
3494 2752 3602 2804 viro
3653 2750 3775 2817 Dei,

2203 2815 2392 2871 Christi
2417 2836 2664 2890 pauperes
2685 2839 2786 2875 non
2831 2815 3042 2892 fuissent
3069 2838 3206 2876 cura:
3225 2838 3243 2876 :
3265 2831 3310 2876 et
3331 2831 3538 2891 possent
3563 2815 3774 2891 merito,

2201 2904 2262 2961 ac
2290 2892 2421 2954 iuste
2449 2892 2621 2959 objici,
2661 2895 2800 2961 quod
2821 2893 3003 2947 debeat
3033 2894 3137 2946 illis
3163 2895 3298 2956 dari,
3329 2892 3566 2960 quicquid
3591 2909 3625 2944 a
3652 2894 3782 2945 reli-

2203 2959 2359 3030 giosis
2387 2962 2438 3013 in
2465 2978 2639 3034 mensa
2666 2959 2980 3028 relinquitur
3001 2965 3122 3031 (non
3145 2959 3431 3034 tamenrper
3457 2959 3636 3015 manus
3665 2963 3784 3016 illo-

2202 3045 2339 3105 runt,
2364 3041 2418 3084 ut
2443 3033 2670 3105 quidam_
2681 3044 2862 3100 putant
2882 3044 2927 3086 et
2948 3033 3180 3104 volunt);
3202 3035 3292 3087 sed
3313 3033 3630 3105 hunclocum
3650 3044 3782 3105 puto

2202 3100 2275 3152 ita
2323 3100 2605 3173 intelligere
2634 3102 2966 3158 Benedictum
2995 3123 3013 3159 :
3049 3100 3290 3160 Servetur
3335 3120 3454 3174 pars
3497 3100 3660 3171 panis'
3683 3122 3784 3173 pro

2204 3174 2498 3235 coenaturis,
2533 3184 2578 3226 et
2606 3175 2746 3240 talis,
2773 3193 2887 3244 qua:
2930 3187 3164 3244 respectu
3195 3175 3398 3244 prandii
3426 3190 3526 3227 non
3567 3175 3785 3230 excedat

2203 3259 2256 3295 tn
2285 3258 2426 3295 caena
2457 3259 2591 3316 saepe
2643 3247 2835 3299 dictam
2867 3246 3048 3299 libram
3077 3263 3096 3300 :
3121 3264 3235 3300 nam
3282 3247 3332 3299 in
3378 3244 3783 3316 praecedentibus

2205 3322 2251 3366 et
2279 3315 2598 3377 sequentibus
2627 3318 2870 3384 capitulis
2913 3319 3040 3370 nihil
3067 3317 3213 3371 aliud
3239 3315 3492 3381 clamitat,
3545 3333 3697 3383 quant
3723 3325 3783 3369 ut

2201 3399 2483 3452 pauperum
2521 3393 2566 3439 et
2597 3385 2856 3449 hospitunt
2885 3405 3008 3442 cura
3048 3388 3310 3442 habeatur.
3343 3387 3466 3441 Hac
3497 3386 3588 3441 ille
3608 3388 3783 3440 subti-

2202 3456 2538 3531 litermagis,
2569 3472 2729 3531 quam
2753 3459 3040 3531 eleganter
3063 3458 3296 3531 (Dialog.
3318 3456 3440 3531 A18).
3476 3457 3552 3511 Ex
3583 3457 3786 3531 quibus

2199 3526 2469 3598 omnibus,
2500 3537 2556 3582 ut
2584 3527 2707 3583 huic
2735 3526 3082 3596 disputationi
3111 3526 3266 3584 lineni
3314 3526 3616 3598 imponam,
3652 3528 3784 3584 bre-

2201 3595 2343 3650 viter
2371 3597 2564 3667 colligo
2593 3607 2702 3653 tres
2733 3595 3000 3664 rationes,
3031 3602 3146 3655 sive
3173 3613 3364 3654 causas
3394 3595 3782 3665 rationabiles,

2199 3677 2254 3722 et
2271 3668 2465 3740 justas,
2484 3685 2604 3740 quae
2619 3678 2729 3724 tum
2751 3672 3150 3726 sanctissimum
3169 3680 3374 3737 patrem
3395 3669 3772 3736 Benedictum,

2200 3748 2312 3810 tum
2344 3738 2461 3806 ejus
2484 3738 2828 3798 successores
2843 3742 3081 3810 ejusdem
3103 3741 3312 3795 ordinis
3335 3749 3542 3810 patres.
3572 3749 3626 3797 et
3644 3755 3786 3808 prae-

2201 3809 2367 3872 sules,
2399 3820 2453 3882 et
2481 3810 2626 3879 ipsas
2655 3809 3098 3882 congregationes
3128 3809 3674 3882 moveregpotuerint,
3709 3826 3776 3865 ac

2202 3883 2396 3953 merito
2423 3881 2728 3949 debuerint,
2755 3881 2814 3938 ut
2843 3881 2946 3938 tam
2973 3885 3195 3953 largam,
3224 3889 3281 3936 et
3311 3881 3622 3936 afﬂuentem
3648 3897 3779 3950 por-

2199 3952 2519 4024 tionem,_ac
2547 3969 2852 4008 mensuram
2884 3955 3034 4022 panis
3060 3952 3612 4024 quotidianam,_puta
3645 3953 3786 4006 dua-

2203 4038 2343 4082 rum.
2378 4021 2562 4088 trium,
2592 4033 2686 4078 aut
2710 4021 2941 4093 quatuOr
2972 4021 3256 4089 librarum,
3308 4021 3565 4078 fratribus
3585 4022 3789 4090 imper-

2204 4093 2468 4157 tiendam,
2516 4109 2581 4148 ac
2627 4095 3048 4164 distribuendam
3080 4094 3402 4164 judicarent.
3434 4094 3610 4148 Prima
3641 4095 3785 4164 ratio

2201 4177 2358 4228 quam
2390 4164 2559 4234 tangit
2592 4165 2651 4218 Ι).
2685 4163 3028 4232 Benedictus,
3060 4163 3126 4220 ex
3159 4164 3602 4220 consideratione
3625 4163 3784 4219 labu-

2201 4249 2346 4294 rum,
2377 4242 2431 4287 et
2479 4250 2735 4305 operum,
2778 4237 2972 4305 quibus
3017 4236 3265 4290 monachi
3313 4234 3630 4290 insudarent
3663 4252 3677 4286 :
3712 4237 3778 4290 Si

2203 4305 2368 4377 labor,
2393 4305 2563 4374 inquit
2592 4304 2715 4375 (Ubi
2757 4304 2964 4377 supra),
2995 4307 3164 4377 factus
3194 4307 3346 4376 fuerit
3377 4307 3562 4377 major,
3604 4306 3661 4377 in
3693 4322 3784 4359 ar-

2203 4375 2354 4428 bitrio
2392 4384 2440 4428 et
2485 4384 2739 4448 potestate
2774 4375 2972 4431 abbatis
2995 4375 3109 4431 ierit
3165 4375 3246 4448 (si
3285 4375 3550 4445 expediat)
3581 4376 3786 4443 aliquid

2201 4462 2416 4514 augere,
2442 4457 2572 4511 etc.,
2601 4447 2744 4518 quod
2774 4447 3202 4518 intelligendum,
3226 4448 3782 4512 aitTurrecrematus,

2203 4525 2529 4589 nontantum
2551 4517 2615 4570 de
2644 4517 2818 4572 labore
2843 4519 2896 4572 in
2923 4517 3084 4589 agris,
3111 4531 3159 4573 et
3188 4519 3242 4572 in
3267 4519 3506 4587 operibus
3533 4533 3785 4572 manuum

2204 4587 2425 4657 (quibus
2473 4587 2726 4642 nimirum
2769 4587 3010 4658 tempore
3067 4590 3128 4644 D.
3178 4589 3450 4645 Benedicti
3496 4597 3552 4644 et
3599 4589 3788 4644 multis

2204 4658 2430 4726 posthac
2460 4660 2791 4727 temporibus
2827 4660 3090 4715 vacabant
3121 4660 3372 4714 monachi
3421 4659 3491 4714 ob
3539 4659 3782 4727 inopiam

2205 4739 2258 4782 et
2289 4731 2460 4783 victus
2486 4729 2908 4796 necessitatem),
2936 4732 3022 4785 sed
3047 4733 3195 4785 etiam
3227 4731 3291 4784 de
3319 4731 3492 4784 labore
3528 4731 3583 4783 in
3611 4730 3791 4798 ofﬁciis

2203 4800 2422 4872 divinis,
2447 4803 2579 4854 sicut
2600 4811 2671 4854 est
2695 4803 2746 4854 in
2775 4801 2952 4856 diebus
2969 4802 3299 4866 solemnibus,
3318 4803 3371 4855 in
3391 4800 3577 4872 quibus
3595 4800 3790 4872 solem-

2205 4873 2320 4924 nius
2349 4871 2568 4942 dicendo
2595 4872 2822 4942 ofﬁcium
2847 4873 3084 4927 monachi
3105 4871 3475 4927 consueverunt
3497 4871 3656 4924 multo
3680 4887 3790 4923 ani~

2205 4944 2342 5004 ptius
2374 4939 2755 4998 laborarefSic
2779 4945 2912 5011 ipse.
2937 4945 3004 4998 Et
3026 4942 3295 4998 Bertelius
3322 4943 3453 4998 item
3476 4942 3564 4996 ubi
3589 4957 3789 5009 supra:

2211 5012 2485 5080 Maiorem,
2521 5015 2719 5082 inquit,
2753 5013 2976 5069 laborent
3005 5023 3174 5078 vocat,
3200 5029 3304 5082 quo
3332 5013 3405 5068 ita
3434 5012 3792 5084 defatigantur

2207 5098 2438 5151 corpora,
2469 5094 2522 5136 ut
2562 5084 2683 5138 inde
2724 5087 3041 5140 imbecillitas
3077 5085 3146 5136 ad
3179 5084 3524 5152 spiritualium
3562 5098 3792 5150 perseve-

2209 5155 2428 5206 rantiam
2469 5165 2746 5225 sequatur;
2777 5166 2824 5208 et
2853 5171 3023 5226 quem,
3043 5225 3049 5226 γ
3071 5170 3179 5226 ιιι-ογ
3200 5155 3451 5223 qualitate
3479 5154 3793 5226 conditionis

2211 5235 2256 5278 et
2307 5234 2498 5291 status,
2541 5227 2746 5280 discreti
2787 5225 2955 5280 rerum
2983 5225 3431 5280 administratores
3463 5225 3794 5279 considerant

2217 5311 2322 5348 esse
2349 5305 2531 5360 pt'teler
2556 5300 2786 5351 solitum.
2821 5294 3070 5352 Secunda
3103 5295 3263 5362 ratio,
3304 5297 3357 5351 in
3385 5295 3682 5351 subsidium
3736 5306 3795 5350 et

2216 5367 2624 5420 subventionem
2668 5383 2959 5438 pauperum
3011 5383 3023 5417 :
3063 5381 3258 5436 nempe
3323 5376 3382 5422 ut
3433 5382 3500 5422 ex
3550 5366 3795 5436 reliquiis

2221 5453 2419 5492 mensa:
2449 5437 2681 5493 fratrum
2710 5439 2889 5505 plures
2914 5437 3145 5504 alantur,
3172 5445 3227 5492 et
3254 5438 3566 5495 reﬁciantur
3589 5451 3796 5505 paupe-

2221 5524 2328 5572 res,
2360 5519 2414 5561 et
2439 5510 2728 5579 ampliores
2749 5509 3111 5579 eleemosyna:
3141 5509 3298 5575 liant,
3329 5524 3452 5564 cum
3483 5507 3742 5578 quidquid
3761 5523 3794 5563 a

2223 5579 2489 5650 religiosis
2514 5582 2568 5636 in
2601 5594 2783 5635 mensa
2814 5579 3162 5649 relinquitur,
3193 5581 3522 5650 pauperibus
3562 5593 3796 5650 erogan-

2220 5649 2347 5706 dum
2377 5653 2473 5709 sit.
2498 5660 2556 5704 ut
2598 5651 2845 5719 superius
2873 5665 2941 5705 ex
2969 5650 3159 5705 eodem
3198 5650 3430 5706 Bertelio
3471 5649 3795 5705 audivimus.

2221 5723 2394 5792 Quam
2407 5723 2625 5792 quidem
2657 5722 3117 5792 eleemosyuarum
3149 5720 3481 5793 largitionem
3509 5719 3796 5789 hospitalis
