4016 6202
186 189 270 246 217

784 305 1011 363 CAPUT
1053 305 1141 361 Vl.

439 441 596 508 Quod
618 457 719 496 non
742 441 852 495 solo
877 441 994 494 vino
1017 457 1158 493 mens
1189 437 1496 492 inebriatur.

258 580 636 647 sQuibuslibet
657 578 793 634 escis
816 577 1050 631 refectus
1073 583 1254 632 ventes
1280 573 1568 631 seminaria
1590 573 1752 627 luxu-

185 676 276 728 ria:
305 674 466 744 parit,
501 688 598 727 nec
639 671 888 741 praevalet
927 684 1082 725 mens
1128 669 1520 724 discretionum
1561 668 1758 736 guber-

188 767 365 820 uacula
398 764 685 831 moderari,
710 762 737 800 δ
763 763 1002 818 ciborum
1031 762 1274 831 pondere
1305 759 1612 830 prmiocata.
1644 760 1761 814 Non

187 860 322 913 enim
353 860 462 914 sola
499 859 711 928 crapula
740 857 852 912 vini
887 865 1122 913 mentem
1161 856 1428 912 inebriare
1460 855 1761 921 consuevit,

189 967 364 1007 verum
380 954 538 1006 etiam
559 961 872 1007 cunctarum
885 964 1132 1005 escarum
1154 950 1407 1005 nimietas
1417 949 1762 1004 vacillantem

185 1061 296 1101 eam
325 1061 385 1101 ac
415 1045 782 1100 nutabundam
816 1043 1010 1107 reddit,
1045 1041 1301 1112 omnique
1340 1041 1669 1112 integritatis
1702 1055 1764 1096 ac

183 1139 424 1210 puritatis
454 1137 914 1208 contemplatione
952 1137 1226 1208 dispoliat.
1275 1136 1570 1192 Sodomitis
1598 1150 1762 1190 causa

651 185 743 243 DE
779 183 1260 244 C(ENOBIORUM
1295 181 1545 241 INSTIT.
1587 182 1715 240 LIB.
1759 181 1831 239 Υ.
1857 212 1927 223 -
1959 181 2046 237 DE
2085 180 2358 239 SPIRITU
2394 181 2960 241 GASTRIMARGLE.

3335 188 3444 246 2-18

1780 298 2226 398 Asubversionis
2269 307 2431 368 atque
2469 299 2716 366 luxuriae,
2762 315 2871 354 non
2912 300 3020 353 vini
3067 301 3302 370 crapula,
3347 303 3447 359 sed

1862 392 2118 448 saturitas
2135 391 2339 447 exstitit
2360 391 2531 461 panis.
2555 391 2694 447 Audi
2717 393 3004 448 Dominum
3021 407 3119 463 per
3131 393 3450 462 prophetam

1863 484 2198 540 Hierusalem
2241 485 2608 554 increpantem
2641 482 2854 553 (Ezech.
2886 483 3003 556 xw)
3036 501 3050 539 :
3089 495 3112 524 °
3147 483 3282 553 Quid
3306 486 3450 541 enim

1864 578 2108 648 peccavit
2127 591 2282 632 soror
2303 587 2393 632 tua
2422 576 2677 644 Sodoma,
2709 578 2811 632 nisi
2841 578 2964 647 quia
2991 593 3182 646 panem
3211 593 3368 637 suum
3396 580 3450 636 in

1863 673 2146 727 saturitate
2169 680 2224 727 et
2247 672 2579 728 abundantia
2609 671 2954 728 comedebat?
2986 671 3056 726 Et
3083 673 3206 742 quia
3237 687 3333 743 per
3365 689 3454 728 sa-

1866 765 2140 819 turitatem
2168 765 2324 834 panis
2354 765 2775 835 inexstinguibili
2802 763 2985 820 carnis
3015 765 3226 820 fuerant
3255 765 3454 821 ardore

1867 855 2134 921 succensi,
2179 855 2380 926 judicio
2427 855 2524 911 Dei
2570 856 2782 913 caelitus
2823 865 2950 910 sunt
2992 855 3113 926 igne
3158 855 3452 925 sulphureo

1867 953 2197 1005 concremati
2235 949 2393 1022 (Gen.
2431 951 2570 1022 xix).
2609 949 2763 1019 Quod
2806 951 2854 1008 si
2897 950 3017 1005 illos
3051 950 3165 1005 sola
3205 951 3455 1006 nimietas

1869 1044 2023 1111 panis
2038 1043 2105 1098 ad
2128 1053 2236 1099 tam
2258 1055 2587 1115 priet-aptum
2607 1044 2928 1115 ﬂagitiorum
2953 1042 3310 1113 praecipitium
3324 1045 3456 1098 vitio

1871 1136 2138 1192 satietatis
2175 1136 2418 1208 impegit,
2455 1136 2585 1208 quid
2623 1136 2954 1193 censendum
2982 1145 3067 1194 est
3101 1136 3171 1193 de
3196 1136 3282 1192 his
3307 1135 3332 1175 ἀ
3365 1137 3456 1208 qui

1238 1270 1499 1328 ALARDI
1538 1267 1770 1324 suam
1807 1256 2367 1328 COMMENTARIUS.

182 1370 275 1424 tati
302 1369 514 1424 afﬁnem
567 1369 692 1423 huic
738 1366 919 1423 ordini
956 1366 1110 1421 velut
1138 1366 1487 1421 essentialem
1519 1363 1636 1421 DD.
1667 1363 1772 1415 Lo-

182 1444 466 1495 vanienses
497 1449 827 1511 censuerunt
873 1438 964 1511 (In
996 1453 1225 1511 respons.
1257 1437 1327 1490 ad
1353 1435 1551 1511 Quiest.
1585 1435 1772 1503 Aquis-

182 1513 444 1580 cincten.).
471 1511 654 1565 Tertia
682 1509 847 1574 ratio,
881 1507 949 1563 ad
973 1507 1276 1580 augendum
1306 1507 1558 1562 meritum
1587 1521 1772 1558 mona-

179 1579 429 1646 chorum,
461 1582 551 1651 qui
584 1597 642 1635 se
663 1580 840 1651 abeis
860 1594 980 1648 quae
1035 1579 1142 1651 sibi
1190 1584 1534 1651 apponuntur
1581 1584 1769 1651 sponte

179 1647 707 1722 abstinent'propter
727 1650 897 1705 Deum
920 1659 975 1704 et
1000 1650 1195 1703 anima:
1219 1649 1471 1722 salutem,
1503 1647 1763 1722 parciore,

179 1741 345 1794 quam
379 1717 506 1788 quia
527 1717 627 1775 sibi
644 1722 909 1794 suppetit,
940 1735 1189 1794 mensura
1223 1719 1491 1794 contenti,
1522 1717 1764 1794 scientes

179 1775 612 1862 autnwAposvtolo
633 1775 853 1863 (Philip.
891 1775 968 1863 iv)_
996 1791 1182 1863 satiari
1207 1801 1262 1863 et
1279 1775 1505 1863 esurire,
1531 1788 1768 1863 abunda-
1797 1775 1846 1834 Β

178 1883 239 1920 re
265 1877 311 1919 et
337 1860 615 1934 penuriam
637 1860 764 1934 pati.
789 1862 917 1930 Quae
944 1861 1045 1934 fuit
1071 1861 1296 1934 insignis
1317 1861 1556 1916 doctrina
1579 1861 1637 1934 S.
1667 1860 1769 1912 Pa-

179 1929 397 1990 choniii
451 1929 678 1996 abbatis,
723 1936 835 2002 qui,
872 1944 927 1986 ut
957 1933 1091 1985 alias
1121 1929 1319 1986 diotum
1349 1939 1460 1997 est,
1501 1929 1768 2002 monaste-

177 2009 321 2060 rium
352 2006 612 2074 quoddam
639 2001 742 2058 sibi
779 2004 1063 2070 subjectum
1093 2004 1373 2072 ingressus,
1406 2001 1772 2074 cunrvidisset

178 2081 232 2132 in
257 2072 435 2132 culina
456 2077 586 2130 nihil
611 2089 809 2129 coctum
839 2075 1081 2143 fratribus
1102 2075 1372 2146 apparari,
1405 2072 1624 2146 graviter
1649 2089 1772 2146 suc:

180 2150 408 2214 censuit,
468 2163 628 2214 coquo
683 2149 798 2200 licet
849 2143 1180 2210 excusante,
1209 2145 1348 2214 quod
1400 2143 1585 2212 fratres
1640 2143 1774 2214 nihil

181 2213 504 2273 coctumsibi
523 2213 1167 2287 appositumcomederent.
1186 2213 1264 2268 An
1279 2216 1554 2287 ignoratis,
1580 2213 1773 2287 inquit,

181 2291 320 2358 quod
343 2285 626 2362 gloriosum
648 2291 712 2342 sit
738 2290 950 2362 simper.
973 2287 1225 2340 abstinere
1237 2285 1614 2362 praesentibus?
1637 2285 1778 2362 Nam

183 2357 227 2414 si
250 2357 371 2429 quis
398 2361 459 2412 ab
476 2377 537 2413 ea
560 2377 613 2412 re
641 2377 754 2426 qua?
775 2362 828 2412 in
855 2361 969 2430 ejus
997 2366 1070 2412 est
1101 2366 1368 2424 potestate,
1402 2357 1577 2430 divina
1607 2357 1779 2408 consi-

184 2426 456 2485 deratione
476 2448 525 2484 se.
555 2433 795 2492 continet,
819 2426 1064 2498 magnum
1093 2429 1424 2496 consequitur
1453 2444 1486 2480 a
1508 2426 1622 2498 Deo,
1645 2441 1780 2494 prte-

187 2506 377 2556 mium.
403 2504 478 2555 Ab
507 2519 564 2554 ea
594 2517 710 2556 vero
737 2517 790 2554 re
822 2496 970 2570 cujus
994 2501 1166 2552 utendi
1191 2500 1448 2553 licentiam
1479 2513 1580 2551 non
1603 2496 1776 2556 habet,

183 2577 421 2642 quadam
451 2575 678 2626 noscitur
716 2574 1011 2638 necessitate
1042 2571 1262 2622 cohiberi
1296 2586 1314 2624 :
1353 2581 1400 2622 et
1420 2571 1538 2622 ideo
1571 2577 1782 2642 propter

182 2640 546 2699 abstinentiam
593 2657 824 2696 coactam
864 2651 1017 2710 atque
1060 2642 1329 2703 inutilem,
1361 2642 1556 2709 frustra
1582 2640 1783 2692 videtur

185 2727 486 2782 exspectare
517 2715 819 2768 mercedem.
853 2711 1087 2780 Denique
1109 2728 1226 2765 cum
1259 2713 1432 2778 plures
1461 2725 1587 2764 esca:
1605 2726 1785 2782 _appo—

185 2779 305 2840 sita:
319 2790 537 2856 fuerint,
557 2787 600 2838 si
620 2791 805 2855 fratres
822 2779 1026 2856 parcius
1044 2785 1124 2836 his
1143 2792 1356 2836 utuntur
1373 2792 1580 2852 prapter
1594 2779 1782 2856 Deum,

186 2849 485 2926 tunc'apud
516 2849 681 2909 Deum
706 2857 800 2909 sibi
822 2849 1107 2907 maximam
1135 2870 1276 2920 spem
1303 2849 1786 2926 reponunt.De_ci-

187 2930 268 2982 bis
299 2923 468 2981 autem
489 2945 618 2994 quos
657 2944 762 2979 non
791 2927 992 2991 rident,
1037 2941 1128 2976 nec
1173 2926 1247 2978 eis
1293 2925 1361 2977 ad
1403 2923 1788 2992 percipiendum

189 3000 420 3068 facultas
454 3001 562 3052 ulla
591 2997 869 3053 tribuitur;
898 2997 1158 3068 quomodo
1186 3013 1277 3068 pro
1297 2995 1632 3068 parcimonia
1655 3009 1789 3068 prae-

187 3064 356 3123 iuium
379 3069 720 3124 conceditur?
746 3069 838 3123 Sic
869 3069 922 3122 in
951 3065 1070 3119 Vita
1093 3066 1151 3121 S.
1185 3066 1486 3121 Pachumii.
1514 3070 1582 3120 At
1604 3064 1671 3119 de
1704 3065 1787 3117 his

189 3143 353 3198 satis.
583 3203 589 3207 ,

267 3222 296 3249 ⁸
328 3213 394 3267 Ι).
428 3213 788 3284 Hieronymus
815 3209 974 3284 epist.
1007 3209 1072 3284 10
1104 3226 1114 3260 :
1149 3207 1433 3284 Nonnulli,
1468 3209 1659 3278 inquit,
1707 3210 1785 3262 vi-

195 3294 309 3336 tam
349 3285 598 3355 pudicam
631 3281 978 3350 appetentinm
1018 3281 1070 3355 in
1113 3281 1277 3334 medio
1308 3282 1490 3355 itinere
1517 3289 1782 3355 corruunt,

193 3356 326 3408 dum
345 3351 512 3409 solam
535 3355 894 3408 abstinentiam
912 3353 1142 3404 carnium
1161 3361 1362 3416 curant,
1384 3360 1429 3404 et
1448 3351 1790 3421 leguminibus

195 3437 418 3480 onerant
451 3425 790 3488 stomachum,
835 3439 948 3490 qua:
989 3423 1247 3476 moderate
1292 3439 1540 3493 parceque
1582 3431 1791 3492 sumpta

197 3499 417 3551 innoxia
455 3509 595 3551 sunt.
630 3498 694 3550 Et
722 3496 816 3549 lib.
848 3510 885 3548 ιι
917 3493 968 3546 itt
998 3492 1340 3547 Joviuianum
1378 3511 1390 3544 :
1423 3492 1596 3546 Etiam
1625 3510 1687 3546 ex
1715 3495 1790 3546 vi-

199 3569 415 3623 lissimis
437 3571 562 3622 cibis
588 3568 800 3621 uitanda
827 3567 1036 3618 satietas
1060 3574 1132 3617 est
1161 3580 1178 3616 :
1206 3565 1339 3618 nihil
1365 3567 1499 3616 enim
1521 3565 1597 3617 ita
1623 3564 1792 3617 obruit

201 3641 454 3706 animant,
490 3648 547 3692 ut
588 3641 772 3710 plenus
802 3647 989 3699 venter,
1022 3646 1410 3710 et‘cxcestuans,
1442 3644 1488 3687 et
1516 3633 1614 3686 huc
1639 3635 1792 3710 iugc-

203 3727 305 3780 que
322 3728 374 3764 se
403 3700 624 3771 vertens,
651 3720 696 3763 et
721 3711 773 3762 in
802 3717 977 3761 ructus
1004 3707 1081 3760 vel
1106 3708 1328 3774 crepitus
1359 3715 1630 3758 uentorum
1655 3700 1790 3774 ema-

206 3783 346 3854 tione
374 3784 655 3854 respirans.

279 3853 307 3892 ι)
340 3843 471 3909 Hinc
502 3855 561 3906 D.
590 3853 1017 3922 Chrysostomus
1047 3847 1232 3916 (Hom.
1257 3846 1329 3902 44
1351 3848 1404 3900 in
1431 3843 1616 3922 Joan.)
1648 3864 1659 3898 :
1695 3844 1795 3922 Μ-

213 3923 285 3977 hil
325 3925 447 3997 gula
492 3917 1134 3997 perniciosius;obtusum
1172 3927 1220 3972 et
1259 3933 1503 3997 crassum.
1534 3917 1795 3997 ingenium

217 3988 359 4062 facit,
396 3988 656 4049 carnalem
690 4003 845 4047 ca‘cat
882 3992 1196 4045 intellectum
1223 4034 1238 4057 ,
1278 4005 1367 4043 nec
1401 3988 1524 4041 sinit
1556 3997 1614 4040 ut
1647 3990 1796 4059 quid-

214 4082 364 4132 quam
389 4067 686 4138 perspiciat.
722 4065 790 4118 Et
816 4064 944 4117 alibi
973 4063 1254 4138 eleganter
1286 4079 1297 4113 :
1333 4062 1482 4138 Sicut
1505 4063 1650 4138 navis
1675 4077 1797 4138 one-

215 4129 352 4190 raria
389 4129 518 4206 quia
552 4154 714 4208 supra
754 4151 899 4187 suam
934 4133 1340 4208 magnitudinem
1377 4129 1608 4208 vehenda
1637 4133 1789 4199 cepit,

215 4212 382 4262 oneris
406 4203 773 4280 magnitudine
812 4203 1032 4274 grauata
1053 4204 1425 4280 submergitur;
1465 4203 1538 4280 ita
1568 4205 1796 4280 corporis

152 4328 170 4347 ,
215 4281 376 4333 nostri
397 4273 603 4344 natura,
633 4280 676 4332 si
697 4273 870 4348 plures
889 4277 1083 4342 accepit
1105 4273 1269 4348 cibos,
1284 4291 1436 4342 quam
1449 4273 1792 4348 _[erregpossit,

214 4351 529 4420 ingestorum
551 4344 857 4421 gravitatem
891 4363 991 4400 non
1037 4350 1225 4421 ferens,
1254 4347 1307 4398 in
1332 4344 1818 4421 perditionis_pela-~

216 4418 310 4490 gus
350 4418 680 4489 demergitur,
709 4428 754 4471 et
790 4426 992 4483 nautas,
1035 4429 1082 4490 e_t
1127 4419 1510 4490 gubernatores,
1545 4425 1589 4468 et
1628 4418 1797 4490 ipsum

218 4483 345 4546 unus
371 4510 482 4546 cum
510 4483 800 4545 hominibus
827 4490 990 4558 perdit
1021 4487 1108 4558 (In
1127 4483 1316 4541 'hotnil.
1349 4503 1462 4558 con.
1492 4483 1716 4558 lu_xur.).

1872 1375 1924 1416 et
1963 1365 2254 1433 juvenibus
2295 1367 2538 1432 vitando,
2580 1367 2748 1422 multa
2788 1367 3047 1435 praclare
3078 1366 3140 1420 D.
3171 1365 3458 1437 (Hierony-

1874 1450 1995 1490 mus
2027 1446 2139 1490 toto
2166 1437 2308 1491 libro
2344 1453 2381 1492 tl
2413 1447 2594 1494 contra
2624 1438 2991 1504 Jovinianum,
3035 1438 3125 1492 ubi
3169 1436 3282 1492 haec
3314 1436 3458 1493 inter

1874 1507 1977 1560 alia
2013 1507 2165 1578 (Cap.
2204 1507 2262 1577 6)
2307 1526 2318 1562 :
2358 1508 2468 1564 Fac
2501 1525 2642 1563 esum
2674 1511 2906 1563 carnium
2935 1510 3133 1562 cunctis
3162 1509 3460 1562 nationibus

1873 1594 2342 1652 essecommunem,
2363 1581 2622 1652 etpassim
2647 1581 2797 1634 licere
2821 1579 2960 1649 quod
2978 1580 3173 1652 passim
3199 1581 3459 1650 gignitur;

1907 1650 1997 1702 uid
2020 1651 2089 1702 ad
2109 1667 2223 1714 nos,
2247 1650 2464 1718 quorum
2489 1653 2808 1706 conversatio
2829 1653 2881 1705 in
2909 1652 3047 1705 ca’lis
3067 1651 3175 1706 est?
3196 1652 3284 1719 qui
3304 1666 3460 1718 super

1923 1720 2248 1790 ythagoram,
2264 1732 2310 1794 et
2336 1722 2720 1794 Empedoclem,
2745 1732 2794 1776 et
2816 1740 2988 1778 omnes
3007 1722 3276 1794 sapientia:
3299 1732 3463 1776 secta-

1873 1799 2030 1854 tores,
2062 1808 2165 1845 non
2197 1794 2242 1845 ei
2274 1793 2536 1858 debemur,
2576 1797 2657 1847 cui
2688 1795 2968 1856 nascimur,
3011 1794 3098 1848 sed
3123 1793 3206 1846 cui
3234 1794 3464 1847 renasci-

1873 1878 2025 1943 mur;
2053 1863 2141 1943 qui
2169 1875 2542 1943 repugnantem
2568 1882 2790 1943 carnem,
2823 1877 2870 1918 et
2899 1864 3270 1943 ad__libidinum_
3289 1864 3464 1918 incen-

1876 1935 1981 1986 tiva
2018 1935 2311 2004 rapientem
2331 1936 2503 1988 inedia
2540 1938 2918 2006 subjugamus?
2954 1935 3087 1989 Esus
3128 1935 3378 2000 carnium,
3409 1943 3460 1989 et

1877 2013 2032 2068 potus
2070 2007 2196 2070 vini,
2234 2006 2521 2074 ventrisque
2557 2010 2823 2072 saturitas,
2863 2007 3194 2060 seminarium
3231 2006 3464 2059 libidinis

1877 2082 1972 2127 est.
2019 2075 2167 2130 Unde
2195 2083 2239 2129 et
2275 2075 2510 2132 Comicus
2544 2094 2562 2132 :
2589 2078 2718 2133 Sine
2750 2078 2952 2136 Cerere.
2987 2078 3167 2146 inquit,
3199 2088 3248 2130 et
3281 2075 3464 2130 Libero

1879 2147 2033 2216 friget
2069 2146 2262 2202 Venus.
2298 2149 2364 2201 Et
2394 2149 2446 2202 in
2480 2151 2640 2216 epist.
2672 2149 2764 2210 ‘22,
2792 2149 2857 2202 ad
2891 2147 3258 2211 Eustochium,
3291 2147 3376 2200 ubi
3397 2163 3464 2202 ex

1882 2219 2064 2271 multis
2089 2221 2382 2288 pratmissis
2411 2220 2481 2274 ita
2512 2220 2785 2274 concludit
2811 2236 2825 2273 :
2863 2219 2923 2273 Si
2949 2218 3072 2287 quid
3101 2218 3274 2288 itaque
3305 2217 3356 2270 in
3385 2234 3466 2270 me

1881 2297 2042 2356 potest
2080 2286 2187 2364 esse
2226 2291 2449 2364 consilii,
2493 2292 2538 2345 si
2581 2303 2788 2364 experto
2829 2286 3073 2364 creditur,
3110 2286 3206 2364 hoc
3243 2289 3469 2364 primum

1884 2375 2082 2425 moneo,
2127 2361 2222 2414 hoc
2256 2361 2504 2434 gbtestor,
2539 2374 2595 2416 ut
2624 2359 2811 2434 sponsa
2850 2360 3038 2434 Christi
3084 2360 3256 2434 vinum
3301 2359 3468 2430 fugiat

1884 2445 1977 2496 pro
2003 2447 2209 2486 ueneno.
2247 2431 2374 2486 ιιωο
2407 2430 2660 2487 adversus
2678 2432 3077 2486 adolescentiam
3117 2430 3282 2499 prima
3322 2447 3470 2485 arma

1884 2510 2000 2553 sunt
2030 2503 2336 2557 daemonum.
2383 2503 2566 2558 Vinum
2593 2515 2640 2558 et
2673 2504 3020 2557 adolescentia
3050 2500 3240 2570 duplex.
3284 2511 3354 2554 est
3382 2501 3468 2554 in-

1885 2573 2134 2655 cendium
2157 2575 2434 2655 uoluptatis
2473 2591 2490 2628 :
2529 2575 2655 2655 quid
2695 2575 3117 2655 oleumﬂamma:
3140 2571 3469 2655 .adjicimusz

1885 2644 2009 2706 quid
2039 2646 2239 2700 ardenti
2270 2647 2578 2716 corpusculo
2608 2647 2830 2716 fomenta
2860 2645 3057 2716 ignium
3082 2644 3471 2716 miniStramus?

1888 2723 1994 2794 etc.
2030 2717 2094 2769 Et
2122 2716 2320 2794 alio__in
2355 2711 2472 2769 loco
2497 2715 2586 2794 (In
2608 2711 2806 2794 ’δορί-ν
2836 2711 3003 2794 epist._
3025 2713 3094 2794 ad
3136 2711 3472 2794 Galat.)_hoc

1889 2783 2030 2864 idem
2063 2786 2350 2864 consilium
2389 2783 2897 2864 contirtnatﬁicens
2925 2803 2941 2864 _:
2972 2783 3115 2839 Licet
3151 2783 3473 2864 mequidem:

1889 2856 1945 2927 in
1967 2873 2027 2910 eo
2054 2858 2186 2910 libro
2207 2874 2355 2927 quem
2377 2858 2441 2910 de
2457 2857 2728 2912 Servanda
2750 2857 3040 2925 uirginitate
3066 2856 3269 2925 scripsi,
3293 2871 3474 2922 repre-

1890 2923 2434 2997 hendendum—putent,
2458 2930 2594 2997 quod
2615 2923 3191 2982 dixerimradolescentes
3207 2928 3279 2980 ita
3299 2928 3474 2997 uingm

1893 2996 2074 3074 debere
2102 2985 2359 3074 fugerent
2379 2985 2643 3074 venenum,
2674 3016 2779 3074 non
2802 3015 2882 3052 me
2907 2985 3472 3074 {ententiteptenitebiu

1897 3065 2042 3142 Opus
2063 3065 2252 3142 quippe
2283 3069 2355 3123 ibi
2374 3072 2545 3142 (magis
2578 3072 2684 3124 vini
2711 3087 2866 3142 quam
2899 3069 2993 3123 Dei
3013 3087 3046 3123 a
3068 3065 3213 3124 nobis
3242 3078 3476 3142 creatura

1895 3139 2237 3194 damnata—est
2251 3159 2270 3207 ;
2293 3151 2337 3194 et
2361 3139 2619 3195 licentiam
2640 3139 2943 3195 abstulimus
2957 3143 3241 3212 juventuti,
3267 3141 3477 3212 proprio

1893 3213 2059 3284 celatis
2084 3212 2259 3266 calore
2281 3214 2513 3283 feruenti,
2544 3213 2728 3284 neiisub
2754 3210 3023 3284 occasione
3043 3227 3228 3284 par_um
3250 3210 3473 3284 bibendi,

1896 3283 2011 3354 plus
2041 3285 2248 3350 biberet,
2282 3281 2336 3337 et
2377 3286 2584 3354 periret.
2612 3283 2818 3341 Rursus
2844 3294 2898 3338 et
2921 3281 3050 3338 alibi
3085 3282 3279 3354 (Epist.
3313 3281 3477 3354 {Qad

1894 3353 2137 3426 Furiam)
2194 3358 2244 3410 in
2295 3351 2433 3410 hanc
2481 3357 2805 3410 sententiam
2858 3356 2938 3409 sic
2995 3351 3232 3426 loquitur
3284 3370 3297 3405 :
3350 3351 3478 3404 Non

1897 3425 2095 3481 zEtnaei
2121 3423 2302 3496 ignes,
2345 3444 2450 3481 non
2494 3427 2748 3480 Vulcania
2788 3427 2971 3490 tellus,
3010 3423 3112 3478 non
3144 3423 3481 3496 Yeswvu_s__et

1899 3498 2148 3568 Olympus
2158 3492 2326 3552 "tantis
2346 3499 2620 3552 ardoribus
2633 3505 2872 3561 testuant,
2897 3493 3220 3568 utjuveniles
3241 3492 3480 3546 medullae

1896 3565 2012 3642 uino
2039 3565 2216 3642 plente
2229 3581 2276 3622 et
2305 3568 2526 3642 dapibus
2553 3570 2907 3642 inﬂammatae.
2936 3565 3064 3642 Haec
3097 3565 3482 3642 liiercnxmus;

1897 3634 2096 3694 Verum
2130 3639 2286 3708 hujus
2313 3634 2416 3694 loci
2441 3634 2728 3694 occasione
2753 3636 3078 3708 videtur'bic
3099 3634 3479 3708 dehabstineni-

1898 3712 1970 3764 tia
2021 3726 2050 3765 a
2098 3703 2351 3764 carnibus
2396 3721 2449 3763 et
2496 3711 2641 3774 vino,
2692 3716 2958 3777 quatenus
2995 3705 3063 3777 _ad
3101 3703 3383 3777 religiosos
3419 3711 3475 3777 et
3567 3762 3575 3771 ,

1901 3781 2198 3835 monachos
2241 3789 2468 3849 spectat,
2522 3773 2684 3834 latius
2710 3773 3127 3849 disserendum.
3177 3773 3478 3849 ln_primis

1899 3861 2114 3908 constat
2153 3844 2456 3920 huiusmodi
2496 3848 2875 3904 abstinentiam
2906 3846 3088 3900 multis
3107 3844 3296 3920 _modis
3323 3858 3477 3898 com-

1901 3923 2166 3984 mendari,
2205 3917 2265 3977 [ο
2295 3923 2364 3976 ab
2393 3922 2716 3976 auctoritate
2754 3921 3068 3986 Scriptura;
3099 3918 3164 3970 2°
3195 3917 3260 3972 ab
3290 3931 3479 3970 exem-

1904 3997 1990 4063 plo
2016 3994 2404 4063 apostolorum,
2447 3994 2508 4046 ὅθ
2539 3993 2606 4048 ab
2634 3990 2887 4058 exemplo
2914 3998 3154 4063 veterum
3188 3987 3482 4063 monacho-

1902 4058 2020 4120 rum
2053 4058 2120 4120 'et
2161 4066 2629 4127 anachoretarum,
2675 4065 2739 4117 ιο
2786 4077 2852 4118 ex
2895 4061 3097 4128 regulis
3127 4058 3481 4119 et,iustit‘utis

1900 4138 1998 4193 SS.
2031 4136 2274 4202 Patrum,
2321 4135 2382 4188 5°
2412 4152 2477 4190 ex
2518 4134 2751 4191 decretis
2777 4147 3109 4188 summorum
3143 4129 3480 4202 pontiﬁcum.

1901 4209 2183 4262 Postremo
2227 4201 2294 4259 ab
2336 4207 2602 4273 exemplis
2643 4205 2838 4260 divinae
2887 4201 3376 4273 animadversionis
3423 4201 3479 4273 in

1904 4290 2331 4348 transgressores
2375 4271 2680 4346 huiusmodi
2730 4275 2992 4346 regularis
3037 4271 3383 4329 abstinentia:
3427 4272 3481 4327 in

1903 4353 2070 4404 veteri
2102 4348 2466 4403 Testamento.
3245 4374 3255 4390 κ

1976 4420 2016 4473 1.
2052 4419 2238 4473 Daniel
2283 4419 2352 4472 ita
2391 4420 2459 4474 de
2497 4433 2556 4474 se
2599 4418 2840 4487 loquitur
2880 4435 2894 4471 :
2939 4414 3007 4471 In
3045 4417 3218 4470 diebus
3255 4415 3362 4487 illis
3391 4430 3487 4486 ego

1905 4490 2094 4543 Daniel
2124 4489 2357 4557 lugebam
2396 4491 2547 4543 trium
2582 4485 3017 4544 hebdomadarum
3055 4487 3250 4541 diebus.
3290 4485 3486 4539 Panem

297 4575 318 4601 ε
349 4563 568 4632 Vulgata
616 4561 803 4616 Versio
827 4548 1268 4632 'babet'(Ezech.
1311 4555 1472 4632 xvt)__:
1516 4555 1650 4610 Ecce
1676 4548 1798 4632 haec
1825 4553 1882 4614 D
1906 4548 2296 4614 desiderabilem
2321 4578 2424 4614 non
2454 4561 2682 4632 comedi;
2724 4572 2771 4614 et
2805 4576 2944 4632 caro,
2984 4567 3034 4612 et
3061 4558 3232 4612 uinum
3267 4573 3371 4610 non
3399 4557 3487 4610 in-

224 4635 324 4703 fuit
353 4627 590 4702 iniquitas
623 4633 863 4686 Sodomce
892 4631 1080 4683 sororis
1108 4640 1231 4703 tuae,
1263 4627 1522 4703 superbia,
1553 4629 1799 4703 saturitas

226 4699 402 4769 punis,
436 4699 482 4758 et
511 4704 849 4765 abundantia,
873 4711 921 4754 et
945 4703 1104 4753 otium
1131 4702 1292 4771 ipsius
1318 4710 1366 4753 et
1396 4699 1622 4771 ﬁliarum
1651 4702 1799 4770 ejus;

225 4767 270 4830 et
298 4767 511 4829 manum
538 4791 686 4844 egeno
706 4785 752 4829 et
779 4773 994 4845 pauperi
1022 4789 1124 4825 non
1139 4767 1462 4845 porrigebatL
1482 4767 1584 4845 Ubi
1611 4767 1804 4822 natan-

227 4849 351 4902 dum
383 4840 617 4914 quatuor
652 4857 745 4900 aut
779 4840 1021 4914 quinque
1061 4842 1184 4896 vitia
1223 4840 1385 4897 tribui
1431 4840 1701 4903 Sodomre,
1745 4849 1804 4894 ut

229 4933 417 4972 causas
437 4918 627 4974 excidii
652 4929 704 4972 et
725 4915 1095 4970 subversionis
1118 4914 1308 4983 ipsius,
1333 4929 1454 4983 quae
1478 4921 1655 4966 tamen
1679 4927 1801 4966 cum

233 4993 458 5056 peccatis
479 4990 790 5045 Judaeorum
822 4988 1037 5052 collata,
1081 4987 1249 5038 multo
1279 4987 1489 5038 minora
1520 4992 1574 5038 et
1602 4983 1802 5038 leviora

233 5073 544 5119 censentur:
571 5075 766 5130 nempe
782 5058 1112 5130 superbiam,
1135 5057 1334 5130 gulam,
1359 5069 1516 5130 quam
1541 5056 1804 5130 propheta

236 5142 386 5186 vocat
423 5136 575 5200 panis
614 5126 995 5192 saturitatem;
1043 5129 1356 5200 divitiarum
1396 5126 1801 5200 abundantiam,

241 5203 336 5256 hoc
361 5196 442 5260 est
478 5205 791 5265 avaritiam;
824 5211 875 5256 et
900 5201 1238 5255 vacationem
1274 5212 1303 5249 a
1345 5196 1498 5249 bonis
1528 5197 1804 5264 operibus,

242 5289 386 5338 quam
415 5286 570 5332 vocat
597 5275 810 5336 otium;
839 5281 896 5326 et
925 5266 1441 5338 immisericordiam
1462 5266 1518 5320 in
1546 5281 1812 5338 pauperes

243 5337 292 5396 et
317 5361 539 5415 egenos;
571 5363 639 5401 ex
664 5344 860 5410 quibus
887 5342 1036 5396 vitiis
1062 5342 1169 5415 duo
1194 5347 1402 5393 tantum
1434 5337 1521 5390 hic
1544 5337 1814 5405 expressit

244 5412 414 5473 auctor
440 5434 538 5474 suo
569 5417 823 5473 instituto
855 5412 1280 5468 accommodata.

206 5494 207 5498 “
309 5485 411 5544 σιω
453 5501 556 5557 est,
605 5490 698 5560 qui
747 5489 876 5542 licet
923 5484 1108 5544 validi,
1157 5491 1211 5537 et
1249 5482 1512 5560 valentes,
1566 5477 1817 5560 carnibus

250 5567 412 5616 tamen
454 5574 508 5618 et
540 5551 675 5619 vino
713 5573 824 5614 non
861 5571 922 5611 se
954 5564 1258 5624 temperant
1290 5570 1302 5606 :
1337 5553 1484 5624 quin,
1507 5551 1684 5618 potius
1715 5551 1822 5624 im-

249 5631 506 5691 moderate
533 5645 592 5691 et
621 5633 956 5699 voluptuose
981 5619 1082 5699 iis'
1104 5626 1418 5699 abutuntur.
1442 5623 1539 5699 _D_e
1578 5619 1825 5699 amnium

244 5712 298 5756 et
333 5705 428 5762 viui
459 5689 585 5775 usu,
629 5689 944 5774 praesertim
975 5696 1350 5761 immoderato,
1392 5689 1828 5750 adolescentibus

1907 4633 2155 4686 troierunt
2178 4633 2229 4684 in
2258 4648 2313 4685 os
2341 4635 2540 4696 meum(
2551 4631 2756 4685 Daniel.
2777 4630 2855 4699 χ).
2891 4632 2943 4684 In
2976 4645 3113 4684 novo
3137 4638 3314 4684 autem
3342 4642 3489 4699 comg

1910 4702 2191 4757 mendatur
2219 4703 2454 4758 Joannes
2493 4704 2761 4772 Baptista,
2809 4697 2896 4772 qui
2927 4701 3154 4772 locustis
3193 4710 3242 4754 et
3273 4697 3490 4772 siluestri

1908 4773 2080 4838 melle,
2097 4773 2268 4844 inquit
2291 4771 2648 4846 Hieronymus
2664 4773 2750 4846 (L.
2774 4771 2886 4846 uin
2911 4771 3225 4846 Jovinia_n.),
3247 4771 3488 4846 nescitur,

1911 4862 2012 4899 non
2042 4840 2280 4900 carnibus
2323 4840 2506 4914 (Matt:
2547 4840 2681 4916 ttt);'
2703 4845 3052 4914 habitatioque
3089 4842 3298 4916 deserti,
3332 4850 3377 4893 et
3406 4840 3491 4916 in-

1911 4918 2168 4972 cunabula
2209 4911 2577 4969 monachorum
2609 4911 2811 4969 'talibus
2853 4911 3166 4968 inchoantur
3211 4911 3489 4966 alimentis.

1911 4989 1978 5042 Et
2018 4989 2346 5056 Augustinus
2383 4986 2579 5056 (Serm.
2613 4985 2700 5046 65,
2742 4987 2806 5039 de
2832 4985 3038 5056 Temp.)
3071 5002 3083 5036 :
3113 4981 3363 5056 Joannes,
3393 4981 3490 5056 ait,

1910 5050 2196 5127 prwcursor
2237 5050 2468 5127 Domini,
2495 5055 2722 5127 locustis
2761 5057 2815 5127 in
2859 5050 3028 5109 eremo
3053 5064 3101 5107 et
3128 5053 3316 5127 agresti
3346 5050 3495 5104 melle

1911 5125 2151 5190 nutritur,
2180 5141 2280 5178 non
2307 5125 2610 5178 animalium
2651 5125 2910 5190 carnibus,
2948 5142 3051 5178 non
3077 5125 3339 5178 uolucrum
3368 5136 3493 5174 sua-

1912 5197 2152 5252 vitatibus
2177 5197 2427 5266 pascitur.
2460 5197 2568 5248 Nec
2594 5197 2768 5250 solum
2800 5211 2831 5248 a
2859 5195 3132 5260 carnibus,
3164 5194 3257 5266 sed
3277 5200 3338 5266 et
3348 5205 3498 5266 pane

1915 5278 1970 5324 et
1994 5267 2123 5322 vino
2152 5258 2431 5322 abstinuit.
2464 5266 2618 5324 Unde
2645 5275 2703 5321 et
2729 5266 2974 5321 Salvator
3000 5267 3076 5318 ait
3108 5258 3126 5315 :V
3164 5263 3308 5316 Venit
3334 5258 3499 5316 Joan-

1917 5356 2006 5395 nes
2050 5338 2291 5408 Baptista
2331 5355 2491 5410 neque
2531 5337 2848 5410 manducans
2880 5351 3090 5410 panem,
3124 5349 3283 5401 neque
3311 5334 3500 5410 bibens

1923 5413 2093 5482 uinum
2115 5405 2263 5482 (Luc.
2289 5405 2416 5478 vn).
2437 5412 2501 5467 Et
2521 5408 2808 5482 Apostolus
2829 5407 2895 5461 ad
2919 5408 3193 5460 Romanos
3217 5405 3496 5482 scribens:

1924 5474 2133 5536 Bonum
2158 5491 2254 5547 est,
2289 5474 2482 5552 inquit,
2514 5474 2617 5535 non
2645 5478 2958 5534 manducare
2986 5492 3190 5530 carnem
3219 5483 3396 5552 etnon
3424 5474 3496 5527 Li-

1926 5553 2042 5607 bere
2083 5546 2274 5616 uinum,
2319 5546 2478 5620 itaque
2519 5554 2570 5605 in
2613 5568 2714 5622 quo
2757 5554 2917 5618 frater
2943 5559 3068 5622 tuus
3095 5546 3504 5622 scandalizatur,

1928 5632 2016 5677 aut
2045 5625 2338 5691 inﬁrmatur
2375 5618 2552 5692 (Rom.
2586 5618 2722 5691 xiv).
2757 5622 2836 5676 Ex
2862 5621 3057 5692 quibus
3083 5618 3288 5692 verbis;
3297 5619 3506 5692 colligit

1931 5689 2192 5750 Baron’ius
2215 5695 2337 5756 (An.
2370 5689 2560 5750 Christi
2582 5689 2974 5759 57l’peculiare
3005 5692 3171 5750 fuisse
3199 5691 3252 5748 in
3275 5689 3370 5748 illa
3401 5693 3507 5756 pri-
