4016 6202
592 204 694 263 219

1894 196 2174 257 JOANNIS
2213 195 2296 252 CA
2306 190 2531 253 SSIANI

3752 187 3841 249 ἥδ

592 326 782 389 regem
804 329 1038 386 corpore
1065 313 1467 387 perceptionem
1498 312 1738 372 carnium
1760 327 1824 369 ac
1845 313 1955 369 vini
1988 314 2182 369 immo-
2208 315 2255 379 Α
2284 318 2395 365 tum
2426 309 2630 380 expetit
2667 306 3024 379 imbecillitas,
3063 308 3160 368 sed
3197 315 3453 381 quantum
3491 304 3659 364 animi
3691 305 3840 364 libido

593 412 779 473 derata
800 410 1043 479 ubertate
1067 409 1178 484 [AL
1206 407 1473 481 libertate]
1494 415 1847 479 praesumunt,
1872 422 1979 462 non
2001 420 2171 477 quan-

2283 405 2610 476 suggesserit
2638 414 2981 475 usurpantes.

1658 522 1915 580 ALARDI
1954 521 2187 581 GAZEI
2224 519 2788 577 COMMENTARIUS.

596 617 780 674 mitiva
806 616 1042 674 Ecclesia
1072 617 1451 674 ﬂorentissima
1472 633 1573 674 nec
1597 633 1790 674 carnes
1819 618 2168 684 manducare,

597 704 700 745 nec
724 690 907 745 vinum
927 690 1134 752 bibere,
1158 699 1215 743 ut
1230 691 1622 758 quantumlibet
1642 690 1827 747 ﬁdeles
1842 692 1908 745 iis
1932 691 2172 756 legitime

599 762 677 815 uti
707 771 929 831 possent
958 779 969 812 :
1003 770 1179 819 tamen
1210 772 1267 816 ut
1298 778 1409 817 rem
1441 764 1751 817 inusitatam
1782 761 2031 816 admirati
2062 764 2174 831 ple-

597 831 751 901 rique
763 831 1197 897 oﬂ'endereutur;
1222 834 1375 901 cujus
1389 834 1602 897 quidem
1616 832 1853 889 scandali
1871 831 2172 888 habendam

598 917 719 958 esse
748 904 1014 957 rationem
1043 911 1226 958 monet
1254 906 1567 973 Apostolus.

668 973 734 1028 ll.
770 974 1127 1040 Temperasse
1165 975 1349 1030 itidem
1395 992 1422 1029 a
1468 990 1629 1031 carne
1657 983 1714 1030 et
1740 975 1870 1030 vino
1899 975 2175 1045 apostolos

596 1045 763 1100 multa
793 1046 1026 1114 probant
1049 1046 1314 1115 exempla.
1340 1046 1411 1103 Ut
1433 1048 1574 1102 enim
1606 1047 1655 1102 id
1682 1047 1751 1103 de
1779 1046 1939 1101 Petro
1963 1056 2177 1116 aposto-

596 1117 773 1170 lorum
822 1116 1061 1184 principe
1106 1116 1287 1172 dicere
1338 1122 1629 1185 possimus,
1684 1117 1843 1172 facile
1890 1119 2178 1185 persuadet

598 1186 893 1259 Gregorius
914 1188 1239 1242 Nazianzen.
1268 1188 1442 1259 (Orat.
1470 1189 1532 1243 de
1555 1189 1739 1242 Amore
1760 1190 2023 1259 pauper.),
2044 1188 2173 1244 dum

597 1258 788 1312 scribit
830 1258 1002 1327 ipsum
1050 1260 1180 1313 solis
1214 1258 1408 1325 lupinis
1440 1263 1647 1313 minuto
1690 1275 1811 1317 asse
1853 1260 2179 1327 comparatis

601 1328 800 1383 famem
830 1331 1033 1399 pellere
1053 1333 1418 1385 consuevisse.
1450 1333 1523 1384 De
1543 1331 1747 1384 Jacobo
1770 1329 1935 1384 fratre
1962 1331 2178 1386 Domini

600 1416 703 1471 nec
730 1414 925 1454 carnes
956 1417 1208 1467 umquam
1242 1404 1291 1455 in
1325 1403 1530 1466 cibum,
1563 1417 1663 1455 nec
1692 1403 1877 1455 viuum
1906 1403 1957 1454 in
1989 1414 2177 1471 potum

598 1470 919 1547 adhibuisse
982 1472 1343 1547 l’legesippus
1376 1474 1515 1542 apud
1580 1473 1873 1547 Eusebium
1937 1470 2180 1547 affirmat

599 1488 919 1525 aunmuisse
982 1488 1313 1597 uegesipBus
1376 1488 1515 1542 apud
1584 1488 1873 1547 Luscinum
1943 1488 2178 1528 atnrmat

599 1541 743 1612 (Lib.
767 1556 803 1595 ll
828 1541 967 1595 Hist.
992 1560 1038 1596 c.
1063 1542 1181 1613 22).
1250 1560 1280 1598 e
1301 1545 1553 1598 Matthaeo
1579 1544 1695 1598 haec
1718 1545 1903 1597 eadem
1927 1543 2178 1599 Clemens

600 1613 999 1668 Alexandrinus
1021 1614 1106 1668 bis
1128 1616 1305 1668 verbis
1331 1634 1342 1666 :
1372 1615 1647 1668 Mutthceus
1677 1613 1978 1677 seminibus,
2012 1615 2182 1671 buccis

599 1692 649 1738 et
675 1683 915 1747 oleribus,
940 1684 1127 1752 absque
1146 1686 1388 1739 carnibus
1410 1686 1665 1738 utebatur.
1690 1686 1749 1739 Β.
1775 1686 1996 1739 Paulum
2018 1689 2177 1742 etiam

600 1756 920 1809 abstemium
938 1755 1103 1810 fuisse
1118 1757 1334 1810 tradunt
1358 1760 1697 1825 interpretes.
1717 1761 1834 1810 Act.
1852 1772 1937 1809 xxi
1957 1756 2175 1824 (Baron.

601 1842 692 1879 tm.
723 1827 838 1895 58).
882 1827 939 1881 S.
982 1828 1143 1881 etiam
1176 1827 1514 1881 Timotheum
1546 1843 1573 1879 a
1603 1830 1726 1880 vino
1754 1828 2025 1882 abstinuere
2052 1831 2181 1882 soli-

604 1907 716 1951 tum
754 1898 1095 1966 perspicuum
1136 1907 1219 1952 est
1261 1914 1329 1952 ex
1372 1899 1479 1952 illis
1511 1899 1687 1953 verbis
1719 1900 1959 1965 Apostoli
1997 1917 2009 1953 :

603 1968 771 2021 adhuc
799 1986 985 2035 aquam
1014 1968 1185 2023 bibere
1216 1985 1233 2023 :
1262 1970 1349 2023 sed
1396 1979 1536 2023 utere
1576 1970 1777 2022 modico
1813 1971 1953 2041 vinoi
1960 1983 2180 2041 propter

603 1987 771 2021 aanuc
799 1987 985 2035 aquam
1014 1987 1185 2023 vivere
1216 1987 1233 2023 :
1262 1987 1349 2023 sea
1396 1987 1536 2023 utere
1576 1987 1777 2022 moaico
1813 1987 2178 2093 vmoTpropter

602 2042 921 2111 {tomachum
949 2051 995 2092 et
1026 2041 1313 2111 frequentes
1358 2050 1472 2094 tuos
1503 2041 1826 2109 inﬁrmitates
1858 2041 1901 2111 (Ι
1981 2044 2069 2095 im.
2103 2046 2178 2111 v).

615 2109 759 2183 _Vide,
791 2112 962 2179 inquit
994 2109 1354 2181 Hieronymus
1386 2111 1579 2183 (Epist.
1609 2112 1699 2177 ‘22,
1721 2113 1805 2165 ubi
1833 2109 2034 2183 supra),
2065 2109 2182 2181 qui-

605 2181 695 2255 bus
736 2184 1038 2255 causisivini
1064 2184 1204 2255 potio
1235 2181 1572 2247 concedatur;
1615 2195 1668 2236 ut
1708 2200 1771 2237 ea:
1810 2181 1903 2255 hoc
1932 2181 2182 2239 stomachi

604 2253 772 2319 dolor,
815 2263 860 2307 et
899 2253 1139 2322 frequéns
1178 2255 1440 2309 medeatur
1478 2256 1770 2322 inﬁrmitas.
1824 2254 1888 2307 Et
1935 2271 1996 2308 ne
2040 2256 2181 2311 nobis

604 2328 821 2397 forsitan
845 2325 907 2377 de
933 2327 1347 2395 wgrotationibus
1372 2327 1738 2388 blandiremur,
1754 2327 2023 2378 modicum
2052 2344 2183 2397 pra:-

604 2396 735 2462 cepit
784 2412 890 2467 esse
916 2398 1258 2467 (sumendum,
1301 2398 1486 2450 medici
1532 2398 1699 2465 potius
1745 2396 1984 2456 consilio,
2029 2415 2182 2467 quam

605 2466 826 2538 apostoli
860 2482 875 2517 :
908 2465 1024 2538 licet
1051 2477 1096 2519 ct
1127 2470 1400 2538 Apostolus
1428 2469 1494 2521 sit
1521 2470 1745 2538 medicus
1772 2465 2081 2536 spiritualis,
2118 2487 2180 2524 ne

605 2535 903 2591 Timotheus
923 2535 1550 2607 imbecillitatesuperatus
1574 2537 1839 2609 Evangelii
1866 2535 2181 2606 praedicandi

606 2622 709 2660 non
740 2620 907 2672 posset
929 2609 1143 2675 implere
1167 2610 1450 2671 discursus,
1486 2620 1592 2665 etc.

679 2677 765 2732 Ill.
808 2678 900 2732 His
938 2681 1205 2735 accedunt
1240 2683 1483 2747 exempla
1515 2690 1757 2736 veterum
1789 2682 2178 2737 monachorum

606 2750 1174 2821 etganachoretarum.
1224 2753 1501 2821 Siquidem
1540 2752 1802 2807 Eusebius
1845 2768 1912 2806 ex
1957 2753 2182 2810 Philone

606 2819 773 2892 refert
813 2824 1013 2889 primos
1049 2819 1407 2890 Christianos,
1441 2838 1575 2892 quos
1604 2834 1757 2878 vocat
1788 2823 2176 2892 Therapeutas,

605 2890 659 2963 id
685 2900 788 2963 est,
820 2893 1080 2957 cultores,
1111 2909 1205 2948 seu
1233 2890 1531 2959 curatores,
1560 2894 1701 2963 apud
1735 2890 2116 2950 Alexandriam
2148 2890 2179 2951 a

607 2962 667 3017 S.
698 2962 875 3017 Marco
902 2965 1225 3033 evangelista
1254 2965 1547 3028 institutos,
1576 2962 1640 3019 ad
1667 2982 1941 3033 vesperam
1971 2973 2177 3021 tantum

605 3033 784 3087 cibum
816 3038 1134 3102 sumpsisse,
1166 3046 1221 3091 et
1247 3054 1275 3088 a
1306 3038 1556 3090 carnibus
1596 3045 1650 3089 et
1677 3038 1802 3091 vino
1833 3037 2175 3093 abstinuisse.

605 3104 761 3177 Quod
792 3105 929 3158 idem
969 3116 1232 3161 testantur
1262 3107 1320 3163 S.
1370 3108 1695 3175 Epiphanius
1725 3108 1912 3161 haeresi
1940 3108 2030 3165 29.
2061 3125 2178 3177 quas

605 3183 690 3249 est
718 3175 1111 3249 Nazaraeorum,
1146 3188 1199 3249 et
1236 3177 1295 3249 S.
1336 3177 1694 3249 Hieronymus
1727 3179 1907 3249 iulib.
1949 3178 2017 3232 de
2062 3175 2174 3234 Vir.

603 3245 806 3319 illustr.
824 3247 876 3300 in
902 3246 1351 3315 Philone(Bellar.
1381 3250 1467 3302 lib.
1491 3245 1615 3303 u'de
1635 3249 1751 3306 bon.
1777 3248 1935 3319 Oper.
1959 3266 2075 3315 cap.
2096 3251 2174 3319 5).

606 3316 670 3386 D.
704 3316 864 3372 etiam
895 3319 1221 3373 Athanasius
1251 3320 1446 3373 fatetur
1474 3320 1768 3374 monachos
1807 3316 1887 3373 sui
1922 3316 2180 3386 temporis

603 3384 747 3442 idem
780 3387 1074 3444 factitasse.
1106 3388 1193 3445 Sic
1224 3393 1364 3445 enim
1398 3391 1449 3443 in
1480 3390 1596 3444 Vita
1633 3391 1852 3445 Antonii
1887 3409 1897 3442 :
1935 3384 2183 3447 Sumebat

602 3474 788 3529 panem
828 3471 877 3513 et
901 3461 1002 3522 sal,
1038 3470 1311 3528 potumque
1330 3478 1476 3524 aqua:
1498 3478 1819 3530 perparuum.
1853 3462 1927 3515 De
1947 3464 2182 3519 carnibus

599 3546 719 3584 vero
743 3539 789 3583 et
815 3531 931 3584 vino
957 3541 1123 3585 tacere
1145 3533 1323 3585 melius
1349 3544 1492 3604 puto,
1514 3550 1667 3604 quam
1689 3531 1974 3603 quidquam
1994 3534 2179 3599 dicere,

604 3604 996 3683 quoniamnnec
1051 3603 1194 3683 apud
1251 3603 1759 3683 plurimos'quidem
1814 3605 2182 3683 irtonachorum

599 3672 894 3726 istiusmodi
927 3689 1055 3727 esca:
1081 3676 1133 3726 in
1164 3691 1263 3728 usu
1291 3675 1615 3729 haberentur.
1648 3675 1818 3742 Quem
1850 3677 2086 3729 imitatus
2119 3678 2178 3732 D.

604 3742 964 3814 Hieroiiymus
1003 3746 1053 3798 in
1096 3746 1181 3799 illa
1216 3747 1444 3814 epistola
1473 3762 1624 3799 suam
1656 3748 1707 3799 in
1744 3760 1925 3800 eremo
1956 3748 2183 3803 austeri-

604 3824 765 3868 tatem
799 3831 1097 3870 enarrans:
1130 3815 1207 3871 De
1233 3818 1378 3881 cibis,
1412 3817 1606 3887 inquit,
1636 3826 1682 3870 et
1713 3828 1835 3886 potu
1864 3816 2045 3886 quibus
2072 3826 2183 3873 tum

603 3887 846 3957 temporis
877 3889 1189 3953 victitabam,
1235 3900 1393 3951 taceo,
1426 3905 1541 3941 cum
1570 3892 1723 3942 etiam
1749 3890 2043 3957 languentes
2075 3907 2182 3943 mo-

602 3954 911 4031 nachiaqua
941 3960 1132 4031 frigida
1154 3969 1382 4021 utantur,
1414 3969 1457 4012 et
1486 3954 1903 4031 coctumAaliqu'id
1928 3964 2182 4031 accepisse

603 4022 1029 4100 luxuria'sitsEt’
1050 4030 1183 4082 intra
1224 4030 1613 4100 deﬂcteuobitis
1645 4022 1933 4100 Egyptiis,
1966 4022 2183 4085 eorum-

602 4110 708 4163 que
738 4098 984 4169 moribus
1019 4113 1186 4166 agens
1219 4118 1229 4151 :
1283 4099 1503 4163 Vivitur,
1534 4102 1625 4165 ait,
1662 4098 1811 4169 pane,
1843 4102 2181 4167 leguminibus

602 4182 653 4219 et
693 4168 913 4221 oleribus
943 4184 1053 4234 qua
1081 4168 1189 4223 sale
1224 4172 1333 4222 solo
1368 4168 1676 4225 condiuntur
1723 4187 1741 4224 :
1781 4172 1951 4223 vinum
1982 4182 2182 4226 tantum

602 4240 1048 4312 senesaccipiunt,
1077 4249 1182 4312 etc.
1216 4240 1422 4295 Similia
1455 4242 1615 4295 tradit
1642 4243 1702 4295 Ι).
1729 4243 2055 4312 Augustinus
2085 4244 2177 4298 lib.

603 4307 715 4384 Lde
739 4307 979 4362 Moribus
1002 4310 1281 4375 Ecclesiae,
1306 4326 1427 4379 cap.
1452 4314 1537 4365 51.
1568 4307 1872 4383 Βεηὶᾳιιεέὶ
1897 4314 2015 4383 quis
2043 4316 2182 4384 legat

603 4376 753 4451 Yitas
792 4389 1125 4451 sanctorum,
1176 4376 1471 4450 prieseriim
1515 4376 1883 4450 eremitarum,
1914 4376 2176 4451 'Antouii,

605 4448 915 4525 Hilarionis,
950 4448 1281 4521 Serapionis,
1312 4454 1563 4515 aliorum,
1593 4453 1748 4509 facile
1780 4448 2031 4525 agnoscet
2058 4448 2180 4525 per;

601 4530 821 4593 petuam
850 4523 916 4575 ah
943 4539 1038 4577 esu
1065 4524 1307 4578 carnium
1336 4535 1391 4581 et
1422 4535 1549 4593 potu
1574 4526 1681 4579 vini
1706 4523 2085 4582 abstinentiam
2114 4529 2180 4583 ab

600 4590 667 4645 iis
694 4593 1054 4648 observatam.

2275 614 2529 684 collecta)
2560 616 2730 669 multa
2758 613 2920 669 habet
2946 614 3014 671 de
3042 614 3371 670 abstinentia
3398 613 3647 669 carnium
3674 627 3842 669 mona-

2274 688 2389 743 chis
2422 688 2693 755 praecipue
2727 686 2981 740 sectanda
3012 686 3186 755 (Tom.
3221 684 3337 757 ιχ).
3370 686 3439 741 At
3465 687 3773 753 expressior
3799 692 3845 740 et

2277 759 2573 814 solemnior
2603 765 2688 813 est
2721 759 2975 813 sanctiss.
3011 758 3185 817 Patris
3214 758 3395 816 nostri
3420 757 3696 819 Benedicti
3727 770 3840 811 con-

2274 829 2480 884 Stitutio
2522 828 2675 901 (Cap.
2718 827 2783 882 i2
2817 839 2865 901 et
2904 828 3069 901 seq.),
3104 846 3207 898 qua
3248 830 3493 901 carnium
3543 827 3845 901 esum_suis

2274 898 2584 961 ctenobiti's,
2624 898 2866 968 exceptis
2889 899 3158 955 debilibus
3189 908 3244 954 et
3270 899 3518 958 inﬁrmis.
3559 898 3845 964 interdixit,

2275 972 2436 1041 idque
2468 971 2679 1025 duobus
2703 972 2754 1024 in
2782 972 2913 1026 locis
2940 989 2953 1022 :
2988 974 3216 1039 primum
3245 986 3362 1039 cap.
3395 971 3465 1026 36
3491 970 3738 1037 Regulae,
3767 969 3846 1025 ubi

2276 1044 2352 1097 ait
2393 1060 2406 1096 :
2447 1041 2691 1097 Caruium
2730 1059 2848 1096 esus
2890 1043 3114 1113 inﬁrmis
3153 1044 3361 1097 omnino
3390 1042 3748 1111 debilibusque
3770 1055 3847 1113 pro

2275 1116 2598 1181 reparatione
2645 1114 2980 1168 concedatur.
3033 1116 3095 1167 At
3142 1113 3228 1167 ubi
3278 1114 3532 1167 meliorati
3577 1113 3785 1182 fuerint,
3821 1128 3848 1164 a

2276 1186 2517 1239 carnibus
2538 1202 2678 1238 more
2699 1185 2853 1239 solito
2878 1202 3052 1240 omnes
3074 1186 3382 1239 abstineant.
3414 1184 3621 1237 Rursus
3643 1198 3762 1251 cap.
3789 1184 3847 1237 '59

2280 1258 2335 1311 In
2379 1258 2493 1310 lliBC
2522 1257 2689 1311 verba
2732 1273 2745 1309 :
2788 1254 3034 1310 Carnium
3070 1273 3185 1309 vero
3223 1255 3620 1325 quadrupedum
3657 1256 3849 1307 omnino

2278 1331 2339 1381 ab
2360 1328 2593 1381 omnibus
2616 1328 2929 1399 abstineatur
2948 1330 3211 1392 comestio,
3237 1338 3424 1399 praeter
3445 1327 3655 1399 omnino
3676 1326 3849 1380 debiles

2277 1410 2327 1453 et
2354 1409 2592 1461 aegrotos.
2635 1397 2734 1452 Ubi
2774 1397 3331 1461 animadvertendum,
3376 1400 3450 1452 ait
3480 1397 3851 1452 Turrecremao

2281 1417 2327 1453 et
2354 1417 2398 1453 te
2436 1417 2592 1452 ratos.
2638 1417 2734 1452 um
2774 1417 3331 1461 antmauvertenaum,
3376 1417 3450 1452 au
3492 1417 3851 1452 turrecrema—

2281 1480 2364 1524 tus
2398 1417 2596 1543 (’Tract.
2632 1468 2729 1524 illi
2765 1470 2819 1522 in
2852 1469 3087 1543 Regum,
3131 1470 3271 1543 quod
3304 1470 3431 1523 licet
3560 1467 3728 1543 Pater
3751 1478 3852 1522 tan-

2282 1540 2658 1596 tumnomiuet
2684 1556 2872 1594 carnes
2894 1540 3321 1610 quadrupedum,
3356 1540 3659 1605 prohibitio
3689 1545 3849 1593 tamen

2280 1613 2587 1667 extenditur
2601 1626 2769 1679 usque
2785 1613 2850 1666 ad
2868 1626 3057 1666 carnes
3074 1613 3235 1666 etiam
3256 1611 3568 1666 animalium
3590 1610 3850 1678 bipedum.

2280 1684 2487 1738 scilicet
2517 1684 2838 1736 volatilium.
2872 1681 3003 1736 Cum
3035 1686 3176 1737 enim
3206 1698 3399 1737 carnes
3427 1680 3730 1735 volatilium
3759 1681 3853 1736 sint

2280 1754 2570 1815 dulciores,
2613 1757 2781 1823 magis
2826 1755 3095 1816 delicatae,
3138 1762 3193 1808 et
3237 1754 3619 1822 pretiosiores;
3651 1754 3853 1822 quando

2282 1829 2459 1878 minus
2489 1826 2745 1878 delicatas
2776 1825 2960 1887 vetuit,
2996 1827 3183 1894 procul
3216 1825 3381 1879 dubio
3412 1825 3580 1894 magis
3604 1824 3853 1877 delicatas

2052 1900 2179 1955 Noli
2207 1918 2256 1979 Β
2284 1905 2338 1949 et
2372 1896 3045 1979 pretiosioresprohibere
3086 1897 3389 1979 credendus
3410 1906 3536 1979 ‘est.
3571 1895 3687 1978 Mes
3724 1895 3853 1979 enim

2285 1975 2594 2021 sanctorum
2625 1974 2708 2020 est
2735 1969 2785 2019 in
2821 1969 3028 2022 minore
3058 1967 3524 2037 comprehendere
3552 1967 3749 2033 majus.
3777 1966 3855 2020 Sic

2284 2038 2395 2094 ille.
2429 2039 2755 2105 Smaragdns
2785 2053 2912 2092 vero
2936 2039 3103 2093 abbas
3128 2040 3178 2092 in
3207 2039 3456 2092 eiimdem
3484 2038 3659 2090 locum
3694 2037 3856 2105 Regu-

2282 2110 2348 2164 lae
2400 2110 2554 2179 (Cap.
2605 2112 2698 2177 39)
2735 2111 3001 2173 scribens,
3046 2120 3163 2176 post
3202 2109 3293 2163 illa
3334 2109 3495 2164 verba
3535 2109 3754 2178 Begulte
3795 2109 3856 2161 ita

2284 2182 2462 2235 subdit
2497 2200 2509 2235 :
2544 2180 2685 2233 Hinc
2716 2180 2955 2233 Aurelius
2986 2184 3058 2233 ait
3094 2200 3105 2232 :
3141 2179 3333 2235 Cat-nes
3358 2182 3411 2233 in
3443 2181 3555 2233 cibo
3585 2194 3857 2248 numquam

2283 2266 2572 2306 sumantur.
2624 2251 2766 2304 Pulli
2800 2268 2935 2315 t'ero,
2978 2263 3028 2306 et
3068 2253 3237 2305 altilia
3268 2262 3455 2305 cuncta
3493 2252 3547 2304 in
3581 2267 3857 2320 congrega-

2285 2326 2420 2377 tione
2462 2340 2565 2375 non
2614 2324 2984 2376 ministrentur.
3030 2322 3263 2391 Infirmi:
3300 2339 3417 2376 vero
3459 2331 3657 2375 tantum
3703 2322 3859 2386 provi-

2284 2396 2524 2459 deantur,
2555 2405 2601 2446 et
2624 2395 2853 2463 accipere
2877 2396 3046 2449 liceat.
3083 2393 3219 2447 Hinc
3249 2392 3569 2447 Fructuosus
3600 2394 3716 2444 ait:
3746 2394 3860 2445 Car-

2284 2483 2397 2519 nem
2427 2468 2662 2533 cuiquam
2696 2466 2942 2517 monacho
2974 2483 3063 2518 nec
3100 2465 3355 2527 sumendi,
3387 2480 3479 2518 nec
3515 2464 3764 2533 gustandi
3794 2473 3859 2515 est

2286 2554 2526 2590 concessa
2556 2537 2762 2589 licentia
2796 2551 2814 2589 :
2844 2553 2944 2589 non
2972 2537 3110 2605 quod
3132 2547 3419 2589 creaturam
3449 2533 3546 2588 Dei
3574 2536 3861 2599 iudicemus

2282 2609 2567 2675 indignam,
2608 2606 2697 2659 sed
2734 2607 2870 2676 quod
2908 2610 3081 2661 carnis
3123 2608 3429 2661 abstinentia
3471 2606 3616 2659 utilis
3656 2616 3705 2659 et
3750 2616 3862 2677 apto

2284 2680 2545 2731 monachis
2571 2680 2886 2743 (Pslimelur;
2912 2688 3111 2731 servato
3137 2688 3303 2732 tamen
3330 2677 3683 2729 moderamine
3710 2678 3861 2743 pieta-

2283 2752 2346 2803 tis
2375 2767 2495 2819 erga
2524 2758 2832 2821 ingratorum
2864 2751 3274 2821 necessitudines,
3318 2748 3396 2821 vel
3440 2749 3593 2821 longe
3634 2749 3864 2817 proficis.

2283 2822 2529 2885 centium,
2554 2819 2773 2886 qualiter
2796 2831 2849 2872 ut
2871 2832 2917 2873 et
2947 2820 3232 2875 volatilium
3258 2820 3425 2873 esibus
3447 2819 3643 2887 infirmi
3670 2830 3864 2873 susten-

2284 2902 2473 2951 tantur.
2497 2903 2543 2945 et
2568 2893 2843 2962 longinquo
2869 2893 3050 2945 itinere
3080 2892 3338 2954 destinati,
3367 2893 3413 2943 si
3437 2900 3527 2943 aut
3548 2906 3578 2942 a
3605 2892 3859 2957 principe,

2283 2964 2361 3015 vel
2381 2966 2618 3033 episcopo
2640 2972 2951 3030 separantur
2962 2962 3055 3085 c(id
3085 2972 3174 3025 est,
3201 2974 3499 3026 evocantur,
3534 2962 3863 3031 invitantur),

2284 3051 2375 3085 uro
2406 3035 2753 3085 benedictione
2790 3044 2836 3085 et
2868 3035 2959 3085 obe
3000 3034 3159 3085 ientia
3185 3034 3453 3085 deaustare
3481 3048 3584 3085 non
3615 3042 3863 3085 metuant.

2283 3051 2375 3102 pro
2406 3035 2753 3089 benedictione
2790 3044 2836 3087 et
2868 3034 3159 3087 obedientia
3185 3034 3453 3103 degustare
3481 3048 3584 3085 non
3615 3042 3865 3095 metuant,

2281 3118 2534 3159 servantes
2564 3106 2704 3171 apud
2741 3120 2794 3157 se
2832 3105 2893 3158 de
2922 3106 3119 3173 reliquo
3150 3105 3512 3157 continentiam
3543 3116 3867 3157 consuetam.

2285 3174 2436 3241 Quod
2456 3180 2500 3230 si
2522 3178 2633 3244 quis
2654 3177 2937 3230 monachus
2958 3177 3243 3237 violaverit,
3273 3184 3321 3228 et
3347 3186 3523 3227 contra
3548 3177 3870 3228 sanctionem

2284 3246 2499 3317 Regula:
2532 3263 2776 3315 usumque
2806 3258 3026 3301 veterum
3057 3246 3169 3319 [AL
3201 3244 3443 3317 veterem]
3468 3246 3598 3319 vesci
3631 3248 3870 3319 carnibus

2285 3316 2686 3388 prtesumpserit,
2719 3334 2808 3372 sea:
2837 3316 3083 3372 mensium
3117 3319 3284 3389 spatio
3313 3316 3591 3389 retrusioni
3629 3326 3682 3370 et
3713 3316 3873 3385 paeni-

2287 3387 2456 3462 tcntia:
2470 3387 2769 3462 subjacebit.
2784 3390 2909 3443 Haec
2929 3391 3019 3443 ibi.
3040 3387 3208 3454 Atque
3229 3389 3365 3442 hanc
3380 3387 3868 3462 constitutionem,

2287 3459 2411 3512 licet
2445 3458 2773 3526 truncatum,
2806 3462 2948 3514 inter
2980 3476 3215 3515 canones
3256 3460 3434 3530 posuit
3471 3458 3771 3514 Gratianus
3810 3460 3873 3512 de

2284 3543 2585 3588 consecrat.
2615 3533 2741 3586 dist.
2770 3530 2803 3585 5
2828 3531 2978 3602 (Cap.
3010 3532 3270 3601 Carnem),
3299 3546 3459 3602 quam
3487 3532 3764 3601 integram
3791 3532 3875 3584 hic

2285 3606 2519 3656 servavit
2547 3619 2610 3657 ac
2638 3603 2817 3657 retulit
2846 3603 3190 3671 Smaragdus.

2362 3674 2420 3728 V.
2464 3675 2631 3729 Porro
2679 3673 2976 3728 notandum
3022 3674 3267 3728 eamdem
3309 3673 3763 3729 constitutionem
3810 3673 3877 3728 de

2285 3746 2608 3800 abstinentia
2632 3747 2870 3800 carnium
2902 3745 3180 3799 monachis
3210 3746 3544 3813 praescripta,
3583 3744 3762 3800 fuisse
3786 3760 3880 3814 ap-

2286 3820 2563 3886 probatam
2590 3829 2644 3872 et
2666 3819 3039 3872 ciinlirmatam
3059 3818 3125 3886 ab
3152 3815 3471 3870 Innocentio
3498 3816 3561 3870 ill
3593 3816 3874 3884 pontifice,

2286 3885 2432 3941 extra
2465 3893 2529 3943 de
2556 3899 2699 3943 statu
2729 3888 2977 3941 monach.
3011 3904 3060 3941 c.
3094 3885 3221 3949 Cum
3251 3886 3321 3940 ad
3356 3889 3756 3953 monasterium,
3788 3886 3881 3941 tibi

2286 3961 2449 4013 multa
2490 3960 2555 4013 de
2595 3960 2692 4014 hac
2722 3976 2778 4012 re
2809 3964 3041 4013 statuit:
3080 3957 3138 4010 1°
3180 3968 3233 4011 ut
3275 3960 3327 4011 in
3374 3960 3650 4030 refcctorio
3698 3960 3881 4013 nullus

2286 4032 2491 4083 omnino
2521 4046 2674 4084 carne
2701 4042 2963 4095 vescatur;
2990 4030 3053 4084 2°
3085 4046 3176 4083 nec
3204 4031 3256 4083 in
3286 4031 3591 4099 quibusdam
3619 4030 3881 4084 solemni—

2286 4102 2471 4173 tatibus
2500 4103 2655 4173 (sicut
2693 4100 2976 4173 aliquando
3019 4101 3131 4167 ﬁeri
3166 4099 3380 4173 solebat)
3418 4109 3703 4173 conuentus
3734 4112 3885 4156 exeat

2284 4185 2395 4222 cum
2423 4171 2597 4244 abbate
2620 4170 2835 4242 (scilicet
2864 4173 2925 4223 de
2949 4173 3246 4242 refectorio)
3272 4170 3447 4244 paucis
3473 4171 3543 4224 ibi
3571 4173 3799 4244 relictis,
3834 4183 3884 4225 ut

2283 4252 2423 4316 eaztra
2458 4242 2785 4316 refectorium
2815 4246 2966 4316 edant
2996 4242 3355 4316 carnes;cum
3386 4243 3491 4316 illis
3520 4242 3713 4296 diebus
3744 4259 3882 4316 pra?-

2283 4314 2431 4383 cipue
2452 4314 2708 4381 regularis
2734 4312 3007 4380 disciplina
3029 4314 3091 4365 sit
3114 4315 3393 4367 studiosius
3421 4312 3795 4382 observanda';
3824 4317 3885 4370 3°

2282 4399 2373 4453 nec
2394 4392 2537 4436 extra
2566 4384 2894 4453 refectorium
2918 4398 3058 4436 csum
3081 4386 3313 4437 carnium
3335 4385 3431 4438 sibi
3457 4385 3671 4439 credant
3700 4389 3882 4441 licere.

2283 4450 2489 4507 Debiles
2501 4450 2668 4528 autem
2685 4464 2730 4507 ct
2747 4455 2796 4505 in
2804 4454 2958 4528 firmi.
2979 4457 3364 4521 quiminutione
3386 4456 3721 4528 (sanguinis)
3741 4459 3889 4512 indi-

2281 4536 2417 4595 gent,
2451 4527 2527 4579 vel
2556 4525 2731 4593 aliqua
2762 4525 3037 4591 medicina,
3062 4542 3164 4579 non
3191 4525 3405 4581 seorsim‘
3423 4529 3475 4579 in
3506 4525 3761 4593 conteris,
3795 4530 3887 4582 sed

2282 4612 2453 4650 omnes
2481 4597 2537 4670 in
2569 4596 2913 4667 infirmitorio,
2952 4612 3064 4665 qua:
3096 4599 3380 4653 necessaria
3404 4601 3601 4670 fuerint
3634 4599 3749 4653 sibi
3783 4612 3889 4653 tam

674 4662 766 4739 IV.
804 4664 965 4739 Nune
994 4679 1063 4739 ut_
1084 4666 1151 4719 ad
1186 4665 1427 4739 (Regulus
1467 4667 1566 4724 SS.
1612 4667 1831 4722 Patrum
1871 4670 2168 4737 veniamus,
2192 4668 2255 4739 '1)
2278 4670 2331 4723 in
2362 4669 2595 4722 carnibus
2623 4662 2783 4735 quam
2822 4670 2875 4721 in
2906 4662 3045 4732 aliis,
3085 4672 3343 4738 accipiant
3385 4662 3792 4738 competenter;
3827 4670 3888 4725 ιο

600 4731 803 4809 Regula
843 4736 900 4809 ξε
942 4736 1216 4809 Pachomii
1257 4731 1324 4793 ab
1359 4740 1549 4809 angelo
1589 4740 1787 4794 dictata
1836 4752 1937 4793 art.
1991 4740 2062 4793 22
2101 4731 2174 4795 ita

599 4805 787 4882 statuit
812 4824 824 4859 :
857 4806 1045 4882 Vinum
1069 4807 1416 4882 etliquamen,
1434 4805 1632 4879 'absque
1657 4810 1766 4864 loco
1791 4815 2171 4882 cegrotantium,

601 4878 775 4952 nullus
803 4880 1030 4952 attingat
1052 4878 1214 4951 (Vide
1243 4881 1429 4952 ibidem
1456 4883 1687 4936 schalion
1713 4878 1991 4952 nostrum).
2023 4884 2176 4951 Quod

599 4949 643 5001 si
667 4949 1123 5017 liquanien'etiam
1150 4952 1374 5019 piscium
1401 4951 1510 5007 illis
1540 4956 1784 5016 vetitum,
1814 4949 1981 5007 multo
2009 4949 2177 5021 magis

598 5033 807 5073 carnes.
836 5021 893 5076 S.
929 5022 1158 5076 Basilius
1184 5024 1234 5076 in
1268 5026 1747 5081 Constitutionibus
1770 5032 2001 5079 monast.
2032 5039 2079 5079 c.
2106 5024 2176 5079 26

596 5093 729 5147 satis
759 5102 941 5162 aperte
967 5093 1164 5148 indicat
1190 5096 1431 5148 carnium
1459 5111 1609 5151 esum
1640 5096 1755 5150 suis
1781 5097 2057 5151 monachis
2088 5112 2178 5149 or-

597 5162 808 5219 dinarie
849 5164 1015 5220 fuisse
1054 5166 1303 5220 illicitum
1348 5184 1361 5218 :
1421 5166 1634 5222 licuisse
1674 5176 1850 5223 tamen
1902 5169 2167 5223 interdum

596 5233 890 5309 buccellam
924 5238 1076 5306 panis
1116 5237 1170 5291 in
1206 5239 1327 5302 jure
1355 5239 1533 5291 carnis
1565 5239 1735 5293 salitte
1764 5241 2046 5309 intingerc,
2080 5247 2172 5294 aut

600 5307 928 5371 pulmentum
960 5310 1082 5362 inde
1106 5310 1370 5376 accipere.
1403 5310 1685 5379 Siquidem,
1720 5307 2171 5378 inquitfminutis—

595 5379 781 5450 simum
808 5381 1091 5449 frustulum
1125 5380 1257 5433 illud
1296 5382 1349 5433 in
1391 5390 1493 5433 tam
1528 5396 1768 5448 magnam
1800 5398 1949 5450 aqua:
1972 5387 2171 5449 capiant

596 5449 1021 5523 autleguminum
1046 5451 1113 5523 (si
1132 5454 1206 5504 ita
1227 5468 1335 5504 sors
1363 5450 1516 5520 ferat)
1545 5454 1827 5521 conjectum
1846 5449 2169 5520 nequaquam

594 5519 842 5573 indicium
873 5519 1104 5593 cupedim
1134 5532 1239 5587 est;
1268 5524 1355 5577 sed
1383 5519 1697 5576 severissima
1723 5534 1771 5576 et
1794 5539 1903 5575 rere
1929 5519 2171 5575 dulcissi-

594 5604 678 5643 ma
703 5593 907 5662 pietatis
930 5596 1184 5646 cultorum
1213 5596 1549 5648 continentia.
1582 5598 1653 5649 ita
1684 5595 1933 5649 Basilius.
1967 5594 2169 5662 Regula

594 5661 979 5737 monachorum
1006 5666 1232 5737 apudAS.
1266 5666 1649 5737 Hieronymum
1684 5668 1824 5737 (quae
1853 5678 2027 5720 tamen
2057 5661 2167 5721 non

593 5741 679 5787 est
702 5731 1042 5792 Hieronymi.
1074 5735 1170 5789 sed
1207 5750 1275 5790 ex
1302 5731 1543 5797 eiusdem
1571 5731 1857 5796 sententiis
1892 5738 1959 5795 ab
1989 5737 2170 5804 aliquo

2280 4742 2439 4813 possit
2484 4751 2653 4795 tamen
2691 4739 2849 4793 abbas
2894 4756 2957 4794 ea:
3002 4742 3324 4814 indulgentia
3368 4743 3623 4795 interdum
3668 4743 3892 4814 aliquos

2282 4819 2523 4881 fratrum,
2546 4828 2680 4865 nunc
2709 4814 2821 4877 hos,
2841 4829 2974 4866 nunc
2996 4815 3110 4867 illos
3136 4813 3403 4874 advocare,
3433 4814 3681 4879 ipsosque
3704 4813 3890 4870 secum

2280 4885 2333 4936 in
2375 4900 2579 4936 camera
2621 4900 2716 4936 sua
2760 4885 2943 4938 melius
2981 4896 3028 4939 et
3068 4883 3264 4954 plenius
3303 4882 3563 4954 exhibere:
3604 4882 3761 4942 Hmc
3796 4888 3891 4942 ibi.

2286 4954 2483 5026 ﬂerunt
2513 4955 2641 5026 illud
2673 4970 2887 5026 quoque
2918 4952 3190 5026 sciendum
3219 4952 3894 5026 est,_quoduBenedictus

2415 5025 2653 5101 pontifex
2693 5021 2753 5080 in
2785 5021 2878 5079 sua
2910 5024 3287 5101 constitutione
3330 5021 3689 5101 Benedictina
3729 5030 3896 5101 (Cap.

2280 5094 2397 5163 26).
2429 5101 2570 5150 circa
2620 5097 2759 5153 hanc
2810 5096 3048 5152 carnium
3102 5092 3480 5147 abstinentiam
3514 5092 3902 5163 magna‘m'o-

2278 5167 2556 5221 deratione
2586 5184 2718 5222 usus
2764 5183 2916 5230 esse,
2948 5179 3170 5231 eamque
3197 5164 3349 5218 valde
3379 5166 3661 5225 mitigasse
3698 5185 3780 5227 ac
3813 5189 3904 5227 re-

2280 5240 2491 5313 laxasse
2510 5240 2742 5313 videtur,
2764 5239 2853 5313 ubi
2884 5246 2935 5289 et
2962 5234 3214 5313 [tegulam
3232 5235 3622 5313 _l).__[§e_nedicti,
3650 5248 3726 5295 et
3752 5259 3909 5313 ρι-ω-

2279 5311 2474 5365 dictam
2507 5310 2939 5364 constitutionem
2974 5306 3266 5361 itmocentii
3295 5307 3362 5361 Ill
3395 5306 3792 5377 interpretans
3831 5317 3908 5369 ita

2280 5384 2461 5435 statuit
2500 5398 2512 5435 :
2549 5383 2681 5448 Quia
2708 5382 2775 5431 ad
2806 5378 2988 5432 salutis
3018 5381 3303 5450 profectum
3334 5381 3579 5447 tenditur,
3612 5382 3662 5433 si
3697 5389 3911 5440 mode-

2278 5454 2489 5507 rationis
2522 5454 2767 5513 sobrietas
2793 5460 2841 5501 ct
2869 5451 3115 5504 modestia
3140 5450 3468 5506 observentur
3499 5467 3517 5504 :
3545 5451 3812 5513 volentes
3848 5477 3913 5512 ea

2278 5540 2393 5594 qua:
2433 5529 2565 5579 circa
2605 5537 2741 5575 esum
2765 5529 2817 5594 et
2847 5520 3204 5594 abstinentiam
3234 5525 3469 5576 carnium
3498 5520 3560 5579 Β.
3594 5522 3915 5583 Benedicti

2276 5592 2528 5667 regularis
2558 5592 2806 5667 institutio
2830 5593 3065 5659 tradidit,
3097 5605 3143 5667 et
3173 5595 3224 5647 in
3251 5596 3605 5667 constitutione
3631 5600 3766 5663 pice
3796 5618 3913 5655 me.

2276 5665 2456 5721 moria:
2486 5665 2775 5720 Innocentii
2808 5678 2978 5736 papae,
3002 5666 3156 5729 tertii,
3193 5666 3488 5733 prazdecess.
3515 5671 3726 5736 nostri,
3774 5682 3915 5727 sunt

2275 5748 2487 5800 statuta,
2540 5737 2754 5793 firmiter
2789 5734 3063 5803 observari,
3109 5737 3403 5804 statuimus,
3444 5746 3492 5791 et
3533 5734 3915 5810 ordinamus,
