4016 6202
171 256 278 332 ιιι,

788 379 1012 437 CAPUT
1056 381 1163 438 VII.

232 471 384 540 Quod
420 472 700 543 infirmitas
733 476 896 558 carnis
945 476 1224 600 maritatam
1260 475 1434 530 cordis
1471 484 1684 547 nequeat

824 563 958 616 impe
995 563 1090 600 ire.

240 658 538 718 lnllrmitas
567 661 741 718 carnis
768 661 833 718 ad
861 662 1153 733 puritatem
1185 662 1368 719 cordis
1400 678 1505 719 non
1557 663 1746 730 ofﬁcit,

635 257 724 315 DE
761 256 1247 317 CCENOBIORUM
1287 256 1528 316 INSTIT.
1571 255 1703 315 LIB.
1749 257 1812 314 ν.
1845 287 1914 300 --
1945 258 2034 317 DE
2076 257 2352 318 SPIRITU
2392 259 2961 322 GASTRIMARGL‘E.

1783 385 1837 448 Α
1861 383 1906 438 si
1935 381 2053 437 haec
2082 382 2478 449 tantummodo,
2505 399 2624 452 qua:
2656 383 2921 454 fragilitas
2948 385 3154 450 carnis,
3183 399 3290 444 non
3316 405 3437 460 qum

1857 478 2108 546 voluptas
2146 476 2344 548 exigit,
2387 484 2736 546 usurpentur.
2771 486 2796 514 ει
2829 478 3064 534 Facilius
3101 479 3334 538 vidimus
3355 483 3441 552 vi-

1863 579 2017 638 ctos,
2073 570 2164 640 qui
2205 568 2232 608 δ
2260 569 2329 624 ab
2377 571 2516 626 escis
2566 569 3060 639 corpulentioribus
3106 571 3431 638 omnimodis

1857 671 2256 733 temperarent,
2300 676 2435 731 quas
2480 660 2758 720 moderate
2795 676 2927 720 usus
2961 677 3063 734 pro
3103 665 3431 728 necessitate

1237 777 1501 835 ALARDI
1536 777 1766 834 GAZIEI
1804 775 2369 833 COMMENTARIUS.

162 869 306 940 quod
327 885 418 942 per
443 878 602 926 totum
619 888 805 930 annum
834 872 966 939 feria
989 880 1188 942 quarta,
1218 881 1267 927 et
1297 872 1380 926 die
1401 872 1623 939 sabbati,
1648 885 1692 926 et
1720 889 1752 926 a

165 942 340 1014 prima
371 941 630 1014 dominica
673 943 736 995 de
775 941 1007 1000 Adventu
1049 961 1207 1014 usque
1251 945 1320 997 ad
1363 944 1499 998 diem
1544 944 1751 998 Natalis

164 1009 400 1085 gemini,
443 1022 490 1067 et
519 1031 551 1067 α
593 1015 851 1068 dominica
891 1009 1296 1085 Septuagesimw
1335 1031 1494 1085 usque
1520 1014 1590 1068 ad
1621 1016 1752 1069 diem

163 1083 385 1158 Parma!
415 1101 588 1140 omnes
613 1088 878 1155 regulares
905 1083 1130 1158 ejusdem
1161 1088 1379 1150 ordinis,
1409 1083 1501 1140 seu
1540 1087 1750 1156 religio-

163 1154 265 1228 nis,
296 1154 359 1207 ab
386 1172 472 1209 esu
512 1154 746 1210 carnium
788 1154 976 1228 ubique
1005 1157 1314 1220 abstineant,
1351 1158 1451 1210 nisi
1481 1154 1753 1211 necessitas

160 1224 480 1298 infirmitatis
502 1245 600 1282 non
625 1229 776 1296 fictae,
808 1224 898 1298 per
918 1228 1170 1295 abbatem,
1190 1230 1272 1283 vel
1293 1230 1457 1281 alium
1481 1228 1753 1295 prwlatum

159 1297 429 1372 proprium
457 1298 595 1372 forte
610 1297 824 1372 suadeat
852 1316 968 1372 cum
991 1299 1167 1372 aliquo
1188 1301 1615 1372 dispensandum,
1643 1313 1748 1354 etc.

160 1366 241 1420 Ex
282 1366 476 1436 quibus
516 1371 788 1436 colligitur
830 1370 888 1425 1⁸
926 1366 1310 1426 Benedictinos
1351 1370 1456 1423 hoc
1508 1380 1754 1438 tempore

159 1447 358 1510 praeter
392 1440 597 1510 jejunis
639 1443 1039 1503 Ecclesiastica,
1083 1459 1188 1495 non
1231 1442 1390 1495 aliter
1420 1442 1656 1508 obligari
1687 1441 1754 1496 ad

159 1509 543 1582 abstinentiam
570 1515 840 1579 carnium,
863 1529 1022 1582 quam
1049 1511 1246 1570 diebus
1265 1520 1322 1568 et
1343 1513 1677 1580 temporibus
1701 1512 1753 1566 in

158 1579 261 1653 hac
312 1584 705 1639 constitutione
735 1579 1084 1639 Benedictina
1111 1586 1384 1653 expressis
1412 1579 1470 1638 et
1509 1585 1753 1652 prmscri-

157 1651 267 1720 ptis
296 1668 310 1704 :
338 1653 392 1706 in
433 1655 631 1723 quibus
677 1665 859 1709 tamen
907 1651 1382 1725 interdum’possit
1412 1651 1752 1722 per’abbates

157 1731 254 1776 aut
285 1725 550 1796 praelatos
577 1727 718 1794 justa
748 1741 819 1781 ex
843 1741 1004 1781 causa
1034 1725 1336 1796 dispensari
1372 1743 1384 1778 :
1414 1727 1554 1795 quod
1588 1725 1752 1780 etiam

155 1794 378 1865 monuit
415 1797 848 1865 Glossograpbus
890 1798 955 1852 ad
995 1794 1138 1852 illud
1157 1813 1277 1864 cap.
1319 1794 1615 1852 lnnOcentii
1666 1796 1748 1863 Ill,

156 1864 235 1918 ita
268 1867 606 1922 concludens
633 1864 670 1920 7:
716 1864 815 1924 Sic
841 1885 959 1938 ergo
985 1869 1156 1934 habes,
1191 1872 1379 1937 inquit,
1419 1871 1553 1936 quod
1593 1869 1751 1922 abbas

155 1944 334 2004 potest
375 1937 762 2012 dispensareAin
803 1937 1004 2012 Regula
1046 1938 1340 1993 Monachali
1391 1950 1636 2012 quantum
1682 1941 1752 1993 ad

156 2021 308 2079 esum
360 2010 620 2063 carnium.
679 2009 742 2062 2°
789 2009 1073 2079 Colligitur
1126 2013 1260 2064 hanc
1308 2011 1748 2064 consﬁtutionem

159 2078 388 2151 Regula:
418 2095 525 2134 non
556 2081 824 2147 habuisse,
856 2078 952 2136 nec
979 2082 1177 2137 habere
1199 2081 1306 2136 vim
1336 2082 1614 2151 praecepti,
1650 2097 1747 2136 nec

157 2147 406 2236 obligare
436 2151 720 2236 subureatu
751 2154 983 2214 mortali.
1015 2153 1177 2236 etiam
1208 2147 1356 2207 extra
1386 2147 1572 2208 casuin
1601 2153 1747 2234 infir-
1778 2175 1827 2236 Β

157 2220 386 2294 ιιιῑιειίε,
418 2231 474 2276 et
503 2223 636 2277 alios
667 2235 942 2294 except0s,
974 2226 1076 2278 nisi
1104 2241 1198 2294 per
1222 2234 1590 2294 contemptum
1632 2227 1748 2277 vio-

156 2289 302 2364 letur
336 2311 350 2344 :
390 2308 496 2360 quo
534 2308 664 2352 casu
703 2289 876 2349 locum
920 2295 1081 2350 habet
1105 2289 1276 2364 'ptena
1308 2297 1398 2350 illa
1426 2289 1753 2352 retrtisionis

156 2363 274 2418 sive
292 2364 742 2420 incarcerationis
762 2381 969 2420 canone
993 2368 1083 2421 illo
1107 2363 1421 2436 praescripta
1449 2365 1598 2434 (Cap.
1626 2365 1756 2420 Car-

157 2449 299 2506 nem.
347 2437 552 2506 supra).
593 2439 664 2491 lta
705 2437 902 2494 docent
949 2439 1012 2493 υ.
1058 2439 1316 2501 Thomas,
1365 2446 1420 2493 et
1468 2445 1591 2505 post
1628 2455 1752 2493 eum

157 2502 841 2583 Card:_Ttt_rrecrematus_
865 2519 933 2583 Vel.
970 2510 1070 2583 alii
1104 2509 1190 2583 (S.
1235 2509 1362 2564 Th0.
1405 2502 1637 2580 quodlib.
1687 2526 1748 2579 ι,

157 2588 270 2652 art_._
293 2577 404 2642 20;
436 2576 756 2632 Turrecrem.
790 2580 874 2634 ubi
902 2582 1102 2652 supra).

228 2648 443 2704 Verum
486 2652 751 2705 adversus
791 2648 1250 2722 praedicta'objici
1285 2660 1491 2722 posset,
1520 2661 1574 2706 et
1604 2659 1754 2708 certe

156 2721 367 2774 mirum
406 2729 492 2777 est
518 2723 577 2776 S.
611 2722 991 2793 Hildegardem
1037 2721 1192 2779 aliter
1241 2725 1481 2779 sensisse
1518 2733 1573 2779 et
1598 2739 1751 2778 esum

157 2793 389 2863 quidem
430 2794 840 2863 quadrupedum
874 2815 900 2846 ιι
931 2795 995 2849 ιι.
1028 2795 1320 2850 Benedicto
1348 2795 1573 2850 vetitum
1613 2795 1756 2850 exis-

159 2861 418 2929 timasse,
441 2861 738 2920 volatilium
770 2881 874 2919 non
896 2867 1046 2921 item.
1067 2866 1156 2922 Sic
1179 2868 1320 2920 enim
1347 2866 1435 2920 illa
1462 2866 1621 2920 verba
1647 2866 1756 2920 Be-

155 2935 298 3007 gulm
349 2935 629 3001 eXplicans
648 2977 662 3002 ,
695 2931 945 2990 Carnium
975 2955 1090 2992 esus
1120 2938 1340 3007 inﬁrmis
1371 2939 1578 2990 omnino
1607 2936 1757 2991 debi-

157 3006 402 3081 libusque
421 3023 515 3081 pro
543 3009 870 3074 reparatione
894 3006 1197 3062 concedatur
1227 3007 1379 3080 (Cap.
1402 3007 1470 3062 56
1493 3007 1752 3081 Regulae).

160 3075 403 3150 Carnes,
446 3080 652 3150 inquit,
688 3089 794 3132 tam
823 3075 1246 3150 quadrupedum,
1287 3075 1440 3148 quam
1469 3075 1756 3134 volatilium

159 3148 393 3219 intelligi
433 3149 640 3216 volens,
682 3161 728 3205 et
769 3151 944 3204 nullas
979 3148 1197 3215 carnes,
1235 3168 1365 3220 quas
1403 3151 1632 3204 homines
1671 3168 1758 3204 co-

160 3221 376 3274 medere
410 3221 609 3287 solent,
636 3223 918 3290 excipiens.
958 3224 1024 3275 At
1056 3223 1141 3277 ubi
1168 3223 1421 3276 nteliorati
1460 3223 1684 3291 fuerint,
1726 3240 1759 3277 a

161 3293 334 3344 carmb
348 3307 417 3343 us
447 3306 622 3345 omnes
653 3310 795 3347 more
822 3291 978 3347 solito
1007 3293 1294 3348 abstineant
1319 3335 1333 3359 ,
1366 3294 1555 3348 scilicet
1585 3311 1617 3346 a
1645 3310 1759 3347 car-

161 3363 301 3416 nibus
323 3363 779 3434 quadrupedum;
805 3366 928 3434 quia
958 3365 1070 3418 sani
1101 3363 1218 3418 illas
1237 3408 1251 3430 ,
1277 3376 1324 3418 et
1347 3381 1554 3418 succum
1584 3383 1759 3418 earum

164 3435 438 3488 comedere
464 3450 566 3487 non
597 3435 855 3499 solebant,
887 3437 976 3490 sed
1005 3436 1217 3506 infirmi.
1254 3435 1384 3492 Sani
1424 3452 1540 3489 vero
1581 3453 1760 3490 carnes

163 3505 461 3559 volatilium
481 3546 497 3570 ,
527 3509 771 3574 quoniam
802 3508 1006 3562 mundcc
1033 3505 1185 3570 sunt,
1219 3525 1310 3561 nec
1341 3509 1606 3562 ardentem
1638 3507 1757 3560 libi-

1857 889 1940 935 co,
1970 872 2048 926 uel
2082 882 2322 942 tempore.
2355 871 2502 926 Alter
2530 888 2708 928 eorum
2737 874 2872 928 venit
2901 874 2970 926 ad
3007 875 3218 929 domum
3250 877 3442 931 sororis

1851 960 1992 1016 suae,
2021 945 2192 1010 aitque
2213 961 2266 996 se
2286 946 2472 997 mirum
2497 945 2550 998 in
2575 947 2784 999 modum
2805 948 3017 1001 esurire.
3045 944 3202 1001 Illico
3227 965 3441 1016 respou-

1853 1014 1936 1068 det
1961 1031 2114 1088 soror
2144 1031 2378 1086 magnam
2408 1017 2505 1069 sibi
2532 1017 2748 1088 piscium
2775 1018 2977 1088 copiam
3005 1029 3274 1088 suppetere
3298 1014 3318 1072 ἐ
3347 1035 3436 1074 co-

1853 1087 2075 1160 nsederat
2121 1102 2249 1160 quos
2269 1128 2283 1147 ,
2314 1097 2362 1160 et
2391 1089 2597 1160 quando
2624 1086 2807 1160 uellet.
2849 1087 2952 1141 Ille
2977 1086 3149 1160 ,prope
3175 1090 3437 1158 indigna-

1855 1156 2060 1209 buudus
2084 1199 2098 1221 ,
2129 1158 2204 1210 ait
2232 1173 2285 1209 se
2311 1158 2550 1224 fastidire
2578 1159 2771 1224 pisces,
2801 1156 3000 1230 quibus
3021 1170 3092 1212 tot
3118 1161 3270 1212 annis
3303 1156 3434 1230 iper-

1852 1239 2006 1299 petuo
2036 1245 2158 1302 us__us
2203 1238 2366 1302 esset,
2414 1245 2504 1282 nec
2537 1232 2653 1300 jam
2695 1229 2975 1284 illis’vesci
3015 1247 3068 1285 se
3107 1247 3276 1302 posse.
3305 1229 3439 1284 Tum

1853 1296 2003 1352 soror
2031 1318 2041 1350 :
2077 1296 2190 1372 En.
2214 1299 2421 1372 inquit,
2451 1301 2504 1353 in
2533 1296 2768 1372 promptu
2797 1302 2937 1354 nobis
2967 1296 3145 1356 carnes
3173 1312 3316 1364 sunt,
3345 1303 3440 1355 ede

1853 1380 2100 1438 quantum
2127 1369 2266 1422 libet.
2289 1369 2464 1423 Jussit
2495 1387 2615 1443 ergo
2644 1369 2731 1425 ille
2759 1374 2926 1426 assari
2956 1389 3178 1426 armum.
3215 1373 3321 1426 Sed
3348 1373 3434 1425 in-

1855 1443 2001 1494 terim
2032 1452 2201 1494 tatnen
2229 1457 2393 1515 morte
2406 1443 2683 1515 impatiens
2712 1445 3026 1514 particulam
3055 1447 3167 1515 ejus
3210 1444 3364 1515 misit;
3379 1445 3435 1496 in

1853 1530 2081 1581 prunas,
2114 1523 2161 1565 et
2194 1514 2310 1566 vino
2339 1511 2525 1572 allato,
2552 1511 2864 1568 avideillam
2884 1517 2936 1568 in
2960 1532 3018 1568 os
3048 1511 3288 1582 confecit.
3313 1513 3439 1568 Mox

1852 1584 1996 1637 adest
2029 1584 2160 1636 ultio
2190 1585 2424 1638 caelestis.
2471 1584 2738 1639 Particulo
2770 1585 3058 1654 petulanter
3086 1597 3292 1652 sumpta
3322 1585 3433 1640 hat-

1852 1664 1927 1729 ret
1956 1656 2008 1729 in
2034 1664 2259 1727 gutture,
2287 1673 2379 1729 nec
2401 1656 2578 1729 glutiri
2603 1666 2797 1726 potest,
2826 1675 2917 1710 nec
2941 1658 3126 1729 rejici:
3148 1657 3440 1729 strangulat

1854 1726 2142 1800 hominem,
2174 1735 2220 1778 et
2252 1728 2384 1800 cogit
2419 1728 2674 1796 infelicem
2712 1726 3261 1800 easpirare'animam.
3294 1726 3440 1781 Alter

1853 1814 2002 1871 mane
2030 1799 2096 1850 ad
2128 1799 2292 1863 patris
2318 1800 2398 1871 sui
2427 1800 2561 1851 cedes
2589 1799 2824 1862 veniens,
2853 1808 3002 1871 rogat
3033 1815 3158 1852 num
3188 1800 3315 1871 quid
3346 1800 3440 1871 ha—

1853 1867 2038 1941 beant,
2070 1871 2209 1939 quod
2241 1870 2436 1936 possint
2464 1871 2562 1937 ipsi
2594 1872 2848 1924 edendum
2875 1867 3152 1941 apponere.
3197 1869 3310 1924 lllis
3353 1870 3436 1923 di-

1853 1940 2114 2013 cantibus,
2144 1942 2376 2013 nondum
2408 1958 2516 1994 esse
2545 1943 2728 1995 edendi
2758 1940 2987 2013 tempus,
3017 1943 3292 2013 respondet
3330 1942 3441 1994 ira-

1853 2019 1973 2066 tus:
2011 2010 2178 2064 Hem!
2208 2022 2312 2064 tota
2345 2024 2486 2064 nocte
2515 2014 2735 2080 equitavi
2757 2055 2771 2076 ,
2797 2010 3132 2080 ut’explerent
3158 2012 3295 2081 quod
3317 2015 3439 2082 jus-

1853 2099 1941 2135 sus
1967 2100 2109 2146 sum,
2139 2091 2188 2136 et
2224 2099 2309 2136 vos
2341 2085 2585 2152 jejunare
2625 2100 2703 2136 me
2743 2084 2967 2152 cogitis?
2993 2082 3188 2150 Afferte
3225 2084 3271 2136 si
3311 2083 3439 2152 quid

1852 2153 2068 2208 habetis.
2100 2155 2256 2207 Aiunt
2282 2155 2363 2206 illi
2389 2172 2442 2208 se
2468 2153 2652 2207 habere
2675 2155 2858 2222 pisces.
2884 2155 2949 2206 At
2974 2155 3128 2206 miser
3153 2155 3438 2207 acrioribus

1858 2227 2013 2278 etiam
2044 2226 2327 2278 iracundiw
2354 2225 2574 2278 stimulis
2615 2227 2838 2294 percitus
2859 2267 2874 2290 ,
2906 2232 2951 2278 et
2987 2229 3127 2294 fastu
3171 2226 3399 2277 tumidus
3420 2267 3436 2289 ,

1855 2295 1955 2348 huc
1985 2297 2109 2349 illuc
2136 2297 2429 2365 circumfert
2456 2293 2666 2361 oculos,
2700 2295 2935 2363 videtque
2973 2293 3292 2365 gallinarum
3319 2312 3438 2366 gre-

1856 2383 1966 2436 gem
1996 2370 2063 2420 ad
2087 2369 2242 2437 pedes
2268 2384 2409 2421 suos.
2457 2367 2584 2420 Mox
2611 2383 2711 2420 non
2741 2367 2850 2420 sine
2888 2371 3030 2438 furia
3057 2365 3284 2436 quadam
3302 2365 3330 2430 ,⁷
3350 2381 3439 2418 ar-

1854 2445 2000 2507 repto
2021 2440 2228 2502 baculo,
2253 2454 2410 2492 unam
2435 2455 2498 2493 ea:
2521 2441 2621 2504 eis,
2651 2454 2764 2508 qua:
2783 2439 2831 2491 ei
2853 2439 3105 2492 arrideret
3123 2478 3137 2501 ,
3162 2440 3434 2508 percussit,

1858 2524 2044 2580 oreque
2083 2509 2260 2563 rabido
2285 2526 2303 2563 :
2338 2509 2464 2563 Ilazc
2491 2510 2654 2574 mihi,
2693 2510 2892 2580 inquit,
2926 2508 3081 2562 modo
3122 2508 3278 2576 piscis
3318 2509 3435 2562 erit.

1861 2579 1963 2646 Qui
1997 2593 2119 2635 tunc
2145 2581 2252 2634 illic
2277 2582 2494 2634 aderant
2511 2622 2528 2644 ,
2557 2598 2657 2634 non
2684 2579 2794 2634 sine
2814 2583 3003 2634 rubore
3029 2580 3171 2632 aiunt
3197 2579 3264 2631 ad
3286 2594 3437 2634 eum:

1859 2649 2119 2705 Fortassis
2163 2653 2279 2705 licet
2318 2653 2441 2714 tibi,
2484 2651 2664 2717 Pater,
2707 2653 2838 2705 vesci
2879 2650 3160 2704 carnibus?
3204 2651 3265 2703 At
3309 2648 3440 2704 ille:

1865 2721 2141 2788 Volatilia,
2175 2723 2370 2793 inquit,
2402 2740 2503 2776 non
2544 2732 2661 2777 sunt
2698 2739 2838 2775 caro.
2875 2721 3046 2793 Unam
3083 2723 3217 2775 enim
3254 2720 3440 2774 habent

1858 2809 1976 2847 cum
2003 2792 2541 2864 piscibusoriginem,
2576 2795 2815 2862 parisque
2843 2810 2959 2846 cum
2987 2792 3096 2847 illis
3134 2793 3439 2864 conditionis

1857 2875 1976 2917 sunt
1999 2863 2017 2929 ζ
2045 2867 2174 2917 sicut
2202 2865 2348 2917 habet
2375 2865 2585 2932 quidam
2610 2864 2831 2935 hymnus
2860 2874 3051 2917 noster.
3083 2864 3161 2917 Ad
3191 2863 3300 2917 hatc
3326 2866 3440 2934 ejus

1857 2936 2006 2988 verba
2027 2937 2382 2988 conticuerunt
2403 2953 2598 2991 omnes.
2624 2935 2821 2988 Deinde
2842 2935 3081 3004 apposita
3106 2944 3179 2989 est
3207 2935 3286 2988 itli
3314 2951 3433 2988 assa

1858 3006 2058 3079 gallina
2082 3048 2096 3071 ,
2129 3023 2192 3059 ea:
2219 3023 2319 3072 qua
2347 3023 2461 3079 cum
2489 3006 2782 3060 morsellum
2824 3007 3147 3079 accepisset,
3192 3022 3309 3060 eum
3349 3023 3440 3060 nec

1860 3077 2097 3146 trajicere
2123 3079 2174 3131 in
2203 3077 2544 3144 stomachum,
2579 3095 2668 3131 nec
2694 3092 2942 3144 exspuere
2968 3078 3159 3147 potuit,
3185 3089 3389 3146 repente
3415 3096 3442 3132 e

1859 3151 2028 3203 medio
2053 3149 2308 3202 sublatus.
2336 3149 2425 3204 Sic
2448 3150 2544 3204 ibi.
2569 3150 2635 3204 Et
2656 3150 2758 3204 hoc
2782 3151 2920 3204 idem
2945 3150 3249 3217 exemplum
3275 3149 3443 3204 refert

1860 3220 2051 3276 Petrus
2083 3219 2454 3276 Cluniacensis
2483 3221 2579 3276 lib.
2601 3237 2656 3276 vi
2687 3223 2846 3290 epist.
2875 3222 2960 3279 l7.
2986 3215 3076 3274 ubi
3098 3215 3164 3275 ex
3195 3219 3442 3291 professo

1860 3293 2053 3361 probat
2083 3292 2330 3346 carnium
2363 3307 2513 3347 esum
2553 3293 2836 3361 multiplici
2868 3292 3080 3348 ratione
3110 3292 3440 3346 Cluniacen-

1863 3364 2010 3417 sibus
2050 3363 2356 3419 inhibitum.
2391 3362 2631 3419 Tertium
2671 3365 3007 3433 exemplum,
3049 3363 3192 3434 quod
3226 3377 3331 3416 non
3371 3363 3437 3415 ad

1862 3436 2141 3515 carnium,
2173 3436 2281 3515 sed
2313 3435 2392 3515 _ad
2439 3437 2545 3515 vini
2591 3437 2980 3515 abstinentiam
3026 3442 3266 3515 spectat,
3320 3449 3441 3500 qua:

1866 3509 2029 3560 certis
2078 3506 2269 3561 diebus
2313 3507 2365 3560 in
2411 3507 2728 3577 quibusdam
2779 3506 3118 3577 monasteriis
3158 3516 3436 3577 servatur,

167 3576 330 3631 dinem
377 3569 758 3647 comedentibus
788 3580 1011 3647 inferunt
1036 3620 1052 3644 ,
1093 3569 1497 3633 manducabant.
1541 3578 1606 3632 Et
1637 3594 1760 3632 rur-
1788 3569 1834 3634 C
1864 3577 1988 3632 vide
2029 3577 2170 3646 apud
2207 3569 2442 3633 Petrum'
2468 3578 2714 3634 Damiani
2755 3577 2848 3633 lib.
2879 3592 2932 3631 vt
2960 3576 3124 3645 epist.
3153 3573 3245 3631 52.
3275 3577 3343 3628 At
3371 3577 3441 3628 de

167 3660 253 3701 sus
280 3648 434 3702 infra
456 3688 472 3713 ,
503 3645 750 3702 Carnium
777 3645 1170 3719 quadrupedum
1202 3651 1408 3702 omnino
1436 3649 1497 3702 ab
1525 3649 1762 3702 omnibus

167 3719 498 3793 abstineatur
523 3724 763 3773 comestio
792 3719 957 3793 (Cap.
987 3722 1053 3775 59
1075 3723 1114 3790 ).
1144 3719 1509 3793 Ubi,__inquit,
1537 3721 1603 3793 de
1621 3719 1760 3772 vola-

168 3787 334 3844 tilibus
377 3791 577 3856 reticet,
602 3787 842 3857 quoniam
868 3787 1228 3845 comesti'onem
1249 3789 1460 3844 illorum
1489 3790 1631 3842 sanis
1662 3807 1763 3843 non

168 3860 455 3915 interdicit.
501 3860 640 3915 Nam
671 3863 806 3916 idem
838 3861 1020 3925 Pater,
1052 3864 1174 3930 quia
1204 3869 1430 3931 tempore
1454 3878 1548 3913 suo
1578 3877 1760 3914 mona-

171 3931 388 3988 chorum
426 3937 746 3988 conversatio
783 3935 929 3987 rudis
970 3945 1014 3987 et
1046 3931 1217 3985 adhuc
1245 3934 1350 4002 fere
1378 3932 1588 3984 insolita
1616 3942 1760 3999 erat,

172 4017 313 4072 esum
354 4006 599 4058 carnium
636 4006 762 4070 ipsis
801 4021 895 4072 per
932 4005 1107 4059 omnia
1145 4000 1451 4057 interdicere
1480 4003 1758 4058 devitabat.

177 4069 323 4130 Unde
363 4085 419 4127 ut
461 4091 604 4129 esum
642 4069 936 4129 uoluti-lium
978 4085 1264 4138 uterentur,
1306 4074 1379 4126 eis
1419 4073 1758 4139 permittebat.

175 4143 300 4199 Hinc
327 4147 700 4215 Hildegardis.
721 4147 925 4215 Quibus
949 4156 1127 4200 tamen
1156 4162 1260 4199 non
1287 4145 1624 4199 obstantibus
1648 4161 1766 4199 cer-

176 4224 290 4268 tum
323 4226 408 4275 est
438 4219 719 4272 diversam
761 4234 1095 4272 summorum
1131 4217 1438 4284 pontilicum
1461 4257 1476 4280 ,
1508 4216 1764 4270 aliorum-

175 4301 282 4354 que
303 4287 402 4344 SS.
426 4288 647 4342 Patrum
664 4332 679 4353 ,
708 4299 758 4341 et
787 4289 1003 4359 Regulae
1029 4289 1384 4354 interpretum
1410 4289 1758 4354 sententiam,

176 4364 232 4411 et
259 4364 642 4414 anetoritatem
671 4359 869 4415 debere
903 4361 1344 4429 praeponderare,
1378 4359 1472 4428 qui
1503 4359 1760 4427 Regulam

175 4441 240 4482 ac
270 4441 510 4484 mentem
539 4430 602 4483 D.
635 4430 912 4484 Benedicti
944 4434 1023 4486 sic
1062 4432 1471 4495 intellexerunt,
1514 4438 1572 4482 ut
1610 4444 1762 4483 esum

176 4501 426 4554 carnium
455 4511 562 4556 tam
593 4503 894 4556 volatilium
925 4518 1086 4571 quam
1111 4500 1525 4572 quadrupedum
1555 4501 1766 4567 simpli-

176 4572 314 4642 citer
341 4572 412 4627 ab
440 4573 558 4642 ipso
589 4573 921 4642 prohibitum
952 4573 1411 4636 interpretentur:
1442 4581 1496 4623 ut
1526 4580 1672 4638 patet
1697 4587 1764 4624 ex

180 4639 348 4694 dictis
374 4639 634 4717 :_et_usus
673 4645 791 4714 ipse
831 4644 960 4717 (qui
1002 4644 1238 4713 Optimus
1277 4643 1456 4717 legum
1496 4644 1765 4717 interpres

181 4724 308 4783 esse
339 4713 510 4779 solet)
539 4730 601 4769 ac
639 4712 1313 4783 praxis'monasteriorum
1357 4712 1516 4779 hujus
1553 4712 1764 4766 ordinis

179 4780 330 4855 idem
361 4780 672 4855 confirmat.
721 4787 855 4841 Vide
894 4786 960 4840 de
1000 4785 1080 4839 his
1118 4785 1392 4855 insignem,
1428 4783 1762 4855 natationem

176 4850 373 4908 Jacobi
402 4853 469 4908 du
498 4854 657 4912 Breul
676 4898 691 4920 ,
721 4856 974 4912 monachi
1008 4857 1066 4911 S.
1095 4850 1346 4913 Germani
1381 4853 1665 4918 Parisien.,
1695 4854 1762 4907 ad

176 4923 274 4978 lib.
311 4940 343 4976 v
371 4925 605 4982 Aimonii
639 4928 707 4983 de
737 4929 918 4983 Gestis
941 4926 1267 4982 Francorum
1308 4941 1428 4996 cap.
1461 4923 1545 4991 10,
1575 4927 1664 4980 ubi
1705 4924 1762 4980 in

177 5003 470 5068 utramque
496 5008 702 5066 partem
733 4999 890 5053 aﬂ'ert
919 5010 1252 5068 argumenta.

256 5065 598 5123 l‘andembic
610 5071 884 5124 coronidis
904 5065 1020 5124 loco
1039 5071 1318 5140 subjiciam
1340 5070 1567 5139 paucula
1581 5084 1764 5124 exem-

178 5137 264 5205 pla
301 5141 664 5207 quorumdam
705 5141 1092 5195 moaachorum
1139 5137 1230 5208 qui
1266 5137 1357 5194 ob'
1391 5150 1758 5208 contemptum

178 5220 231 5263 et
257 5210 611 5268 violationem
639 5213 899 5279 regularis
917 5211 1257 5267 abstinentiae
1288 5220 1397 5263 tum
1426 5227 1455 5264 a
1481 5211 1757 5278 carnibus,

178 5290 289 5333 tum
323 5297 354 5335 a
384 5284 541 5346 vino,
574 5298 795 5352 gravem
838 5281 1326 5336 animadversionis
1352 5281 1546 5337 divinae
1578 5283 1758 5336 vindi-

179 5358 316 5404 ctam
360 5353 745 5418 incurrerunt;
793 5363 847 5407 ut
879 5353 963 5407 his
1001 5353 1241 5409 deterriti
1285 5352 1588 5420 religiosius
1637 5367 1755 5407 eam

177 5421 554 5478 observemus.
592 5425 653 5480 Β.
682 5424 798 5479 Odo
826 5431 1030 5493 primus
1059 5425 1225 5478 abbas
1251 5421 1620 5476 Cluniacensis
1651 5424 1758 5478 duo

177 5507 366 5549 revera
394 5497 658 5551 terribilia
680 5496 872 5551 Joanni
897 5495 1161 5561 discipulo
1187 5509 1307 5557 suo,
1336 5494 1424 5560 qui
1449 5497 1567 5560 ejus
1595 5493 1759 5548 vitam

179 5568 545 5632 conscripsit,
581 5569 833 5633 exempla
862 5567 1045 5620 retulit
1076 5571 1128 5620 in
1161 5569 1300 5619 hunc
1334 5565 1554 5633 modum
1583 5564 1759 5631 (Apud

180 5634 398 5691 Surium
419 5649 537 5692 tam.
567 5638 658 5704 Vl,
690 5632 758 5692 18
785 5637 1056 5704 Novemb.,
1083 5639 1172 5692 lib.
1204 5653 1258 5692 ιιι
1281 5635 1411 5689 Vita!
1435 5634 1497 5688 Β.
1521 5632 1761 5687 0dilonis

183 5709 395 5779 capi).
419 5707 519 5762 Per
537 5710 634 5763 hos
659 5710 800 5770 dies,
828 5709 1026 5778 inquit,
1052 5711 1153 5762 duo
1175 5711 1356 5778 fratres
1381 5710 1657 5779 admodum
1683 5723 1761 5779 re-

183 5774 395 5845 pentina
414 5783 654 5838 exstincti
681 5790 840 5836 morte
869 5774 1018 5848 sunt,
1047 5798 1148 5838 non
1175 5774 1346 5835 tamen
1373 5778 1549 5834 eodem
1579 5774 1657 5830 uel
1688 5776 1762 5840 lo-

1865 3648 1948 3703 his
1981 3651 2240 3704 hactenus
2265 3651 2418 3706 satis.

1937 3728 1963 3756 ι
2011 3720 2225 3789 Vielos,
2272 3735 2379 3775 non
2422 3719 2605 3784 viros;
2649 3727 2708 3772 ut
2746 3716 2913 3789 aliqui
2958 3716 3178 3784 legunt,
3221 3724 3439 3789 contra-

1864 3791 2036 3858 riam,
2071 3802 2161 3844 aut
2203 3787 2358 3858 plane
2397 3790 2662 3844 diversam
2709 3788 2997 3843 reddentes
3039 3787 3438 3858 sententiamha

1865 3855 2046 3918 mente
2083 3855 2319 3915 auctoris
2362 3861 2618 3914 alienam.
2659 3858 2801 3912 Nihil
2841 3858 2984 3912 enim
3025 3856 3170 3910 aliud
3202 3857 3322 3910 vult
3351 3855 3439 3910 di-

1865 3947 2022 3995 ctare.
2057 3949 2214 4002 quam
2259 3931 2470 3986 facilius
2498 3945 2528 3983 a
2561 3931 2858 4002 tentatione
2899 3927 3146 4002 superari
3187 3928 3440 4002 eos,_qui

1865 4019 1894 4055 a
1944 3999 2098 4070 cibis,
2130 4020 2236 4058 non
2280 4001 2742 4072 opulentioribus,
2793 4011 2851 4055 ut
2899 4000 2951 4054 in
2992 3999 3228 4072 editione
3274 4000 3437 4072 etiam

1867 4075 2208 4130 Plautiniana
2244 4070 2525 4144 perperam
2557 4073 2772 4142 legitur,
2801 4073 2896 4127 sed
2921 4070 3436 4144 corpulentioribus,

1867 4157 1926 4201 ut
1956 4157 2100 4202 recte
2129 4141 2433 4200 emendavit
2458 4141 2773 4210 Ciaconius,
2805 4143 2858 4198 id
2886 4155 3000 4210 est,
3035 4141 3260 4211 majoris
3289 4145 3439 4197 succi

1866 4229 1923 4273 et
1956 4220 2304 4282 nutrimenti,
2336 4218 2635 4280 abstinent,
2681 4231 2838 4283 quam
2885 4216 2973 4284 qui
3023 4213 3076 4268 in
3117 4228 3309 4268 eorum
3338 4228 3440 4267 usu

1867 4290 2104 4344 debitum
2139 4290 2358 4343 modum
2405 4297 2460 4342 et
2511 4302 2818 4341 mensuram
2851 4287 3178 4349 observant,
3207 4284 3294 4338 vel
3325 4299 3441 4340 mo-

1865 4359 2054 4414 derate
2083 4360 2218 4413 cibis
2247 4359 2521 4414 consuetis
2547 4368 2602 4413 et
2628 4360 2901 4413 concessis
2930 4349 3177 4412 utuntur.

1938 4429 1965 4468 δ
1995 4434 2186 4498 Aptius
2215 4431 2522 4499 epitheton,
2568 4445 2728 4500 quam
2759 4428 3225 4500 cpulentioribns,
3258 4436 3317 4482 ut
3344 4426 3441 4500 ha-

1866 4501 1994 4555 bent
2035 4498 2273 4568 Dionysii
2322 4511 2379 4556 et
2433 4501 2523 4554 alii
2558 4498 2796 4570 plerique
2824 4501 3060 4554 Codices.
3103 4498 3236 4553 Nam
3267 4507 3322 4570 et
3351 4499 3432 4553 in-

1866 4572 2036 4626 ferius
2067 4572 2188 4625 aliis
2206 4576 2427 4627 vocibus
2448 4568 2766 4643 synonymis
2782 4571 3032 4627 dicuntur
3049 4568 3440 4625 esculentiores

1867 4643 1994 4696 cibi.
2023 4644 2186 4698 Cibos
2217 4657 2397 4700 autem
2441 4642 2829 4698 eéculeutiores
2872 4657 2968 4696 seu
3006 4642 3440 4710 corpulentiores

1867 4728 2020 4768 escas
2047 4724 2242 4768 vocant
2270 4716 2461 4770 medici
2483 4757 2496 4775 ,
2522 4717 2612 4784 qui
2641 4717 2761 4784 plus
2784 4714 2983 4769 habent
3001 4712 3242 4766 alimenti
3258 4716 3438 4784 ,grati

1867 4785 2107 4860 saporis,
2126 4797 2202 4860 _et
2232 4788 2478 4860 melioris
2510 4782 2678 4841 succi.
2713 4785 2787 4860 De
2816 4787 3010 4860 quibus
3039 4782 3440 4860 schola_Saler-

1868 4858 2069 4912 nitana.
2115 4853 2563 4926 Corpulentiores
2607 4853 2859 4926 quidem,
2908 4856 3030 4925 quia
3071 4855 3193 4924 plus
3237 4853 3440 4926 habent

1869 4943 2144 4996 corporea
2173 4924 2510 4983 substantias.
2559 4924 2990 4991 Esculentiores,
3021 4924 3437 4996 quiaﬁesuiiap-

1871 4995 2060 5066 tiores,
2089 5009 2145 5053 et
2173 5004 2351 5064 palato
2378 5001 2664 5066 gratiores.
2688 5008 2780 5050 aut
2806 4998 3106 5050 stomacho.
3135 4995 3284 5052 Unde
3305 4995 3439 5050 Ter-

1868 5071 2125 5123 tullianns
2151 5070 2219 5121 de
2258 5069 2476 5121 cibariis
2513 5069 2772 5136 loquens,
2818 5069 3052 5137 gratiora
3092 5075 3152 5137 et
3187 5066 3436 5122 esculen-

1867 5141 2009 5194 tiora
2036 5140 2314 5205 conjungit
2341 5137 2478 5206 (Lib.
2510 5139 2571 5191 de
2601 5136 2891 5206 Jejunioc.
2923 5137 3012 5206 5).
3046 5137 3113 5190 Et
3142 5136 3208 5192 D.
3240 5137 3436 5192 Hiero-

1865 5223 2060 5279 nymus
2105 5211 2155 5262 in
2187 5209 2424 5279 epistola
2446 5208 2511 5260 ad
2545 5207 2936 5279 EuStochium;
2981 5209 3022 5279 Α
3055 5209 3174 5261 vino
3207 5218 3254 5279 et
3291 5223 3438 5279 escu-

1866 5277 2163 5333 lentioribus
2202 5277 2325 5332 cibis
2374 5277 2642 5332 abstinere.
2686 5278 2880 5330 Cicero
2927 5277 3118 5332 itidem
3171 5277 3437 5344 adjective

1863 5354 2029 5405 sumit
2056 5353 2363 5416 esculenta,
2393 5352 2518 5404 dum
2552 5350 2658 5404 ait:
2691 5346 2900 5419 Eligere
2927 5364 2990 5400 ea:
3028 5349 3090 5401 iis
3113 5388 3127 5410 ,
3159 5363 3273 5415 qua:
3301 5357 3435 5419 _s_unt

1865 5422 2124 5476 esculenta
2142 5422 2283 5490 (Lib.
2302 5440 2336 5477 ιι
2353 5422 2415 5476 de
2435 5420 2562 5477 Nat.
2582 5417 2859 5486 Deor.),‘id
2881 5429 2982 5484 est,
3007 5419 3284 5490 esuiapta.
3301 5417 3436 5473 Hinc

1865 5487 2254 5564 proverbium:
2292 5495 2482 5547 Omnia
2525 5492 2783 5548 esculenta
2826 5490 3060 5564 obsessis.
3108 5489 3159 5564 E_
3185 5487 3432 5564 _Gr_:eco:

1868 5559 2064 5642 ᾆπαντα
2083 5567 2260 5642 βρωτᾴ
2285 5574 2398 5626 τοῖς
2426 5560 3048 5642 πρλιορκουμένοιςηίιυοιι
3079 5559 3234 5641 valde
3262 5559 3434 5642 farno-

1869 5637 1984 5692 licis
2016 5631 2278 5691 et'i'nedia
2309 5639 2506 5704 pressis
2527 5679 2540 5705 ,
2570 5631 2628 5693 'ut
2654 5631 2832 5693 sulent
2858 5631 2948 5687 diu
2977 5631 3217 5700 obsessi,
3254 5631 3434 5696 nullus

1867 5723 1973 5764 non
2003 5712 2183 5765 suavis
2212 5707 2284 5764 sit
2308 5707 2482 5763 cibus.
