3994 6202
586 285 689 342 225

1906 286 2185 343 JOANNIS
2222 286 2535 344 CASSIANI

3736 294 3853 356 224

587 397 869 464 concedit,
903 406 958 453 et
985 398 1075 469 qui
1108 407 1278 453 totum
1310 398 1413 452 sibi
1454 412 1551 467 pro
1592 397 1939 453 continentia
1979 411 2169 453 amore
2192 403 2247 463 Α
2271 398 2347 451 nis
2380 415 2557 451 curam
2587 415 2650 454 ne
2680 401 2902 469 feceritis
2931 401 2983 454 in
3015 401 3286 455 desideriis
3315 399 3509 475 (Rom.
3533 416 3630 459 xm
3646 401 3692 477 ).
3720 403 3839 461 Non

586 492 953 560 denegarent;
1005 506 1166 561 quam
1210 490 1301 561 qui
1344 505 1437 545 eas
1483 491 1583 545 sub
1627 490 1955 544 inﬁrmitatis
1997 505 2162 545 occa-

584 581 740 636 sione
769 592 1048 636 sumentes
1090 596 1397 635 mensuram
1434 580 1769 635 sufﬁcientia
1806 580 2159 635 custodirent.

588 673 764 728 Habet
804 674 965 728 etiam
1008 673 1255 743 corporis
1294 672 1643 727 imbecillitas
1673 673 2019 727 continentia:
2049 686 2163 725 sua

586 765 855 833 palmam,
899 764 1195 819 dummodo
1233 766 1371 819 escis
1410 764 1700 820 defectioni
1729 766 1905 820 carnis
1942 764 2163 820 indultis

583 856 765 911 adhuc
794 856 1130 926 indigentem
1161 871 1221 911 se
1252 857 1550 913 refectione
1576 857 1889 923 defraudet,
1924 868 2164 911 tantum-

582 965 685 1018 que
725 964 851 1004 esus
892 950 1201 1018 indulgeat,
1244 960 1501 1019 quantum
1545 950 1796 1005 sufﬁcere
1836 950 1901 1004 ad
1945 948 2161 1005 vivendi

584 1056 740 1096 usum
774 1042 1149 1109 temperantia
1182 1042 1440 1096 discretio
1472 1040 1642 1111 rigida
1662 1040 2017 1110 judicaverit,
2050 1055 2161 1094 non

582 1143 845 1202 quantum
875 1132 1129 1187 desiderii
1161 1133 1436 1201 appetitus
1463 1132 1733 1201 exposcit.
1758 1133 2163 1189 Esoulentiores

581 1226 689 1280 cibi
738 1235 794 1280 ut
837 1234 1135 1295 procurant
1164 1226 1409 1295 corporis
1438 1226 1725 1280 sanitatem
1746 1264 1761 1290 ,
1792 1226 1865 1279 ita
1895 1226 2163 1281 castitatis

582 1332 690 1371 non
731 1316 977 1371 adimunt
1020 1316 1349 1387 puritatem,
1394 1318 1437 1372 si
1483 1332 1606 1372 cum
1651 1316 2025 1372 moderatione
2072 1331 2163 1371 su-

583 1420 818 1464 mantur.
843 1410 1113 1480 Quidquid
1140 1410 1284 1465 enim
1309 1409 1641 1466 fortitudinis
1664 1424 1827 1465 causa
1854 1425 1950 1465 esu
1974 1424 2161 1465 eorum

588 1504 903 1572 percipitur,
937 1503 1278 1572 aegritudinis
1316 1504 1502 1559 labore
1530 1519 1595 1558 ac
1623 1502 1930 1559 defectione
1959 1518 2158 1558 consu-

584 1597 764 1649 mitur.
792 1595 1153 1661 Quamobrem
1176 1605 1239 1649 ut
1264 1598 1395 1650 nulli
1424 1595 1590 1651 statui
1615 1596 1786 1650 virtus
1814 1596 2161 1665 parcimonia

583 1688 858 1755 adimitur,
908 1690 979 1743 ita
1024 1704 1091 1743 ne
1134 1689 1463 1758 integritatis
1503 1688 1720 1758 quidem
1767 1689 2159 1744 consummatio

584 1781 897 1850 denegatur.

1176 1851 1402 1908 CAPUT
1440 1850 1573 1906 Vlll.

756 1945 1023 2011 Quomodo
1051 1945 1219 1999 cibum
1244 1956 1481 2015 appetere
1508 1960 1569 1998 ac
1596 1960 1799 1998 sumere
1827 1945 1997 1999 liceat.

661 2060 950 2114 Verissima
998 2071 1080 2115 est
1128 2062 1308 2130 itaque
1354 2061 1612 2123 Patrum,
1674 2059 2161 2128 probatissimaque

583 2157 851 2208 sententia
883 2196 897 2221 ,
948 2154 1276 2223 ieiuniorum
1331 2164 1384 2209 et
1432 2154 1781 2210 continentia
1835 2151 2053 2207 modum
2105 2152 2158 2205 in

583 2260 835 2299 mensura
865 2246 1146 2315 parcitatis
1178 2255 1423 2311 tantum,
1467 2254 1523 2301 et
1559 2244 1912 2314 castigatione
1950 2244 2162 2298 consis-

583 2346 734 2402 tere,
776 2346 829 2393 et
875 2338 1017 2392 hunc
1060 2353 1181 2393 esse
1227 2340 1478 2407 perfecta
1520 2338 1733 2392 virtutis
1778 2337 1834 2391 in
1874 2350 2162 2391 commune

582 2430 832 2485 omnibus
860 2430 1021 2484 finem
1044 2470 1060 2494 ,
1092 2440 1152 2483 ut
1191 2430 1259 2483 ab
1297 2430 1468 2495 escis,
1513 2445 1646 2499 quas
1690 2444 1903 2484 sumere
1942 2438 2162 2484 susten-

585 2520 730 2574 tandi
775 2522 1021 2589 corporis
1067 2520 1395 2575 necessitate
1438 2521 1841 2590 compellimur,
1882 2520 2060 2575 adhuc
2105 2521 2160 2574 in

583 2614 825 2683 appetitu
868 2629 1052 2669 earum
1097 2614 1257 2683 positi
1299 2624 1686 2682 temperemus.
1730 2613 1987 2681 Quamvis
2015 2616 2161 2667 enim

582 2710 705 2777 quis
770 2722 999 2777 corpore
1068 2709 1137 2761 sit
1200 2707 1481 2774 inﬁrmus,
1539 2706 1833 2777 perfectam
1907 2706 2161 2760 virtutem

584 2818 899 2871 aquamque
929 2802 1162 2857 robustis
1193 2816 1256 2856 ac
1285 2800 1432 2855 sanis
1455 2802 1507 2855 in
1530 2800 1779 2855 omnibus
1818 2798 2153 2870 possidebit,

586 2897 629 2950 si
659 2896 960 2961 desideria,
992 2911 1112 2965 qua
1139 2894 1399 2965 fragilitas
1425 2894 1604 2947 carnis
1630 2908 1739 2947 non
1772 2894 1973 2961 exigit,
2005 2906 2158 2946 men-

560 3032 561 3035 η
586 2989 655 3043 tis
685 2989 864 3059 rigore
890 2988 1134 3060 castiget.
1169 2988 1462 3058 Apostolus
1490 3000 1723 3056 namque
1747 2986 1853 3039 ait:
1882 2983 1952 3037 Et
1978 2993 2005 3021 ι
2035 3000 2154 3037 car-

2270 504 2399 558 ergo
2443 504 2622 545 curam
2670 491 2793 559 ejus
2825 492 3147 547 omnimodis
3190 491 3501 558 interdixit,
3541 494 3636 549 sed
3686 505 3742 550 ut
3782 496 3835 550 in

2264 580 2549 636 desideriis
2604 584 2787 648 ﬁeret,
2838 583 3140 653 denegavit.
3194 584 3581 653 Voluptuosam
3629 586 3833 642 ademit

2266 672 2600 742 diligentiam
2646 676 2865 741 carnis,
2912 675 3365 745 gubernationem
3414 678 3541 732 vita:
3587 693 3833 734 necessa-

2265 766 2398 819 riam
2430 781 2535 820 non
2564 766 2791 821 exclusit
2819 783 2834 822 :
2865 768 2996 822 illud
3018 809 3034 835 ,
3065 784 3133 824 ne
3174 769 3501 839 indulgentia
3540 773 3720 828 carnis
3756 775 3825 829 ad

2265 858 2656 913 desideriorum
2685 861 3068 929 occupationes
3096 862 3285 917 noxias
3312 862 3695 931 devolvamur;
3726 864 3829 921 hoc

2266 964 2428 1015 vero,
2471 965 2539 1004 ne
2576 960 2890 1019 corruptum
2932 961 3117 1007 n05tro
3162 954 3291 1009 vitio
3333 968 3530 1024 corpus
3567 956 3834 1026 spiritales

2264 1056 2327 1097 ac
2352 1042 2681 1097 necessarias
2710 1042 3013 1099 functiones
3040 1044 3275 1115 implere
3303 1060 3410 1102 non
3446 1048 3630 1118 possit.

2881 1203 3109 1261 CAPUT
3148 1204 3221 1259 IX

2263 1314 2343 1371 De
2359 1331 2596 1371 mensura
2620 1317 3013 1402 castigationum
3041 1318 3490 1401 assumendarum,
3513 1322 3836 1392 remedioque

2924 1405 3138 1460 Jejumt.

2332 1507 2555 1563 Summa
2584 1508 2744 1579 igitur
2769 1508 3120 1564 continentia
3159 1522 3270 1564 non
3299 1508 3415 1563 sola
3446 1510 3704 1580 temporis
3744 1527 3833 1565 ra-

2264 1598 2440 1665 tione,
2469 1616 2569 1656 nec
2593 1616 2840 1656 escarum
2870 1601 3131 1671 qualitate
3157 1600 3555 1671 tantummodo,
3585 1602 3680 1657 sed
3707 1614 3834 1658 ante

2262 1692 2441 1745 omnia
2470 1692 2816 1746 conscientia
2842 1691 3044 1761 judicio
3072 1691 3381 1761 colligenda
3413 1699 3517 1746 est.
3549 1690 3575 1729 δ
3604 1692 3836 1748 Tantum

2191 1787 2240 1847 B
2268 1784 2407 1838 enim
2438 1783 2597 1838 debet
2650 1785 3026 1854 unusquisque
3056 1783 3159 1838 sibi
3202 1782 3524 1854 frugalitatis
3562 1783 3833 1849 indicere,

2263 1885 2522 1945 quantum
2570 1891 2849 1945 corporea
2902 1875 3289 1931 obluctationis
3337 1890 3513 1945 pugna
3569 1876 3833 1946 deposcit.

2264 1968 2424 2024 Utilis
2462 1969 2680 2038 quidem
2721 1978 2775 2023 et
2815 1968 3141 2024 omnimodis
3180 1968 3516 2024 observanda
3553 1978 3635 2024 est
3670 1984 3837 2024 cano-

2265 2064 2383 2117 nica
2411 2062 2736 2132 jejuniorum
2768 2062 3046 2127 custodia;
3079 2061 3177 2118 sed
3206 2062 3311 2117 nisi
3343 2062 3479 2117 hanc
3506 2061 3644 2133 frugi
3674 2060 3837 2117 fuerit

2264 2153 2506 2208 ciborum
2534 2153 2760 2209 refectio
2789 2154 3114 2217 subsecuta,
3156 2153 3223 2207 ad
3264 2152 3592 2223 integritatis
3633 2153 3837 2207 calcem

2269 2261 2376 2301 non
2409 2247 2602 2315 poterit
2637 2246 2941 2316 pervenire.
2982 2246 3293 2316 Longorum
3339 2260 3569 2316 namque
3602 2245 3840 2315 jejunio-

2264 2353 2382 2391 rum
2407 2337 2605 2405 inedia,
2634 2338 2912 2391 saturitate
2939 2338 3185 2406 corporis
3206 2336 3588 2406 subsequente,
3619 2338 3839 2392 lassitu-

2264 2429 2447 2485 dinem
2473 2430 2659 2499 potius
2690 2429 3040 2497 temporalem
3060 2469 3077 2495 ,
3108 2444 3271 2498 quam
3299 2428 3587 2499 puritatem
3615 2430 3832 2483 castita-

2268 2521 2333 2575 tis
2355 2521 2605 2591 acquirit.
2629 2519 2921 2589 Integritas
2942 2520 3142 2590 quippe
3162 2520 3356 2575 mentis
3377 2520 3581 2574 ventris
3602 2519 3841 2575 coharet

2266 2612 2480 2667 inedia.
2505 2610 2619 2665 Non
2644 2611 2807 2666 habet
2831 2620 3144 2680 perpetuam
3164 2610 3504 2666 castimonia
3526 2610 3836 2681 puritatem,

2265 2705 2506 2775 quisquis
2534 2720 2639 2759 non
2666 2704 2846 2773 jugem
2876 2704 3246 2773 temperantia
3267 2704 3627 2773 aqualitatem
3652 2712 3842 2759 tenere

2267 2807 2552 2852 contentus
2575 2809 2676 2852 εει.
2704 2796 2963 2862 Quamvis
2988 2794 3231 2850 districta
3258 2795 3462 2864 jejunia
3479 2837 3493 2861 ,
3515 2795 3843 2852 succedente

2263 2890 2535 2959 superﬁua
2565 2888 2909 2951 remissione,
2937 2896 3255 2952 vacuantur,
3281 2896 3339 2941 et
3372 2889 3426 2941 in
3448 2886 3839 2957 gastrimargia
3863 2948 3873 2961 Ι

2263 2984 2450 3039 vitium
2492 2983 2738 3053 protinus
2781 2981 3158 3037 collabuntur:
3192 2990 3214 3019 ο
3243 2979 3433 3036 Melior
3465 2988 3549 3035 est
3585 2981 3833 3035 rationa-

1644 3123 1899 3178 ALARDI
1939 3122 2169 3179 GAZIEI
2205 3121 2769 3179 COMMENTARIUS.

670 3243 914 3298 andem
943 3242 1101 3297 modo
1130 3242 1193 3295 D.
1223 3241 1513 3311 Gregorius
1539 3256 1605 3295 ex
1637 3242 1737 3295 hac
1763 3242 2035 3296 sententia
2066 3257 2154 3295 ra-
2183 3242 2229 3306 C
2260 3240 2535 3293 admodum
2568 3241 2968 3307 medicamenta,
3016 3239 3092 3293 sic
3140 3238 3388 3292 alimenta
3414 3246 3713 3311 sumpturus
3754 3254 3843 3290 ac-

590 3317 874 3369 tioeinatur
914 3314 1005 3367 lib.
1039 3329 1143 3366 xxx
1174 3313 1360 3367 Moral.
1391 3327 1511 3380 cap.
1546 3313 1651 3366 18:
1698 3312 1824 3377 Qua
1860 3313 2042 3381 igitur,
2076 3312 2159 3365 in-

587 3387 735 3453 quit,
771 3385 885 3455 ﬁeri
915 3386 966 3437 in
994 3384 1248 3455 desiderio
1277 3382 1589 3455 prohibetur,
1621 3383 1674 3434 in
1707 3384 2009 3455 necessitate
2037 3399 2160 3435 con-

590 3454 783 3511 ceditur
810 3472 827 3509 :
851 3456 940 3509 sed
967 3470 1102 3518 sape
1128 3454 1249 3506 dum
1288 3454 1485 3507 incaute
1525 3454 1813 3507 necessitati
1855 3454 2160 3507 condescen-

588 3530 755 3581 dimus
772 3567 785 3588 ,
817 3526 1083 3580 desideriis
1106 3525 1438 3578 deseruimus.
1467 3523 1871 3593 Nonnumquam
1896 3540 2013 3576 vero
2039 3525 2160 3576 dum

585 3598 849 3652 desideriis
867 3597 1250 3650 immoderatius
1268 3594 1467 3648 obviare
1481 3597 1713 3658 nitimur,
1734 3595 2048 3647 necessitatis
2072 3596 2162 3647 mi-

589 3672 746 3722 serias
774 3683 1042 3735 augemus.
1078 3666 1166 3721 Sic
1198 3667 1329 3719 enim
1357 3682 1559 3719 necesse
1584 3674 1690 3731 est,
1726 3676 1780 3719 ut
1819 3681 1987 3718 arcem
2017 3667 2160 3733 quis-

586 3758 681 3807 que
730 3739 1055 3792 continentia
1098 3747 1298 3799 teneat,
1342 3747 1595 3806 quatenus
1639 3752 1741 3789 non
1786 3752 2027 3796 carnem,
2070 3738 2160 3790 sed

589 3813 712 3863 vitia
747 3811 913 3863 carnis
941 3808 1160 3862 occidat.
1185 3808 1309 3862 Hac
1332 3809 1625 3875 Gregorius
1644 3823 1902 3876 perquam
1933 3822 2154 3861 accom-

592 3882 803 3939 modate
832 3880 897 3932 ad
930 3890 1250 3947 prasentem
1288 3880 1459 3932 locum
1488 3877 1640 3943 (Lib.
1674 3879 1736 3931 de
1777 3877 1906 3931 Vera
1945 3877 2091 3947 Virg.
2114 3877 2152 3947 ).

591 3950 687 4003 (lui
716 3952 983 4003 consentit
1015 3951 1074 4001 D.
1114 3950 1340 4002 Basilius
1371 3949 1435 4001 ad
1470 3949 1611 4003 hunc
1640 3950 1855 4002 modum
1879 3950 2154 4002 scribens:

595 4020 846 4083 Quoniam
890 4021 1125 4071 innatum
1168 4020 1313 4071 nobis
1358 4022 1585 4086 corporis
1622 4021 1949 4081 uehiculum,
1999 4036 2157 4085 neque

593 4091 741 4142 nimis
774 4090 995 4143 laxanda
1037 4090 1216 4158 frena,
1259 4104 1422 4157 neque
1451 4105 1627 4140 rursus
1655 4090 1926 4140 immodice
1954 4088 2046 4140 illa
2076 4106 2156 4141 re-

590 4160 799 4211 tinendo
828 4160 891 4211 ad
922 4160 1121 4211 virtutis
1148 4174 1357 4228 cursum
1390 4158 1667 4223 producere
1693 4164 1889 4228 oportet
1917 4172 1934 4209 :
1965 4158 2155 4211 idcirco

590 4240 637 4281 ct
666 4245 939 4297 corporum
964 4239 1156 4288 status,
1189 4237 1236 4280 et
1263 4227 1499 4289 habitus,
1536 4236 1581 4279 et
1624 4228 1853 4279 ciborum
1882 4229 2155 4297 qualitates

590 4299 805 4352 solerter
832 4300 1101 4364 explorare
1130 4298 1425 4363 conveniet;
1452 4306 1508 4349 ut
1536 4298 1709 4350 valido
1734 4299 1939 4365 quidem
1958 4339 1975 4363 ,
2004 4308 2049 4350 et
2074 4316 2159 4351 ve-

591 4380 705 4438 geto
736 4372 965 4435 corporis
996 4371 1142 4439 frena
1165 4369 1601 4439 immittamus,ret
1623 4385 1713 4436 per
1740 4369 1986 4433 inediam,
2009 4370 2157 4439 frigi-

591 4438 861 4510 dioresque
884 4438 1020 4493 cibos
1040 4440 1437 4492 redundantiam
1460 4438 1648 4491 caloris
1670 4456 1936 4493 arceamus
1956 4456 1974 4493 :
2003 4438 2157 4509 porro

588 4510 740 4562 senili
774 4521 818 4563 et
877 4512 1196 4579 frigescenti,
1230 4510 1359 4575 cibi,
1403 4519 1651 4577 potusque
1690 4512 2047 4580 adjumentum
2087 4514 2156 4565 ad

590 4581 944 4634 sustentandas
973 4583 1101 4633 vires
1130 4584 1441 4649 ingeramus.
1469 4581 1533 4634 Et
1564 4595 1745 4634 rursus
1770 4582 1964 4636 ibidem
1990 4599 2004 4635 :
2033 4583 2153 4637 Sic-

594 4660 647 4701 ut
669 4652 743 4723 Ain
772 4653 908 4723 gula
936 4652 1380 4723 intemperantiam
1413 4650 1699 4723 declinare,
1733 4668 1912 4722 grave,
1945 4664 1993 4705 et
2018 4656 2154 4723 peri-

591 4720 823 4774 culosum
850 4732 921 4773 est
947 4738 963 4773 :
994 4723 1064 4793 ita
1096 4737 1187 4793 per
1214 4722 1422 4772 nimiam
1457 4720 1816 4775 abstinentiam
1844 4720 2029 4793 corpus
2069 4734 2151 4777 at-

592 4801 842 4854 terere,'et
874 4790 1055 4845 inutile
1085 4790 1318 4854 reddere,
1347 4793 1483 4861 omni
1512 4796 1739 4861 profecto
1766 4790 1965 4846 ratione
1992 4805 2147 4848 caret.

594 4861 773 4928 Neque
802 4863 935 4915 enim
961 4862 1210 4933 abstinere
1228 4878 1268 4933 Va
1298 4859 1646 4926 voluptatibus
1676 4863 1810 4932 gula
1850 4880 1939 4933 per
1978 4881 2032 4916 se
2065 4882 2153 4918 ex-

591 4935 865 4998 petendum
895 4944 1003 4996 est;
1036 4932 1122 4984 sed
1149 4932 1269 4998 quia
1296 4932 1361 4982 ad
1392 4934 1592 4985 virtutis
1623 4934 2009 5001 acquisitionem
2038 4952 2153 4987 con-

589 5008 705 5070 fert.
736 5004 884 5070 Quod
908 5005 951 5055 si
980 5004 1136 5066 illud,
1161 5005 1306 5074 cujus
1324 5005 1490 5071 gratia
1511 5004 1871 5057 abstinentiam
1893 5004 2147 5074 eligimus,

587 5091 675 5141 per
715 5074 1102 5127 immoderatam
1143 5073 1462 5142 negligemus
1489 5075 1713 5129 inediam
1735 5116 1749 5138 ,
1780 5073 1975 5128 contra,
1996 5086 2151 5143 atque

586 5145 895 5197 instituimus
916 5185 929 5207 ,
956 5161 985 5196 a
1026 5146 1172 5196 imus.
1223 5144 1363 5195 Nam
1390 5145 1553 5209 fracto
1574 5186 1588 5210 ,
1618 5147 1935 5215 contritaque
1962 5148 2154 5200 instru-

586 5226 753 5266 mento
782 5231 944 5266 neaue
976 5163 1084 5266 geo
1114 5213 1381 5266 inharere.
1414 5232 1502 5266 per
1528 5218 1782 5266 lectionis.
1814 5228 1861 5266 et
1894 5218 2152 5266 Orationis

585 5226 753 5268 mento
782 5231 944 5285 neque
976 5213 1084 5269 Deo
1114 5213 1381 5277 inharere,
1413 5232 1502 5283 per
1528 5218 1782 5280 lectionis,
1814 5213 1861 5269 et
1894 5218 2152 5271 Orationis

584 5288 810 5339 studium
852 5302 1153 5351 possumus,
1201 5302 1357 5354 neque
1400 5286 1467 5338 ad
1510 5288 1729 5353 fratrum
1770 5288 2151 5353 beneﬁcentiam

586 5356 923 5409 humanitatis
971 5356 1216 5423 Officium
1260 5356 1417 5409 obire.
1465 5355 1633 5426 Igitur
1675 5368 1721 5409 et
1750 5359 1978 5425 corporis
2025 5374 2151 5411 cura

584 5427 816 5481 habenda
843 5437 945 5491 est,
979 5444 1081 5480 non
1107 5427 1269 5493 ipsius
1300 5427 1506 5495 gratia,
1547 5426 1636 5479 sed
1679 5435 1731 5478 ut
1768 5427 1969 5479 seruitio
2007 5429 2150 5481 illius

584 5498 653 5549 ad
692 5499 1031 5567 philosophia
1073 5500 1092 5567 (
1119 5498 1169 5551 id
1202 5508 1284 5551 est
1310 5496 1742 5567 coutetnplativa
1768 5497 1930 5567 vita)
1976 5499 2149 5550 studia

584 5569 661 5639 uti
691 5564 939 5639 possimus
970 5564 1119 5636 (Lib.
1145 5568 1208 5622 de
1227 5566 1359 5621 Vera
1380 5564 1573 5639 Virg.).
1608 5567 1879 5639 Hactenus
1907 5564 1969 5621 D.
2002 5568 2149 5621 Basi-

584 5634 711 5691 lius.
745 5634 911 5692 Porro
939 5634 1209 5707 quomodo
1235 5634 1635 5707 corporis'cura
1676 5638 1729 5691 in
1764 5638 1885 5695 cibo
1925 5648 1979 5691 et
2021 5649 2145 5707 potu

585 5707 790 5787 absque
832 5709 1110 5787 voluptatg
1131 5707 1371 5787 habenda
1399 5708 1867 5787 sitpdgglaras
1896 5710 2144 5779 Augusti-

586 5791 684 5830 nus
706 5774 797 5830 bis
826 5774 1005 5831 verbis
1028 5797 1040 5831 :
1063 5774 1177 5830 Hoc
1204 5784 1284 5829 me
1312 5778 1530 5833 (tacuisti
1560 5778 1855 5847 (Donttné),
1884 5791 1937 5834 ut
1961 5774 2139 5849 quem-

2181 4618 2235 4677 D

2262 3312 2455 3365 cedam.
2480 3311 2584 3365 Sed
2607 3312 2729 3363 dum
2744 3311 2812 3363 ad
2830 3311 3049 3379 quietem
3069 3311 3315 3364 satietatis
3335 3325 3397 3363 ea:
3415 3310 3713 3379 indigentia
3730 3325 3843 3361 mo~

2261 3381 2410 3435 lestia
2440 3391 2639 3433 transeo
2658 3420 2673 3443 ,
2702 3382 2754 3433 in
2786 3382 2896 3445 ipso
2928 3382 3147 3434 transitu
3178 3381 3303 3434 mihi
3327 3380 3603 3433 insidiatur
3629 3382 3845 3444 laqueus

2261 3452 2706 3521 concupiscentia.
2752 3449 2875 3519 Ipse
2916 3452 3049 3505 enim
3087 3451 3333 3505 transitus
3376 3450 3611 3521 voluptas
3655 3460 3767 3517 est,
3796 3459 3844 3502 et

2261 3540 2363 3576 non
2394 3533 2463 3574 est
2493 3522 2650 3582 alius,
2680 3538 2781 3591 qua
2812 3530 3119 3586 transcatur,
3146 3538 3305 3592 quam
3328 3537 3426 3588 quo
3455 3521 3675 3574 transire
3697 3522 3839 3590 cogit

2262 3595 2559 3647 necessitas.
2590 3592 2793 3645 Etcum
2824 3593 2966 3645 salus
2993 3595 3060 3645 sit
3088 3609 3243 3645 causa
3271 3592 3460 3646 edendi
3496 3600 3543 3645 et
3594 3592 3799 3645 bibendi
3823 3634 3838 3657 ,

2260 3666 2502 3735 adjungit
2524 3680 2578 3717 se
2601 3674 2856 3733 tamquam
2878 3664 3179 3733 pedissequa
3208 3663 3493 3732 periculosa
3510 3662 3842 3735 jucunditas.

2261 3744 2308 3789 et
2327 3733 2631 3814 plerumque
2659 3736 2842 3814 praire
2870 3744 3106 3814 conatur,
3136 3743 3190 3814 ut
3219 3737 3330 3805 ejus
3362 3733 3520 3814 causa
3546 3733 3664 3801 fiat,
3694 3734 3839 3814 quod

2260 3802 2445 3859 salutis
2476 3822 2632 3859 causa
2660 3802 2752 3858 'me
2796 3809 2964 3873 facere
3004 3804 3082 3858 vel
3121 3802 3267 3871 dico',
3300 3804 3375 3857 vel
3402 3802 3559 3857 volo:
3588 3819 3678 3857 nec
3702 3802 3845 3857 idem

2260 3879 2442 3930 modus
2481 3878 2751 3946 utriusque
2775 3884 2870 3946 est:
2907 3874 3042 3928 Nam
3066 3876 3201 3945 quod
3225 3874 3385 3929 saluti
3409 3876 3538 3928 satis
3563 3885 3667 3940 est,
3697 3874 3845 3928 dele-

2260 3948 2473 4001 ctationi
2506 3944 2689 4014 parum
2712 3956 2803 4000 est.
2829 3944 2897 3999 Et
2922 3962 3055 4017 sape
3078 3944 3328 4000 incertum
3349 3947 3438 4013 ﬁt,
3468 3954 3638 3999 utrum
3663 3946 3840 4017 adhuc

2260 4020 2548 4072 necessaria
2602 4019 2833 4084 corporis
2874 4014 3003 4069 cura
3050 4017 3337 4071 subsidium
3397 4025 3565 4085 petat,
3596 4031 3663 4067 an
3692 4014 3843 4068 uolu-

2260 4090 2467 4157 ptuaria
2498 4089 2797 4156 cupiditatis
2828 4086 3040 4155 fallacia
3094 4087 3431 4141 ministerium
3462 4094 3719 4156 suppetat.
3752 4088 3841 4139 Ad

2260 4157 2356 4210 hoc
2376 4161 2623 4211 incertum
2646 4158 2904 4210 hilarescit
2924 4158 3105 4227 infelix
3125 4159 3317 4221 animo,
3350 4164 3398 4211 et
3420 4158 3471 4210 in
3495 4174 3552 4210 eo
3576 4167 3837 4226 praparat

2260 4230 2609 4281 excusationis
2654 4228 3023 4294 patrocinium,
3052 4228 3281 4299 gaudens
3309 4244 3408 4281 non
3435 4244 3681 4299 apparere
3710 4229 3841 4297 quid

2258 4301 2382 4352 satis
2421 4301 2487 4352 sit
2528 4299 2868 4351 moderationi
2902 4298 3237 4366 valetudinis,
3294 4309 3347 4353 ut
3404 4298 3606 4351 obtentu
3651 4299 3842 4352 salutis

2261 4368 2529 4439 obumbret
2545 4370 2803 4438 negotium
2824 4370 3117 4439 voluptatis.
3133 4368 3209 4423 Ita
3232 4369 3487 4438 praeclare
3499 4368 3841 4439 Augustinus

2261 4439 2409 4511 (Lib.
2436 4457 2467 4493 χ
2495 4438 2727 4508 Confess.
2752 4456 2868 4510 cap.
2892 4438 3019 4511 (fil).

2330 4510 2357 4548 δ
2386 4512 2446 4564 ῐ).
2472 4508 2828 4571 Hieronvmus
2850 4509 2916 4563 ad
2940 4509 3325 4579 Nepotianum:
3347 4508 3570 4564 Tantum
3594 4551 3607 4573 ,
3631 4510 3837 4579 inquit,

2260 4582 2349 4634 tibi
2372 4585 2575 4635 modum
2595 4583 2919 4652 jejuniorum
2945 4583 3168 4649 impone,
3196 4594 3443 4651 quantum
3468 4580 3604 4647 ferre
3644 4593 3792 4646 potes
3819 4597 3837 4633 :

2262 4654 2362 4705 sint
2395 4653 2484 4705 tibi
2514 4669 2664 4722 pura,
2695 4660 2865 4723 casta,
2899 4652 3179 4723 simplicia,
3213 4655 3505 4723 moderata,
3536 4660 3581 4723 et
3610 4668 3714 4705 non
3733 4669 3839 4723 _su-

2263 4721 2551 4794 pernitiosa
2565 4723 2787 4794 jejunio.
2808 4722 2896 4777 Sic
2915 4721 3079 4777 abbas
3096 4724 3305 4792 Moyses
3325 4722 3512 4776 Collat.
3532 4722 3567 4775 9.
3584 4737 3705 4794 cap.
3724 4721 3799 4775 Ξῖ
3822 4742 3834 4775 ;

2262 4792 2527 4847 Geueralis
2554 4792 2634 4845 hic
2661 4794 2988 4848 continentia
3010 4795 3193 4847 modus
3219 4804 3291 4847 est
3310 4833 3325 4857 ,
3352 4802 3405 4846 ut
3427 4792 3711 4846 secundum
3740 4809 3838 4845 ca-

2262 4868 2532 4929 pacitatem
2554 4866 2765 4929 virium,
2796 4864 2871 4917 vel
2902 4866 3128 4932 corporis
3147 4906 3160 4925 ,
3189 4864 3266 4917 vel
3293 4864 3455 4917 atatis
3481 4873 3674 4916 tantum
3704 4864 3839 4916 sibi-

2262 4947 2358 4986 met
2401 4936 2499 4988 cibi
2539 4938 2879 5003 unusquisque
2917 4936 3198 4996 concedat,
3240 4946 3490 5004 quantum
3530 4935 3841 4988 sustentatio

2260 5007 2429 5058 carnis
2454 5048 2467 5069 ,
2502 5022 2598 5057 non
2625 5014 2874 5073 quantum
2906 5007 3209 5059 desiderium
3248 5006 3534 5058 saturitatis
3572 5006 3831 5074 exposcit.

2262 5074 2332 5128 Et
2350 5091 2467 5143 cap.
2487 5078 2728 5143 sequenti
2749 5094 2760 5128 :
2782 5076 2831 5128 Η
2839 5091 2910 5129 ac
2931 5086 3003 5128 est
3023 5084 3297 5144 temperata
3311 5076 3637 5129 continentia
3655 5090 3840 5141 aqua-

2254 5144 2391 5217 litas,
2415 5156 2566 5215 atque
2589 5161 2854 5213 mensura,
2877 5160 2990 5214 qua
3015 5144 3226 5197 Patrum
3251 5162 3448 5214 quoque
3460 5146 3661 5217 judicio
3685 5162 3833 5199 com-

2253 5216 2519 5284 probatur,
2550 5225 2601 5267 ut
2624 5217 2977 5287 quotidianam
3000 5216 3145 5287 panis
3170 5216 3494 5282 refectionem
3520 5216 3833 5287 quotidiana

2254 5288 2519 5339 comitetur
2546 5285 2765 5350 esuries,
2794 5288 2846 5338 in
2874 5301 2997 5349 uno,
3025 5285 3294 5355 eodemque
3318 5296 3455 5339 statu
3478 5285 3703 5339 animum
3735 5304 3835 5353 pa-

2251 5357 2394 5420 riter,
2411 5372 2694 5425 corpusque
2712 5371 3035 5428 conservans,
3053 5371 3145 5409 nec
3157 5357 3350 5428 jejunii
3373 5357 3836 5428 fatigationgcon—

2254 5428 2443 5493 cidere,
2466 5444 2556 5480 nec
2577 5427 2780 5499 grauari
2800 5436 3009 5499 mentem
3032 5426 3299 5480 saturitate
3317 5426 3638 5498 permittens.
3657 5426 3838 5482 Tanta

2254 5513 2473 5568 namque
2504 5496 2799 5569 frugalitate
2826 5496 3037 5564 fruitur,
3071 5507 3126 5549 ut
3157 5496 3412 5553 interdum
3438 5514 3491 5552 se
3513 5508 3625 5569 post
3644 5510 3836 5569 Ἀνδρε-

2253 5585 2361 5621 ram
2379 5611 2390 5631 ,
2425 5586 2516 5622 nec
2544 5568 2756 5632 sentiat,
2791 5579 2885 5619 aut
2917 5569 3193 5623 tneminerit
3222 5570 3479 5637 refecisse.

2329 5651 2349 5675 ε
2385 5641 2464 5709 Ab
2493 5640 2592 5693 hac
2618 5638 3102 5709 sententiastatD.
3128 5639 3486 5709 Hieronymus
3510 5655 3739 5708 primum
3770 5642 3830 5695 in

2251 5707 2726 5777 epistoladocima.
2750 5709 2840 5764 ubi
2859 5708 2967 5761 ait:
2998 5708 3193 5764 Parcus
3219 5707 3358 5763 cibus
3375 5752 3390 5775 ,
3415 5720 3461 5766 et
3488 5707 3659 5765 venter
3689 5727 3832 5766 sem-

2249 5796 2339 5849 per
2359 5788 2587 5834 esurtens
2608 5781 2864 5833 triduanis
2877 5779 3099 5852 jejuniis
3120 5782 3411 5851 prafertur.
3436 5780 3502 5835 Et
3523 5782 3690 5836 multo
3716 5800 3829 5838 nte-
