4016 6202
151 274 238 334 235

603 276 701 334 DE
738 275 1220 337 C(ENOBIORUM
1254 273 1498 333 INSTIT.
1541 274 1674 330 LIB.
1719 274 1785 331 ν.
1811 304 1882 316 -
1910 274 1997 330 DE
2036 271 2307 331 SPIRITU
2347 270 2907 332 GASTRIMARGIIE.

3284 277 3394 336 226

150 387 253 443 bilis
290 400 415 441 cum
459 386 828 442 moderatione
877 384 1195 457 qudbdiana
1239 386 1493 450 refectio,
1547 400 1708 455 quam
1739 391 1794 452 Α
1816 385 1950 440 lium
1981 386 2244 441 vitiorum
2277 385 2490 442 fomites
2518 387 2775 443 radicitus
2803 386 3157 443 excidantur:
3182 388 3251 443 de
3276 393 3394 460 qui-

151 496 232 550 per
268 480 559 534 intervalla
601 480 829 535 arduum
875 480 1205 550 longumque
1241 478 1525 548 jejunium.
1556 478 1718 533 Novit

150 572 499 626 immoderata
554 572 735 633 inedia
793 586 896 626 non
940 571 1105 627 modo
1152 571 1351 626 mentis
1393 571 1718 627 labefactare

150 666 542 731 constantiam,
582 663 678 719 sed
712 665 870 719 etiam
907 663 1220 718 orationum
1257 662 1553 719 efficaciam
1590 662 1718 719 red-

156 757 278 813 dere
310 756 627 813 lassitudine
654 756 893 827 corporis
921 765 1262 812 enervatam.

755 890 983 948 CAPUT
1034 891 1106 947 X.

152 983 230 1037 Ad
261 983 653 1037 conservandam
676 984 859 1036 mentis
891 992 939 1037 et
964 985 1196 1049 corporis
1223 984 1536 1052 puritatem,
1566 984 1725 1040 absti-

393 1055 615 1108 nentiam
651 1054 884 1108 ciborum
913 1070 1014 1108 non
1046 1071 1195 1125 posse
1220 1055 1464 1125 sufficere.

217 1167 296 1222 Ad
320 1167 687 1237 integritatem
717 1168 919 1222 mentis
942 1176 996 1222 et
1018 1168 1266 1237 corporis
1296 1167 1721 1224 conservandam

153 1262 473 1318 abstinentia
514 1262 767 1317 ciborum
808 1261 924 1316 sola
968 1277 1074 1316 non
1123 1262 1356 1328 sufficit,
1390 1264 1495 1318 nisi
1523 1263 1726 1317 fuerint

151 1368 355 1409 caeteras
380 1369 600 1424 quoque
625 1355 861 1410 virtutes
891 1356 1089 1410 animae
1124 1356 1446 1426 conjugatae.
1501 1356 1728 1410 Humili-

153 1454 228 1499 tas
272 1446 436 1516 igitur
476 1445 729 1517 primitus
784 1447 1112 1502 obedientiaa
1156 1449 1395 1513 virtute,
1446 1456 1502 1502 et
1546 1448 1727 1502 cordis

120 1540 516 1607 contritione,
564 1541 919 1610 corporisque
967 1541 1277 1609 fatigatione
1321 1541 1575 1595 discenda
1622 1549 1721 1595 est.

150 1628 502 1686 Pecuniarum
543 1646 657 1685 non
697 1631 871 1686 solum
905 1630 1137 1685 vitanda
1170 1640 1256 1686 est
1296 1632 1598 1701 possessio,
1628 1631 1724 1687 sed

146 1722 301 1774 etiam
353 1721 691 1776 desiderium
743 1736 929 1776 earum
983 1721 1245 1777 radicitus
1294 1722 1717 1792 exstirpandum.

145 1810 266 1864 Non
304 1814 450 1866 enim
482 1827 575 1865 eas
602 1811 803 1866 sufficit
830 1828 935 1866 non
969 1812 1203 1875 habere,
1232 1813 1372 1883 quod
1407 1813 1721 1882 plerumque

143 1904 289 1955 solet
312 1903 479 1956 etiam
505 1919 578 1957 ex
611 1904 927 1959 necessitate
952 1904 1303 1967 descendere,
1335 1906 1429 1961 sed
1454 1920 1523 1960 ne
1548 1906 1719 1974 ipsam

142 1994 366 2062 quidem
397 2035 412 2058 ,
458 1997 501 2049 si
530 1994 669 2051 forte
703 1996 897 2051 oblata:
934 1997 1172 2063 fuerint,
1212 1997 1443 2053 habendi
1480 2000 1724 2067 recipere

146 2087 505 2142 voluntatem.
548 2088 649 2143 frte
670 2091 1030 2145 conterendus
1056 2101 1141 2146 est
1171 2091 1339 2156 furor,
1372 2093 1607 2148 tristitia
1634 2110 1724 2148 su-

144 2180 380 2249 peranda
412 2180 685 2249 dejectio;
735 2183 1068 2251 cenodoxia,
1120 2184 1176 2239 id
1223 2195 1337 2250 est,
1377 2201 1515 2240 vana
1549 2186 1725 2256 gloria

144 2274 558 2342 contemnenda,
586 2275 851 2345 superbiae
876 2276 1170 2333 calcandus
1200 2288 1284 2333 est
1303 2278 1498 2347 fastus,
1530 2281 1727 2336 mentis

147 2386 365 2442 quoque
405 2372 576 2444 ipsius
617 2371 899 2426 instabiles
926 2372 1163 2441 vagique,
1186 2371 1471 2427 discursus
1508 2373 1725 2429 assidua

144 2463 236 2518 Dei
288 2463 555 2518 memoria
595 2462 925 2520 refrenandi.
974 2463 1271 2533 Totiesque
1317 2465 1477 2520 nobis
1521 2475 1605 2520 est
1658 2465 1727 2521 ad

143 2554 659 2621 contemplationem
690 2554 785 2608 Dei
813 2554 1019 2608 lubrica
1045 2554 1225 2608 cordis
1260 2555 1429 2609 nostri
1462 2570 1727 2625 pervaga—

149 2647 222 2699 tio
250 2645 588 2709 reducenda,
620 2645 839 2716 quoties
863 2646 1081 2702 subtilis
1109 2647 1279 2702 hostis
1310 2647 1380 2702 ab
1407 2649 1509 2703 hoc
1535 2649 1733 2704 intuitu

146 2750 386 2794 mentem
416 2739 696 2809 captivare
718 2748 1057 2808 pertentans,
1082 2742 1389 2797 recessibus
1415 2747 1586 2798 nostri
1611 2758 1733 2799 cor-

145 2829 223 2884 dis
243 2829 535 2901 irrepserit
551 2829 717 2900 (Vide
732 2829 888 2885 Joan.
916 2830 1242 2886 Climacltum
1263 2833 1433 2903 gradu
1456 2834 1596 2889 H'et
1618 2835 1729 2906 i5).

751 2948 978 3017 CAPUT
1026 2960 1120 3015 XI.

147 3052 603 3126 Concupiscentias
641 3051 815 3126 cordis
849 3068 955 3126 non
984 3052 1283 3126 exstingui,
1312 3053 1411 3109 nisi
1439 3070 1557 3109 cum
1596 3056 1736 3111 omni

602 3124 981 3192 exstirpatione
1013 3124 1278 3177 vitiorum.

211 3240 563 3310 Impassibile
603 3253 833 3308 namque
863 3245 947 3292 est
986 3238 1261 3309 exstingui
1289 3240 1455 3308 ignita
1483 3244 1729 3312 corporis

146 3333 452 3401 incentiva,
492 3332 807 3403 priusquam
840 3340 1170 3387 cancrorum
1194 3348 1413 3403 quoque
1453 3335 1729 3406 principa-

1823 478 1922 533 bus
1971 478 2245 547 sigillatim
2292 478 2561 534 diStinctis
2602 479 2803 535 libellis
2841 495 2941 535 suo
2980 480 3129 547 loco,
3160 478 3396 536 donante

1822 567 2075 636 Domino,
2125 569 2474 623 disseremus.
2527 569 2681 625 Nunc
2712 586 2844 624 vero
2868 570 3204 639 propositum
3238 570 3396 625 nobis

1820 671 1907 717 est
1936 661 2006 716 de
2047 660 2422 730 gastrimargia
2443 680 2473 726 ρ
2502 660 2556 715 id
2586 670 2667 716 est
2692 702 2706 728 ,
2752 661 2894 731 gulae
2932 661 3395 731 concupiscentia,

1827 761 2022 809 contra
2046 768 2207 822 quam
2236 753 2390 808 nobis
2417 752 2621 822 primus
2651 752 2932 808 conﬂictus
2962 762 3074 818 est,
3102 754 3396 822 disputare.

1822 858 1849 886 ⁸
1881 847 2181 917 Numquam
2212 847 2377 916 igitur
2406 847 2610 916 poterit
2655 846 2898 901 ardentis
2942 847 3400 916 concupiscentia:

1828 941 2078 996 stimulos
2110 940 2382 1007 inhibere,
2408 941 2650 1011 quisquis
2671 940 2937 995 desideria
2959 941 3099 1009 gula:
3123 939 3400 995 refrenare

1828 1035 2154 1106 nequiverit.
2190 1034 2468 1089 lnterioris
2508 1033 2745 1088 hominis
2792 1035 3015 1088 castitas
3052 1032 3267 1087 virtutis
3294 1033 3397 1087 hu-

1821 1127 1909 1196 jus
1961 1126 2434 1180 consummatione
2494 1126 2842 1181 discernitur.
2908 1124 3207 1193 Numquam
3256 1124 3397 1179 enim

1824 1215 2147 1272 robustioris
2202 1216 2410 1271 aemulis
2452 1217 2731 1272 colluctari
2779 1231 2942 1286 posse
2991 1215 3229 1271 confidas
3276 1231 3397 1270 eum

1825 1323 1984 1378 quem
2025 1308 2077 1362 in
2110 1307 2315 1363 leviore
2357 1306 2608 1361 conflictu
2653 1308 3001 1376 conspexeris
3040 1308 3108 1362 ab
3141 1308 3401 1361 inlirmio—

1826 1399 1974 1453 ribus
2008 1399 2251 1469 potuisse
2283 1400 2546 1468 superari.
2573 1397 2601 1436 δ
2631 1400 2955 1453 Cunctarum
2980 1402 3208 1467 namque
3236 1399 3407 1453 virtu-

1828 1500 1944 1544 tum
1973 1505 2078 1545 una
2126 1498 2313 1543 natura
2344 1498 2464 1555 est,
2516 1489 2644 1543 licet
2676 1490 2729 1544 in
2762 1490 2959 1545 multas
2996 1490 3158 1544 dividi
3192 1492 3402 1558 species

1828 1591 1883 1639 et
1914 1583 2172 1639 vocabula
2202 1582 2525 1646 videantur;
2567 1581 2708 1636 sicut
2747 1584 2862 1636 auri
2900 1598 3114 1653 quoque
3144 1598 3246 1637 una
3277 1583 3406 1636 sub-

1826 1678 2025 1733 stantia
2070 1688 2191 1744 est,
2238 1676 2365 1730 licet
2393 1690 2490 1745 per
2520 1676 2685 1729 multa
2716 1677 2970 1745 variaque
3001 1676 3284 1730 monilium
3314 1690 3407 1743 ge-

1749 1766 1799 1827 B
1827 1785 1959 1824 nera
2008 1784 2108 1837 pro
2151 1768 2416 1822 artificum
2467 1766 2718 1822 videatur
2766 1768 2982 1837 ingenio
3026 1783 3088 1821 ac
3128 1768 3404 1821 voluntate

1826 1863 2103 1917 distincta.
2154 1861 2341 1931 Itaque
2373 1872 2394 1898 ο
2428 1860 2627 1915 nullam
2677 1862 2911 1929 perfecte
2953 1861 3234 1931 possidere
3284 1875 3408 1928 pro-

1827 1956 2068 2020 habitur,
2101 1954 2344 2024 quisquis
2372 1955 2541 2009 elisus
2568 1955 2620 2008 in
2652 1970 2838 2009 earnm
2866 1964 3017 2024 parte
3047 1954 3405 2025 dignoscitur.

1827 2047 1945 2113 Quo
1992 2047 2137 2101 enim
2190 2046 2351 2100 modo
2392 2044 2683 2115 flagrantes
2726 2054 2891 2100 aestus
2933 2045 3404 2114 concupiscentiae,

1828 2142 1917 2211 qui
1948 2154 2053 2195 non
2092 2139 2207 2195 sola
2238 2140 2586 2209 instigatione
2615 2139 2858 2207 corporis
2884 2184 2899 2208 ,
2934 2140 3029 2194 sed
3062 2140 3222 2194 etiam
3257 2156 3409 2193 men-

1828 2233 1901 2287 tis
1933 2232 2063 2286 vitio
2104 2232 2529 2298 succenduntur,
2575 2231 2905 2287 exstinxisse
2954 2231 3258 2286 credendus
3302 2242 3407 2299 est,

1831 2323 1925 2392 qui
1956 2322 2175 2377 aculeos
2197 2322 2292 2376 irae
2317 2322 2496 2376 cordis
2526 2321 2695 2377 solius
2725 2323 3138 2392 intemperantia
3167 2339 3413 2391 prorum-

1831 2424 2023 2485 pentes
2053 2415 2302 2485 mitigare
2332 2429 2437 2470 non
2467 2416 2685 2485 potuit?
2711 2417 2819 2471 Aut
2847 2430 3078 2485 quonam
3112 2416 3272 2470 modo
3300 2432 3402 2485 pu-

1833 2506 2026 2562 tandus
2072 2514 2157 2561 est
2199 2507 2381 2561 carnis
2427 2507 2730 2576 animaeque
2776 2507 3123 2561 lascivientes
3159 2508 3411 2563 stimulos

1832 2597 2128 2663 retudisse,
2162 2599 2252 2667 qui
2282 2598 2553 2667 superbiae
2580 2598 2767 2652 vitium
2809 2598 3039 2669 simplex
3086 2614 3190 2652 non
3235 2598 3412 2667 quivit

1833 2691 2126 2745 evincere?
2171 2691 2276 2744 Aut
2304 2689 2758 2758 quemadmodum
2796 2691 3093 2745 credendus
3124 2700 3207 2746 est
3235 2690 3406 2747 inser-

1834 2792 1943 2840 tam
1990 2784 2141 2838 carni
2182 2783 2458 2837 luxuriam
2498 2784 2891 2849 conculcasse,
2942 2784 3032 2853 qui
3063 2784 3410 2853 pecuniarum

1834 2875 2331 2946 concupiscentiam
2380 2874 2680 2929 forinsecus
2726 2876 2881 2929 sitam
2907 2918 2922 2941 ,
2956 2886 3118 2945 atque
3152 2894 3181 2932 a
3222 2887 3410 2932 nostra

1836 2966 2140 3024 substantia
2169 2964 2424 3029 alienam,
2455 2979 2562 3019 non
2584 2965 2754 3020 valuit
2778 2966 3063 3022 abdicare?
3089 2969 3200 3035 Qua
3231 2979 3412 3027 autem

1836 3058 2049 3114 ratione
2098 3055 2303 3110 bellum
2349 3055 2525 3111 carnis
2575 3065 2632 3111 et
2678 3057 2871 3112 anima:
2909 3059 3289 3129 triumphabit,
3320 3062 3411 3129 qui

1762 3141 1808 3205 C
1842 3152 2069 3207 idoneus
2095 3165 2202 3204 non
2235 3148 2335 3203 fuit
2360 3149 2611 3204 morbum
2641 3164 2830 3205 curare
2853 3151 3127 3207 tristitiae?
3168 3155 3411 3222 Quanta-

1835 3245 1970 3299 libet
1996 3242 2131 3298 urbs
2159 3241 2488 3296 sublimitate
2513 3257 2787 3297 murornm
2816 3254 2870 3299 et
2895 3246 3201 3301 clausarum
3233 3259 3412 3317 porta-

1835 3353 1954 3393 rum
1986 3336 2241 3391 ﬁrmitate
2264 3336 2559 3405 muniatur,
2584 3332 2611 3373 ἀ
2642 3338 2931 3408 posterulae
2955 3341 3134 3408 unius,
3166 3342 3413 3410 quamvis

1213 3470 1477 3526 ALARDI
1515 3472 1749 3529 GAZZEI
1787 3470 2332 3530 COMMENTARIUS

150 3567 239 3621 lius
269 3578 345 3623 est
376 3566 608 3638 quotidie
637 3581 849 3634 parum,
876 3580 1173 3638 quamgraro
1193 3566 1322 3618 satis
1338 3581 1566 3638 sumere.
1602 3565 1730 3621 Plu.

150 3641 225 3691 via
264 3642 366 3693 illa
390 3635 591 3710 aptium
629 3646 704 3710 est
724 3635 1098 3710 ,_qua3sensim
1126 3635 1389 3688 descendit
1419 3636 1473 3710 in
1506 3648 1692 3710 terram
1713 3680 1729 3704 ,

147 3709 335 3764 subitus
370 3705 637 3761 et'nimius
666 3706 827 3759 imber
850 3708 903 3759 in
931 3721 1154 3775 preceps
1184 3721 1308 3757 arva
1352 3705 1618 3760 subvertit.
1668 3710 1734 3762 Et

149 3794 327 3835 rursus
358 3780 458 3834 lib.
491 3794 529 3831 ιι
558 3780 610 3832 in
637 3776 1012 3832 Jovinianum:
1046 3775 1232 3842 Quale,
1262 3775 1457 3843 inquit,
1484 3777 1736 3846 jejunium

150 3860 217 3903 est
238 3889 253 3914 ,
286 3859 387 3903 aut
427 3848 595 3919 qualis
622 3850 715 3901 illa
738 3847 958 3919 refectio
992 3855 1104 3914 post
1132 3846 1400 3915 jejunium
1420 3886 1435 3905 ,
1469 3862 1592 3919 cum
1623 3852 1735 3916 pri-

148 3923 311 3974 diunis
344 3918 517 3986 epulis
546 3918 907 3983 distendimur,
940 3926 985 3969 et
1015 3924 1189 3987 guttur
1218 3924 1449 3987 nostrum
1478 3918 1733 3972 mediato-

147 3991 276 4062 rium
299 3992 536 4062 efficitur
561 3990 869 4042 latrinarum
885 4029 901 4053 ,
931 3985 1151 4053 dumque
1174 3985 1407 4038 uolumus
1434 3988 1735 4054 prolixiori:

147 4060 339 4114 inedire
356 4062 558 4130 famam
585 4074 829 4127 quwrere,
859 4066 1057 4130 tantum
1084 4072 1343 4119 voramus,
1374 4066 1624 4125 quantum
1648 4062 1736 4113 via:

147 4127 365 4184 alterius
395 4131 499 4183 diei
521 4146 625 4183 non:
648 4130 861 4197 digerat.
893 4127 1077 4201 Itaque
1101 4143 1207 4201 non
1231 4134 1337 4179 tam
1353 4130 1616 4199 jejunium
1642 4147 1737 4201 ap-

147 4200 458 4267 pellandum
513 4212 627 4267 est,
658 4216 811 4270 quam
840 4198 1055 4269 crapula
1100 4206 1150 4251 et
1180 4198 1356 4268 faetens
1375 4198 1482 4263 ,ac
1508 4198 1735 4257 molesta

146 4271 393 4325 diaestio.

204 4290 428 4395 ausibtiia
475 4338 747 4395 sententia
775 4380 789 4403 ,
824 4354 931 4392 non
976 4338 1185 4394 ratione
1231 4347 1437 4392 tantum
1466 4380 1479 4403 ,
1508 4342 1601 4395 sed
1632 4358 1735 4398 usu

147 4413 541 4479 comprobata;
585 4411 671 4463 cui
715 4409 904 4463 similis
932 4409 1022 4462 illa
1054 4409 1118 4462 D.
1154 4410 1506 4479 Hieronymi:
1551 4412 1735 4466 Venter

146 4482 266 4551 uino
297 4491 528 4534 cestuans
556 4480 709 4549 facile
729 4481 996 4551 despumat
1016 4480 1068 4532 in
1098 4481 1378 4533 libidinem.
1415 4480 1478 4533 Et
1501 4480 1732 4551 Epistol.

147 4548 219 4602 2‘2
241 4552 310 4604 ad
346 4548 735 4605 Eustochium:
772 4548 1053 4615 Pudicitia,
1087 4551 1185 4602 nisi
1232 4566 1320 4614 per
1348 4548 1733 4618 abstinentiam,

150 4629 264 4672 tuta
294 4637 408 4673 esse
431 4638 530 4674 non
558 4630 740 4691 potest.
777 4620 902 4691 Sine
933 4618 1185 4691 Cerereet
1210 4619 1413 4691 Baccho
1441 4622 1591 4691 friget
1634 4622 1735 4675 Ve-

149 4708 279 4742 nus.
322 4688 567 4759 Itemque
610 4691 712 4745 alia
758 4690 1000 4744 Cassiani
1037 4688 1230 4744 Collat.
1282 4690 1316 4744 5
1345 4688 1463 4759 cap.
1496 4691 1598 4744 1οε
1634 4691 1739 4746 Ga-

149 4762 480 4829 strimargice
520 4762 794 4826 fornicatio
850 4761 1097 4830 peculiari
1142 4762 1394 4814 consortio
1439 4762 1735 4828 foederatur.

148 4829 288 4884 Item
315 4831 571 4884 Climachi
593 4831 797 4900 (Gradu
823 4830 939 4898 14;:
970 4830 1069 4896 Qui
1092 4833 1252 4884 ventri
1281 4832 1403 4884 dum
1424 4834 1735 4899 obsequitur,

152 4902 527 4967 fornicationis
570 4904 809 4971 spiritum
855 4903 1053 4953 vincere
1093 4903 1231 4965 vult,
1279 4902 1323 4956 is
1347 4903 1395 4955 ei
1422 4901 1607 4955 similis
1638 4914 1735 4971 est,

154 4973 243 5039 qui
271 4974 393 5025 oleo
424 4972 721 5025 incendium
751 4973 1072 5041 exstinguere
1096 4974 1296 5026 nititur.

220 5041 248 5081 δ
282 5042 431 5108 Una,
461 5056 564 5097 non
589 5044 802 5111 Specie,
836 5049 896 5094 ut
925 5048 1107 5095 notum
1131 5055 1242 5109 est,
1275 5043 1371 5098 sed
1399 5044 1741 5100 connexione

152 5122 205 5165 et
235 5125 434 5167 mutua
464 5114 695 5183 quadam
745 5113 1143 5180 conspiratione
1168 5153 1183 5176 ,
1216 5121 1272 5167 et
1301 5129 1601 5180 concursu,
1628 5116 1744 5171 sive

153 5185 517 5247 cohaerentia,
552 5193 611 5237 ut
635 5198 703 5237 ex
734 5183 1175 5237 antecedentibus
1203 5191 1257 5236 et
1286 5187 1743 5249 consequentibus

156 5264 343 5316 patet:
381 5252 845 5322 quemadmodum
874 5254 993 5307 Act.
1029 5269 1117 5307 tv:
1152 5252 1503 5307 Multitudinis
1534 5258 1745 5309 creden-

154 5325 282 5376 tium
313 5334 435 5378 erat
466 5340 550 5378 cor
590 5340 755 5377 unum
790 5334 839 5377 et
874 5326 1047 5377 anima
1090 5341 1213 5377 una.
1260 5323 1393 5377 Nam
1421 5340 1610 5379 omnes
1637 5326 1745 5380 vir-

153 5404 295 5450 tutes
347 5411 412 5449 se
465 5406 652 5449 mutuo
690 5394 921 5462 juvant,-
967 5404 1021 5447 et
1068 5404 1308 5449 mutuum
1352 5395 1453 5447 sibi
1485 5406 1745 5461 prmstant

152 5467 493 5529 subsidium,
521 5466 649 5520 dum
677 5479 1015 5534 unaquaeque
1042 5466 1285 5532 quaedam
1316 5465 1543 5519 aliarum
1573 5466 1743 5534 impe-

151 5536 403 5590 dimenta
434 5536 721 5606 propellit;
761 5535 913 5589 verbi
945 5535 1110 5601 gratia
1132 5577 1147 5601 ,
1178 5535 1499 5589 abstinentia
1533 5547 1741 5603 tempe-

152 5616 239 5659 ret
268 5607 463 5676 gulam
490 5625 504 5660 :
552 5606 695 5660 unde
740 5606 894 5676 juvat
934 5606 1070 5657 alias
1121 5607 1345 5660 virtutes
1367 5622 1486 5675 quae
1518 5621 1615 5673 per
1642 5621 1742 5673 gu-

149 5675 290 5739 lam,
316 5687 414 5730 aut
446 5677 659 5729 ratione
678 5677 850 5743 gulae,
886 5675 1129 5743 impediri
1160 5686 1251 5730 aut
1275 5676 1468 5730 violari
1501 5684 1741 5744 possent.

153 5745 231 5806 Et
258 5747 330 5802 ita
357 5747 435 5805 de
471 5748 709 5805 caeteris.
760 5746 962 5803 Omnes
993 5746 1152 5803 etiam
1184 5762 1345 5803 unum
1379 5747 1747 5815 eamdemque

1833 3566 1995 3621 finem
2028 3564 2361 3634 generalem,
2387 3578 2580 3633 nempe
2604 3561 2839 3618 hominis
2863 3563 3272 3631 perfectionem,
3299 3564 3413 3620 sive

1835 3636 2159 3706 perfectam,
2189 3644 2249 3688 ut
2280 3636 2692 3706 vocat‘Auctor,
2724 3636 2901 3706 animi
2921 3643 2974 3687 et
3003 3636 3244 3706 corporis
3275 3634 3413 3689 inte-

1832 3703 2092 3777 gritatem
2122 3714 2389 3772 spectant.
2441 3703 2547 3759 Sed
2574 3704 2642 3759 de
2676 3704 3012 3758 connexione
3041 3704 3301 3759 virtutum
3332 3705 3413 3758 vi-

1837 3780 1905 3833 de
1930 3794 2050 3847 quae
2082 3786 2403 3845 sequuntur.

1910 3842 2238 3916 c‘perfecie,
2293 3846 2503 3916 inquit,
2552 3842 2831 3916 possidere.
2876 3842 3007 3897 Nam
3049 3843 3114 3899 de
3143 3844 3412 3916 perfectis

1834 3912 2125 3972 virtutibus
2147 3957 2161 3977 .
2215 3930 2307 3969 seu
2350 3912 2584 3982 perfecte
2611 3912 2807 3967 habitis
2834 3924 2888 3969 et
2918 3912 3183 3983 possessis
3214 3917 3412 3973 intelli-

1837 3992 2070 4060 gendum
2116 3987 2251 4042 illud
2302 3995 2455 4040 vetus
2498 3996 2551 4038 et
2598 3985 2876 4060 vulgatum
2915 3990 3146 4060 axioma,
3184 3987 3411 4060 Virtutes

1838 4058 2010 4114 omnes
2040 4075 2146 4113 esse
2174 4073 2427 4111 connexus
2453 4098 2467 4121 ,
2514 4070 2621 4126 quo
2651 4058 2922 4123 reSpicere
2960 4058 3167 4112 videtur
3196 4058 3412 4114 Cassia-

1836 4147 1962 4187 nus.
1995 4130 2093 4201 Sic
2113 4131 2258 4183 enim
2288 4129 2484 4201 docent
2512 4126 2721 4201 Patres_
2744 4127 2829 4201 (δ.
2858 4126 3046 4201 Thom.
3076 4130 3195 4192 1-2,
3230 4149 3281 4201 q.
3316 4132 3409 4193 65,

1836 4220 1889 4254 α.
1927 4204 1987 4265 1;
2042 4200 2261 4253 Hieron.
2305 4199 2394 4252 lib.
2419 4214 2443 4270 ﬁt
2465 4206 2640 4251 contra
2682 4197 2916 4270 Pelagia.
2950 4200 3188 4270 Augusti.
3213 4197 3405 4270 ,Vepist.

1834 4270 1952 4342 29),
1982 4274 2120 4324 inter
2145 4283 2278 4342 quos
2305 4271 2364 4322 D.
2394 4269 2683 4342 Gregorius
2713 4269 2805 4322 lib.
2836 4285 2950 4342 xxtt
2975 4269 3159 4325 Meral.
3191 4288 3310 4341 cap.
3346 4275 3406 4328 1:

1842 4340 1980 4404 Una,
2012 4341 2394 4414 in_quit,_virt_us
2420 4340 2529 4414 sine
2556 4340 2674 4414 aliis
2701 4349 2789 4392 aut
2818 4341 2961 4414 nulla
2983 4352 3076 4409 est,
3104 4352 3192 4397 aut
3218 4340 3411 4414 imper-

1841 4416 1994 4482 fecta.
2030 4409 2098 4465 Ut
2137 4412 2269 4464 enim
2311 4410 2373 4462 de
2412 4412 2591 4483 primis
2630 4420 2853 4483 quatuor
2890 4412 3162 4465 virtutibus
3208 4409 3409 4483 loquar,

1838 4481 2147 4553 prudentia,
2180 4481 2547 4553 temperantia,
2576 4481 2829 4553 fortitudo
2867 4492 3018 4552 atque
3035 4485 3239 4553 justitia
3270 4481 3413 4539 tanta

1840 4551 2076 4621 perfecta:
2104 4560 2241 4615 sunt,
2265 4561 2456 4616 quanto
2486 4551 2706 4603 vicissim
2735 4552 2929 4603 sibimet
2956 4551 3275 4623 conjunctae;
3308 4556 3413 4609 dis—-

1831 4626 2016 4693 juncte
2042 4631 2212 4696 autem
2255 4624 2490 4691 perfecta:
2517 4636 2623 4696 esse
2664 4637 2979 4690 nequaquam
3009 4636 3223 4692 possunt
3244 4666 3259 4686 ,
3291 4628 3414 4696 quia

1842 4708 1933 4746 nec
1954 4693 2229 4762 prudentia
2254 4708 2369 4746 vera
2397 4703 2488 4753 est,
2515 4694 2559 4743 si
2570 4693 2738 4765 justa,
2764 4700 3047 4758 temperans
3068 4705 3112 4747 et
3134 4697 3281 4765 fortis
3302 4693 3409 4751 non

1843 4774 1953 4834 est;
1985 4780 2074 4816 nec
2094 4764 2323 4834 perfecta
2354 4763 2706 4834 temperantia,
2734 4778 2847 4828 qua:
2868 4764 3035 4832 fortis,
3052 4763 3198 4834 justa
3220 4777 3266 4819 et
3297 4786 3414 4834 prn-

1843 4833 1966 4887 dens
1988 4832 2220 4899 nonest;
2242 4851 2334 4887 nec
2359 4832 2608 4904 fortitudo
2634 4834 2854 4900 integra,
2887 4849 2998 4900 qua:
3019 4832 3267 4904 prudens,
3296 4832 3413 4890 tem-
3437 4848 3451 4860 ‘

1842 4921 2030 4978 perans
2054 4915 2100 4957 et
2121 4908 2263 4971 justa
2284 4920 2385 4955 non
2410 4914 2511 4967 est;
2535 4919 2624 4954 nec
2652 4920 2768 4957 vera
2782 4905 3009 4973 justitia,
3036 4923 3150 4976 qua:
3169 4908 3410 4978 prudens,

1841 4975 1992 5044 fortis
2024 4985 2071 5029 et
2095 4984 2379 5044 temperans
2408 4989 2511 5025 non
2537 4981 2633 5025 est.

1916 5043 1943 5081 ἀ
1976 5043 2304 5112 Posterulam
2348 5058 2443 5108 pro
2485 5044 2714 5111 postico,
2760 5056 2851 5097 aut
2882 5046 3164 5112 posticulo,
3213 5049 3332 5111 vel,
3367 5049 3412 5104 si

1845 5116 2035 5188 mavis,
2081 5111 2380 5180 posteriore
2407 5119 2556 5188 porta
2589 5115 2672 5188 vel
2724 5117 2959 5188 portula,
3002 5118 3226 5183 positam
3260 5129 3411 5187 puto,

1846 5186 1913 5239 Et
1943 5185 2083 5236 enim
2131 5193 2281 5249 porta
2324 5182 2537 5248 proprie
2566 5182 2741 5237 aditus
2780 5184 2949 5249 urbis,
2988 5182 3239 5249 civitatis,
3260 5182 3413 5241 'alte-

1846 5257 2028 5310 t'iusve
2057 5254 2158 5306 loci
2182 5292 2196 5314 ,
2226 5250 2368 5305 vallo
2410 5251 2656 5320 fossaque
2684 5256 2895 5309 muniti.
2947 5255 3100 5311 Unde
3138 5257 3413 5311 diminuti-

1847 5339 1973 5379 vum
2008 5323 2215 5396 portula
2251 5323 2344 5396 vel
2398 5322 2696 5391 posterula,
2738 5325 2891 5396 quasi
2934 5330 3199 5391 posterior
3228 5338 3412 5396 porta;

1846 5395 2151 5464 cujusmodi
2191 5395 2427 5449 minores
2464 5403 2632 5463 portae
2660 5396 2712 5447 in
2742 5395 3056 5462 quibusdam
3086 5395 3302 5465 oppidis
3334 5400 3416 5452 vi-

1847 5478 2060 5530 suntur,
2109 5481 2227 5532 quae
2274 5467 2440 5519 certis
2487 5465 2757 5518 dumtaxat
2787 5466 3159 5521 occasionibus
3201 5480 3417 5524 autne-

1847 5537 2194 5592 cessitatibus
2225 5537 2578 5605 aperiuntur;
2610 5537 2801 5604 quibus
2832 5545 3006 5607 tamen
3049 5539 3307 5607 contingit
3335 5558 3416 5593 in-

1849 5608 2060 5661 terdum
2108 5607 2269 5660 urbes
2306 5609 2461 5674 prodi
2504 5616 2558 5659 et
2584 5607 2734 5675 capi,
2779 5619 2829 5660 ut
2862 5605 3122 5675 exemplis
3176 5605 3416 5669 veterum

1850 5690 1902 5732 et
1933 5678 2295 5748 recentiorum
2330 5689 2629 5744 temporum
2661 5678 2873 5748 liquido
2907 5691 3139 5744 constat,
3172 5694 3225 5736 et
3248 5685 3329 5738 hic
3353 5687 3416 5742 ab

1850 5749 2086 5805 Auctore
2110 5747 2431 5804 insinuatur.
2468 5747 2755 5821 Perperatu
2793 5764 2915 5807 tero
2945 5763 2998 5808 et
3027 5770 3213 5820 parum
3250 5769 3417 5817 atten.
