3994 6202
547 275 656 360 22⁵7

1877 295 2153 358 JOANNIS
2189 293 2502 358 CASSIANI

3699 301 3808 367 228

548 417 909 494 parvissima,
932 419 1236 490 proditione
1256 419 1576 475 vastabitur.
1602 418 1742 486 Quid
1769 418 1912 474 enim
1937 419 2117 474 ditl‘ert
2142 424 2193 481 Α
2214 417 2417 488 judicio
2447 417 2888 487 comprobantur.
2935 416 3178 489 Cumque
3207 417 3496 501 diligepter
3521 423 3810 478 examina-

551 521 732 568 utrum
763 528 857 582 per
881 514 1094 569 excelsa
1126 512 1319 567 muenia
1345 521 1397 567 et
1425 512 1598 581 ampla
1623 525 1898 582 portarum
1922 514 2117 582 spatia,

550 619 619 660 an
650 622 744 674 per
778 614 805 642 ι
835 605 1047 675 angusti
1079 605 1308 658 cuniculi
1337 604 1557 703 latibqu
1591 607 1927 676 perniciosus
1953 607 2124 666 hostis

550 697 920 768 penetralibus
943 697 1175 751 civitatis
1199 696 1447 766 irrepat?

1135 809 1360 867 CAPUT
1407 809 1524 866 XII.

546 903 627 960 De
660 919 821 975 agone
855 904 1059 958 carnali
1087 905 1245 957 etiam
1275 903 1532 971 spiritalis
1569 906 1754 975 agonis
1787 905 2124 960 imitationem

1100 992 1208 1029 esse
1249 978 1568 1030 sumendam.

614 1065 717 1134 Qui
747 1065 800 1120 in
827 1081 997 1135 agone
1025 1066 1309 1122 contendit
1333 1108 1348 1132 ,
1398 1083 1504 1121 non
1536 1067 1888 1122 coronabitur
1915 1066 2015 1121 nisi
2041 1066 2120 1122 le-

545 1158 728 1229 gitime
755 1159 1044 1214 certaverit
1073 1158 1137 1230 (II
1175 1155 1310 1212 Tim.
1340 1158 1424 1228 ιι).
1466 1159 1568 1225 Qui
1603 1160 1876 1214 naturales
1914 1158 2125 1228 appeti-

543 1259 630 1303 tus
665 1249 846 1304 carnis
876 1259 1026 1321 optat
1054 1251 1400 1327 exstinguere
1425 1294 1440 1316 ,
1479 1250 1504 1288 δ
1536 1262 1690 1306 extra
1715 1258 1960 1304 naturain
1994 1249 2123 1304 vitia

541 1341 805 1397 collocata
845 1343 1100 1413 primitus
1139 1359 1397 1413 superare
1427 1343 1669 1398 festinet.
1729 1344 1783 1398 Si
1811 1343 1953 1396 enim
1987 1357 2121 1411 apo-

541 1434 746 1489 stolica:
792 1437 1073 1490 sententia:
1123 1441 1227 1490 vim
1273 1438 1519 1492 volumus
1569 1437 1826 1506 experiri,
1867 1454 1986 1506 qua:
2014 1437 2123 1490 sint

542 1528 729 1596 agonis
779 1527 1038 1581 mundani
1084 1529 1228 1598 leges
1276 1544 1339 1582 ac
1368 1529 1651 1598 disciplina
1689 1530 1932 1598 primitus
1959 1529 2122 1583 debe-

543 1631 665 1671 mus
688 1633 1013 1686 agnoscere,
1061 1628 1117 1672 ut
1150 1621 1218 1673 ita
1249 1620 1464 1674 demum
1497 1621 1683 1673 harum
1718 1625 2121 1688 comparatione

543 1709 685 1762 scire
716 1708 984 1776 possimus
1011 1711 1138 1779 quid
1171 1725 1270 1764 nos
1299 1713 1350 1764 in
1380 1710 1606 1778 spiritali
1635 1726 1807 1780 agone
1846 1721 2117 1765 ecrtantes

2228 518 2313 566 tus
2343 511 2462 581 quis
2486 552 2501 576 ,
2547 511 2776 580 primum
2802 515 3049 579 repertus
3073 511 3235 566 fuerit
3259 512 3403 567 nulla
3433 514 3556 568 vita:
3583 529 3809 585 resper-

2224 618 2318 658 sus
2350 603 2569 658 infamia
2597 621 2611 666 ;
2657 603 2850 658 deinde
2874 645 2889 669 ,
2931 619 3038 659 non
3070 605 3342 660 servitutis
3365 605 3495 676 jngo
3523 606 3812 676 ignobilis,

2222 703 2281 751 et
2323 695 2393 750 ob
2424 696 2526 751 hoc
2570 696 2824 765 indignus
2860 697 3142 768 disciplina
3194 697 3331 764 hac,
3377 701 3462 755 vel
3509 715 3814 772 congressu

2222 801 2414 842 eorum
2443 789 2533 858 qui
2568 788 2705 841 hanc
2734 787 3074 858 profitentur,
3120 789 3280 845 fuerit
3300 790 3606 859 judicatus;
3639 795 3816 849 tertio

2222 879 2268 933 si
2296 879 2430 933 artis
2455 921 2468 943 ,
2522 879 2569 933 si
2597 879 2936 934 fortitudinis
2971 880 3129 950 digna
3167 881 3428 950 praeferat
3455 882 3813 950 documenta,

2226 981 2281 1027 et
2303 973 2608 1042 junioribus
2638 974 2942 1042 coaevisque
2969 973 3287 1039 decertans,
3316 976 3563 1043 peritiam
3598 978 3816 1047 pariter

2225 1081 2289 1120 ac
2312 1067 2562 1118 virtutem
2607 1077 2719 1120 sua
2747 1065 3201 1120 demonstraverit
3223 1067 3552 1136 iuventutis,
3582 1082 3644 1123 ac
3675 1084 3814 1138 pro-

2227 1161 2414 1215 ficiens
2440 1157 2467 1195 ἀ
2493 1159 2562 1214 de
2594 1159 2926 1228 epheborum
2957 1161 3278 1228 luctamine,
3311 1161 3566 1231 perfectis
3588 1162 3697 1232 jam
3723 1164 3806 1217 vi-

2224 1253 2302 1306 ris
2331 1262 2385 1306 et
2411 1252 2745 1321 experientia
2773 1251 2930 1321 longa
2957 1252 3198 1320 probatis
3225 1253 3481 1324 congredi
3505 1255 3805 1323 permissus

2223 1341 2387 1396 fuerit
2415 1343 2752 1412 praesidentis
2773 1343 3043 1410 examine,
3078 1359 3246 1414 seque
3274 1361 3380 1400 non
3412 1345 3588 1400 solum
3613 1361 3804 1416 parem

2223 1435 2406 1488 virtuti
2437 1451 2626 1490 eorum
2672 1435 2885 1491 assidua
2914 1437 3300 1493 colluctatione
3329 1439 3665 1507 probaverit,
3703 1455 3803 1495 ve-

2223 1543 2341 1582 rum
2391 1529 2551 1582 etiam
2605 1530 2916 1598 frequenter
2963 1531 3104 1584 inter
3148 1529 3254 1584 hos
3297 1546 3519 1600 quoque
3558 1532 3802 1589 victoria:

2229 1619 2458 1688 palmam
2493 1618 2654 1674 fuerit
2682 1631 3004 1675 consecutus
3030 1661 3046 1687 ,
3087 1629 3198 1674 tum
3240 1621 3456 1677 demum
3496 1623 3566 1678 ad
3614 1625 3804 1693 agonis

2222 1711 2481 1781 praeclara
2506 1713 2804 1766 certamina
2833 1713 3128 1766 merebitur
3159 1714 3447 1782 pervenire
3469 1754 3484 1778 ,
3527 1715 3580 1768 in
3607 1715 3803 1785 quibus

543 1799 744 1854 beatus
764 1799 1059 1868 Apostolus
1091 1799 1193 1854 hoc
1229 1803 1478 1870 exemplo
1508 1802 1739 1857 voluerit
1767 1805 2015 1857 educere.
2063 1804 2117 1858 In
2151 1819 2197 1878 Β
2224 1819 2330 1857 non
2362 1803 2462 1857 nisi
2508 1803 2804 1858 victoribus
2842 1813 3046 1857 tantum
3075 1845 3090 1867 ,
3123 1812 3179 1858 et
3217 1804 3302 1859 his
3331 1809 3422 1875 qui
3456 1815 3479 1843 ο
3509 1806 3802 1862 multarum

542 1890 650 1946 illis
671 1895 812 1946 enim
836 1894 1240 1959 certaminibus,
1255 1911 1373 1964 qua-2
1395 1895 1688 1949 secundum
1708 1896 1953 1950 eumdem
1972 1897 2115 1965 Apo-

542 1984 740 2039 stolum
784 1986 1189 2055 corruptibilem
1221 2002 1476 2040 coronam
1511 1988 1847 2042 vincentibus
1882 1997 2113 2057 parant,

541 2090 660 2130 mos
684 2077 785 2132 iste
813 2087 1080 2142 servatur,
1116 2089 1172 2132 ut
1195 2080 1238 2132 is
1267 2081 1430 2148 quise
1457 2079 1521 2132 ad
1547 2082 1833 2147 gloriosam
1860 2095 2118 2134 coronam

541 2177 597 2221 et
620 2166 970 2223 immunitatis
1015 2169 1293 2239 privilegio
1321 2169 1626 2225 decoratum
1653 2187 1955 2240 praeparare
1989 2187 2119 2226 con-

542 2261 734 2329 tendit,
751 2273 805 2318 et
828 2262 1067 2332 perfecta
1089 2266 1230 2331 cupit
1244 2265 1430 2331 agonis
1445 2264 1624 2318 subire
1637 2265 1927 2318 certamina
1940 2305 1953 2328 ,
1969 2263 2117 2332 prius

543 2365 565 2393 ε
599 2355 650 2410 itt
677 2356 1001 2426 Olympiacis
1026 2370 1088 2409 ac
1115 2355 1320 2427 Pythiis
1345 2355 1980 2410 ccrtaminibusindolem
2008 2371 2120 2410 sum

541 2450 840 2518 iuventutis
865 2463 928 2502 ac
955 2449 1375 2504 rudimentorutn
1400 2450 1564 2502 robur
1586 2458 1835 2502 ostentet.
1862 2448 1918 2502 In
1944 2448 2025 2502 his
2048 2449 2122 2503 si-

542 2543 759 2612 quidem
780 2542 1023 2611 juniores
1051 2543 1138 2612 qui
1172 2543 1266 2595 has
1289 2543 1598 2611 disciplinas
1619 2542 1840 2610 cupiunt
1858 2541 2121 2612 profiteri,

543 2645 719 2688 utrutn
745 2642 1055 2689 mereantur
1074 2633 1158 2689 vel
1175 2634 1406 2689 debeant
1422 2635 1490 2688 ad
1515 2649 1606 2689 eas
1627 2635 1854 2702 admitti,
1881 2645 1986 2688 tam
2007 2634 2124 2704 ejus

541 2732 632 2799 qui
655 2727 772 2786 istis
815 2728 1204 2784 certaminibus
1233 2727 1484 2798 prmsidet
1510 2770 1524 2794 ,
1554 2743 1716 2798 quam
1746 2728 1911 2781 totius
1940 2727 2122 2797 populi

2226 1911 2550 1951 coronarum
2578 1896 2863 1966 stipendiis
2891 1896 3135 1951 decorati
3163 1906 3310 1965 sunt,
3345 1897 3576 1953 facultas
3600 1913 3803 1955 conoe-

2226 1988 2371 2042 ditur
2416 1987 2752 2042 decertandi.
2811 1988 2868 2043 Si
2910 1988 3275 2043 intelleximus
3328 1990 3561 2044 carnalis
3606 1989 3800 2060 agonia

2227 2080 2534 2147 exemplum
2559 2119 2574 2141 ,
2619 2079 2878 2148 spiritalis
2905 2095 3120 2148 quoque
3147 2081 3460 2135 certaminis
3485 2096 3610 2152 qua:
3639 2081 3804 2136 disci-

2227 2171 2372 2239 plina
2417 2171 2503 2225 vel
2555 2169 2689 2226 ordo
2735 2171 2838 2239 sit,
2885 2174 3290 2240 comparatione
3337 2171 3496 2241 bujus
3543 2171 3803 2228 debemus

2227 2279 2542 2330 agnoscere.

2812 2356 3039 2412 CAPUT
3087 2356 3226 2412 XIII.

2268 2449 2420 2516 Quod
2449 2449 2548 2501 nisi
2586 2448 2722 2519 gulte
2757 2449 3005 2516 fuerimus
3034 2449 3155 2502 vitio
3183 2447 3411 2519 liberati,
3444 2463 3768 2517 nequaquam

2299 2521 2554 2589 possimus
2580 2518 2646 2573 ad
2671 2537 2869 2590 pugnas
2906 2520 3168 2573 interioris
3195 2518 3414 2574 hominis
3443 2521 3726 2589 pervenire.

2301 2632 2528 2700 Oportet
2569 2647 2666 2686 nos
2705 2646 2917 2702 quoque
2960 2633 3195 2700 primum
3230 2631 3534 2687 libertatem
3561 2639 3801 2688 nostram

2230 2728 2411 2782 carnis
2455 2726 2792 2797 subjectione
2835 2737 3158 2783 monstrare.
3208 2725 3228 2764 ί
3274 2729 3321 2783 Δ
3362 2742 3470 2798 quo
3509 2728 3652 2783 enim
3681 2728 3803 2798 quis

1600 2841 1858 2896 ALARDI
1900 2839 2133 2896 (ἰΑΖιλΕΙ
2171 2838 2738 2896 COMMENTARIUS.

545 2967 598 3012 te
641 2971 669 3011 a
709 2957 967 3029 Dionysio
994 2957 1224 3029 positum
1244 2997 1258 3023 ,
1287 2957 1447 3027 postis
1475 2955 1755 3024 apertione.
1798 2955 1919 3011 Non
1945 2956 2125 3010 solent

548 3041 730 3100 postes
759 3027 980 3096 aperiri,
1010 3029 1101 3083 sed
1138 3027 1300 3100 fores,
1329 3036 1421 3080 aut
1445 3038 1633 3096 portae.

623 3108 648 3136 ⁸
677 3099 966 3154 Cuniculus
990 3139 1006 3164 ,
1052 3100 1139 3153 vel
1172 3100 1222 3151 in
1252 3099 1441 3164 plurali
1477 3098 1742 3164 cuniculi,
1787 3107 1911 3152 sunt
1953 3097 2124 3152 fovete

550 3170 686 3225 clam
733 3171 922 3223 subtus
961 3179 1157 3223 terram
1194 3168 1439 3232 effossae,
1473 3169 1666 3236 quibus
1707 3169 1906 3223 milites
1937 3169 1990 3221 in
2021 3169 2121 3221 ho-

546 3243 704 3296 stium
750 3255 929 3294 arcem
973 3251 1062 3293 aut
1104 3243 1294 3292 urbem
1350 3255 1416 3292 ex
1459 3239 1754 3305 improviso
1793 3239 2120 3306 irrumpunt,

548 3322 642 3365 aut
684 3325 776 3364 eas
823 3325 1088 3364 succenso
1136 3311 1357 3376 pulvere
1383 3311 1739 3362 tortnentario
1765 3310 2039 3362 excutiunt
2069 3320 2123 3362 et

546 3363 814 3438 devertunt.
832 3363 965 3434 Hinc
978 3363 1240 3434 cunicitlis
1262 3395 1517 3448 pugnare,
1535 3381 1803 3452 ὑπονόμοις
1815 3382 2120 3452 πολεμίζειν,
2149 3363 2193 3426 C

551 3470 646 3522 per
676 3455 1046 3520 metaphoram
1075 3452 1296 3516 dicitur,
1325 3452 1542 3522 quinon
1567 3450 1751 3518 aperta
1784 3450 1852 3513 vi,
1884 3453 1977 3504 sed
2011 3452 2124 3504 dis-

550 3521 864 3578 Simtilanter
909 3532 964 3576 et
1011 3522 1149 3576 dolis
1187 3535 1296 3574 rem
1328 3521 1465 3590 gerit
1513 3538 1527 3578 :
1577 3533 1762 3576 eontra
1807 3522 1897 3588 qui
1951 3522 2122 3589 palam

550 3593 659 3662 agit
685 3593 827 3663 quod
862 3595 989 3662 agit,
1044 3591 1306 3646 machiuis
1346 3606 1508 3659 agere
1557 3593 1774 3646 dicitur.
1807 3591 1996 3646 Cicero
2029 3607 2124 3660 pro

549 3665 938 3736 IegeVAgraria
983 3682 996 3716 :
1049 3664 1176 3728 Qua:
1214 3679 1292 3716 res
1336 3675 1508 3733 aperte
1559 3664 1841 3735 petebatur,
1884 3679 1944 3717 ea
1988 3680 2124 3717 nunc

550 3735 747 3790 occulte
775 3735 1027 3789 cuniculis
1059 3746 1400 3807 oppugnatur.

622 3807 649 3847 δ
682 3808 737 3862 ld
769 3815 854 3863 est
879 3821 985 3861 non
1005 3804 1265 3859 naturalia
1291 3805 1626 3873 :cujusmodi
1654 3814 1840 3861 censet
1859 3804 2122 3872 avaritia,

552 3879 801 3944 invidiae,
869 3877 1070 3930 acediae
1100 3876 1248 3930 vitia.
1292 3877 1413 3930 Ilu-e
1437 3880 1580 3930 enim
1613 3878 1833 3946 opponit
1866 3878 2125 3932 naturali-

553 3949 653 4002 bus
683 3950 861 4002 carnis
887 3948 1232 4014 appetitibus,
1261 3947 1312 3998 id
1336 3956 1439 4010 est,
1466 3947 1709 4012 luxnrim,
1737 3959 1788 4001 et
1818 3949 1979 4016 gulaa,
2006 3963 2125 4016 qua!

552 4019 607 4072 in
633 4027 821 4071 natura
869 4031 1048 4069 neStra
1089 4017 1437 4084 pritnigenias
1477 4027 1535 4070 et
1569 4017 1886 4084 congenitas
1927 4017 2123 4072 habent

553 4087 763 4143 radices
798 4097 852 4140 et
891 4086 1137 4149 fomites,
1186 4087 1409 4152 ideoque
1442 4088 1703 4138 naturalia
1733 4088 1984 4138 dicuntur
2011 4102 2025 4148 ;
2057 4087 2126 4142 de

554 4174 658 4228 qua
689 4155 1090 4227 comparatione
1118 4157 1368 4209 vitiorum
1400 4155 1608 4223 plenius
1639 4159 1814 4226 agitur
1840 4157 2125 4212 collatione

553 4239 856 4353 quiPiiltiere
886 4295 1015 4349 olim
1056 4294 1194 4364 apud
1232 4293 1448 4350 Graecos
1493 4304 1723 4363 quatuor
1770 4297 2124 4353 certaminum

557 4383 755 4438 genera
789 4383 981 4435 magno
1010 4382 1277 4438 eoncursu
1310 4377 1362 4419 et
1390 4377 1646 4434 apparatu
1669 4367 1942 4421 celebrata
1969 4410 1982 4432 ,
2033 4371 2125 4438 qui

558 4437 756 4509 agones
792 4438 1139 4509 dicebantur,
1172 4437 1446 4509 Olytnpica
1488 4438 1600 4509 sive
1644 4439 1988 4508 Olympiaca,
2021 4437 2123 4509 ιῖγ-

554 4506 686 4576 thia,
713 4508 930 4566 Isthmia
950 4552 962 4573 ,
992 4508 1204 4563 Nemaea
1234 4506 1480 4578 (Alcman.
1507 4507 1570 4560 ab
1594 4506 1808 4562 Alcman.
1842 4510 1930 4564 lib.
1961 4525 1995 4564 v
2025 4506 2128 4563 Ge-

553 4582 777 4651 nialium
801 4597 846 4633 ο.
873 4579 951 4651 8).
990 4580 1061 4634 De
1089 4579 1280 4648 quibus
1309 4579 1536 4632 Bttdteus
1563 4580 1615 4632 in
1646 4579 1898 4651 Pandect.
1933 4593 1984 4636 et
2004 4579 2126 4637 Cm-

552 4649 657 4708 lius
685 4649 918 4720 Rhedig.
943 4651 1035 4704 lib.
1069 4665 1100 4703 ι
1129 4665 1249 4716 cap.
1280 4652 1312 4704 5
1343 4665 1454 4702 var.
1481 4651 1616 4704 Hist.
1641 4650 1920 4719 Olympica
1953 4664 2127 4706 certa-

551 4724 695 4778 mina
719 4765 732 4788 ,
774 4737 869 4776 seu
917 4722 1028 4775 ludi
1073 4721 1214 4793 apud
1237 4721 1550 4793 Olympiam
1582 4721 1768 4775 urbem
1798 4723 1974 4776 Pisuni
2007 4725 2117 4792 agri
2145 4734 2199 4793 ¹ι)

551 4794 606 4849 in
637 4793 789 4848 Elide
811 4833 826 4857 ,
873 4807 991 4861 qua:
1034 4799 1118 4846 est
1157 4789 1510 4858 PeIOpOnnesi
1541 4794 1686 4860 regio
1711 4834 1725 4857 ,
1773 4793 1825 4844 in
1857 4789 2113 4847 honorem

551 4864 745 4933 impuri
792 4863 918 4917 idoli
967 4871 1324 4930 cognomento
1354 4861 1512 4933 lovis
1559 4863 1894 4932 Olympiaci,
1928 4865 2116 4932 quinto

589 4932 762 5004 neque
783 4948 926 4988 anno
965 4933 1251 4997 redeunte,
1281 4932 1698 5004 celebrabantur
1726 4948 1920 5001 magno
1951 4937 2116 4988 totius

589 4953 762 5004 neque
783 4953 926 4988 anno
965 4953 1251 4997 TCGCUIIIB,
1285 4953 1698 4987 CBIClIl'aDiHIlUI'
1726 4953 1920 5001 ntagno
1951 4953 2114 4988 ιυιιυε

548 4953 772 5062 amcitia
796 5018 1059 5058 concursu
1082 5020 1096 5056 :
1124 5017 1152 5055 a
1181 5003 1376 5073 quibus
1403 5003 1745 5073 Olympiades
1769 5019 1963 5058 nomen
1995 5021 2114 5059 sor-

553 5079 665 5131 tita:
692 5084 816 5130 sunt
843 5091 858 5140 ;
905 5075 1093 5145 Pythia
1125 5073 1176 5126 in
1210 5076 1465 5127 honorem
1490 5075 1753 5143 Apollinis
1781 5074 1956 5146 Pythii
1980 5091 2118 5130 nun-

551 5147 731 5215 cupati
758 5187 772 5211 ,
821 5161 851 5199 a
895 5146 1424 5215 Pytiioneserpente
1460 5146 1577 5212 ejus
1620 5147 1812 5212 jaculis
1838 5147 2113 5214 confosso,

549 5214 706 5288 cujus
737 5216 912 5288 fabula
936 5214 1003 5270 ab
1033 5214 1223 5288 0vidio
1248 5216 1300 5269 in
1330 5215 1750 5288 Metamorphosi
1773 5217 2114 5272 describitur.

548 5285 712 5344 In'liis
744 5299 796 5342 et
820 5285 1124 5355 hujusmodi
1159 5286 1299 5339 ludis
1327 5297 1380 5338 et
1409 5287 1792 5340 certaminibus
1824 5289 1970 5341 varie
2001 5304 2120 5342 cer—

549 5360 783 5422 tabatur,
813 5372 972 5412 cursu
993 5397 1008 5424 ,
1040 5357 1212 5423 lucta,
1245 5357 1478 5425 pugilatu
1503 5396 1516 5422 ,
1549 5357 1686 5409 saltu
1708 5396 1720 5417 ,
1753 5356 1978 5421 aliisque
2008 5374 2121 5411 mo-

549 5430 633 5484 dis
671 5447 683 5482 :
734 5429 872 5484 unde
911 5438 966 5482 et
1011 5438 1280 5482 certantes
1316 5426 1549 5490 athletae,
1580 5427 1860 5494 agonistaa,
1893 5429 2115 5496 pugiles,

549 5514 821 5569 cursores,
851 5508 946 5554 aut
969 5499 1268 5569 palesuita:
1296 5499 1613 5552 dicebantur
1637 5514 1650 5549 :
1684 5511 1783 5569 nec
1811 5497 2030 5562 quilibet
2052 5500 2120 5552 ad

549 5568 858 5640 hujusmodi
882 5568 1176 5624 certamina
1200 5569 1639 5640 admittebantur,
1674 5568 1964 5640 sedcertis
1989 5583 2116 5622 con-

551 5638 841 5694 ditionibus
874 5640 1081 5706 probati
1123 5650 1176 5695 et
1209 5639 1532 5704 examinati,
1568 5651 1624 5693 ut
1652 5639 1735 5693 hic
1761 5638 1976 5703 dicitur,
2011 5655 2116 5694 non

552 5711 732 5771 servi,
761 5725 864 5762 non
897 5710 1157 5773 infames,
1190 5726 1294 5762 non
1326 5711 1537 5780 ignavi,
1570 5718 1663 5763 aut
1692 5710 1794 5762 alia
1825 5711 2118 5780 ignominia

555 5781 751 5836 notati.
795 5780 1031 5841 Quorum
1071 5780 1320 5840 exemplo
1353 5790 1411 5834 et
1449 5779 1798 5834 similitudine
1825 5779 1985 5837 dueet
2004 5781 2118 5838 Att-

2229 2965 2362 3032 ριοε·Δ
2379 2955 2564 3032 quales
2590 2970 2710 3032 esse
2737 2953 2974 3032 debeant
3004 2954 3315 3023 spirituales
3345 2953 3597 3032 athletae,
3633 2956 3725 3032 qui
3750 2958 3806 3032 in

2224 3025 2400 3152 satadio
2451 3027 2574 3080 vita:
2624 3025 2920 3096 spiritualis
2975 3041 3072 3096 pro
3116 3041 3319 3082 corona
3367 3027 3806 3086 immarcescibili

2270 3106 2534 3152 eccrtant.

2270 3106 2534 3152 eccrtant.

2298 3165 2321 3203 δ
2360 3168 2592 3235 Ephebi,
2623 3175 2759 3220 teste
2783 3165 2968 3232 Snida,
2999 3166 3136 3237 apud
3166 3167 3524 3223 Athenienses
3551 3167 3806 3224 diceban-

2229 3248 2314 3291 tnr
2341 3253 2512 3307 usque
2536 3253 2733 3290 annum
2762 3238 3031 3290 decimum
3067 3251 3337 3300 octavum,
3376 3254 3497 3292 cum
3530 3238 3581 3291 id
3609 3255 3805 3295 nomen

2226 3309 2502 3383 biennium
2549 3309 2876 3383 terruisSettt;
2929 3324 2992 3361 ac
3021 3308 3230 3383 tumgin
3256 3310 3439 3364 album
3468 3309 3814 3383 civitatisin—o

2226 3380 2623 3434 scribebantur.
2653 3377 2838 3449 Dietus
2869 3389 3046 3432 autem
3077 3379 3337 3448 ephebus,
3370 3380 3521 3449 quasi
3552 3382 3632 3435 ἐπὶ
3657 3377 3806 3449 ἦϐηςζ

2230 3449 2281 3504 id
2307 3460 2409 3514 est,
2439 3467 2465 3502 a
2499 3451 2663 3518 pube,
2695 3448 2835 3518 quod
2861 3449 2971 3516 jam
3000 3451 3068 3502 sit
3097 3453 3151 3520 in
3176 3452 3335 3520 pube,
3369 3448 3474 3505 hoc
3494 3463 3596 3517 est,
3621 3452 3686 3504 ad
3707 3467 3809 3506 an-

2224 3536 2326 3575 nos
2371 3521 2665 3588 pubertatis
2706 3523 3032 3584 pervenerit.
3077 3519 3191 3575 Cic.
3225 3522 3340 3576 ide
3371 3521 3490 3575 Nat.
3526 3523 3758 3577 Deorum
3789 3541 3804 3576 :

2226 3590 2440 3645 Athenis
2505 3606 2620 3644 cum
2669 3607 2827 3643 essent
2882 3607 2908 3642 e
2955 3591 3194 3662 gregibus
3259 3591 3589 3662 epheborum.
3639 3591 3810 3648 Porro

2227 3662 2568 3733 epheborum
2613 3663 2909 3715 certamina
2946 3664 3280 3733 dicebantur,
3330 3664 3524 3733 quibus
3551 3664 3809 3731 juventus

2227 3731 2468 3788 eierceri
2527 3733 2786 3787 solebat:
2845 3734 2986 3787 unde
3042 3731 3489 3802 Ephebiaploca
3537 3733 3809 3802 iuventuti

2229 3805 2543 3858 exercendae
2573 3803 2890 3857 constituta.
2934 3802 3009 3857 De
3041 3804 3123 3857 his
3164 3804 3429 3858 Alexa‘nd.
3465 3803 3536 3859 ab
3575 3805 3806 3861 Alexan.

2228 3875 2440 3931 Genial.
2473 3876 2509 3928 l.
2542 3875 2647 3929 3c.
2677 3875 2770 3938 ‘21,
2799 3882 2853 3927 et
2878 3873 3156 3928 Vitruvius
3187 3874 3280 3928 lib.
3308 3889 3359 3928 v.

2303 3956 2326 3983 ο
2358 3946 2431 3998 De
2463 3947 2685 4000 coronis
2710 3945 3057 4009 militaribus,
3088 3945 3152 3998 ad
3175 3960 3307 4013 quas
3330 3943 3554 4013 respicit
3583 3945 3806 4012 Auctor,

2226 4016 2424 4085 quibus
2453 4017 2790 4069 ornabantur
2822 4015 3078 4078 vietores,
3107 4015 3252 4078 vide,
3278 4015 3322 4068 si
3355 4015 3487 4069 libet
3513 4058 3528 4083 ,
3576 4013 3811 4071 Plinium

2228 4088 2326 4140 lib.
2358 4103 2442 4140 xvt
2474 4101 2593 4154 cap.
2623 4086 2677 4150 4,
2707 4095 2762 4139 et
2796 4087 3057 4152 Agellium
3092 4085 3185 4140 lib.
3221 4101 3251 4136 v
3273 4101 3394 4154 cap.
3427 4085 3481 4140 6.

2304 4157 2323 4195 τ
2347 4157 2566 4224 Vulgata
2591 4159 2767 4209 vet-sio
2791 4156 2986 4209 habet:
3012 4157 3062 4228 Α
3087 4174 3190 4228 quo
3221 4159 3354 4210 enim
3385 4158 3497 4226 quis
3531 4167 3809 4228 superatus

2228 4238 2322 4291 est,
2367 4229 2520 4296 hujus
2567 4235 2613 4278 et
2653 4242 2834 4296 servus
2877 4225 3366 4296 est.7Cuiconsona
3397 4225 3496 4281 est
3538 4225 3810 4283 sententia

2227 4298 2378 4353 Pauli
2413 4295 2600 4363 Apost.
2650 4295 2808 4349 Itoni.
2841 4311 2890 4348 v1
2923 4313 2936 4352 :
2970 4295 3062 4349 Cui.
3092 4297 3337 4351 exhibetis
3384 4314 3476 4352 vos
3518 4314 3690 4352 servos
3742 4300 3811 4352 ad

2230 4369 2592 4439 obedientium,
2624 4367 2771 4439 servi
2793 4369 2909 4439 ejus
2935 4370 3052 4420 estis
3090 4370 3173 4420 cui
3201 4368 3434 4432 obeditis,
3458 4369 3570 4439 sive
3608 4372 3812 4439 peccati

2227 4441 2295 4494 ad
2323 4436 2557 4499 mortem,
2589 4437 2692 4490 sive
2721 4436 3027 4490 obeditionis
3056 4439 3124 4490 ad
3151 4439 3426 4506 justitiam.
3458 4436 3629 4492 Porro
3660 4438 3814 4494 Scri-

2229 4523 2386 4579 ptura
2417 4521 2568 4562 sacra
2613 4522 2733 4579 cum
2765 4506 2833 4560 de
2862 4507 3108 4562 libertate
3159 4518 3213 4562 et
3244 4511 3501 4562 servitute
3532 4509 3808 4579 loquitur,

2227 4577 2660 4652 plures,__easque
2689 4578 2984 4646 elegantes,
3006 4580 3499 4652 tacitantitbeses.
3528 4577 3662 4652 nam
3697 4577 3812 4636 non

2229 4648 2404 4706 solum
2434 4650 2736 4703 libertatem
2769 4650 3038 4714 servituti,
3083 4650 3176 4704 sed
3208 4649 3512 4704 libertatem
3539 4648 3810 4718 libertati,

2225 4733 2280 4778 et
2312 4722 2631 4776 servitutem
2661 4720 2888 4787 opponit
2917 4721 3187 4774 servituti.
3220 4721 3458 4774 Primam
3489 4721 3812 4776 antithesim

2223 4793 2413 4857 habes,
2448 4790 2603 4844 Rom.
2639 4805 2691 4842 v1
2720 4808 2732 4842 :
2767 4789 2998 4844 Liberali
3035 4809 3066 4844 a
3106 4799 3338 4860 peccato,
3372 4794 3501 4844 serui
3529 4791 3656 4860 facti
3685 4796 3813 4846 estis

2222 4862 2356 4918 Deo.
2391 4865 2457 4917 Et
2503 4876 2690 4915 rursus
2723 4876 2790 4915 ex
2830 4861 3057 4916 adverso
3087 4880 3099 4914 :
3135 4860 3263 4915 Cum
3305 4864 3436 4915 serui
3486 4863 3660 4916 essetis
3689 4879 3815 4929 pec-

2223 4936 2348 4994 cati.
2372 4933 2520 4987 liberi
2541 4932 2713 5000 fuistis
2732 4934 2973 5004 justitite.
2999 4932 3322 5004 Secundam,
3345 4931 3525 5004 [Petri
3548 4949 3597 5004 in
3615 4950 3626 4982 :
3647 4931 3815 4997 Quasi

2224 5005 2394 5069 liberi,
2419 5020 2521 5056 non
2551 5004 2697 5071 quasi
2729 5005 2954 5057 velamen
2984 5003 3220 5056 habentes
3246 5005 3466 5056 malitiae
3495 5003 3811 5070 libertatem,

2221 5075 2311 5129 sed
2342 5076 2472 5128 sicut
2502 5074 2631 5126 servi
2665 5071 2783 5131 Dei.
2816 5074 2916 5129 Ubi
2949 5089 3130 5127 veram
3164 5073 3491 5143 libertatem,
3523 5089 3640 5143 qua:
3679 5087 3812 5128 cum

2222 5147 2482 5200 servitute
2524 5143 2620 5197 Dei
2651 5145 2940 5212 conjuncta
2983 5154 3086 5206 est,
3132 5139 3357 5212 Opponit
3390 5139 3554 5199 falsae
3573 5152 3629 5198 et
3653 5158 3815 5199 vanu:

2223 5216 2482 5270 libertati.
2514 5215 2752 5269 Tertiam
2787 5218 2834 5268 in
2867 5214 3045 5267 verbis
3078 5229 3243 5282 supra
3268 5215 3448 5270 citatis
3473 5230 3489 5270 :
3514 5213 3666 5270 Servi
3688 5216 3810 5283 ejus

2221 5288 2365 5352 estis,
2400 5287 2481 5339 cui
2511 5285 2748 5348 obcditis,
2775 5287 2878 5337 sive
2907 5286 3100 5354 peccati
3142 5285 3208 5338 ad
3238 5293 3477 5352 mortem,
3506 5287 3608 5338 sive
3628 5284 3817 5338 obedi-

2224 5359 2376 5410 tionis
2406 5360 2474 5410 ad
2493 5357 2776 5429 justitiam.
2806 5355 2893 5429 Ex
2928 5356 3120 5429 quibus
3156 5358 3316 5409 etiam
3351 5357 3612 5429 habemus
3640 5356 3812 5429 aliain

2223 5444 2343 5483 esse
2385 5426 2691 5483 libertatem
2736 5427 2980 5493 Spiritus,
3035 5427 3196 5480 aliam
3222 5429 3402 5480 carnis
3431 5445 3442 5478 :
3468 5436 3522 5481 et
3551 5426 3819 5481 similiter

2223 5499 2379 5552 aliam
2417 5500 2728 5554 servitutem
2755 5497 2995 5565 jusntize,
3029 5499 3187 5551 aliam
3221 5501 3540 5550 servitutem
3573 5498 3816 5566 peccati,

2222 5569 2290 5623 de
2334 5587 2433 5638 qua
2469 5571 2557 5623 hic
2590 5571 2786 5635 agitur,
2819 5583 2939 5636 quae
2984 5567 3226 5622 omnium
3267 5569 3572 5621 miserrima
3605 5577 3656 5638 et
3687 5577 3817 5622 tur-

2223 5636 2445 5708 pissima
2482 5641 2717 5694 servitus
2757 5649 2858 5708 est,
2892 5639 2958 5692 de
2989 5655 3090 5708 qua
3120 5639 3181 5708 D_.
3218 5638 3555 5705 Augustinus
3583 5656 3595 5688 :
3627 5636 3820 5708 Omi-

2221 5706 2456 5774 serrima,
2510 5715 2559 5763 in
2584 5713 2680 5771 init
2707 5707 2903 5782 (Tract.
2939 5707 3006 5782 Mr
3046 5711 3098 5760 in
3137 5706 3348 5782 10am),
3378 5711 3595 5782 seruitus
3619 5707 3642 5760 Ι
3669 5706 3819 5763 Ple-

2220 5797 2435 5836 rumque
2459 5783 2691 5833 homines
2716 5779 2843 5834 cum
2872 5781 3104 5833 dominos
3130 5779 3290 5833 malos
3313 5779 3620 5842 patiuntur,
3646 5793 3838 5837 uenan-
