4016 6202
161 302 267 377 229

643 311 737 373 DE
774 311 1258 371 C(ENOBIORUM
1294 306 1541 367 iNSTlT.
1581 307 1717 366 LIB.
1759 307 1823 365 V.
1855 336 1925 350 -
1954 304 2044 365 DE
2084 302 2357 368 SPIRITU
2398 309 2969 372 GASTRIMARGLE.

3340 318 3452 383 230

161 434 429 504 vincitur,
468 432 595 503 ejus
633 442 688 489 et
733 446 925 488 servus
961 440 1045 486 est
1073 428 1141 499 (ll
1170 427 1316 482 Petr.
1349 426 1428 499 ιι).
1484 427 1553 481 Ει
1578 424 1757 479 omnis
1784 424 1839 487 Α
1862 423 2002 493 quod
2033 423 2277 478 ciborum
2311 440 2418 478 non
2458 424 2633 480 solum
2681 425 2991 494 superﬂuus
3040 436 3313 498 appetitus
3339 432 3451 490 vir-

162 531 253 602 qui
302 531 438 585 iacit
481 538 792 601 peccatum,
840 542 1033 583 servus
1064 534 1151 581 est
1180 524 1384 594 peccati
1410 520 1591 594 (Joan.
1622 517 1759 587 vin).

162 623 421 692 Cumque
461 636 561 676 nos
609 621 749 675 nulla
789 617 1245 688 concupiscentia
1283 614 1453 683 turpis
1482 626 1762 681 respersos

164 712 399 767 infamia
452 727 678 767 examen
739 710 1023 766 certamini
1082 706 1426 777 praesidentis
1472 704 1760 769 invenerit,

170 820 279 860 nec
309 803 575 858 fuerimus
617 802 687 857 ab
730 817 795 857 eo
827 811 884 856 ut
909 801 1055 856 servi
1084 798 1268 854 carnis
1297 808 1351 852 et
1381 797 1643 868 ignobiles
1672 795 1761 849 in-

165 896 433 968 dignique
461 905 487 933 ι
515 895 839 967 Olympiacis
871 895 1128 949 vitiorum
1162 888 1643 947 colluctationibus
1676 886 1764 963 ju-

166 993 374 1057 dicati,
426 1002 552 1046 tunc
601 992 901 1061 poterimus
945 999 1134 1044 contra
1186 999 1409 1041 comvos
1439 993 1682 1051 nostros,
1712 980 1765 1036 id

166 1096 286 1152 est,
331 1087 838 1159 concupiscentiam
883 1083 1064 1139 carnis
1101 1091 1155 1138 et
1181 1088 1365 1135 motus
1391 1093 1457 1133 ac
1488 1077 1767 1145 perturba-

167 1178 351 1233 tiones
381 1178 576 1233 anima
622 1179 762 1231 inire
805 1188 1104 1231 certamen.
1155 1169 1502 1242 impossibile
1536 1182 1768 1237 namque

166 1276 253 1325 est
283 1278 525 1326 saturum
558 1281 801 1325 ventrem
844 1282 1051 1338 pugnas
1090 1264 1371 1321 interioris
1402 1262 1638 1317 hominis
1668 1273 1768 1314 ex-

168 1362 359 1433 periri;
394 1377 491 1417 nec
519 1361 679 1416 bellis
710 1358 1122 1415 robustioribus
1144 1355 1404 1411 attentari
1433 1354 1658 1425 dignum
1685 1358 1770 1406 est
1830 1430 1833 1433 ν

169 1469 295 1509 eum
319 1454 407 1525 qui
440 1461 624 1524 potest
656 1450 820 1522 dejici
844 1452 1051 1505 leviore
1080 1448 1359 1504 conﬂictu.

757 1540 987 1599 CAPUT
1032 1541 1179 1597 XIV.

279 1637 559 1705 Quomodo
586 1637 749 1708 possit
778 1634 917 1707 gula
947 1633 1362 1705 concupiscentia
1402 1630 1656 1704 superari.

243 1726 432 1782 Prima
465 1742 601 1798 ergo
631 1726 793 1781 nobis
820 1725 1078 1781 calcanda
1102 1734 1187 1780 est
1211 1725 1346 1795 gula
1382 1723 1766 1791 concupiscen-

1869 524 2041 571 tutum
2072 516 2535 586 contemplatione
2566 518 2874 585 calcandos,
2904 519 3000 576 sed
3027 532 3189 576 etiam
3223 522 3323 592 ipsi
3354 541 3455 583 na-

1868 620 2005 667 tura
2029 613 2372 667 necessarius
2405 622 2681 683 tamquam
2710 615 2943 670 castitati
2982 619 3314 685 contrarius,
3345 636 3456 679 non

1867 705 1987 760 sine
2032 705 2213 760 cordis
2242 707 2519 762 anxietate
2560 708 2856 765 sumendus
2896 720 3000 766 est.
3033 710 3103 767 Et
3134 714 3203 767 ita
3235 713 3456 773 demum

1867 795 1993 851 vita
2021 808 2220 852 nostra
2254 797 2619 854 instituendus
2651 810 2734 855 est
2763 816 2977 871 cursus,
3007 814 3065 858 ut
3108 805 3320 862 nullum
3349 824 3458 864 ma-

1866 888 1948 961 gis
1981 889 2050 942 sit
2075 897 2290 960 tempus
2322 907 2428 960 quo
2455 894 2756 948 sentiamus
2787 910 2885 950 nos
2916 910 2946 950 a
2976 897 3313 966 spiritalibus
3340 910 3458 957 stn-

1867 981 1971 1036 diis
2000 982 2270 1049 revocari,
2298 999 2461 1053 quam
2492 1000 2599 1055 quo
2629 984 2962 1043 descendere
2992 989 3059 1043 ad
3088 994 3455 1050 necessariam

1869 1075 2114 1144 corporis
2158 1090 2341 1130 curam
2378 1076 2495 1146 ejus
2527 1076 2817 1147 fragilitate
2846 1081 3244 1150 compellimur.
3291 1082 3456 1142 Cum-

1870 1181 1973 1236 que
2004 1166 2070 1220 ad
2102 1165 2240 1221 hanc
2269 1169 2647 1223 necessitatem
2691 1170 3081 1242 submittimur,
3114 1176 3233 1229 usui
3276 1176 3459 1247 potius

1870 1259 1993 1312 vita
2014 1273 2174 1327 quam
2206 1260 2409 1313 mentis
2444 1259 2720 1316 desiderio
2746 1261 3091 1333 fan‘iulantes,
3134 1271 3459 1337 quantocius

1869 1348 1936 1403 ab
1977 1366 2061 1408 ea,
2094 1349 2243 1405 velut
2284 1365 2313 1404 a
2346 1352 2675 1407 salutaribus
2723 1370 2823 1408 nos
2873 1356 3067 1412 studiis
3113 1360 3450 1430 retraliente,

1869 1438 2115 1495 subtrahi
2159 1439 2501 1497 festinemus.
2550 1443 2899 1516 Nequaquam
2951 1446 3095 1504 enim
3148 1456 3457 1522 poterimus

1870 1547 2117 1588 escarum
2149 1538 2496 1602 praesentium
2522 1553 2783 1607 spernere
2812 1541 3140 1612 voluptates,
3168 1546 3267 1600 nisi
3302 1564 3456 1606 mens

1868 1625 2309 1695 contemplationi
2339 1628 2537 1683 divina
2584 1630 2786 1699 defixa,
2836 1648 3026 1690 amore
3072 1637 3331 1694 virtutum
3366 1657 3460 1710 po-

1868 1716 1978 1771 tius
2022 1726 2077 1771 et
2107 1718 2506 1786 pulchritudine
2550 1722 2858 1778 caelestium
2907 1726 3227 1784 delectetur.
3275 1731 3343 1786 Et
3384 1736 3460 1788 ita

162 1821 272 1887 ua,
300 1830 358 1877 ει
383 1837 450 1877 eo
490 1836 666 1890 usque
705 1820 1047 1877 extenuanda
1079 1835 1235 1875 mens
1265 1835 1369 1874 ηοη
1414 1818 1589 1874 solum
1615 1816 1761 1887 jeju-
1793 1821 1841 1881 Β
1869 1808 1988 1877 quis
2016 1809 2158 1862 velut
2190 1810 2389 1865 caduca
2422 1812 2687 1882 despiciet
2715 1815 2965 1871 universa
2996 1823 3306 1889 prasentia,
3332 1839 3458 1881 cum

158 1913 308 1979 niis,
332 1929 519 1969 verum
552 1916 717 1969 etiam
746 1914 981 1984 vigiliis,
1027 1914 1259 1968 lectione
1288 1927 1523 1982 quoque,
1552 1919 1607 1967 et
1645 1924 1765 1964 cre-

157 2009 270 2064 bra
300 2010 730 2076 compunctione
772 2008 972 2075 cordis,
1008 2008 1062 2061 in
1100 2008 1293 2077 quibus
1324 2022 1386 2063 se
1416 2005 1647 2060 forsitan
1675 2006 1766 2060 vel

158 2101 412 2169 illusam,
445 2102 529 2155 vel
563 2101 763 2156 victam
792 2100 1183 2165 reminiscitur,
1228 2101 1592 2170 ingemiscens
1622 2114 1766 2154 nunc

158 2194 400 2251 horrore
427 2194 709 2260 vitiorum,
745 2209 888 2249 nunc
919 2193 1197 2249 desiderio
1220 2192 1574 2263 perfectionis
1601 2202 1655 2246 et
1684 2192 1766 2246 in-

157 2276 440 2356 tegritatis
480 2300 709 2341 accensa
742 2303 756 2339 :
787 2285 963 2341 donec
991 2285 1262 2355 ejusmodi
1307 2286 1456 2339 curis
1480 2299 1546 2339 ac
1593 2283 1766 2338 medi-

159 2379 473 2433 tationibus
503 2387 768 2448 occupata
800 2378 1003 2446 pariter
1047 2393 1110 2434 ac
1137 2392 1413 2449 possessa,
1457 2378 1627 2448 ipsius
1658 2378 1766 2432 cibi

161 2472 531 2527 refectionem
582 2488 690 2528 non
720 2482 828 2528 tam
858 2472 1183 2543 jucunditati
1234 2488 1577 2539 concessam,
1605 2487 1764 2541 quam

154 2567 354 2621 oneris
383 2566 500 2621 vice
540 2566 643 2621 sibi
688 2566 997 2636 impositam
1044 2577 1436 2638 recognoscat;
1482 2566 1764 2636 magisque

155 2672 285 2714 eam
319 2661 684 2714 necessariam
726 2660 967 2729 corpori,
998 2676 1159 2731 quam
1189 2660 1616 2738 desiderabilem
1644 2661 1762 2714 ani-

156 2758 267 2807 ma
309 2752 514 2808 sentiat
558 2754 892 2809 attributam.
927 2753 1048 2823 Quo
1098 2754 1278 2811 studio
1325 2756 1525 2811 mentis
1568 2762 1624 2812 et
1646 2752 1763 2825 jugi

164 2846 594 2911 compunctione
635 2845 868 2913 detenti,
917 2848 1193 2902 lasciviam
1245 2850 1445 2916 carnis,
1487 2866 1607 2919 qua
1649 2848 1763 2904 fotu

157 2950 420 2991 escarum
448 2938 827 2992 vehementius
856 2939 1158 3005 insolescit,
1192 2950 1245 2994 et
1269 2941 1490 2995 aculeos
1515 2941 1634 3011 ejus
1663 2956 1760 2996 no-

156 3026 282 3082 x'ios
322 3030 715 3095 retundemus,
757 3040 924 3099 atque
954 3030 1029 3084 ita
1059 3030 1336 3086 fornacem
1368 3033 1613 3101 corporis
1657 3045 1758 3086 no-

155 3114 284 3185 ﬂri,
316 3134 438 3189 qua
467 3118 496 3158 ιτ
528 3137 655 3192 rege
686 3122 994 3193 Babylonia
1046 3124 1367 3180 occasiones
1409 3133 1759 3194 peccatorum

1870 1900 1936 1953 ad
1969 1915 2028 1958 ea
2061 1915 2176 1970 qua:
2205 1901 2507 1957 immobilia
2541 1914 2669 1960 sunt
2698 1916 2754 1962 et
2792 1918 2999 1965 aterna
3025 1912 3461 1982 inseparabiliter

1868 1988 2116 2046 deﬁxerit
2141 1995 2337 2047 mentis
2358 1994 2627 2063 obtutum,
2663 1997 2840 2053 adhuc
2863 2002 2915 2054 in
2943 2016 3111 2058 carne
3138 2006 3345 2074 positus
3376 2009 3462 2065 fu-

1868 2090 2003 2137 tura
2047 2086 2495 2141 commorationis
2545 2087 2935 2147 beatitudinem
2960 2094 3072 2163 jam
3122 2098 3286 2155 corde
3326 2116 3459 2159 con-

1868 2183 1973 2231 tem
1982 2176 2155 2246 plans.

2463 2268 2694 2329 CAPUT
2730 2273 2849 2333 XV.

1870 2356 2023 2426 Quod
2061 2364 2129 2416 ad
2183 2365 2568 2439 custodiendam
2606 2369 2784 2439 cordis
2828 2370 2911 2423 sui
2950 2374 3227 2439 puritatem
3270 2395 3456 2436 mona-

2169 2437 2299 2490 chus
2328 2453 2527 2508 semper
2557 2436 2782 2497 in'tentus
2813 2458 2919 2496 esse
2941 2436 3141 2499 debeat.

1938 2539 1965 2583 δ
1988 2544 2149 2603 Velut
2182 2546 2229 2602 si
2262 2549 2386 2618 quis
2413 2550 2665 2605 immania
2697 2553 2959 2609 virtutum
2984 2560 3229 2627 pramia,
3262 2562 3316 2616 in
3359 2576 3457 2620 su-

1865 2636 2021 2693 blimi
2048 2640 2391 2729 quibusdam
2438 2643 2619 2709 parvis
2658 2643 2872 2701 indiciis
2901 2647 3202 2718 designata,
3249 2658 3458 2729 perspi-

1866 2728 2165 2786 cacissimis
2209 2731 2495 2787 oculorum
2535 2733 2815 2793 obtutibus
2859 2751 2981 2794 cum
3015 2741 3109 2798 teli
3153 2728 3457 2811 directione

1867 2824 2211 2879 tendentibus
2236 2824 2396 2879 ferire
2422 2824 2662 2892 festinet,
2693 2831 2871 2885 sciens
2917 2834 3235 2893 immensam
3264 2842 3455 2911 gloria

1864 2917 2101 2987 palmam
2142 2927 2195 2971 et
2227 2919 2676 2974 remunerationis
2704 2925 2927 2990 pramia
2972 2928 3026 2982 in
3057 2944 3247 2988 eorum
3280 2938 3452 2993 confi-

1864 3008 2034 3063 xione
2063 3012 2383 3077 consistere,
2432 3014 2717 3069 oculorum
2748 3019 2923 3073 aciem
2970 3021 3037 3076 ab
3080 3027 3227 3089 omni
3254 3029 3453 3090 intuitu

1863 3110 2140 3169 avertens,
2167 3103 2293 3158 illuc
2325 3103 2527 3175 dirigat
2557 3122 2780 3164 necesse
2807 3122 2909 3179 est,
2941 3114 3033 3169 ubi
3066 3132 3332 3176 summam
3364 3141 3455 3181 rev-

159 3221 216 3287 et
258 3212 390 3267 vitia
422 3213 580 3268 nobis
605 3214 812 3284 jugiter
857 3216 1334 3284 subministrante,
1381 3217 1750 3291 succenditur,

1866 3198 2253 3252 munerationis
2283 3210 2337 3253 et
2370 3201 2580 3269 pramii
2612 3205 2870 3275 perspicit
2900 3209 3247 3283 collocatam,
3278 3219 3451 3273 amis-

156 3306 356 3377 qnibns
384 3318 408 3346 ο
455 3307 714 3376 naphtha
762 3317 821 3363 et
863 3309 998 3377 picis
1041 3309 1162 3364 vice
1200 3311 1383 3365 acrius
1437 3325 1749 3376 exuramur,

155 3394 407 3453 ubertate
446 3398 814 3470 lacrymarnm
863 3409 918 3455 et
950 3399 1076 3455 ﬂetu
1105 3399 1288 3456 cordis
1329 3403 1629 3472 poterimus
1659 3416 1756 3457 ex-

158 3492 467 3569 stinguere;
498 3491 676 3547 donec
709 3492 804 3547 Dei
833 3493 1027 3563 gratia,
1051 3492 1245 3563 Spiritu
1275 3495 1415 3549 roris
1437 3493 1520 3549 sui
1543 3494 1595 3547 in
1627 3509 1754 3548 cor-

159 3580 315 3638 dibus
343 3586 547 3639 nostris
564 3584 896 3650 insibilante,
917 3593 1081 3640 astus
1108 3586 1343 3641 carnalis
1361 3587 1752 3655 concupiscen-

158 3674 242 3731 tia:
271 3676 500 3746 penitus
533 3676 753 3731 valeant
777 3677 1073 3747 consopiri.
1118 3677 1251 3732 llaec
1285 3687 1372 3733 est
1394 3678 1560 3747 igitur
1591 3678 1750 3734 nobis

159 3768 328 3837 prima
371 3768 676 3836 contentio,
731 3767 848 3824 bac
899 3779 1092 3824 nostra
1124 3769 1272 3824 velut
1320 3771 1372 3823 in
1419 3770 1749 3840 Olympiacis

160 3860 548 3916 certaminibus
578 3861 750 3931 prima
780 3860 1054 3930 probatio,
1090 3860 1233 3929 gula
1271 3859 1593 3929 ventrisque
1618 3876 1750 3915 con-

159 3954 552 4025 cupiscentiam
582 3952 858 4009 desiderio
883 3950 1241 4023 perfectionis
1270 3952 1638 4022 exstinguere.
1668 3952 1747 4009 Ob

1860 3304 2022 3345 surus
2054 3292 2244 3360 procul
2272 3292 2438 3349 dubio
2470 3296 2678 3364 peritia
2707 3299 2941 3367 palmam
2975 3312 3029 3358 et
3052 3313 3451 3369 remuneratio-

1856 3396 1981 3438 nem
2020 3384 2262 3453 virtutis,
2300 3387 2343 3440 si
2376 3391 2929 3463 quantulumcumque
2966 3404 3446 3472 contemplationis

1858 3475 1979 3546 ejus
2015 3477 2157 3533 acies
2186 3478 2505 3536 deviaverit.

2448 3576 2677 3635 CAPUT
2714 3580 2853 3636 XVI.

1862 3687 2013 3757 Quod
2052 3689 2343 3763 monachus,
2362 3691 2642 3763 secundum
2684 3692 2974 3763 Olympiaci
3002 3703 3298 3757 certaminis
3327 3722 3443 3760 mo-

1926 3778 2035 3841 rem
2076 3776 2189 3841 non.
2208 3760 2367 3841 possit
2395 3762 2657 3841 spiritales
2687 3760 2943 3833 conﬁcere
2970 3786 3173 3841 pugnas
3197 3775 3319 3841 nisi,
3353 3778 3448 3832 ob-

1928 3832 2141 3885 tinuerit
2172 3830 2307 3884 bella
2345 3833 2603 3885 carnalia.

1925 3948 2112 4018 Itaque
2139 3944 2345 4000 ventris
2375 3952 2430 3999 et
2454 3945 2593 4018 gula
2614 3948 3059 4021 concupiscentia
3087 3954 3191 4014 hoc
3236 3925 3447 4021 intuitu.

1230 4087 1488 4143 ALARDI
1526 4085 1758 4142 GAZIEI
1795 4078 2360 4142 COMMENTARIUS.

159 4187 231 4242 les
258 4206 311 4242 se
336 4196 532 4257 petunt,
560 4202 664 4240 non
683 4182 1261 4257 quarentesdominum
1293 4197 1393 4233 non
1424 4178 1746 4257 lmbere,_sed

160 4252 357 4313 mutare
382 4276 399 4314 :
430 4274 607 4313 servus
636 4252 829 4325 peccati
857 4256 981 4327 quid
1017 4255 1215 4327 faciat?
1233 4269 1391 4327 quem
1419 4252 1746 4327 interpellet?

160 4332 299 4396 apud
328 4345 477 4396 quem
517 4345 571 4381 se
603 4323 829 4382 venalem
856 4323 1038 4397 petat?
1072 4324 1269 4397 Deinde
1298 4339 1474 4377 servus
1515 4323 1745 4397 hominis

160 4394 441 4469 aliquando
464 4401 543 4454 sui
568 4400 764 4452 domini
792 4394 935 4451 duris
957 4397 1187 4469 imperiis
1216 4394 1469 4469 fatigatus
1497 4394 1744 4469 fugiendo

161 4465 462 4537 requiescit;
488 4486 666 4525 servus
696 4472 889 4540 peccati
916 4465 1039 4538 quo
1060 4467 1262 4537 fugiet?
1290 4482 1464 4540 secum
1492 4481 1544 4516 se
1586 4465 1745 4517 trahit

165 4554 483 4611 quocumque
513 4538 745 4611 fugerit;
774 4555 878 4592 non
910 4540 1039 4611 fugit
1064 4542 1285 4607 seipsam
1311 4538 1450 4589 mala
1479 4551 1744 4611 consolen-

164 4599 260 4675 t'ia,
284 4599 467 4665 nonest
489 4599 598 4682 ᾠιό
610 4599 1065 4681 εαιξδεᾳυὶιὰνᾌε,
1093 4599 1375 4682 inmtan
1398 4608 1585 4682 recedit
1609 4624 1639 4658 a
1657 4621 1710 4658 se
1724 4621 1744 4669 ,'
1772 4599 1827 4658 D

205 4695 431 4735 eccatum
456 4676 587 4737 enim
610 4683 747 4752 quod
771 4676 919 4752 facit,
942 4682 1084 4735 intus
1116 4690 1211 4733 est.
1239 4678 1362 4752 Haec
1386 4676 1743 4752 Augustinus.

205 4700 431 4735 eccatum
456 4700 587 4737 enim
610 4700 745 4752 quoa
771 4700 919 4752 fucu,
942 4700 1084 4735 intus
1116 4700 1211 4733 est.
1239 4700 1362 4732 nac
1386 4700 1743 4747 augustiiius.

162 4700 272 4808 ἔω
302 4766 353 4809 ει
380 4754 681 4824 plnlosopbi
721 4752 859 4806 lianc
890 4754 1204 4824 servitutem
1251 4751 1478 4819 ejusque
1510 4747 1745 4824 turpitu-

162 4826 338 4879 dinem
381 4820 740 4894 agn‘overuut.
788 4824 1055 4893 Diogenes
1110 4823 1295 4876 dicere
1326 4824 1578 4894 solitus,
1606 4820 1749 4894 inter

160 4907 344 4951 servos
366 4890 441 4951 ac
459 4898 707 4951 dominos
733 4890 925 4959 malos,
962 4905 1158 4963 prater
1188 4892 1473 4957 vocabula,
1506 4890 1641 4944 nillil
1668 4892 1748 4963 ing

165 4974 383 5032 teresse,
411 4968 516 5021 nisi
550 4966 693 5037 quod
717 4960 982 5034 mancipia
1005 4964 1268 5037 servirent
1285 4965 1518 5037 dominis
1540 4960 1747 5017 domini

166 5036 577 5108 cupiditatibus.
624 5038 689 5091 Et
748 5037 1004 5092 lloratius
1045 5036 1113 5108 de
1160 5036 1379 5091 homine
1419 5036 1745 5105 voluptuoso

124 5180 130 5188 ι
164 5106 274 5164 hac
306 5108 611 5181 canittLib.
645 5124 682 5163 tt
704 5125 832 5174 ser.,
864 5109 1020 5161 satir.
1050 5106 1105 5175 7')
1137 5124 1149 5160 :

288 5243 441 5307 Urget
469 5245 602 5307 enim
628 5250 845 5294 mentem
858 5244 1085 5307 dominus
1108 5256 1204 5291 non
1225 5240 1373 5305 lenis,
1398 5247 1450 5292 et
1465 5256 1605 5293 acres

281 5305 538 5371 Subjectat
564 5306 689 5356 lasso
711 5305 951 5370 stimulos,
980 5314 1246 5368 versatque
1269 5313 1553 5367 negantem.

234 5462 257 5494 κ
277 5457 330 5515 id
354 5470 455 5526 est,
483 5460 758 5515 nobilibus
788 5466 843 5514 et
875 5457 1148 5528 gloriosis,
1178 5456 1355 5525 qualia
1385 5466 1539 5511 erant
1562 5458 1746 5527 Olym-

162 5526 310 5597 piaca
337 5533 642 5588 certamina
688 5541 742 5585 et
766 5526 1031 5596 victoria,
1073 5547 1178 5584 non
1210 5529 1455 5591 levibus,
1488 5537 1579 5581 aut
1627 5526 1745 5582 Vul-

164 5602 407 5672 garibus;
440 5604 587 5672 quod
606 5603 864 5672 superius
889 5602 1041 5667 dicit,
1066 5601 1400 5672 epheborum
1427 5598 1737 5663 luctamine,

165 5668 353 5742 idest,
380 5668 570 5742 puerili
604 5668 925 5727 certamine.

234 5736 779 5819 EllegeBabylonia,
815 5742 866 5796 id
905 5739 1400 5819 est,gdiabolo_._‘ql_l_i
1428 5736 1542 5819 res}
1571 5736 1741 5819 83b!“

160 5804 316 5869 lenio
340 5804 677 5873 avssiinilatur
705 5804 781 5870 ob
806 5804 1121 5876 superbiam
1159 5824 1213 5871 et
1243 5804 1748 5867 libidinis'incent'i-

1848 4193 1995 4253 vum.
2048 4177 2122 4229 De
2158 4190 2263 4253 quo
2296 4172 2494 4253 .itidem
2527 4171 2821 4253 Cassianus
2854 4176 3037 4253 livat
3066 4198 3181 4253 cap.
3220 4186 3306 4249 17,
3338 4205 3433 4245 ea-

1848 4250 2128 4329 dernusns
2154 4243 2417 4329 allusione
2448 4253 2501 4298 et
2533 4248 2887 4329 metaphora:
2928 4243 3198 4329 Clibanus,
3230 4243 3428 4329 inquit,

1848 4320 2018 4401 carnis
2047 4328 2257 4379 nastrw,
2288 4332 2435 4402 quem
2466 4332 2557 4369 rex
2596 4315 2920 4402 Babylonius
2944 4315 3215 4381 incentivis
3246 4315 3438 4402 su'gge;

1849 4391 2074 4463 stionum
2121 4388 2411 4463 carnalium
2454 4390 2763 4442 succendere
2803 4408 2917 4463 non,
2958 4395 3181 4463 desistit,
3232 4388 3445 4458 descen-

1849 4461 2093 4543 dente
2125 4458 2487 4543 corda'nostra
2525 4466 2850 4543 Lorgpsancti
2890 4462 3118 4532 Spiritus
3146 4458 3444 4543 exstingua-

1849 4541 1955 4584 tur.
1976 4529 2235 4604 >Ubi_vi_ile
2259 4529 2407 4597 plura
2432 4545 2495 4582 ex
2620 4529 2973 4604 Hieronymo.

1926 4613 1948 4640 ο
1970 4600 2240 4680 l‘iaplitba,
2268 4611 2487 4680 auctore
2511 4598 2689 4680 Plinio
2713 4598 2853 4673 (Lib'.
2896 4622 2934 4659 ιι
2962 4624 3007 4660 c.
3042 4607 3188 4680 105),
3217 4610 3441 4671 bitumi-

1854 4674 1943 4727 nis
1973 4673 2155 4743 liquidi
2186 4686 2376 4740 geuus,
2408 4671 2524 4726 sive
2568 4671 2932 4729 colamentum
2966 4671 3248 4737 bituminis
3291 4686 3438 4743 circa

1853 4742 2189 4815 Babylonem
2230 4743 2609 4813 copiOsissime
2641 4750 2998 4813 proveniens;
3048 4753 3132 4806 cui
3166 4762 3311 4807 tanta
3352 4768 3439 4815 est

1852 4831 1975 4870 cum
2010 4818 2129 4884 igne
2158 4815 2429 4883 cognatio,
2465 4823 2522 4867 ut
2554 4815 2765 4871 ﬂamma
2798 4820 3069 4875 transiliat
3101 4824 3151 4877 in
3184 4840 3303 4879 eam
3340 4843 3441 4882 uu-

1851 4886 2154 4958 dccumque
2184 4889 2381 4939 visam.
2434 4885 2632 4954 Vulgus
2674 4892 2848 4943 oleum
2884 4891 3100 4945 Medaa
3130 4905 3306 4956 vocat.
3342 4900 3437 4955 alii

1851 4960 2189 5028 petrelaum,
2212 4959 2326 5009 sive
2351 4958 2671 5028 petrolcum,
2699 4974 2819 5014 esse
2845 4965 3200 5019 contendunt.
3232 4968 3307 5021 Ex
3333 4970 3434 5026 hoc

1851 5027 2305 5105 coniiciturignis
2330 5040 2467 5105 pene
2492 5027 2965 5105 incastinguibilis,
2992 5050 3150 5103 quem
3176 5044 3436 5105 gra‘cani-

1849 5116 1972 5155 cum
2006 5097 2303 5167 appellant.
2344 5095 2552 5167 Alludit
2585 5095 2789 5153 Auctor
2818 5104 2883 5155 ad
2918 5095 3203 5161 illa-verba
3237 5109 3435 5163 Danie-

1849 5172 1915 5246 lis
1942 5165 2101 5246 tertio
2130 5168 2305 5233 capite
2331 5180 2346 5219 :
2378 5165 2501 5246 Non
2524 5168 2783 5223 cessabant
2816 5174 3035 5228 ministri
3061 5179 3191 5246 regis
3214 5193 3432 5232 succen-

1848 5242 1967 5295 dere
2005 5240 2265 5312 forn_acem
2307 5236 2560 5312 naphtha,
2589 5248 2636 5312 et
2666 5250 2837 5312 stupa,
2890 5256 2938 5297 et
2967 5247 3098 5312 pice,
3115 5236 3180 5300 "et
3211 5248 3426 5303 malleo-

1848 5312 2078 5387 listetc.
2108 5309 2165 5363 In
2199 5323 2359 5387 quem
2390 5310 2565 5387 locum
2590 5310 2709 5387 haec
2732 5309 2896 5387 habet
2926 5309 2987 5369 DV.
3024 5316 3383 5387 Hieronymus
3411 5341 3423 5374 :

1850 5382 2137 5459 §alluslius
2167 5378 2498 5459 serioitquod
2528 5378 2757 5459 naphtha
2784 5382 2849 5433 sit
2872 5401 3032 5459 genus
3064 5378 3257 5459 fomiti's
3285 5394 3433 5459 apud

1847 5453 2060 5519 Persas,
2094 5469 2194 5523 quo
2221 5452 2299 5505 vel
2325 5451 2542 5504 maxime
2560 5452 2856 5504 nutriantur
2876 5451 3146 5510 incendia.
3177 5460 3285 5513 Alii
3310 5451 3428 5518 ossa

1853 5527 2133 5604 olivarum,
2190 5524 2695 5604 qute_projiciuntur
2739 5539 2857 5604 cuni
2900 5542 3110 5604 amurca
3161 5535 3423 5604 arefacta,
3526 5586 3535 5595 ,

1848 5594 2135 5669 ηαρΙιιΙιαιῃ
2187 5592 2453 5669 appellari
2490 5602 2688 5669 putant.
2737 5592 2888 5651 Unde
2932 5607 2982 5651 et
3011 5596 3188 5654 Graec
3238 5592 3430 5669 τὶυρίνῆ

1846 5669 2036 5743 dicitur
2066 5667 2127 5717 ab
2162 5680 2225 5718 eo
2251 5666 2389 5735 quod
2416 5672 2522 5743 πῦρ
2544 5706 2558 5731 ,
2591 5666 2685 5718 hoc
2717 5675 2810 5735 est,
2836 5668 3006 5742 ignem
3046 5672 3266 5730 nutriat.
3296 5666 3427 5736 Hac

1846 5739 2234 5807 Hieronymus.

1916 5808 1944 5845 ἀ
1966 5811 2166 5862 Eadem
2205 5810 2316 5864 fere
2349 5808 2644 5864 similitudo
2666 5809 2897 5868 habetur
2925 5812 3125 5873 Collat.
3162 5817 3185 5872 ι
3213 5836 3337 5888 cap.
3365 5819 3429 5880 5.
