4016 6202
220 206 327 268 233

715 205 808 265 DE
847 204 1315 265 C(ENOBIORUM
1348 203 1603 263 INSTIT.
1645 202 1770 258 LIB.
1811 203 1874 259 γ.
1904 234 1974 246 -
1998 203 2085 259 DE
2125 202 2394 262 SPIRITU
2432 202 2987 265 GASTRIMARGIE.

3358 213 3466 277 931

221 331 455 388 certum,
487 322 581 393 qui
606 320 1354 388 obliviscensposteriora,ad
1384 336 1445 377 ea
1473 334 1594 390 quae
1616 320 1794 388 priora
1819 323 1872 381 Α
1964 320 2238 398 apostolus
2283 321 2351 375 ad
2393 338 2632 376 coronam
2676 324 3026 379 sublimissimi
3064 331 3244 398 agonis
3288 351 3467 392 ascen-

224 424 351 469 sunt
371 414 622 469 extendit
644 430 723 479 se,
749 415 813 469 ad
843 415 1166 469 destinatum
1198 428 1529 483 persequens
1558 412 1797 465 bravinm

227 524 491 577 supernae
518 510 809 564 vocationis
850 509 943 563 Dei
974 508 1029 563 in
1059 507 1273 562 Christo
1320 507 1466 573 Jesu,
1502 520 1610 575 quo
1656 519 1797 559 sem-

227 614 326 670 per
350 600 592 670 dirigens
628 616 735 657 sua:
768 600 963 655 mentis
1001 600 1275 664 obtutum,
1325 608 1378 653 et
1405 597 1470 651 ad
1499 588 1620 652 eum
1649 595 1795 651 omni

231 693 414 748 cordis
462 695 844 763 prmparatione
872 693 1158 759 festinans,
1202 708 1322 747 cum
1353 690 1541 746 fiducia
1582 691 1793 760 procla-

229 795 340 839 mat
376 803 389 839 :
417 787 619 849 Bonum
651 803 875 857 agonem
902 788 1124 851 certavi,
1155 801 1373 841 cursum
1404 786 1791 851 consummavi,

228 876 390 931 ﬁdem
437 880 642 933 servavi
676 878 743 946 (ll
781 878 918 933 Tim.
959 879 1052 951 iv).
1086 879 1155 933 Et
1184 879 1306 949 quia
1334 893 1394 933 se
1420 887 1652 933 noverat
1678 886 1797 946 post

226 968 447 1023 odorem
486 980 881 1040 unguentorum
933 971 1138 1026 Christi
1184 972 1406 1040 praepeti
1449 971 1797 1026 conscientia:

223 1058 513 1115 devotione
574 1062 983 1132 infatigabiliter
1031 1064 1374 1129 cucurrisse,
1436 1073 1488 1119 et
1539 1064 1795 1135 spiritalis

220 1152 409 1219 agonis
432 1162 713 1208 certamen
744 1156 928 1210 carnis
955 1157 1313 1225 castigatione
1340 1157 1557 1221 vicisse,
1584 1172 1702 1211 cum
1737 1158 1798 1210 li-

219 1241 373 1298 ducia
406 1244 569 1298 infert
617 1255 671 1300 et
710 1246 837 1300 dicit
865 1264 880 1302 :
909 1247 988 1302 De
1027 1257 1223 1302 cretero
1266 1249 1504 1316 reposita
1546 1258 1630 1303 est
1666 1248 1795 1302 mihi

217 1348 417 1391 corona
438 1335 694 1404 justitiae,
729 1353 887 1407 quam
924 1339 1119 1394 reddet
1150 1339 1280 1393 mihi
1318 1340 1580 1394 Dominus
1627 1340 1679 1393 in
1708 1340 1795 1394 illa

215 1425 303 1479 die
323 1426 502 1495 justus
518 1428 708 1497 judex.
741 1430 807 1483 Et
844 1439 906 1484 ut
942 1431 1099 1485 nobis
1124 1447 1339 1501 quoque
1386 1432 1620 1486 similem
1648 1447 1794 1501 spem

218 1517 602 1573 retributionis
642 1520 897 1589 aperiret,
931 1522 978 1575 si
1011 1522 1065 1576 in
1083 1537 1255 1592 agone
1285 1538 1475 1577 cursus
1496 1524 1649 1577 istius
1676 1522 1795 1577 imi-

216 1610 322 1663 tari
364 1626 490 1666 eum
521 1611 772 1679 velimus,
804 1613 1041 1681 adjecit:
1068 1614 1187 1669 Non
1224 1617 1395 1669 solum
1429 1626 1605 1670 autem
1636 1616 1787 1682 mihi,

209 1701 309 1755 sed
337 1712 393 1755 et
420 1704 672 1757 omnibus
699 1704 787 1773 qui
825 1705 1054 1774 diligunt
1084 1706 1371 1760 adventum
1400 1706 1542 1777 ejus;
1577 1708 1790 1776 partici-
1819 1700 1868 1761 B

216 1808 324 1862 pes
352 1808 459 1848 nos
492 1809 710 1849 corona:
737 1810 845 1849 sum
874 1797 925 1850 in
957 1797 1042 1852 die
1066 1797 1249 1866 judicii
1271 1799 1384 1853 fore
1413 1798 1786 1866 pronuntians,

211 1893 237 1920 ⁸
262 1885 311 1939 si
340 1884 630 1954 diligentes
661 1886 946 1942 adventum
978 1888 1202 1954 Christi,
1234 1904 1341 1944 non
1376 1890 1528 1945 illum
1560 1899 1783 1959 tantum,

205 1977 300 2044 qui
332 1976 498 2030 etiam
533 1978 835 2033 nolentibus
867 1979 1164 2050 apparebit,
1199 1981 1292 2034 sed
1321 1981 1485 2037 etiam
1523 1982 1665 2036 hunc
1693 1983 1788 2051 qui

205 2066 459 2135 quotidie
503 2069 554 2121 in
606 2071 806 2123 sanctis
848 2080 1114 2125 commeat
1156 2072 1459 2139 animabus,
1506 2072 1786 2127 victoriam

203 2162 525 2216 certaminis
579 2162 931 2232 castigatione
988 2164 1237 2234 corporis
1288 2165 1655 2235 acquiramus.
1709 2165 1788 2220 De

204 2268 312 2320 quo
341 2252 579 2308 adventu
610 2254 867 2309 Dominus
889 2256 941 2309 in
974 2256 1269 2326 Evangelio
1300 2276 1311 2311 :
1344 2258 1479 2328 Ego,
1513 2258 1704 2328 inquit,
1733 2268 1788 2313 et

204 2342 373 2399 Pater
398 2360 553 2399 meus
576 2346 853 2402 veniemus
881 2347 949 2402 ad
999 2364 1143 2415 eum,
1174 2358 1229 2404 et
1272 2350 1606 2404 mansionem
1638 2350 1779 2420 apud

203 2450 335 2488 eum
379 2435 632 2490 iaciemus
659 2437 843 2507 (Joan.
867 2436 1001 2511 xxv).
1050 2439 1120 2494 Et
1146 2440 1380 2495 iterum:
1416 2441 1553 2496 Ecce
1594 2450 1680 2495 sto
1717 2441 1785 2496 ad

202 2530 410 2584 ostium
441 2539 497 2584 et
540 2530 724 2599 pulso;
772 2532 965 2601 siquis
1010 2533 1244 2589 audierit
1271 2549 1461 2589 vocem
1508 2548 1683 2589 meam
1729 2544 1785 2590 et

202 2628 487 2692 aperuerit
508 2625 752 2695 januam,
777 2627 1010 2681 introibo
1038 2628 1103 2683 ad
1133 2628 1308 2696 illum,
1335 2636 1391 2684 et
1411 2627 1636 2685 coenabo
1664 2643 1785 2683 cum

203 2720 314 2789 illo,
358 2729 416 2775 et
448 2722 566 2789 ipse
587 2736 794 2777 mecum
821 2722 1131 2794 (Apoc.1n).

773 2854 999 2910 CAPUT
1030 2854 1216 2910 XVIII.

206 2944 305 2999 Per
336 2954 469 3017 quot
510 2961 694 3016 genera
734 2945 1070 3000 certaminum
1099 2957 1252 3015 atque
1288 2946 1575 3016 palmarum
1614 2947 1788 3000 beatus

1970 392 2120 446 derit.

1968 528 2078 583 Nec
2126 538 2308 585 tamen
2346 544 2573 601 agonem
2616 547 2806 589 cursus
2835 537 3205 592 tantummodo
3241 554 3301 594 se
3337 555 3471 597 con-

1896 632 2197 695 summasse
2219 620 2480 676 describit
2507 638 2627 678 cum
2653 625 2784 679 dicit
2816 644 2829 679 :
2877 626 2966 682 Sic
2994 643 3154 684 curro
3176 646 3281 685 non
3316 634 3470 702 quasi

1898 713 1950 766 in
1982 713 2245 767 incertum
2278 730 2292 767 :
2322 715 2461 785 quod
2505 717 2810 785 specialiter
2838 720 3069 775 refertur
3098 722 3165 775 ad
3208 724 3471 780 intentio-

1897 820 2016 859 nem
2045 806 2241 860 mentis
2267 818 2321 862 et
2351 806 2620 862 fervorem
2649 810 2868 879 spiritus
2889 813 3002 878 sui,
3033 830 3141 883 quo
3169 823 3281 869 toto
3311 814 3470 871 Citri-

1896 905 2034 951 stum
2067 899 2394 968 sequebatur
2438 901 2631 956 ardore
2657 944 2672 968 ,
2700 917 2819 957 cum
2869 905 3078 973 Sponsa
3124 906 3418 963 decantans
3465 930 3478 963 :

1896 988 2021 1043 Post
2054 1001 2105 1044 te
2137 992 2187 1044 in
2235 992 2454 1047 odorem
2487 1005 2878 1063 unguentorum
2926 1006 3136 1052 tuorum
3183 1015 3481 1058 eurremus

1897 1079 2117 1150 (Cantia.
2150 1080 2218 1151 i):
2249 1092 2301 1137 et
2343 1083 2542 1139 iterum
2577 1104 2589 1138 :
2618 1086 2858 1140 Adlimsit
2894 1088 3066 1142 anima
3098 1105 3217 1145 mea
3258 1101 3380 1160 post
3429 1105 3481 1148 te

1897 1170 2068 1240 (Psal.
2099 1175 2274 1242 an);
2303 1176 2395 1229 sed
2428 1177 2587 1230 etiam
2615 1177 2754 1231 aliud
2795 1179 3190 1236 colluctationis
3213 1198 3381 1252 genus
3421 1200 3480 1238 se

1897 1264 2094 1319 vicisse
2126 1274 2354 1320 testatur
2381 1267 2566 1323 dicens
2600 1287 2613 1322 :
2644 1270 2731 1326 Sic
2763 1286 2940 1340 pugno
2966 1289 3072 1328 non
3108 1276 3264 1345 quasi
3286 1292 3467 1333 aerem

1894 1356 2209 1422 verberans,
2236 1358 2328 1412 sed
2351 1360 2549 1428 castigo
2570 1376 2767 1430 corpus
2791 1380 2967 1419 meum
2992 1376 3044 1419 et
3071 1370 3319 1423 servituti
3341 1371 3468 1424 sub-

1890 1446 2022 1515 jicio
2046 1449 2089 1520 (l
2113 1448 2231 1503 Cor.
2264 1451 2359 1521 ix).
2389 1453 2540 1519 Quod
2569 1457 2785 1524 proprie
2829 1458 2896 1511 ad
2941 1461 3283 1517 continentia!
3314 1464 3465 1520 dolo-

1895 1556 2013 1605 res,
2045 1552 2098 1597 et
2126 1545 2407 1614 corporale
2431 1546 2693 1616 jejunium
2724 1558 2884 1619 atque
2904 1552 3248 1611 afﬂictionem
3281 1560 3462 1614 carnis

1894 1634 2161 1700 pertinet;
2193 1650 2289 1703 per
2313 1635 2451 1691 hanc
2489 1652 2547 1693 se
2576 1640 2811 1709 pugilem
2855 1646 3143 1713 quemdam
3188 1658 3464 1707 strenuum

1894 1741 2004 1779 suae
2031 1725 2210 1780 carnis
2240 1742 2360 1782 esse
2398 1727 2741 1801 describens,
2773 1749 2874 1788 nec
2900 1736 2953 1789 in
2983 1748 3178 1792 vanum
3208 1740 3467 1798 adversus

1895 1833 2011 1872 eam
2060 1819 2195 1872 ictus
2242 1820 2589 1876 continentiae
2641 1827 2949 1881 exercuisse
3001 1828 3323 1899 designans,
3372 1835 3467 1890 sed

1894 1910 2221 1979 triumphum
2250 1928 2437 1983 pugna:
2462 1955 2477 1979 ,
2523 1916 3041 1975 mortificationesni
3067 1927 3313 1993 corporis
3334 1968 3348 1991 ,
3379 1942 3467 1982 ac-

1892 2004 2157 2071 quisisse;
2184 2020 2291 2075 quo
2320 2006 2637 2063 verberibus
2682 2011 3025 2066 continentiae
3065 2016 3324 2086 castigato
3350 2061 3365 2084 ,
3413 2030 3468 2075 et

1888 2096 2215 2166 jejuniorum
2247 2098 2274 2137 b
2306 2100 2556 2155 caestibus
2583 2102 2739 2167 eliso,
2768 2102 2958 2159 victori
2986 2107 3196 2174 spiritui
3243 2110 3468 2167 immor-

1894 2190 2119 2246 talitatis
2149 2206 2402 2247 coronam
2432 2204 2487 2249 et
2515 2195 2933 2265 incorruptionis
2953 2200 3182 2255 contulit
3209 2203 3464 2271 palmam.

1898 2291 1919 2319 ο
1954 2282 2121 2338 Vides
2140 2284 2435 2353 legitimum
2464 2285 2863 2342 colluctationis
2885 2289 3149 2357 ordinem,
3180 2303 3232 2347 et
3252 2295 3467 2364 spirita-

1892 2376 2022 2432 lium
2053 2381 2407 2435 certaminum
2435 2382 2819 2450 contemplaris
2850 2393 3099 2439 eventum
3151 2404 3162 2439 :
3210 2389 3468 2456 quemad-

1894 2471 2110 2525 modum
2142 2471 2341 2526 athleta
2370 2469 2569 2527 Christi
2590 2472 2818 2542 adeptus
2842 2474 2907 2529 de
2936 2476 3276 2534 rebellatrice
3303 2495 3467 2538 carne

1894 2564 2172 2620 victoriam
2195 2607 2209 2631 ,
2240 2565 2479 2635 subjecta
2506 2566 2598 2619 illa
2625 2567 3023 2636 quodammodo
3051 2571 3278 2639 pedibus
3308 2576 3421 2630 suis
3445 2618 3462 2643 ,

1891 2652 1917 2692 ἀ
1945 2665 2003 2711 ιιι
2045 2657 2295 2711 sublimis
2327 2656 2686 2724 triumphator
2711 2657 3001 2713 invehitur.
3031 2660 3096 2714 Et
3127 2662 3327 2719 ideirco
3356 2682 3468 2726 non

1892 2749 2061 2802 currit
2098 2749 2153 2802 in
2184 2749 2447 2802 incertum
2471 2787 2484 2812 ,
2519 2746 2643 2816 quia
2671 2746 2975 2802 confidebat
3000 2751 3186 2806 urbem
3217 2765 3465 2811 sanctam

1889 2839 2186 2896 Jerusalem
2228 2840 2508 2894 caelestem
2538 2853 2596 2892 se
2643 2839 2886 2908 pretinus
2932 2841 3323 2910 ingressurum.
3373 2847 3464 2904 Sic

1896 2946 2129 3007 pugnet,
2158 2933 2379 3004 jejuniis
2427 2932 2636 2987 scilicet
2662 2942 2717 2987 et
2756 2932 3048 2991 afﬂictione
3080 2941 3322 3010 carnali,
3352 2957 3463 2998 non

1204 3086 1221 3113 ³
1273 3125 1529 3183 ALARDI
1567 3122 1800 3182 eam
1838 3116 2404 3179 COMMENTARIUS.

272 3304 298 3331 ε
333 3290 629 3360 Duplicem
667 3291 903 3345 insinuat
946 3290 1228 3345 adventum
1270 3287 1469 3344 Christi
1513 3308 1527 3343 :
1560 3290 1786 3345 alterum
1815 3287 1860 3349 C
1894 3285 2030 3339 omni
2053 3283 2148 3336 sibi
2170 3277 2471 3361 uerberandi
2492 3282 2626 3361 jure
2651 3280 2895 3361 permisso
2916 3324 2931 3348 ,
2960 3299 3086 3361 quas
3113 3290 3464 3361 παμμάχους;

204 3364 554 3433 spiritualem
584 3371 637 3416 et
674 3362 940 3415 internum
964 3403 977 3426 ,
1005 3377 1110 3431 quo
1135 3364 1184 3415 in
1214 3361 1418 3433 animas
1448 3361 1654 3433 piorum
1688 3376 1785 3433 per

205 3432 444 3501 gratiam
471 3434 709 3495 advenit,
736 3433 799 3485 ad
823 3447 977 3499 quem
1004 3434 1166 3487 refert
1195 3432 1354 3486 verba
1387 3432 1472 3484 illa
1495 3432 1742 3500 Apostoli
1766 3448 1781 3485 ε

205 3504 467 3560 Omnibus
492 3506 581 3574 qui
611 3504 830 3573 diligunt
860 3505 1124 3557 adventum
1154 3504 1265 3572 eius
1295 3502 1372 3571 (ll
1406 3501 1540 3554 Tim.
1570 3504 1676 3572 tv);
1703 3504 1784 3574 al-

204 3586 383 3631 terum
422 3586 707 3629 externum
733 3584 787 3628 et
814 3574 1096 3628 visibilem.
1131 3574 1200 3628 At
1226 3574 1310 3625 hic
1341 3587 1553 3625 rursum
1590 3573 1786 3641 duplex

205 3646 586 3713 distinguitur,
625 3660 817 3714 nempe
842 3646 1099 3698 adventus
1131 3648 1181 3696 in
1214 3658 1375 3697 carne
1397 3683 1411 3707 ,
1441 3652 1493 3696 et
1522 3643 1786 3714 adventus

203 3717 253 3770 in
286 3711 523 3786 judicio.
547 3716 697 3770 Unde
718 3711 776 3769 υῖ
811 3714 1331 3786 Bernardus_(Serm.
1357 3715 1395 3786 ‘5
1423 3711 1744 3786 dep/iacent.)
1768 3728 1784 3765 :

203 3781 428 3859 Triplex
457 3797 552 3851 est,
587 3787 757 3854 inquit
784 3787 803 3859 ζ
830 3786 1087 3859 adventus
1111 3784 1334 3859 Domini
1356 3781 1376 3852 )
1397 3822 1411 3847 ,
1441 3784 1507 3835 ad
1534 3784 1786 3859 nomines,

204 3859 255 3911 in
285 3854 549 3919 homines,
577 3867 753 3909 contra
774 3855 1018 3909 homines.
1045 3855 1124 3909 Ad
1154 3855 1397 3907 homines
1426 3868 1520 3920 per
1544 3854 1787 3907 incarna-

204 3929 413 3984 tionem
447 3940 499 3982 et
529 3927 885 3989 nativitatem,
918 3931 969 3979 in
998 3925 1242 3978 homines
1271 3939 1365 3992 per
1385 3927 1609 3992 gratiam
1629 3923 1787 3991 justi-

202 3999 464 4053 ficantem
494 4038 509 4063 ,
552 4009 739 4051 contra
782 3997 1023 4050 homines
1067 4011 1159 4060 per
1195 3995 1381 4064 judicii
1425 3994 1784 4049 severitatem.

203 4069 380 4123 Porro
417 4068 759 4122 Innocentius
783 4065 854 4120 Ill
885 4068 903 4136 (
928 4068 1099 4121 Serm.
1130 4067 1162 4119 2
1189 4068 1241 4118 in
1272 4065 1485 4118 Adrent.
1513 4068 1530 4135 )
1560 4074 1785 4135 quatuor

202 4140 337 4194 facit
376 4141 587 4193 Domini
627 4139 885 4191 adventus
909 4178 923 4201 ,
954 4137 1274 4204 ejuscemodi
1316 4137 1661 4191 nihilominus
1683 4177 1698 4202 ,
1727 4143 1787 4191 ut

201 4209 316 4263 duo
366 4209 625 4279 postremi
673 4208 739 4261 ad
788 4210 984 4279 duplex
1022 4208 1277 4275 judicium
1308 4248 1322 4267 ,
1376 4208 1695 4275 particulare
1730 4216 1786 4262 et;

202 4277 520 4335 universale
543 4280 865 4334 referantur.
900 4277 1134 4330 Primum
1159 4281 1209 4331 in
1238 4279 1363 4331 nube
1390 4281 1579 4344 carnis,
1606 4295 1787 4331 secun-

204 4352 331 4403 dum
356 4353 409 4403 in
434 4368 545 4403 rore
571 4352 774 4419 gratiae,
803 4351 1005 4402 tertium
1027 4350 1079 4401 in
1108 4350 1302 4402 turbine
1322 4350 1519 4415 mortis,
1545 4359 1785 4418 quartum

201 4421 255 4472 in
278 4423 406 4491 igne
424 4423 634 4492 judicii.

278 4489 314 4528 υ
334 4493 414 4545 Ita
426 4489 711 4561 legendum
734 4500 979 4557 est,non,
997 4489 1195 4543 testibus
1214 4491 1529 4558 jejuniorum
1554 4491 1635 4559 (ut
1656 4489 1780 4543 Dio-

208 4563 413 4630 nysius
455 4562 725 4630 reddidit),
769 4572 829 4614 ut
857 4572 1109 4615 constans
1138 4571 1190 4613 et
1218 4569 1470 4628 perpetua
1500 4562 1567 4612 sit
1613 4568 1783 4613 meta-

1894 3366 2105 3420 vocant;
2127 3354 2219 3407 alii
2246 3352 2332 3421 qui
2364 3350 2595 3404 aestibus
2625 3351 2891 3404 adversum
2920 3350 2977 3406 ser
2997 3350 3361 3422 decerni-inlicit
3382 3350 3462 3417 di;

1886 3427 2124 3499 laceratis
2168 3421 2427 3499 capitibus
2455 3429 2822 3499 cruentantur;
2864 3422 2918 3499 bi
2968 3432 3158 3499 φευκταὶ
3202 3432 3460 3499 feruntur.

1886 3499 1961 3553 Ita
1986 3496 2303 3551 Ambrosius
2334 3491 2699 3571 (Vide-Senes.
2735 3494 2772 3545 l.
2806 3508 2855 3547 v.
2880 3494 2942 3546 de
2965 3494 3156 3571 Bene],
3177 3491 3222 3552 ε’,
3258 3503 3335 3571 75),
3370 3505 3460 3561 Sic
3522 3534 3523 3537 η

1885 3580 2067 3623 autem
2098 3576 2294 3621 cmstus
2322 3579 2416 3631 per
2454 3562 2844 3630 diphthongum
2884 3578 2913 3616 a
2940 3562 3196 3621 caedendo
3237 3562 3458 3630 dicitur.

1885 3641 1967 3694 Ad
1996 3640 2137 3693 hunc
2164 3637 2329 3707 igitur
2358 3633 2571 3686 modum
2602 3673 2616 3693 ,
2646 3641 2706 3685 ut
2733 3633 3004 3707 Cuychins
3027 3637 3121 3701 ait,
3175 3642 3460 3707 metapho.

1887 3712 1998 3765 rice
2025 3705 2229 3779 jejunia
2260 3706 2348 3780 hic
2378 3714 2635 3780 vocantur
2662 3712 2853 3780 caestus
2882 3705 3096 3780 quidam
3126 3705 3457 3780 spirituales,

1887 3773 2431 3851 quibus'velutiloris
2461 3786 2513 3826 et
2536 3773 2657 3851 pilis
2678 3773 3457 3851 quibusdanicaroisnhigitur,

1890 3841 2134 3925 eliditur,
2170 3858 2223 3903 et
2266 3846 2533 3901 domatur.
2585 3841 2773 3898 Cestns
2803 3860 2930 3899 vero
2970 3845 3084 3900 sine
3123 3841 3459 3925 diphthongo

1887 3924 2158 3993 cingulum
2184 3930 2284 3993 est,
2316 3925 2371 3973 et
2395 3929 2528 3969 zona
2555 3928 2804 3981 sponsae,
2836 3932 2993 3986 quam
3025 3933 3256 3987 sponsus
3284 3924 3456 3993 prima

1888 3991 2044 4048 nocte
2070 3991 2332 4047 solvebat.
3285 3991 3298 3993 ‘
3480 4016 3491 4043 ,

1963 4076 1983 4103 ε
2013 4064 2088 4118 De
2116 4063 2196 4118 his
2221 4062 2496 4129 eleganter
2525 4066 2579 4113 et
2622 4058 2840 4125 copiose
2873 4058 2935 4112 D.
2966 4059 3304 4131 Ambrosius,
3335 4067 3454 4123 loco

1888 4136 2050 4188 citato
2076 4179 2090 4201 ,
2136 4137 2223 4188 ubi
2255 4133 2488 4187 ostendit
2526 4131 2837 4199 Apostolum
2883 4133 3061 4185 omnia
3091 4134 3175 4187 illa
3203 4142 3457 4193 certamiv

1888 4221 2015 4259 num
2050 4220 2244 4273 genera
2286 4202 2533 4275 superius
2575 4211 2878 4256 memorata
2900 4216 3188 4272 expertum
3211 4222 3331 4263 esse
3356 4248 3371 4275 ,
3403 4221 3459 4269 et

1888 4277 1954 4330 de
1983 4277 2229 4329 omnibus
2267 4274 2643 4341 triumphasse.

1959 4344 1985 4382 ἀ
2015 4346 2218 4401 Allndit
2241 4344 2306 4398 ad
2338 4360 2539 4398 morem
2574 4343 2935 4412 triumphandi
2978 4346 3118 4414 apud
3161 4346 3457 4408 Romanos.

1888 4417 2017 4472 Erat
2041 4415 2831 4491 quippetriumpliusomnium
2866 4418 3266 4491 honorum,_qui
3297 4437 3326 4475 a
3354 4439 3454 4491 po-

1892 4489 2013 4555 pnlo
2041 4488 2197 4541 Boni.
2231 4486 2432 4541 deferri
2457 4487 2719 4551 solebant,
2752 4488 3017 4540 maximus
3042 4528 3055 4550 ,
3081 4489 3171 4557 qui
3199 4490 3327 4544 solis
3356 4486 3459 4548 du-

1889 4561 2058 4623 cibus,
2086 4574 2179 4613 seu
2209 4559 2640 4626 imperatoribus.
2666 4558 2755 4626 qui
2790 4557 3047 4623 insignem
3080 4560 3356 4616 victoriam
3387 4566 3458 4621 de

203 4615 417 4697 priora,
447 4648 544 4700 qua
574 4615 829 4687 hactenus
850 4633 1039 4721 outitu|r
1068 4615 1266 4685 Auctor
1294 4615 1342 4682 iii
1371 4634 1780 4721 comparatione
1889 4615 2133 4721 hostibus
2165 4615 2531 4721 reportassent
2557 4672 2570 4693 ,
2604 4615 2962 4721 Ide-ferebatur
2993 4628 3207 4721 (farier;
3251 4634 3340 4721 lib.
3378 4615 3454 4703 li:

198 4702 438 4754 atliletze
478 4715 528 4754 et
569 4706 750 4771 agonis
787 4702 1072 4770 spiritualis
1100 4716 1219 4754 cum
1250 4701 1490 4755 swculari
1534 4712 1588 4754 et
1617 4717 1775 4753 mun-

199 4773 378 4826 dano.
419 4772 539 4825 Erat
566 4777 701 4827 enim
728 4784 923 4827 caestus
953 4786 1117 4839 genus
1146 4773 1306 4825 clava:
1335 4773 1469 4839 pilas
1501 4772 1775 4837 plumbeas

200 4845 342 4896 loris
392 4843 595 4898 bubulis
644 4859 904 4913 appensas
951 4844 1152 4895 habens
1176 4883 1190 4905 ,
1222 4857 1328 4910 quo
1360 4844 1564 4909 pugiles
1594 4851 1773 4895 certa-

200 4916 373 4977 Iunt,
412 4930 469 4966 ac
497 4930 553 4969 se
585 4926 771 4968 mutuo
794 4913 1069 4968 cmdebant
1094 4928 1156 4966 ac
1190 4914 1611 4977 contundehant;
1641 4929 1775 4981 quo-

193 4988 367 5038 modo
396 4984 639 5040 Daretcm
662 4997 713 5039 et
739 4986 1009 5039 Entellum
1032 4997 1294 5051 pugnasse
1317 4984 1502 5036 scribit
1526 4984 1772 5052 Virgilius

195 5072 222 5108 ν
254 5057 552 5121 Aine-idos,
590 5057 754 5125 idque
785 5067 973 5118 vocat,
1007 5055 1165 5107 crudo
1200 5070 1419 5122 pugnam
1463 5057 1772 5108 committere

194 5140 384 5179 aestu.
434 5130 687 5183 Sidonius
728 5142 891 5180 carm.
923 5142 957 5179 v
988 5144 997 5178 :
1031 5126 1297 5177 decernere
1335 5132 1508 5175 cazstu.
1555 5125 1769 5177 Tertul-

191 5200 379 5251 lianns
415 5214 429 5254 t
454 5201 705 5251 Adversus
748 5196 1010 5249 Gnosticos
1040 5212 1153 5262 cap.
1185 5193 1238 5259 6)
1268 5192 1335 5244 de
1364 5192 1563 5246 Graecis
1592 5206 1771 5248 certa-

189 5272 445 5321 minibus
481 5284 647 5337 agens
682 5286 692 5321 :
724 5266 789 5319 In
821 5269 897 5319 liis
940 5266 1087 5337 modo
1127 5272 1244 5337 sunt
1284 5263 1461 5331 praelia
1487 5273 1531 5314 et
1561 5264 1773 5337 vulnera

190 5340 470 5397 nonnulla.
505 5335 660 5407 pugni
687 5346 948 5408 quassant,
980 5335 1139 5389 calces
1162 5335 1406 5408 arietant,
1445 5335 1774 5408 cwstusaila-

187 5414 340 5463 niani
368 5452 384 5472 ,
447 5403 654 5481 ﬂagella
685 5403 1002 5481 dilacerant.
1161 5403 1475 5481 Ambrosius
1528 5403 1765 5481 in_['sal.

186 5496 356 5534 xxxvi
393 5498 407 5532 :
447 5474 777 5534 ln'sazculari
804 5495 963 5548 agone
992 5478 1082 5530 alii
1120 5487 1232 5529 sunt
1263 5475 1353 5554 qui
1388 5474 1608 5554 simplici
1649 5491 1772 5543 quo-

183 5551 315 5603 dam
338 5552 647 5624 etglegitimo
683 5544 865 5624 genere
894 5552 1172 5624 luctantur,
1204 5544 1551 5624 quiligatuﬁs
1580 5553 1774 5624 tantum

181 5621 437 5694 corporis
459 5615 794 5694 ἔετιαηιζᾳιιὶ
819 5621 1095 5694 palestrita:
1124 5622 1406 5694 vocanturi
1439 5615 1530 5666 alii
1558 5618 1647 5694 qui
1674 5630 1777 5667 ca:-

184 5685 317 5745 dem
347 5701 397 5744 et
431 5694 651 5759 pulveris
688 5685 889 5761 jactum
914 5689 1248 5743 membrorum
1271 5685 1481 5741 nexibus
1522 5685 1774 5753 miscent,

487 5789 770 5861 Parnm“
820 5781 1048 5845 XLIX.

1883 4702 2029 4754 Alex.
2072 4700 2135 4753 ab
2182 4701 2337 4755 Alex.
2382 4702 2470 4753 lib.
2502 4715 2555 4753 vr
2602 4698 2805 4753 Genial.
2833 4716 2949 4766 cap.
2994 4698 3069 4770 6).
3106 4698 3461 4761 Vehebantur‘

1879 4773 2277 4840 triumphantes
2305 4788 2469 4826 curru
2498 4770 2735 4827 eburneo
2781 4779 2835 4825 et
2889 4771 3132 4825 inaurato
3156 4814 3168 4837 ,
3219 4787 3451 4842 quatuor

1878 4844 2033 4913 cquis
2062 4843 2199 4897 albis
2222 4858 2344 4897 enm
2373 4842 2710 4913 ducentibus,
2742 4844 2914 4909 capite
2942 4856 3137 4895 corona
3166 4858 3325 4899 aurea
3358 4863 3446 4901 re-

1878 4912 2065 4967 dimito
2086 4955 2101 4975 ,
2147 4915 2370 4983 devictis
2402 4912 2631 4983 hostium
2663 4913 2887 4967 ducibus
2926 4926 3137 4965 currum
3170 4919 3439 4983 sequenti-

1877 4986 1997 5047 bus,
2022 4999 2246 5050 quorum
2268 4982 2403 5033 colla
2429 4982 2630 5034 catenis
2651 4990 2840 5036 onusta
2867 4991 3040 5034 erant.
3059 4982 3146 5036 Sic
3169 4982 3446 5049 praeeunt.

1877 5064 2067 5108 senatu
2098 5054 2150 5104 in
2177 5050 2496 5114 Capitolium
2522 5050 2879 5103 ascendebant
2913 5051 2979 5102 ad
3023 5056 3276 5118 templum
3301 5056 3450 5111 Jovis

1874 5122 2185 5191 Capitolini.
2222 5119 2939 5194 tibi,‘mactatomtauro_all_)o
2969 5161 2984 5182 ,
3030 5121 3215 5175 eadem
3252 5140 3447 5194 pompa

1878 5187 2094 5247 domum
2122 5191 2544 5245 revertebantur.
2576 5187 2765 5242 Cicero
2796 5190 2849 5240 in
2882 5188 3131 5244 Pisonem
3164 5194 3229 5246 de
3252 5187 3448 5251 trium-

1877 5267 1984 5333 pho
2011 5265 2396 5333 disserens,et
2428 5274 2673 5333 pompam
2720 5259 3021 5333 hujusmodi
3064 5275 3398 5333 exaggerans
3434 5287 3446 5319 :

1880 5330 2017 5402 Quid
2049 5334 2253 5388 tandem
2278 5374 2291 5399 ,
2323 5332 2528 5397 inquit,
2578 5330 2723 5384 habet
2750 5331 2842 5402 iste
2890 5331 3115 5402 currus?
3156 5334 3284 5397 quid
3331 5338 3451 5392 victi

1874 5399 1993 5460 ante
2022 5422 2229 5459 currum
2259 5406 2446 5457 duces?
2483 5402 2602 5475 quid
2632 5399 2903 5475 simulacra
2928 5399 3285 5475 cppidorum?
3327 5410 3451 5475 quid

1875 5477 2101 5530 aurum?
2129 5476 2250 5545 quid
2294 5467 2601 5545 argentum»?
2633 5470 2753 5545 quid
2784 5467 2937 5545 legati
2978 5471 3030 5520 in
3059 5471 3229 5545 equis,
3264 5485 3309 5527 et
3338 5467 3451 5531 ἀί.

1884 5548 2047 5601 buni?
2095 5538 2219 5613 quid
2256 5538 2472 5618 ειαῇιονΔ
2490 5538 2743 5595 militum?
2784 5538 2907 5607 quid
2936 5548 3040 5593 tota
3074 5538 3171 5593 illa
3215 5552 3449 5618 pompa?

1884 5619 2004 5685 quid
2028 5618 2136 5672 vehi
2160 5632 2247 5685 per
2268 5613 2473 5669 urbem?

2939 5782 2981 5853 ε
3273 5794 3331 5834 -
3468 5730 3513 5843 κί’
