3994 6202
474 279 575 338 255

1799 269 2078 328 JOANNIS
2114 268 2432 328 CASSIANI

3644 253 3752 330 εει

475 395 628 468 quasi
657 409 838 450 aerem
871 391 1185 454 verberans,
1221 389 1274 444 id
1308 395 1425 454 est,
1458 386 1510 441 in
1539 401 1731 440 vanum
1761 386 1899 441 ictus
1929 403 2060 443 con-
2085 391 2140 452 Α
2163 396 2352 446 scente
2373 390 2572 445 virtute
2606 386 2973 446 conscendere
2996 430 3011 456 ,
3045 387 3236 444 eodem
3285 403 3384 445 nos
3409 403 3623 462 quoque
3657 405 3748 448 or-

475 492 717 547 tinentite
745 488 1049 559 porrigens,
1085 499 1179 553 per
1199 498 1333 552 quos
1359 496 1464 534 non
1489 496 1668 536 aerem
1691 496 1940 547 vacuum,
1964 482 2060 536 sed

475 588 599 643 illos
643 587 869 656 spiritus
916 585 1005 654 qui
1051 585 1102 636 in
1150 595 1216 634 eo
1241 587 1545 643 versantur,
1575 579 1932 648 castigatione
1977 579 2061 633 sui

473 680 722 750 corporis
772 675 1108 733 verberabat.
1149 672 1251 740 Qui
1281 673 1426 727 enim
1463 664 1633 737 dicit,
1666 687 1772 727 non
1795 670 1947 741 quasi
1973 685 2064 726 ac-

473 787 589 827 rem
626 771 942 836 verberans,
971 765 1211 823 ostendit
1239 780 1297 819 sc
1324 809 1338 831 ,
1373 765 1585 820 tametsi
1626 779 1731 820 non
1769 779 1949 819 aerem
1970 779 2064 818 va-

472 881 632 920 cuum
667 877 718 920 et
749 865 963 918 inanem
990 903 1006 928 ,
1047 859 1258 930 aliquos
1299 869 1479 916 tamen
1508 861 1561 914 in
1595 874 1722 914 aere
1749 859 2060 914 verberare.

473 959 540 1013 Et
572 959 700 1029 quia
731 957 844 1012 hazc
874 953 1232 1012 certaminum
1269 971 1468 1024 genera
1512 962 1835 1023 superarat,
1889 960 1943 1008 et
1983 951 2065 1007 di-

373 1121 384 1128 .
473 1059 614 1103 tatus
663 1049 960 1103 multarum
1019 1062 1347 1102 coronarum
1397 1045 1684 1115 stipendiis
1739 1046 2061 1111 incedebat,

473 1156 579 1196 non
622 1141 892 1196 immerito
941 1140 1313 1194 robustiorum
1356 1140 1546 1208 incipit
1589 1139 1829 1192 hostium
1881 1138 2063 1192 subire

474 1234 765 1288 luctamina
787 1277 802 1302 ,
844 1248 908 1288 ac
952 1232 1227 1303 prioribus
1259 1233 1465 1287 aemulis
1490 1233 1831 1302 triumphalis
1853 1246 1973 1287 cum
2003 1231 2066 1284 li-

474 1325 628 1380 ducia
661 1329 999 1396 proclamat,
1031 1334 1084 1380 et
1112 1323 1244 1380 dicit
1275 1343 1287 1377 :
1313 1323 1431 1380 Jam
1460 1341 1565 1378 non
1607 1323 1762 1378 nobis
1784 1332 1868 1378 est
1893 1322 2063 1376 collu-

475 1420 638 1475 ctatio
670 1419 934 1474 adversus
967 1434 1190 1475 carnem
1221 1427 1275 1474 et
1303 1419 1615 1488 sanguinem
1636 1460 1650 1484 ,
1684 1417 1777 1472 sed
1807 1415 2066 1473 adversus

475 1513 809 1583 principatus
839 1555 852 1578 ,
899 1513 1162 1568 adversus
1203 1521 1498 1582 potestates
1524 1553 1538 1576 ,
1575 1512 1837 1565 adversus
1879 1507 2066 1564 mundi

476 1615 714 1662 rectores
748 1605 1092 1661 tenebrarum
1126 1607 1339 1674 harum,
1375 1617 1564 1662 contra
1588 1604 1847 1675 spiritalia
1879 1603 2070 1674 nequi-

477 1702 564 1756 tiae
594 1701 647 1755 in
679 1699 994 1756 caelestibus
1028 1699 1255 1773 (Ephes.
1286 1699 1382 1772 v1).

1065 1835 1293 1892 CAPUT
1333 1834 1475 1890 XIX.

387 1999 391 2008 ,
481 1946 630 2012 Quod
660 1949 864 2003 athleta:
900 1949 1120 2015 Christi,
1155 1948 1314 2003 donec
1343 1949 1395 2002 in
1433 1963 1649 2017 corpore
1692 1955 2064 2013 commoratur,

1019 2038 1191 2092 pugna
1230 2037 1332 2074 non
1378 2020 1529 2074 desit.

549 2163 576 2193 ι
619 2155 853 2212 Athletae
896 2156 1099 2212 Christi
1144 2157 1198 2212 in
1228 2171 1458 2228 corpore
1502 2152 1862 2209 commoranti
1910 2168 2066 2207 num-

481 2263 638 2319 quam
667 2248 850 2304 deﬂcit
872 2251 1311 2305 colluctationum
1339 2249 1511 2320 palma
1543 2266 1554 2299 :
1584 2245 1676 2302 sed
1708 2253 1913 2316 quanto
1947 2259 2064 2298 ma-

483 2344 563 2413 gis
595 2345 989 2414 triumphorum
1017 2343 1357 2397 successibtts
1380 2340 1633 2404 creverit,
1662 2345 1812 2393 tanto
1833 2338 1880 2392 ei
1905 2337 2066 2392 etiam

480 2434 924 2490 colluctationum
964 2435 1242 2489 robustior
1281 2435 1415 2488 ordo
1458 2433 1723 2489 succedit.
1770 2432 2067 2500 Subjugata

479 2527 678 2580 etenim
710 2543 894 2593 carne,
921 2538 1084 2599 atque
1113 2528 1346 2594 devicta,
1379 2533 1600 2596 quantae
1629 2525 2065 2580 adversariorum

479 2619 749 2687 cohortes,
766 2631 966 2689 quanta
1001 2622 1238 2676 hostium
1262 2622 1471 2692 agmina
1498 2622 1784 2677 adversum
1803 2621 2066 2674 victorem

479 2711 702 2767 militem
733 2712 936 2769 Christi
957 2715 1246 2784 triumphis
1271 2715 1392 2786 ejus
1423 2716 1670 2785 instigata
1697 2713 2062 2784 consurgunt!

479 2806 683 2861 scilicet
714 2823 784 2862 ne
828 2809 977 2877 pacis
1007 2809 1117 2862 otio
1159 2809 1316 2864 miles
1358 2808 1558 2864 Christi
1599 2808 1904 2862 lentescens
1931 2805 2067 2860 inci-

475 2902 586 2970 piat
616 2901 864 2956 oblivisci
888 2902 1334 2957 colluctationutn
1364 2917 1584 2957 suarum
1616 2902 1854 2972 gloriosa
1883 2909 2062 2955 certa-

481 2996 657 3061 mina,
684 3009 747 3050 ac
781 2993 1094 3049 securitatis
1133 2995 1326 3048 inertia
1356 2995 1648 3049 dissolutus
1671 3037 1685 3060 ,
1716 2995 2063 3064 praemiorum

475 3085 759 3162 stipendiis
789 3101 853 3141 ac
882 3085 1277 3154 triumphorum
1310 3087 1517 3140 meritis
1553 3086 1928 3141 defraudetur.
1960 3085 2066 3140 ιω-

2165 485 2289 539 dine
2317 492 2534 553 Oportet
2562 483 2867 553 praeliorum
2897 485 3035 538 inire
3071 483 3400 548 certamina,
3433 492 3486 538 et
3513 484 3745 554 primum

2165 592 2286 632 cum
2319 575 2579 647 Apostolo
2607 574 2788 630 dicere
2822 592 2836 628 :
2871 573 2960 630 Sic
3006 591 3186 646 pugno
3218 591 3324 631 non
3368 576 3519 647 quasi
3561 593 3746 634 aerem

2164 669 2457 722 verberans
2483 709 2496 734 ,
2543 665 2636 721 sed
2671 667 2877 736 castigo
2919 681 3114 737 corpus
3159 682 3337 722 meum
3361 712 3374 734 ,
3410 677 3466 724 et
3500 671 3752 726 servituti

2165 762 2394 831 subjicio
2423 761 2464 832 (l
2490 760 2608 814 Cor.
2639 763 2741 830 ix),
2774 770 2831 815 ut
2853 761 2954 817 hoc
2983 761 3235 816 conﬂictu
3259 772 3532 830 superato,
3560 777 3750 819 rursus

2166 870 2286 910 cum
2315 869 2381 909 eo
2421 853 2602 908 dicere
2641 853 2907 924 possimus
2941 873 2954 908 :
2986 853 3103 908 Non
3138 864 3223 909 est
3252 854 3409 909 nobis
3441 855 3753 910 colluctatio

2167 947 2430 1002 adversus
2453 961 2670 1001 carnem
2703 955 2759 1001 et
2787 945 3104 1015 sanguinem
3130 988 3144 1011 ,
3179 946 3272 1000 sed
3303 945 3570 1002 adversus
3600 949 3752 1017 prin-

2166 1043 2399 1110 cipatus,
2433 1040 2692 1094 adversus
2722 1047 3040 1109 pclestates,
3071 1039 3329 1094 adversus
3357 1039 3541 1094 mundi
3574 1050 3754 1096 recto—

2167 1152 2257 1192 res
2281 1136 2624 1192 tenebrarum
2655 1135 2869 1200 harum,
2902 1144 3090 1189 contra
3119 1134 3384 1204 spiritalia
3414 1136 3669 1205 nequitias
3693 1136 3755 1196 in

2167 1228 2479 1284 caelestibus
2511 1227 2530 1299 (
2558 1226 2752 1299 Ephes.
2783 1225 2899 1298 vt).
2931 1227 3101 1282 Aliter
3140 1228 3284 1282 enim
3327 1228 3580 1298 congredi
3626 1243 3754 1285 cum
3809 1228 3812 1230 ’

2167 1321 2274 1377 illis
2320 1321 2469 1375 nullo
2511 1320 2672 1375 modo
2728 1321 3066 1388 poterimus,
3110 1336 3212 1375 nec
3249 1320 3517 1390 spiritales
3548 1337 3755 1392 pugnas

2169 1413 2496 1468 merebimur
2521 1413 2780 1481 experiri,
2816 1413 3019 1467 carnali
3045 1412 3241 1482 dejecti
3267 1412 3537 1478 conﬂictu,
3561 1423 3616 1469 et
3639 1415 3757 1469 col-

2167 1505 2458 1560 luctatione
2477 1505 2680 1558 ventris
2701 1504 2822 1560 elisi
2851 1522 2864 1557 :
2901 1506 3203 1576 meritoque
3227 1504 3382 1560 nobis
3401 1507 3467 1561 ab
3495 1508 3756 1577 Apostolo

2169 1612 2289 1651 cum
2319 1597 2738 1666 exprobratione
2787 1598 2999 1653 dicetur
3035 1617 3046 1650 :
3081 1597 3332 1654 Tentatio
3365 1613 3458 1654 vos
3503 1615 3608 1657 non
3654 1615 3756 1670 ap-

2170 1688 2484 1757 prehendit,
2515 1688 2616 1743 nisi
2645 1688 2879 1744 humana
2909 1689 2929 1761 (
2954 1689 2998 1744 ll
3019 1689 3140 1745 Cor.
3167 1692 3249 1762 χ).

2767 1825 2994 1880 CAPUT
3034 1826 3152 1881 XX.

2173 1917 2322 1991 Quod
2343 1935 2442 1970 non
2472 1918 2648 1971 debeat
2683 1919 2970 1974 monachus
2987 1920 3224 1974 sumendi
3247 1921 3348 1975 cibi
3374 1925 3569 1991 tempus
3600 1927 3750 1980 exce-

2241 1990 2390 2054 dere,
2430 1991 2486 2071 .si
2543 1992 2646 2044 vult
2701 1991 2769 2044 ad
2815 2008 3014 2061 pugnas
3071 1994 3376 2048 interiorum
3422 1990 3764 2054 certaminum

2239 2077 2518 2133 pervenire.

2240 2153 2407 2222 Igitur
2453 2151 2749 2207 monachus
2789 2152 2854 2207 ad
2887 2169 3095 2225 pugnas
3137 2156 3456 2213 interiorum
3496 2161 3757 2216 certami-

2171 2263 2297 2301 num
2337 2247 2560 2316 cupiens
2587 2247 2908 2316 pervenire,
2951 2248 3090 2304 hanc
3137 2250 3189 2304 in
3230 2251 3420 2321 priis
3449 2254 3760 2312 cautionem

2170 2339 2385 2394 sibimet
2427 2339 2661 2403 indicat,
2693 2347 2752 2393 ut
2788 2357 2897 2394 non
2928 2352 3085 2411 potus
3113 2343 3434 2414 quidquam,
3475 2362 3582 2403 non
3630 2364 3759 2405 esus

2172 2431 2279 2485 ulla
2311 2430 2674 2486 oblectatione
2721 2431 2968 2488 devictus
2993 2475 3006 2500 ,
3040 2432 3067 2473 δ
3110 2445 3236 2490 ante
3267 2439 3554 2494 stationem
3583 2439 3760 2510 legiti-

2170 2539 2314 2579 mam
2343 2540 2795 2595 communemque
2825 2526 3141 2582 relectionis
3173 2530 3359 2584 horam
3378 2571 3393 2592 ,
3424 2539 3577 2586 extra
3604 2547 3760 2588 men-

2169 2631 2283 2672 sam
2309 2619 2586 2687 percipere
2610 2618 2832 2674 sibimet
2856 2633 3078 2688 prorsus
3112 2620 3416 2691 indulgeat;
3445 2624 3541 2680 sed
3572 2641 3640 2681 ne
3667 2641 3759 2682 re-

2168 2709 2399 2765 fectione
2424 2709 2641 2780 quidem
2687 2719 2958 2766 transacta
2985 2758 2998 2780 ,
3034 2727 3102 2767 ex
3142 2712 3226 2767 his
3271 2729 3606 2784 praesumere
3648 2719 3760 2778 sibi

2169 2804 2722 2874 quantulumcumque
2761 2805 3036 2873 permittat
3070 2824 3082 2859 :
3114 2805 3363 2862 similiter
3407 2823 3620 2880 quoque
3658 2825 3761 2866 ca-

2169 2898 2422 2951 nonicum
2450 2897 2624 2951 somni
2650 2903 2861 2965 tempus
2887 2911 3301 2967 mensuramque
3329 2901 3618 2956 custodiat.
3650 2903 3761 2958 Eo-

2169 2988 2290 3044 dem
2321 3001 2556 3060 namque
2583 2990 2762 3044 studio
2785 2990 2902 3044 ista:
2927 2999 3053 3046 sunt
3080 2996 3276 3046 mentis
3301 2994 3642 3062 amputanda!
3669 2995 3759 3050 la-

2167 3085 2369 3151 sciviae,
2397 3100 2502 3155 quo
2532 3085 2988 3139 meretrioationis
3017 3085 3208 3139 vitium
3240 3085 3624 3142 desecandum.
3648 3088 3757 3156 Qui

473 3193 578 3250 que
620 3179 667 3234 si
716 3179 784 3235 ad
839 3179 940 3234 hos
985 3179 1378 3249 triumphorum
1409 3179 1609 3250 gradus
1651 3181 1898 3249 cupimus
1938 3194 2058 3236 cre-
2082 3170 2129 3233 C
2160 3180 2304 3234 enim
2335 3187 2356 3217 ο
2383 3179 2522 3248 gulae
2561 3179 2864 3249 superﬂuos
2905 3181 3177 3250 appetitus
3223 3182 3471 3239 inhibere
3510 3199 3616 3241 non
3650 3199 3751 3256 po-

1535 3317 1788 3372 ALABDI
1829 3317 2066 3374 CAZ/El
2103 3315 2678 3375 COMMENTARIUS.

542 3447 569 3477 ι
591 3437 799 3492 Dictum
827 3436 1037 3504 insigne
1057 3444 1116 3490 et
1133 3436 1412 3492 memoriae
1435 3435 1784 3499 inlinendum.
1809 3434 1908 3490 Cui
1933 3451 2061 3490 con-

471 3518 628 3566 sonat
658 3510 746 3563 illa
778 3507 841 3562 B.
873 3507 974 3562 Job
1007 3511 1271 3564 sententia
1317 3525 1330 3560 :
1376 3507 1569 3562 Militia
1595 3516 1668 3561 est
1705 3510 1809 3560 vita
1838 3507 2061 3562 hominis

471 3598 626 3650 super
653 3589 843 3634 terram
874 3583 890 3644 (
922 3578 1031 3650 Job,
1048 3595 1120 3633 vn
1149 3582 1190 3648 ).
1236 3579 1390 3647 Quod
1429 3581 1474 3634 si
1515 3579 1750 3648 cujusvis
1783 3579 2017 3650 hominis
2041 3619 2057 3644 ,

469 3649 642 3707 multo
675 3652 967 3720 specialius
1003 3649 1329 3715 Christiani;
1368 3659 1422 3705 et
1465 3651 1640 3704 multo
1671 3649 2062 3714 specialissime

468 3725 707 3793 religiosi
743 3733 798 3778 et
827 3723 1085 3777 monachi
1110 3765 1124 3784 ,
1171 3738 1330 3790 quem
1378 3722 1582 3776 idcirco
1612 3721 1870 3776 athletam
1899 3766 1913 3790 ,
1948 3723 2062 3777 sive

469 3806 727 3859 ascetatn,
765 3797 866 3848 hoc
895 3802 976 3848 est
1002 3837 1015 3856 ,
1053 3796 1290 3864 pugilem
1325 3807 1387 3848 ac
1415 3795 1636 3846 militem
1668 3793 1868 3847 Christi
1900 3808 2062 3862 pecu-

469 3864 677 3918 liariter
707 3865 966 3933 appellari
1001 3867 1130 3918 alias
1157 3865 1494 3919 ostendimus
1525 3864 1664 3936 (Lib.
1701 3879 1718 3918 ι
1749 3883 1795 3920 c.
1829 3864 1908 3934 9.).
1944 3864 2057 3936 ilio-

468 3938 766 3990 nachortttn
799 3950 964 4004 porro
991 3947 1266 3990 certamen
1294 3934 1566 4004 quomodo
1597 3947 1917 4002 perpetuum
1950 3934 2058 3999 sit,

469 4016 523 4060 et
549 4007 828 4072 multiplex
866 4007 1041 4073 palma
1061 4048 1075 4070 ,
1105 4007 1217 4059 sch
1247 4008 1527 4074 praemium
1552 4046 1567 4069 ,
1598 4006 1713 4056 fuse
1744 4006 1959 4058 disserit
1993 4006 2057 4060 D.

468 4076 886 4148 Chrysostomus
924 4076 1113 4148 homil.
1162 4076 1232 4148 54
1263 4078 1367 4148 (Ad
1395 4094 1518 4143 pop.
1549 4074 1838 4148 Antioch),
1871 4075 1937 4127 de
1953 4077 2060 4131 vita

467 4145 876 4214 Mmiachorum,
907 4157 961 4200 et
990 4147 1046 4201 S.
1075 4147 1310 4213 Ephrem
1343 4146 1394 4198 in
1421 4145 1651 4211 quadam
1675 4146 2061 4202 adhortatione

467 4219 535 4271 ad
568 4220 850 4286 pietatem,
883 4219 973 4270 ubi
1009 4217 1126 4271 hinc
1154 4219 1314 4270 verba
1345 4234 1356 4268 :
1384 4215 1588 4269 Bellum
1629 4217 1854 4268 militum
1878 4217 2060 4282 breve;

463 4289 558 4343 sed
585 4291 839 4360 monachi
854 4305 1040 4358 pugna,
1076 4292 1235 4360 donec
1260 4289 1472 4360 eniigret
1495 4289 1569 4360 ad
1595 4287 1891 4353 Dominum,
1925 4305 2061 4342 sem-

466 4377 558 4429 per
587 4361 737 4412 durat
765 4357 933 4414 lVirle’
955 4359 1020 4412 ibi
1049 4358 1246 4412 scholia
1277 4357 1344 4412 G.
1365 4357 1602 4428 'Vossii).

537 4430 565 4470 ι)
600 4431 710 4485 lloc
739 4440 856 4489 est.
890 4441 1014 4483 ante
1047 4431 1236 4499 jejunii
1278 4440 1489 4499 tempus
1523 4430 1759 4498 legitime
1802 4431 2060 4487 observa-

465 4511 605 4566 tum,
634 4504 740 4567 vel,
767 4513 825 4555 ttt
847 4502 975 4554 alibi
1002 4503 1235 4569 loquitur
1261 4502 1409 4571 (Cap.
1435 4500 1528 4565 ει,
1561 4502 1745 4572 infra),
1779 4513 1897 4556 ante
1927 4519 2062 4570 prte-

464 4574 697 4627 stitutum
719 4574 910 4646 jejunii
935 4574 1142 4638 harant;
1171 4582 1224 4646 et
1247 4575 1444 4646 Collat._
1469 4572 1503 4625 5
1523 4589 1572 4626 c.
1605 4571 1700 4626 H:
1731 4585 1849 4627 ante
1875 4576 2059 4627 horum

467 4643 775 4716 canonica—nt
814 4645 1304 4716 absolutiorjeiunii
1353 4643 1648 4716 nullatenus
1700 4647 2060 4715 prmsumenda

467 4725 561 4770 est.
594 4715 724 4769 Nam
759 4716 919 4770 statio
961 4715 1121 4784 apud
1145 4716 1458 4768 Cassianum
1501 4726 1556 4768 et
1597 4715 1732 4767 alios
1762 4719 2057 4784 scriptores

2168 3436 2350 3491 siones
2393 3446 2593 3491 nostra:
2623 3446 2785 3508 sunt,
2834 3437 2901 3493 ad
2932 3449 3172 3508 optatum
3232 3441 3506 3497 Paschalis
3557 3444 3760 3504 festum

2168 3508 2564 3575 perveniamus.
2615 3508 2704 3564 Sic
2747 3507 3087 3565 Ambrosius.
3131 3509 3396 3567 Caeterum
3439 3530 3504 3568 ex
3537 3514 3757 3571 Tertul—

2168 3580 2315 3656 liano
2343 3623 2357 3646 ,
2406 3580 2655 3656 stationis
2696 3583 2915 3637 nomine
2967 3597 3074 3637 non
3098 3582 3314 3637 videtur
3361 3586 3584 3654 quodvis
3610 3587 3758 3656 jeju—

2167 3651 2653 3726 n_ium_,_sed_lcge_
2691 3661 2889 3726 statum
2933 3668 2995 3707 ac
3029 3651 3401 3723 praescriptum
3433 3651 3752 3726 signiﬁcari.-

2166 3720 2299 3798 Na_m
2331 3721 2546 3798 lih.__de_
2575 3721 2788 3798 Jejunio
2815 3766 2831 3790 ,
2880 3720 3141 3798 stationes
3185 3720 3412 3780 indictas
3455 3720 3507 3780 av
3530 3727 3759 3798 jejuniis

2167 3792 2488 3870 voluntariis
2514 3793 2856 3870 distinguens
2881 3835 2898 3862 ,
2921 3796 2997 3849 ait
3031 3799 3309 3870 :.-Argitunt
3331 3815 3422 3851 nos
3452 3792 3758 3870 quodjejue

2167 3865 2254 3918 nia
2284 3867 2498 3934 prapria
2523 3867 2873 3940 custodiamus
2890 3909 2905 3932 ,
2937 3867 3074 3940 quod
3099 3868 3348 3940 stationes
3373 3865 3675 3940 plerumque
3695 3871 3760 3927 in

2166 3950 2430 3996 vesperum
2473 3937 2812 4002 perducamus
2836 3980 2850 4003 ,
2896 3946 3003 3992 etc.
3034 3939 3168 3994 Hinc
3205 3937 3460 3993 Rabauus
3490 3937 3592 3995 lib.
3617 3957 3654 3996 tt
3679 3943 3761 3998 de

2165 4005 2530 4078 Instit._Clcri.
2553 4023 2672 4074 cap.
2702 4009 2770 4063 18
2800 4027 2812 4060 :
2845 4008 3119 4078 Jejunium
3141 4051 3156 4073 ,
3191 4011 3385 4078 inquit,
3419 4020 3462 4063 et
3491 4014 3644 4066 statio
3668 4012 3760 4065 di-E

2166 4077 2320 4153 citur.
2342 4075 2650 4153 Discernuiit
2668 4089 2840 4153 autem
2869 4075 3077 4153 quidam
3105 4082 3239 4134 inter
3268 4075 3540 4153 ﬁjunium
3565 4093 3615 4136 et
3641 4092 3758 4136 stne

2166 4147 2379 4222 tionem.
2415 4147 2553 4222 Nam
2572 4151 2835 4218 jejunium
2863 4149 3214 4216 indiﬂerenter
3243 4147 3512 4222 cujuslibet
3543 4156 3643 4208 diei
3670 4166 3757 4210 est

2167 4217 2474 4296 abstinentia
2495 4259 2508 4282 ,
2540 4217 2640 4271 non
2664 4237 2772 4296 per
2809 4222 3000 4296 legem,
3050 4223 3138 4296 sed
3178 4217 3454 4276 secundum
3484 4227 3759 4296 propriam

2167 4288 2476 4365 voluntatem
2509 4305 2525 4352 ;
2552 4291 2705 4365 statio
2743 4301 2816 4342 est
2857 4288 3139 4345 observatio
3167 4288 3703 4350 stolidarum—dierum
3732 4329 3756 4365 ,-

2166 4360 2240 4439 vel
2268 4367 2554 4424 temporum
2579 4376 2597 4414 :
2624 4363 2843 4439 dierum,
2879 4369 2932 4414 ut
2961 4374 3159 4430 quarta
3180 4375 3406 4439 etsextae
3425 4366 3568 4432 ferite
3584 4360 3758 4439 jeju-l-

2166 4430 2310 4482 nium
2348 4447 2411 4483 ex
2445 4442 2607 4484 vetere
2632 4430 2742 4501 lege
2769 4434 2785 4500 (
2810 4448 3002 4509 netnpe
3040 4435 3332 4509 apostolica
3357 4430 3708 4509 irit-receptum
3732 4455 3757 4502 ξ

2165 4510 2448 4580 temporum
2479 4515 2652 4580 autem
2677 4546 2690 4567 ,
2723 4514 2776 4554 ut
2796 4503 3059 4580 jejunium
3090 4507 3283 4580 quarti,
3310 4503 3476 4573 quinti
3502 4549 3516 4573 ,
3544 4503 3755 4580 septimi

2165 4583 2210 4624 et
2241 4574 2422 4648 decimi
2449 4583 2548 4648 ,-et
2579 4574 2858 4648 observatio
2902 4576 3323 4648 Quadrugesima:
3347 4619 3363 4641 ,
3396 4594 3511 4648 quae
3538 4574 3610 4632 in'
3631 4582 3756 4634 uni-

2166 4659 2309 4698 verso
2335 4644 2454 4697 orbe
2472 4645 2793 4698 institutione
2830 4644 3134 4715 apostolica'
3146 4644 3460 4702 observatur.
3494 4649 3620 4705 Hanc
3645 4652 3756 4704 lla-'-

2169 4715 2338 4788 l_)anus
2361 4716 2429 4769 de
2455 4716 2745 4770 stationum
2773 4727 2824 4771 et
2846 4718 3174 4788 jejuniorum
3197 4720 3526 4776 discrimine.
3545 4721 3754 4778 Verum

465 4787 869 4860 ecclesiasticos
901 4801 1012 4860 pro?
1039 4787 1245 4860 jejunio
1277 4786 1927 4860 frequentenusnrpatur.
1966 4789 2057 4843 Sic
2083 4785 2137 4844 D
2161 4785 2448 4860 Cassianus
2501 4785 2872 4842 inditl‘erenter
2902 4785 2997 4859 pro
3041 4791 3230 4860 quovis
3271 4790 3484 4859 jejunio
3509 4834 3522 4851 .
3581 4795 3750 4848 etiam

462 4857 830 4913 Tertullianus
859 4857 953 4911 lib.
985 4859 1050 4911 de
1078 4858 1338 4912 Oratione
1364 4855 1804 4928 (Cap.M)rdicil,
1837 4869 2052 4928 sumpto

461 4944 696 4998 COrpore
723 4930 934 4984 Domini
970 4944 1075 4982 non
1108 4929 1242 4981 solvi
1285 4931 1570 4982 stationem
1588 4927 1610 4993 ,⁷
1637 4927 1739 4984 huc
1766 4940 1849 4983 est
1871 4970 1886 4992 ,
1913 4927 2054 4999 jeju-

465 5001 612 5054 nium
637 5044 650 5066 ,
683 5013 736 5054 et
770 5001 1019 5056 stationis
1053 5015 1248 5054 nomen
1294 5009 1567 5068 sumptum
1595 5015 1717 5056 esse
1757 5016 1785 5052 a
1835 5001 2055 5056 militari

464 5074 745 5140 exemplo,
781 5073 881 5124 hoc
911 5081 994 5125 est
1015 5113 1030 5136 ,
1059 5086 1088 5125 a
1118 5073 1436 5126 stationibus
1464 5073 1716 5126 militum.
1761 5074 1932 5138 Quam
1967 5089 2054 5127 ra-

460 5145 663 5198 tibncm
705 5144 936 5196 nominis
982 5143 1045 5196 D.
1079 5145 1397 5198 Ambrosius
1439 5159 1601 5199 serm.
1633 5141 1702 5198 25’
1729 5146 1930 5198 clarius
1957 5160 2053 5198 ex-

463 5215 672 5282 plicans
705 5233 718 5267 :
747 5216 931 5270 Castra
957 5257 972 5280 ,
1008 5216 1217 5279 inquit,
1264 5216 1406 5268 nobis
1443 5227 1562 5268 sunt
1598 5225 1775 5268 nostra
1795 5217 2006 5286 jejunio
2035 5257 2050 5279 ,

458 5301 574 5359 qua:
603 5302 696 5338 nos
722 5303 753 5338 a
780 5287 1037 5339 diabolica
1066 5287 1459 5359 impugnatione
1488 5286 1804 5354 defendunt:
1829 5288 2050 5359 denique

457 5358 704 5428 stationes
734 5368 998 5422 vocantur,
1031 5359 1167 5428 quod
1199 5358 1390 5410 stantes
1419 5366 1468 5409 et
1507 5367 1877 5410 commorantes
1899 5360 1950 5410 in
1974 5358 2049 5410 eis

459 5427 695 5496 inimicos
734 5427 1050 5482 insidiantes
1088 5430 1414 5496 repellamus.
1467 5428 1532 5481 Et
1578 5442 1742 5482 set'm.
1790 5428 1859 5480 2i
1908 5429 2046 5482 hanc

461 5495 957 5569 Quadragesimalis
979 5495 1170 5570 jejunii
1199 5503 1462 5570 rationem
1490 5498 1703 5570 reddit,
1730 5500 1871 5569 quod
1905 5501 2049 5554 sicut

458 5573 691 5637 populus
720 5571 903 5642 Israel
935 5569 1332 5640 a’captivitatis
1378 5569 1710 5642 [Egyptiacm
1746 5572 1876 5641 jugo
1908 5570 2047 5626 libe-

459 5647 610 5694 ratus
651 5639 1004 5709 quadraginta
1051 5639 1377 5696 stationibus
1414 5639 1928 5698 seu—mansionibus
1978 5642 2046 5698 ad

458 5715 663 5785 terram
713 5709 1086 5785 promissionis
1110 5713 1402 5785 pervenit,
1454 5715 1649 5770 eodem
1696 5715 1813 5770 fere
1841 5713 2043 5785 modo,

460 5776 762 5847 eodemque
787 5793 1011 5835 numero
1047 5776 1422 5851 jej'uniorum',
1453 5800 1571 5855 quae
1596 5828 1612 5856 ,
1644 5785 1823 5857 inquit
1844 5828 1860 5856 ,
1889 5776 2045 5845 man-'-

2161 4859 2486 4934 voluntario,
2513 4862 2797 4934 stationem
2827 4876 3043 4934 sumere
3057 4859 3295 4916 ’videtur.
3326 4863 3456 4916 Nam
3488 4873 3542 4919 et
3567 4865 3755 4934 capite

2163 4929 2424 5003 vigesimo
2454 4940 2648 5003 quarto
2687 4930 2842 5001 hujus
2869 4932 2988 4987 libri
3019 4935 3306 4987 stationem
3335 4929 3700 5002 quotidianam
3729 4979 3748 5003 ,

2164 5001 2323 5074 paulo
2348 5009 2484 5074 post,
2515 5000 2778 5069 jejunium
2807 5003 3174 5068 quotidianum
3205 5000 3498 5074 nuncupat,
3528 5014 3584 5061 et
3605 5000 3752 5063 snlvi

2164 5071 2342 5154 solere
2371 5071 2502 5152 dicit
2534 5074 2585 5126 in
2621 5074 2851 5154 adventu
2895 5075 3144 5154 hospitis.
3179 5076 3247 5128 Et
3274 5071 3563 5132 collatione
3593 5080 3752 5148 vige—

2164 5146 2297 5218 sima
2331 5146 2500 5211 prima
2527 5186 2540 5209 ,
2571 5146 2746 5218 capite
2770 5146 3027 5218 vigesimo
3069 5161 3214 5200 nono
3238 5191 3251 5214 ,
3301 5157 3586 5218 utrumque
3612 5146 3754 5205 con-

2158 5213 2392 5284 iungens
2414 5259 2426 5280 ,
2455 5213 2747 5290 stationem
2773 5213 2973 5290 jejunii
3003 5213 3263 5290 appellat.
3298 5219 3374 5273 De
3413 5213 3607 5290 duplici
3651 5236 3752 5289 ge-

2162 5302 2297 5427 ῗὲἕὲ
2340 5286 2634 5426 stationum
2666 5332 2680 5354 ,
2741 5287 2855 5341 sive
2899 5286 3229 5356 jejuniorum
3260 5331 3274 5355 ,
3336 5286 3548 5348 dicetur
3599 5286 3751 5350 infra

2227 5374 2311 5410 an.
2340 5374 2454 5410 24).

2497 5427 2857 5504 inordinatos,
2889 5442 3026 5504 quos
3044 5430 3120 5504 7D.
3148 5431 3446 5504 Gregorius
3475 5433 3569 5488 lib.
3613 5450 3751 5490 xxxi

2154 5499 2436 5575 Moralium
2457 5515 2585 5575 cap.
2612 5499 2679 5575 27
2703 5503 2972 5563 expressit
3003 5503 3085 5575 his
3108 5499 3288 5559 verbis
3315 5521 3328 5557 :
3363 5503 3600 5575 Quinque
3629 5518 3750 5559 mo.

2153 5571 2234 5625 dis
2255 5589 2346 5625 nos
2372 5572 2512 5643 gulte
2539 5572 2714 5624 vitium
2767 5578 2927 5647 teutat
2957 5573 3286 5647 {aliquando
3332 5571 3555 5647 namque
3601 5577 3749 5631 int“-

2151 5647 2338 5714 gentiw
2362 5642 2865 5718 ῥειηροναγτίερεηὶρ
2889 5659 2910 5708 ;
2941 5642 3222 5714 aliquando
3251 5660 3365 5718 vero
3393 5642 3588 5718 tempus
3636 5660 3756 5705 non

2152 5713 2418 5788 praevenit,
2449 5713 2540 5788 sed
2565 5713 2701 5788 cibos
2731 5714 2974 5768 lautiores
3003 5713 3188 5786 quierit
3213 5735 3233 5782 ;
3285 5713 3566 5788 aliquando
3590 5730 3752 5786 qua:

2153 5782 2275 5841 libet
2327 5782 2574 5839 sumenda
2624 5785 2753 5852 sint,
2814 5782 3106 5858 praeparari
3151 5782 3442 5845 accuratius
3489 5782 3682 5860 expetit
3715 5807 3747 5860 ,-
