4016 6202
206 270 561 353 Ξῢῖηχ

706 283 797 342 DE
834 278 1313 343 C(ENOBIORUM
1350 276 1593 341 lNSTl'l‘.
1634 276 1771 339 Lm.
1811 258 1879 339 ν.
1907 311 1979 325 -
2005 270 2097 337 na
2133 274 2403 339 SPlRiTU
2445 278 3005 341 GASTRIMARGIE.‘

3378 284 3489 348 238

209 404 334 471 tuit,
363 400 646 475 quomodo
669 414 830 460 astus
858 403 1094 458 carnalis
1122 401 1581 473 concupiscentia:
1604 402 1808 457 valebit
1832 390 1887 465 Α
1911 400 2235 455 lntestinnm
2258 399 2312 454 in
2337 396 2496 455 nobis
2517 398 2757 469 quotidie
2784 401 2994 472 geritur
3007 398 3208 457 bellum
3238 416 3255 458 :
3278 401 3495 459 devicto

213 497 603 569 exstinguere?
643 497 707 552 Et
745 496 835 567 qui
867 508 975 550 non
1016 492 1189 566 quivit
1212 494 1491 567 passiones
1530 495 1583 550 in
1608 509 1806 566 propa-

216 591 337 648 tuio
360 593 494 649 sitas
524 604 822 663 parvasque
839 603 1212 659 compescere,
1238 588 1687 662 quemadmodum
1712 602 1806 643 oc-

218 684 423 751 cultas,
450 685 703 755 nulloque
730 674 1005 738 hominum
1038 688 1177 738 teste
1205 682 1531 753 prurientes,
1560 676 1808 738 modera-

218 778 357 834 trice
405 776 726 834 discretione
773 775 975 846 poterit
1020 774 1335 831 debellare?
1372 768 1443 830 Et
1481 774 1681 830 idcirco
1711 787 1808 845 per

220 870 464 941 singulos
491 878 667 925 motus
694 875 749 924 et
776 864 831 922 in
854 867 1099 939 quolibet
1122 867 1395 924 desiderio
1421 862 1592 922 robur
1618 867 1809 920 animae

218 962 601 1032 comprobatur
632 978 643 1014 :
673 974 796 1032 qua
826 961 872 1016 si
905 960 959 1015 in
988 960 1231 1015 minimis
1260 961 1578 1030 apertisque
1607 959 1814 1030 cupidi-

218 1054 414 1110 tatibus
467 1060 778 1125 superatur,
833 1051 961 1123 quid
1010 1054 1063 1107 in
1120 1052 1372 1109 maximis
1400 1067 1464 1107 ac
1494 1050 1815 1108 fortioribus

214 1148 553 1219 occultisque
609 1146 922 1214 sustineat,
976 1148 1265 1219 unicuique
1323 1162 1420 1205 sua
1480 1145 1814 1205 conscientia

216 1243 380 1299 testis
414 1253 515 1300 εει.

799 1336 1030 1397 CAPUT
1066 1332 1208 1394 XXI.

247 1426 333 1482 De
354 1429 591 1484 interiori
622 1430 869 1486 monachi
901 1448 1027 1504 pace
1047 1475 1062 1501 ,
1105 1440 1152 1484 et
1180 1427 1491 1483 abstinentia
1526 1421 1774 1499 spiritali.

286 1519 407 1575 Non
434 1522 583 1577 enim
619 1531 705 1579 est
744 1523 903 1578 nobis
933 1522 1284 1579 adversarius
1314 1521 1657 1577 extrinsecus
1703 1518 1813 1574 for-

211 1612 541 1681 midandus;
575 1620 602 1654 λ
634 1614 690 1671 in
740 1614 1154 1687 nobismetipsis
1212 1614 1382 1671 hostis
1422 1615 1660 1669 inclusus
1705 1621 1807 1670 est.

1913 509 2001 560 eo,
2029 494 2209 549 omnia
2229 508 2351 563 quae
2377 493 2676 550 forinsecus
2704 504 2830 549 sunt
2857 494 3150 552 reddentur
3178 496 3409 563 inﬁrma,
3432 510 3493 551 ac

1914 587 2076 642 militi
2116 586 2317 642 Christi
2341 586 2592 642 universa
2625 598 2811 657 pacata
2840 599 2998 643 erunt
3038 601 3093 645 et
3115 590 3349 647 subdita.
3381 592 3498 649 Non

1916 679 2242 735 habebimus
2269 677 2637 734 adversarium
2681 679 2838 735 nobis
2880 681 3219 738 extrinsecus
3254 692 3501 740 metuen-

1917 772 2070 839 dum,
2096 773 2139 828 si
2164 787 2226 827 ea
2254 787 2373 842 qua:
2401 771 2539 826 intra
2564 787 2663 827 nos
2693 783 2820 828 sunt
2870 775 3083 844 spiritui
3118 776 3327 832 devicta
3372 779 3502 833 sub-

1920 864 2138 919 dantur.
2168 862 2281 921 Nec
2307 864 2485 918 solum
2532 865 2690 921 nobis
2736 866 2879 921 istud
2906 867 3174 939 jejunium
3206 872 3501 929 visibilium

1916 959 2164 1015 ciborum
2194 958 2263 1013 ad
2294 958 2683 1029 perfectionem
2714 961 2899 1017 cordis
2944 973 2999 1019 et
3021 968 3267 1035 Corporis
3294 967 3501 1036 purita-

1918 1057 2027 1107 tem
2051 1049 2309 1106 sufiicere
2330 1066 2488 1121 posse
2520 1053 2827 1120 credamus,
2857 1053 2884 1093 ιι
2909 1057 3012 1111 nisi
3042 1058 3211 1114 fuerit
3233 1060 3357 1115 huic
3386 1063 3505 1116 ani-

1919 1160 2022 1202 mae
2040 1146 2541 1217 quoquejejnnium
2581 1148 2912 1219 copulatum.
2961 1151 3135 1208 liabet
3175 1169 3409 1226 namque
3451 1167 3506 1212 et

1916 1238 2007 1294 illa
2024 1252 2152 1293 suos
2176 1240 2369 1293 noxios
2400 1239 2578 1307 cibos,
2601 1240 2795 1310 quibus
2823 1242 3174 1314 impinguata,
3206 1248 3368 1302 etiam
3390 1252 3507 1306 sine

1919 1345 2171 1387 escarum
2198 1326 2549 1397 abundantia,
2573 1332 2639 1386 ad
2690 1332 2917 1390 luxuriae
2961 1348 3235 1407 praerupta
3260 1338 3505 1395 devolvi-

1920 1431 2029 1479 tur.
2060 1422 2336 1478 Detractio
2366 1423 2521 1478 cibus
2547 1422 2667 1495 ejus
2695 1435 2807 1493 est,
2838 1435 2896 1483 et
2931 1428 3149 1497 quidem
3183 1434 3506 1502 persuavis;

1920 1515 2001 1572 ira
2025 1515 2186 1573 etiam
2226 1516 2381 1572 cibus
2404 1515 2523 1587 ejus
2550 1528 2652 1586 est,
2687 1518 2814 1574 licet
2838 1522 3063 1577 minime
3090 1523 3264 1591 levis;
3290 1526 3356 1581 ad
3407 1527 3510 1583 ho-

1920 1626 2038 1667 ram
2067 1620 2249 1668 tamen
2280 1610 2485 1667 infelici
2515 1627 2636 1669 eam
2665 1628 2761 1670 esu
2792 1629 3045 1685 pascens,
3096 1633 3160 1673 ac
3201 1620 3404 1690 pariter
3433 1625 3508 1680 le-

1293 1729 1549 1787 ALARDI
1589 1727 1822 1785 GAZIEI
1862 1726 2439 1785 COMMENTARIUS.

212 1822 509 1896 aliquando
536 1833 709 1896 autem
736 1833 783 1879 et
810 1826 1051 1896 qualitati
1079 1824 1322 1896 ciborum,
1353 1832 1400 1876 et
1452 1822 1664 1892 tempori
1690 1838 1813 1875 cono
1844 1826 1894 1886 B
1922 1821 2069 1896 tione
2095 1820 2305 1875 decima
2330 1830 2525 1896 sexta:
2560 1820 2797 1896 Corpori,
2824 1825 2920 1893 ait,
2947 1844 3171 1896 quonam
3212 1835 3363 1887 modo
3388 1852 3509 1890 con-

210 1895 365 1963 gruit
392 1910 408 1957 ;
436 1896 526 1948 sed
549 1893 603 1947 in
632 1896 741 1966 ipsa
773 1892 1059 1966 quantitate
1087 1892 1324 1966 sumendi
1348 1910 1639 1966 mensuram
1686 1908 1797 1946 mo-

213 1966 426 2017 derata
466 1965 759 2031 refectionis
786 1965 1041 2031 excedit;
1083 1965 1360 2031 aliquando
1420 1965 1471 2017 in
1518 1966 1630 2033 ipso
1682 1973 1809 2017 astu

206 2036 461 2089 immensi
488 2038 731 2089 desiderii
751 2038 980 2109 deterius
1009 2047 1200 2109 peccat.
1253 2035 1437 2109 Mortis
1461 2036 1650 2104 quippe
1691 2050 1810 2109 sen-

206 2109 433 2160 tentiam
455 2109 620 2178 patris
640 2125 727 2161 ore
743 2105 1018 2163 lonathas'
1030 2110 1234 2172 meruit,
1260 2110 1379 2171 quia
1406 2108 1457 2158 in
1472 2116 1623 2175 gustu
1646 2105 1811 2178 mell_is

209 2174 561 2252 constitutum
590 2178 775 2252 edendi
797 2190 993 2252 tempus
1020 2181 1287 2233 antecessit
1313 2178 1358 2249 (Ι
1388 2174 1517 2252 Reg.
1548 2192 1638 2252 xlv
1669 2175 1709 2246 ).
1743 2174 1813 2252 Et

205 2265 273 2303 ea:
307 2248 542 2319 Jqupto
580 2251 803 2318 populus
835 2248 1053 2304 eductus
1083 2253 1136 2303 in
1163 2248 1332 2303 eremo
1373 2249 1633 2319 occubuit,
1687 2248 1813 2316 quia

206 2318 466 2385 despecto
505 2336 697 2391 manna
725 2325 863 2376 cibos
908 2322 1143 2375 carnium
1172 2322 1316 2391 petiit
1342 2363 1356 2385 ,
1410 2336 1537 2391 quos
1564 2318 1813 2391 lautiores

207 2392 427 2460 putavit
459 2392 479 2463 (
505 2390 726 2447 Numer.
764 2409 822 2447 x1
849 2394 888 2463 ).
924 2392 991 2446 Et
1021 2390 1187 2461 prima
1230 2393 1456 2460 filiorum
1487 2390 1610 2443 Heli
1657 2391 1814 2460 culpa

204 2463 431 2516 suborta
460 2472 563 2525 est,
591 2464 726 2531 quod
755 2481 818 2518 ea:
857 2481 1032 2518 eorum
1086 2479 1201 2517 voto
1244 2463 1524 2517 sacerdotis
1552 2477 1680 2532 puer
1711 2478 1815 2515 non

203 2533 435 2603 antiquo
491 2549 627 2587 more
674 2545 842 2589 coctus
871 2537 1015 2590 vellet
1047 2534 1109 2589 de
1152 2535 1407 2604 sacrificio
1454 2550 1640 2604 carnes
1668 2533 1814 2604 acci-

204 2622 369 2677 pere,
406 2606 498 2659 sed
524 2605 713 2660 crudus
742 2616 1011 2675 quareret,
1054 2620 1182 2677 quas
1232 2603 1814 2677 accuratius_e_.rhiberet

205 2673 252 2747 (Ι
288 2675 429 2745 Reg.
462 2693 492 2729 v
527 2677 568 2744 ).
601 2673 803 2731 Etcum
831 2680 900 2731 ad
946 2673 1277 2732 Hierusalem
1303 2677 1495 2730 dicitur
1524 2673 1810 2747 (Ezechiel;

202 2747 361 2821 xvi),
389 2765 401 2799 :
453 2747 583 2801 Hac
616 2748 735 2821 Aluit
765 2751 1010 2821 iniquitas
1064 2750 1309 2821 Sodoma
1358 2749 1548 2802 sororis
1577 2757 1698 2811 tua,
1725 2762 1816 2821 su-

206 2817 423 2889 perbia,
459 2819 709 2873 saturitas
739 2817 888 2888 panis
928 2830 977 2875 et
1006 2820 1357 2884 abundantia;
1381 2828 1557 2887 aperte
1588 2818 1815 2872 ostendi-

209 2903 326 2953 tur,
358 2891 503 2959 quod
535 2890 728 2944 idcirco
750 2892 972 2945 salutent
1003 2891 1250 2961 perdidit,
1282 2891 1403 2960 quia
1430 2906 1543 2943 cum
1565 2889 1815 2959 superbia

205 2962 340 3015 vitio
374 2976 672 3015 mensuram
717 2960 1009 3016 moderata
1031 2963 1326 3032 refectionis
1354 2962 1586 3015 excessit.
1612 2960 1679 3015 Et
1706 2961 1815 3029 pri-

206 3033 603 3105 mogenitorum
659 3034 877 3105 gloriam
920 3032 1068 3088 Esau
1097 3036 1290 3096 amisit,
1332 3034 1452 3103 quia
1476 3048 1663 3103 magno
1683 3041 1815 3087 astu

205 3102 471 3175 desiderii
498 3102 859 3175 vilem'cibum,
913 3104 1108 3159 scilicet
1155 3102 1472 3170 lenticulam,
1522 3102 1815 3175 concupivit

207 3173 453 3250 (Genes.
488 3190 593 3250 xxv
619 3172 675 3244 );
707 3192 859 3250 quam
888 3175 1011 3250 dum
1050 3176 1324 3230 vendendis
1369 3177 1520 3250 etiam
1550 3172 1803 3250 primoge-

207 3244 342 3300 uitis
376 3244 636 3316 pratulit,
665 3244 764 3316 quo
786 3248 841 3300 in
879 3248 1027 3302 illum
1081 3253 1312 3319 appetitu
1363 3244 1649 3312 anhelaret,
1682 3244 1819 3301 indi-

206 3319 393 3372 cavit:
445 3333 609 3385 neque
654 3318 789 3372 enim
834 3320 994 3382 cibus,
1054 3318 1145 3373 sed
1192 3322 1451 3388 appetitus
1495 3320 1550 3372 in
1576 3320 1698 3373 vitio
1726 3327 1820 3372 est.

210 3388 351 3462 Haec
388 3388 708 3462 Grfgoritts.
767 3389 843 3462 Ex
876 3390 1073 3462 quibus
1123 3392 1365 3462 quinque
1417 3390 1630 3462 species
1678 3390 1821 3461 gulae

206 3460 431 3528 colligit
460 3454 530 3513 D:
558 3458 794 3514 Thomas
814 3460 832 3531 (
851 3454 984 3529 212,
1009 3479 1060 3527 q.
1084 3454 1187 3517 MS
1212 3454 1386 3532 aﬂi),
1418 3454 1537 3532 qua:
1568 3454 1823 3517 hocVer—

209 3534 409 3588 siculo
435 3532 817 3587 continentur:

340 3632 714 3696 Praepropere,
739 3633 893 3695 laute,
920 3636 1085 3698 nimis,
1115 3634 1370 3695 ardenter,
1395 3634 1636 3683 studiose.

216 3739 402 3794 Laute
430 3736 556 3806 gula
582 3737 961 3803 committitur,
990 3753 1112 3792 cum
1144 3745 1477 3808 appetuntur
1504 3736 1607 3791 cibi
1641 3734 1823 3806 singu-

207 3809 389 3872 lares,
434 3808 676 3873 insoliti,
708 3811 1069 3877 pretiosiores
1098 3807 1256 3878 quam
1304 3807 1466 3861 statui
1494 3811 1818 3874 conveniat;

204 3893 268 3937 ut
284 3884 334 3939 si
364 3880 681 3951 religiosus,
697 3880 1025 3950 contemptis
1046 3880 1189 3951 aliis
1181 3880 1337 3943 cibis,
1362 3880 1819 3946 noiitcomedere,

210 3954 328 4008 nisi
367 3948 649 4020 perdices,
674 3948 986 4021 pliasianos,
1012 3964 1119 4006 etc.
1150 3948 1218 4005 Et
1250 3951 1303 4005 in
1329 3951 1430 4004 hoc
1458 3960 1542 4006 est
1564 3965 1822 4006 excessus

206 4023 410 4095 quoad
441 4024 807 4095 substantiam
837 4022 964 4077 cibi.
999 4021 1247 4077 Studiose
1274 4021 1451 4092 quoad
1478 4022 1817 4091 qualitatem,

209 4093 352 4152 cum
383 4098 438 4149 in
470 4093 837 4151 condimentis
858 4104 913 4149 et
943 4095 1107 4149 modo
1152 4095 1491 4164 prteparamti
1519 4102 1602 4149 est
1629 4108 1822 4150 exces-

215 4184 348 4233 sus,
380 4175 440 4221 ut
466 4165 511 4219 si
538 4168 838 4220 monachus
870 4165 1003 4220 nolit
1033 4166 1344 4233 comedere,
1378 4166 1480 4220 nisi
1506 4165 1675 4219 multo
1702 4179 1821 4221 sac-

207 4238 400 4293 chnro
454 4237 548 4309 vel
587 4238 763 4309 succis
813 4236 1087 4309 conditum
1117 4235 1277 4309 (Vide
1304 4232 1624 4309 Turrecrent.
1660 4246 1819 4292 tract.

208 4309 333 4363 102
364 4319 411 4363 et
445 4306 551 4363 105
587 4307 644 4360 in
690 4307 879 4378 Reggul.
927 4307 996 4361 Β.
1038 4306 1332 4378 Benedict.,
1360 4317 1409 4362 et
1456 4307 1522 4361 P.
1558 4307 1818 4363 Leonard.

215 4380 403 4435 Lessi.
448 4378 543 4434 lib.
576 4394 633 4450 tv
676 4379 738 4432 de
772 4376 921 4433 'Just.
952 4395 1066 4447 cap.
1092 4377 1125 4432 5
1154 4381 1193 4450 ).
1226 4381 1299 4433 De
1332 4381 1413 4435 bis
1443 4379 1709 4434 videndus
1737 4389 1824 4434 est

207 4451 547 4506 Bernartius
574 4448 628 4503 in
660 4450 917 4520 Apologia
948 4451 1012 4504 ad
1043 4448 1390 4506 Guilielmum
1423 4451 1694 4515 abbatem,
1728 4450 1822 4505 ubi

210 4523 433 4578 mirum
476 4522 531 4575 in
564 4522 783 4575 modum
833 4522 1151 4592 perstringit
1178 4530 1233 4577 et
1263 4522 1433 4590 carpit
1488 4524 1671 4577 luxum
1706 4536 1824 4575 mo-

1843 3206 1891 3270 C

1932 1894 2157 1972 iunctus‘
2184 1908 2315 1972 sum,
2350 1892 2497 1972 haud
2523 1892 2750 1963 equidem
2792 1892 3180 1972 scio;'quoque
3229 1917 3413 1972 pacto,
3461 1917 3511 1963 et

1942 1980 2089 2039 mago
2112 1962 2211 2039 Dei
2230 1964 2327 2039 sint
2355 2004 2369 2027 ,
2413 1974 2457 2016 et
2479 1964 2531 2017 in
2562 1962 2700 2039 cano
2726 1962 2962 2034 voluter;
2994 1962 3127 2039 quod
3154 1984 3199 2026 et
3231 1962 3346 2028 cum
3387 1962 3510 2039 ῥυιέ

1917 2035 2044 2087 clara
2087 2034 2377 2087 valetudine
2429 2042 2523 2097 est,
2575 2036 2711 2089 bello
2738 2052 2818 2089 me
2858 2034 3062 2093 lacessit
3089 2059 3107 2106 ;
3139 2057 3184 2098 et
3212 2063 3341 2107 cum,
3377 2034 3511 2103 bello

1920 2107 2194 2177 premitur,
2225 2120 2437 2159 marore
2458 2121 2538 2158 me
2588 2107 2792 2175 o/ﬁcit;
2832 2110 2971 2177 quod
3012 2122 3060 2164 et
3106 2123 3161 2165 ut
3210 2132 3511 2173 conservum

1919 2194 2055 2254 amo,
2084 2186 2141 2254 _et
2168 2177 2532 2254 ut_inimicum
2562 2181 2694 2254 odi,_
2717 2191 2867 2247 atque
2897 2198 3099 2235 eversor
3124 2200 3142 2247 ;
3172 2187 3311 2254 quod
3356 2199 3403 2240 et
3454 2201 3512 2245 ut

1919 2248 2183 2302 vinculum
2226 2248 2390 2319 fugio,
2420 2258 2468 2301 et
2517 2257 2571 2300 ut
2613 2248 2855 2318 cellares,
2888 2268 3077 2307 vereor.
3133 2248 3193 2309 Si
3243 2258 3511 2317 debilitare

1919 2319 2052 2395 illud
2076 2328 2122 2395 et
2149 2318 2401 2395 conﬁcere
2429 2320 2630 2383 studeo,
2660 2324 2777 2395 jaut
2802 2338 2904 2375 non
2937 2323 3095 2378 habeo
3133 2342 3236 2395 quo
3267 2332 3405 2383 socio
3464 2343 3512 2387 et

1921 2391 2233 2455 opitulatore
2263 2390 2330 2443 ad
2356 2407 2436 2444 res
2464 2390 2888 2461 praclarissintas
2920 2403 3058 2449 utar.
3094 2390 3189 2450 Sin
3227 2412 3425 2463 contra,
3456 2414 3513 2458 ut

1921 2478 2039 2514 cum
2066 2464 2209 2540 socio
2247 2473 2295 2515 et
2322 2464 2565 2540 adjutore
2604 2464 2778 2540 mitius
2805 2482 2977 2540 agam,
3032 2469 3178 2523 nulla
3220 2473 3335 2540 jam
3378 2477 3513 2529 ratio

1921 2534 2143 2587 occurrit
2162 2550 2268 2607 qua
2290 2534 2858 2607 rebellantisimpetuin
2902 2538 3125 2607 fugiam,
3156 2534 3310 2605 atque
3338 2561 3370 2597 a
3402 2545 3513 2601 Deo

1920 2620 2023 2675 non
2058 2605 2337 2671 excidam,
2380 2604 2711 2675 compedibus
2751 2604 3086 2675 degravatus,
3108 2604 3196 2665 'vel
3224 2604 3274 2665 in
3324 2626 3514 2672 terram

1921 2674 2325 2738 detrahentibus,
2356 2677 2432 2729 vel
2454 2678 2504 2728 in
2527 2691 2586 2729 ea
2610 2674 2954 2732 detinentibus
2974 2696 2992 2733 :
3014 2679 3177 2735 hostis
3204 2695 3273 2737 est
3293 2686 3516 2743 blandus

1921 2756 1968 2828 et
1990 2744 2259 2828 placidus;
2276 2746 2555 2828 insidiosa
2571 2750 2783 2828 amicus.
2812 2747 2856 2801 0
2878 2751 3056 2828 miram
3073 2758 3512 2828 conjunctionem,

1921 2824 1968 2867 et
1994 2816 2355 2898 alienationem
2382 2816 2403 2870 !
2436 2818 2813 2898 Quod-metuo,
2846 2822 3131 2898 amplector
3199 2829 3335 2893 quod
3366 2816 3514 2898 amo;

1921 2890 2243 2967 pertimesco.
2275 2888 2778 2967 AntequamAbellum
2808 2895 3081 2967 gesserim,
3098 2888 3161 2948 in‘
3182 2888 3406 2967 gratiam
3432 2888 3517 2957 re;

1922 2956 2022 3011 deo
2048 2975 2067 3021 ;
2104 2966 2379 3023 antequam
2412 2956 2536 3027 pace
2563 2960 2739 3029 fruar,
2774 2956 2836 3014 ab
2867 2980 2925 3016 eo
2955 2956 3205 3021 dissideat
3236 2969 3319 3023 Ad
3362 2956 3516 3028 eum-

1928 3029 2297 3109 demmodum
2325 3029 2563 3109 Joannes
2596 3030 2866 3109 Ciitnacus
2896 3036 3065 3104 gradu
3103 3038 3170 3093 15
3198 3056 3211 3093 :
3247 3041 3512 3109 Quonam,

1921 3101 2123 3171 inquit,
2152 3118 2290 3154 more
2316 3111 2364 3154 et
2394 3103 2546 3155 modo
2576 3119 2741 3156 meum
2768 3101 3155 3162 hunc—amicum
3198 3101 3424 3169 vinciens
3460 3101 3516 3170 iri

1922 3188 2117 3257 rnorem
2138 3174 2759 3257 caterorum‘dijudicem,
2792 3179 2982 3232 nescio.
3014 3178 3167 3235 Prius
3196 3188 3332 3237 enim
3358 3204 3516 3257 quam

1929 3244 2079 3325 illum
2106 3245 2347 3325 vinciant,
2378 3246 2635 3325 solvitur;
2665 3258 2712 3299 et
2742 3258 3020 3319 antequam
3063 3244 3515 3325 dijudiceni,'cum

1930 3315 2023 3397 illo
2062 3317 2113 3367 in
2143 3316 2363 3397 gratiam
2406 3319 2559 3397 redeo
2592 3335 2612 3383 ;
2661 3326 2709 3370 et
2734 3315 3010 3389 antequam
3038 3315 3273 3394 puniam,
3303 3315 3504 3397 ﬂector.

1933 3385 2397 3463 QuomodoAillum
2422 3390 2664 3463 vinciam,
2712 3385 2876 3463 quem'
2900 3402 2959 3445 ut
3007 3385 3191 3463 amem,
3239 3385 3272 3449 ά
3303 3385 3517 3454 ἠαιιινα

1928 3458 2174 3530 suscepi?
2206 3457 2475 3530 Quomodo
2501 3460 2564 3511 ab
2612 3475 2669 3511 eo
2707 3457 2995 3530 liberabor,
3030 3466 3112 3516 cui
3154 3457 3208 3518 in
3263 3471 3512 3525 saculnm

1929 3529 2199 3609 colligatus
2230 3530 2413 3609 sumi.
2446 3528 2715 3609 Quanto-do
2766 3528 2990 3609 mecum
3020 3536 3175 3587 etiam
3226 3553 3514 3609 surgentem

1929 3598 2199 3675 destruant
2228 3601 2251 3652 ?
2277 3600 2413 3675 Quid
2443 3602 2523 3675 illi
2553 3602 2857 3654 rationabile
2884 3604 3075 3675 dicam,
3105 3607 3193 3674 qui
3238 3598 3337 3675 per?
3357 3620 3512 3665 natu-

1926 3686 2041 3722 ram
2082 3670 2224 3722 mille
2262 3670 2549 3722 rationibus
2592 3686 2651 3722 ac
2686 3670 3375 3739 persuasionibus'mentitur
3400 3683 3422 3733 ?
3450 3683 3514 3737 Si

1929 3742 2060 3814 enim
2082 3743 2247 3811 ipsum
2275 3741 2467 3809 fejunio
2503 3741 2736 3814 vinciam
2762 3784 2774 3807 ,
2820 3758 3003 3795 rursus
3052 3744 3170 3812 illi,
3220 3753 3514 3814 proximum

1918 3812 2187 3894 judicans,
2222 3814 2402 3894 trador
2421 3828 2440 3875 ;
2468 3812 2513 3893 si
2536 3819 2583 3863 et
2596 3812 2841 3894 judicare
2871 3814 3146 3894 desistens,
3196 3812 3334 3894 [tunc
3358 3840 3513 3894 sape.

1927 3899 2055 3951 rem,
2087 3882 2432 3960 elatus-corde
2464 3883 2540 3960 in_
2565 3883 2798 3935 eumdem
2851 3886 3164 3960 pracipitor.
3200 3888 3398 3960 Estque
3422 3882 3514 3949 co-

1929 3963 2168 4022 aperator
2187 3963 2232 4027 et
2248 3953 2425 4027 hostis,
2449 3954 2659 4027 adjutor
2687 3962 2840 4024 atque
2861 3953 3207 4027 adversarius,
3233 3953 3516 4021 auriliator

1927 4026 2159 4108 simulet
2186 4024 2481 4108 insidiator:
2618 4024 3206 4108 foveatur,’_oppugnat,4
3236 4036 3280 4088 si
3321 4037 3515 4108 affligit-

1929 4104 2034 4161 tur,
2062 4096 2281 4170 debilior
2307 4097 2402 4163 ﬁt:
2452 4098 2653 4153 lascivit
2692 4113 2780 4170 per
2808 4096 3061 4169 quietem;
3088 4096 3267 4160 rursus
3306 4096 3517 4167 vé'rbEra

1929 4178 1978 4220 et
2000 4168 2216 4237 ﬂagella
2246 4182 2348 4220 non
2388 4170 2634 4232 sustinet,
2664 4168 2768 4224 etc.

2003 4239 2192 4316 bQuid
2215 4240 2373 4316 enim,
2405 4241 2480 4316 ait
2509 4241 2567 4293 D.
2594 4240 2954 4313 Hieronymus
2986 4243 3179 4316 (Epist.
3215 4249 3279 4303 14
3308 4252 3375 4305 ad
3402 4253 3511 4311 σει.

1929 4310 2021 4363 sub
2043 4311 2197 4385 linem
2221 4309 2260 4379 ),
2293 4310 2501 4377 prodest
2528 4328 2714 4385 corpus
2730 4309 2933 4366 tenuari
2961 4309 3293 4385 abstinentia,
3326 4324 3371 4377 si
3397 4309 3515 4380 ani-

1929 4396 2045 4453 mus
2068 4381 2374 4453 intumescat
2396 4381 2631 4451 superbia
2651 4384 2674 4437 ?
2692 4400 2847 4453 quam
2883 4387 3088 4439 laudem
3118 4381 3425 4448 merebimur
3449 4398 3517 4451 de

1932 4450 2134 4531 pallore
2162 4452 2376 4531 jejunii,
2424 4450 2864 4531 si‘invidia'lividi
2911 4458 3119 4513 simus?
3160 4463 3283 4531 quid
3314 4450 3517 4523 virtutis

1931 4524 2107 4597 habet,
2134 4524 2308 4597 vinum
2335 4536 2437 4578 non
2468 4524 2654 4591 bibere,
2693 4536 2737 4581 et
2764 4528 2843 4580 ira
2867 4539 3018 4597 atque
3064 4524 3183 4585 odio
3218 4535 3461 4592 inebriari
3491 4539 3518 4593 Ρ

212 4594 536 4676 nachorum
589 4593 643 4647 in
684 4588 866 4676 “cibis;
903 4588 1202 4676 praescium
1230 4595 1284 4676 iu
1322 4588 1458 4676 ovis“
1492 4593 1821 4676 etnpiscibus
1850 4588 1907 4649 Β
1931 4593 2079 4676 Tune
2108 4588 2817 4676 praclaraOestitbstinentia,
2850 4588 2971 4652 tunc
2996 4600 3211 4671 pulchra
3241 4588 3518 4676 atqu-enid-

209 4663 597 4734 apparandis,
647 4664 787 4718 vinis
834 4663 1186 4734 degustandis
1216 4674 1271 4718 et
1302 4662 1650 4726 condiendis,
1703 4674 1813 4718 etc.

210 4734 437 4800 Nimis,
472 4732 711 4804 designat
741 4732 1024 4789 excessum
1071 4737 1125 4788 in
1163 4736 1461 4805 quantitate
1500 4736 1637 4805 cibi,
1683 4734 1813 4789 dum

207 4807 357 4877 plus
380 4805 678 4859 comeditur
694 4820 853 4877 quam
878 4816 1066 4860 natura
1093 4804 1353 4876 requirat,
1386 4806 1478 4875 qui
1511 4804 1701 4860 modus
1732 4814 1817 4861 est

204 4874 723 4949 frequentissimus.
742 4874 1084 4948 Prapmpere
1109 4874 1250 4932 circa
1278 4874 1636 4949 sumptionem
1684 4878 1811 4949 cibi,

203 4947 355 5005 duri)
400 4949 729 5017 pravenitur
768 4960 980 5016 tempus
1008 4947 1347 5005 comedendi.
1378 4949 1649 5012 Ardenter,
1682 4948 1811 5005 dum
1871 4960 1884 4972 ’

202 5038 327 5077 non
358 5027 612 5075 servatur
640 5018 856 5073 debitus
894 5018 1086 5074 modus
1143 5021 1197 5075 in
1245 5021 1494 5086 edendo;
1531 5030 1587 5073 ut
1615 5019 1660 5075 si
1690 5022 1812 5089 quis

1928 4665 2723 4749 gniﬁcdcdstigmiorcorporis,_
2745 4684 2858 4723 cum
2885 4682 2958 4723 est
2996 4665 3208 4749 animus
3225 4665 3444 4749 jejunus
3481 4698 3517 4735 α

1926 4736 2086 4821 vitiis.
2107 4736 2169 4791 D.
2185 4736 2307 4821 ‘Leo
2334 4739 2388 4819 in
2404 4736 2670 4821 sermone
2693 4742 2760 4821 de
2788 4753 2977 4796 sancto
2995 4743 3204 4821 Joanne
3225 4736 3475 4821 Baptista
3497 4770 3515 4808 :

1927 4805 2048 4861 Duo
2073 4818 2215 4886 sunt,
2246 4810 2450 4886 inquit,
2482 4812 2814 4886 abstinentia
2839 4822 2885 4866 et
2911 4816 3077 4868 crucis
3108 4805 3329 4886 genere:
3354 4805 3515 4875 unum

1926 4878 2220 4960 corporale,
2262 4878 2331 4960 ,εί
2370 4881 2520 4960 aliud
2572 4882 2845 4950 spirituale
2870 4887 2889 4954 (
2912 4887 3053 4953 quod
3084 4878 3171 4942 hic
3207 4878 3402 4947 anima:
3425 4894 3559 4960 je-j

1921 4950 2135 5018 junium
2167 4949 2407 5029 dicitur)
2437 4966 2450 5012 ;
2484 4949 2644 5029 unum
2666 4968 2701 5029 ᾳ
2732 4963 2857 5029 potu
2880 4949 3034 5029 atque
3084 4960 3253 5029 epulis
3298 4980 3351 5016 se
3392 4949 3569 5016 [ἔνη-ἠ

1923 5036 2131 5090 perare,
2154 5020 2439 5091 appetitum
2452 5023 2587 5091 gula
2610 5038 2641 5073 a
2667 5020 3088 5079 delectationibus
3110 5020 3169 5081 ἐι
3195 5032 3516 5089 mollissimis
3542 5057 3547 5063 ’

200 5093 502 5149 veraciter
523 5090 775 5146 comedat
803 5091 952 5145 cibos
994 5090 1221 5159 crudos,
1276 5108 1382 5145 non
1430 5106 1669 5155 mansos,
1718 5102 1814 5147 aut

199 5164 445 5229 noxios,
477 5171 572 5215 aut
601 5162 799 5228 sapius
829 5164 1083 5217 comedat
1101 5178 1265 5231 quam
1290 5161 1466 5216 decet.
1492 5163 1662 5216 Porro
1684 5164 1819 5218 (ἐθελ-

194 5243 413 5291 sianus
449 5234 589 5288 infra
622 5231 794 5303 (Cap.
818 5232 890 5288 25
918 5232 936 5303 )
970 5276 984 5299 ,
1017 5246 1071 5289 et
1098 5249 1284 5289 rursus
1310 5233 1517 5303 Collat.
1540 5234 1571 5285 5
1594 5248 1715 5303 cap.
1749 5235 1813 5290 11

196 5319 328 5363 tres
370 5306 583 5361 tantum
629 5302 820 5359 modos
843 5302 959 5360 sive
981 5305 1192 5374 species
1219 5305 1359 5374 gula:
1392 5319 1461 5358 ex
1492 5302 1655 5357 dictis
1682 5305 1818 5359 assi-

192 5387 375 5450 gnat,
414 5377 651 5450 primum
674 5417 688 5439 ,
715 5375 1097 5450 secundumet
1117 5386 1367 5446 quartum
1407 5393 1419 5427 :
1454 5374 1818 5445 quemadmo-

192 5447 347 5506 dum
379 5460 433 5502 et
464 5449 528 5502 Ι).
562 5448 855 5518 Gregorius
878 5447 974 5501 inl
1015 5448 1147 5518 Reg.
1189 5462 1239 5503 e.
1275 5464 1355 5503 lli.

277 5532 309 5559 ι
342 5520 429 5575 ita
452 5519 518 5573 D.
538 5516 901 5589 Hierbnymus
923 5520 1081 5588 epist.
1100 5516 1179 5574 '22
1204 5518 1270 5574 ad
1303 5516 1821 5589 Eustochiumr:Non
1866 5532 1872 5542 '

186 5596 275 5649 sic
313 5591 547 5661 avaritia
594 5587 792 5658 quatit,
828 5587 979 5659 inﬂat
1032 5590 1294 5661 superbia,
1323 5587 1543 5643 delectat
1565 5588 1775 5661 ambitio
1802 5622 1819 5653 ,

196 5658 394 5736 facile
415 5660 529 5713 aliis
563 5677 793 5714 caremus
822 5658 994 5736 vitiis:
1024 5658 1105 5714 hic
1136 5661 1294 5736 hostis
1330 5662 1384 5713 in
1411 5660 1555 5712 nobis
1588 5660 1822 5736 inclusus

192 5730 309 5790 est.
346 5730 686 5803 Quocumque
729 5733 1005 5803 pergimus,
1060 5732 1321 5787 nobiscum
1359 5739 1621 5803 portamus
1643 5730 1820 5783 inimi-

192 5820 369 5864 eum.
400 5802 473 5881 iit
494 5811 622 5858 ante
652 5802 829 5872 ipsum
877 5803 941 5859 D.
966 5803 1260 5875 Gregorius
1288 5802 1657 5859 Nazianzenus
1688 5815 1818 5858 ora-

1924 5089 2264 5143 suavitatibus
2293 5089 2523 5143 coercere
2550 5107 2571 5156 ;
2599 5092 2817 5145 alterum
2847 5110 2964 5149 vero
2986 5099 3307 5155 abstinentia
3336 5115 3381 5157 et
3399 5120 3518 5157 cru-
3536 5097 3547 5116 ⁶

1923 5162 1999 5213 cis
2026 5176 2183 5229 genus
2204 5170 2279 5214 est
2303 5160 2578 5232 pretiosius
2610 5171 2762 5230 atque
2784 5164 3078 5232 sublimius,
3136 5179 3303 5223 motus
3354 5176 3519 5228 animi
3536 5169 3547 5189 "

1924 5242 2124 5311 regere,
2152 5230 2557 5314 perturbationes
2582 5233 2699 5314 illas
2724 5236 2983 5314 modestia
3012 5230 3383 5314 tranquillitate
3404 5246 3519 5314 pla-

1926 5318 2077 5377 care;
2106 5304 2201 5357 ira
2225 5320 2286 5357 ac
2314 5305 2574 5371 superbia
2602 5306 2841 5377 impetus,
2874 5310 3023 5376 quasi
3050 5304 3271 5377 ferocem
3302 5304 3519 5370 bestiam
3538 5322 3561 5359 ‘r

1925 5374 2191 5455 refrenare
2213 5417 2230 5439 ,
2260 5377 2464 5455 litigare
2490 5376 2720 5455 quotidie
2746 5374 2927 5455 contra
2956 5374 3077 5455 vitia
3098 5383 3521 5455 suapincrepare
3544 5382 3557 5455 Ξ

1925 5439 2226 5528 εζᾳιιαάαιηι
2252 5439 2458 5528 εοηῖσῇα
2502 5439 2807 5528 auctoritate
2847 5450 3081 5528 virtutis,
3118 5439 3360 5528 et_ri:cam

1937 5517 2212 5593 dummodo
2252 5535 2368 5573 cum
2396 5519 2600 5593 homine
2635 5518 2869 5593 conferre
2898 5538 2917 5587 ;
2968 5523 3303 5593 cogitationes
3356 5517 3521 5588 malas
3554 5518 3569 5528 ”

1934 5589 1990 5642 in
2015 5599 2315 5660 potestatem
2336 5591 2582 5660 redigere,
2615 5592 2901 5666 voluntates
2924 5589 3161 5665 proprias
3186 5594 3457 5666 abnegare,
3488 5621 3522 5658 α

1932 5675 2165 5737 sermone
2182 5670 2535 5737 atqueopere
2584 5678 2685 5733 quo
2712 5664 3172 5731 animusladitur,
3202 5664 3464 5737 tamquam
3489 5691 3523 5734 a

1934 5732 2102 5785 noxiis
2145 5730 2290 5798 cibis,
2317 5730 2606 5803 abstinere,
2622 5741 2732 5791 etc.
