4016 6202
462 295 566 353 239
1146 338 1149 343 ν
1180 339 1187 349 ,
1216 340 1219 343 .
1475 334 1499 342 ί.
1555 330 1588 346 ..
1617 350 1621 356 ,
1770 282 2039 345 .IOANNIS

2146 285 2395 343 lSSIANI
2558 326 2566 332 -
3216 316 3237 333 κη
3604 282 3716 343 Ὴθ

1494 356 1506 384 Ι

466 410 596 464 thali
617 374 809 477 sapore
835 379 1219 478 prosternens.
1261 391 1476 463 invidia,
1686 408 1786 456 est
1809 402 2027 468 mentis,
2059 417 2108 473 Α
2137 403 2223 457 tiae
2249 397 2549 472 corporalis
2573 397 2900 469 impendere,
2927 407 2984 455 ut
3010 399 3077 455 ad
3100 394 3390 472 puritatem
3413 398 3597 456 cordis
3610 400 3722 457 hoc

464 501 747 556 virulentis
769 512 888 555 eam
919 500 1093 554 succis
1131 510 1504 565 corrumpens,
1567 504 1620 549 et
1675 496 2037 563 prosperitate

464 598 627 653 alieni
651 610 933 651 successus
953 594 1155 663 jugiter
1183 592 1433 645 miseram
1459 589 1773 644 excruciare
1803 603 1907 641 non
1936 587 2036 643 de-

463 692 669 744 sinens.
697 685 1022 750 Cenodoxia,
1048 685 1100 738 id
1127 695 1227 749 est,
1248 698 1380 736 vana
1406 682 1601 751 gloria,
1622 682 1774 735 cibus
1796 680 1913 749 ejus
1930 688 2035 745 est,

464 777 883 850 quidelectabili
904 792 1021 832 eam
1051 791 1175 831 esca
1208 774 1514 843 permulcet
1542 773 1609 827 ad
1642 781 1882 841 tempus;
1919 777 2039 841 post

464 886 593 925 vero
637 884 862 923 vacuam
887 869 1140 936 omnique
1165 865 1363 919 virtute
1394 866 1681 934 spoliatam
1736 863 1925 917 reddet
1976 877 2039 918 ac

464 961 680 1024 nudam,
712 959 922 1013 cunctis
969 973 1086 1012 eam
1134 955 1468 1025 spiritalibus
1500 954 1770 1008 fructibus
1800 952 2039 1007 sterilem

462 1054 784 1121 inanemque
814 1051 1127 1105 dimittens:
1163 1050 1236 1102 ita
1258 1056 1316 1102 ut
1358 1064 1467 1102 non
1511 1050 1682 1101 solum
1720 1047 2038 1101 immanium

461 1144 702 1199 laborum
730 1143 894 1197 faciat
925 1143 1113 1196 merita
1143 1141 1417 1209 deperire,
1437 1155 1623 1194 verum
1648 1140 1809 1194 etiam
1839 1139 2043 1208 suppli-

462 1240 543 1293 cia
574 1230 789 1307 majora
806 1238 1108 1307 conquirat.
1139 1234 1331 1289 Omnis
1352 1234 1790 1302 concupiscentia
1822 1242 1878 1287 et
1917 1248 2042 1299 per-

463 1331 675 1400 vagatio
704 1330 883 1384 cordis
914 1328 1202 1391 instabilis,
1238 1337 1426 1395 pastus
1448 1326 1663 1394 quidam
1687 1336 1767 1380 est
1820 1325 2036 1393 animae,

466 1425 641 1479 noxiis
668 1424 807 1479 escis
838 1438 956 1478 eam
994 1423 1264 1487 nutriens,
1293 1430 1573 1491 expertem
1617 1434 1747 1475 vero
1794 1418 2037 1474 caelestis

466 1519 615 1587 panis
645 1531 707 1570 ac
737 1517 893 1571 solidi
917 1516 1021 1570 cibi
1043 1518 1093 1569 in
1116 1524 1391 1585 posterum
1411 1515 1812 1582 derelinquens.
1844 1513 1925 1567 Ab
1955 1512 2040 1565 his

464 1609 668 1677 itaque,
700 1614 902 1675 quanta
917 1607 1073 1661 nobis
1097 1616 1181 1661 est
1204 1608 1397 1672 virtus,
1431 1606 1803 1661 sacratissimo
1827 1604 2040 1674 jejunio

466 1700 828 1765 continentes,
878 1699 1065 1753 utilem
1123 1699 1435 1754 habebimus
1466 1698 1915 1765 commodamque
1944 1697 2041 1752 ob-

2139 506 2423 563 possumus
2443 492 2650 561 jejunio
2681 494 2984 561 pervenire.
3014 491 3282 548 Caeterum
3319 493 3473 547 labor
3497 507 3525 544 a
3550 494 3713 548 nobis

2139 585 2467 652 impenditur
2493 584 2787 650 incassum,
2814 584 2858 638 si
2884 584 3025 640 hunc
3051 584 3268 653 quidem
3299 585 3719 653 contemplatio-

2140 692 2209 732 ne
2230 676 2351 731 ﬁnis
2380 675 2780 745 infatigabiliter
2802 676 3166 740 sustinemus;
3200 676 3363 730 ﬁnem
3397 690 3530 730 vero
3548 690 3721 747 prop-

2140 783 2222 829 ter
2264 789 2424 843 quem
2472 774 2819 829 toleravimus
2868 773 3193 827 altlictiones
3223 779 3424 838 tantas,
3457 771 3717 827 obtinere

2141 881 2499 937 nequeamus:
2524 865 2550 904 δ
2575 866 2873 934 meliusque
2898 865 3001 919 fuit
3027 864 3329 919 interdictis
3358 865 3501 919 escis
3522 864 3727 918 anima:

2140 967 2486 1027 temperasse,
2517 974 2677 1028 quam
2710 956 3033 1012 voluntariis
3066 957 3357 1025 minusque
3384 956 3562 1010 noxiis
3591 971 3723 1009 cor-

2147 1049 2713 1119 poraliteriejunasse.
2740 1048 2797 1102 In
2823 1048 2909 1101 his
2954 1047 3096 1102 enim
3139 1046 3369 1117 simplex
3414 1054 3471 1100 et
3502 1048 3730 1100 innoxia

2141 1154 2403 1199 creatura:
2448 1143 2543 1197 Dei
2574 1142 2846 1211 perceptio
2895 1150 2999 1210 est,
3049 1140 3179 1194 nihil
3228 1156 3322 1209 per
3370 1140 3730 1207 semetipsam

2142 1236 2343 1291 habens
2370 1236 2573 1305 peccati
2600 1253 2612 1287 :
2654 1245 2675 1272 ε
2700 1235 2751 1288 in
2772 1233 2875 1287 illis
2903 1248 3035 1287 vero
3064 1231 3312 1301 primitus
3337 1229 3567 1285 fratrum
3594 1246 3728 1300 per-

2141 1329 2343 1381 niciosa
2374 1327 2671 1392 devoratio,
2695 1326 2761 1381 de
2791 1340 2894 1395 qua
2914 1326 3138 1379 dicitur:
3172 1322 3199 1361 ἀ
3224 1324 3342 1379 Noli
3364 1324 3591 1394 diligere
3620 1324 3729 1379 de-

2142 1418 2378 1484 trahere,
2409 1434 2477 1474 ne
2499 1417 2810 1473 eradieeris.
2836 1416 2905 1470 Et
2924 1416 2992 1470 de
3015 1416 3093 1469 ira
3116 1424 3278 1483 atque
3300 1414 3501 1468 invidia
3526 1416 3727 1470 beatus

2144 1510 2244 1566 Job
2267 1511 2401 1566 dicit
2429 1529 2441 1563 :
2469 1511 2680 1565 Etenim
2709 1520 2730 1546 ⁶
2768 1509 2988 1563 stultum
3029 1507 3289 1562 interﬁcit
3335 1507 3639 1571 iracundia,
3677 1515 3736 1561 et

2144 1605 2421 1675 parvulum
2456 1605 2654 1660 occidit
2683 1603 2886 1658 invidia
2920 1603 2938 1674 (
2963 1600 3068 1655 Job
3094 1618 3126 1655 v
3151 1602 3192 1673 ).
3215 1602 3498 1670 Simulque
3530 1611 3735 1657 notan-

2141 1696 2299 1762 dum,
2327 1697 2470 1767 quod
2507 1698 2598 1767 qui
2629 1696 2903 1760 irascitur,
2962 1695 3192 1758 stultus;
3225 1703 3279 1750 et
3321 1695 3416 1765 qui
3469 1696 3679 1750 invidet
3709 1738 3725 1763 ,

439 1792 795 1857 ,servantiam
815 1791 1010 1860 jejunii
1035 1792 1354 1859 corporalis.
1387 1791 1565 1845 Labor
1592 1805 1823 1858 namque
1853 1804 2043 1844 carna-
2072 1788 2120 1848 B
2146 1794 2399 1863 parvulus
2423 1792 2715 1861 judicetur.
2747 1791 2842 1846 llle
2874 1805 3114 1860 namque
3144 1804 3249 1843 non
3280 1790 3556 1844 immerito
3589 1792 3728 1845 stul-

466 1884 538 1937 lis
588 1883 809 1952 spiritus
859 1882 1531 1948 contritioni-conjunctus
1558 1922 1573 1947 ,
1616 1881 2046 1951 acceptissimum

464 1976 577 2029 Deo
603 1974 930 2029 sacriﬁcium
964 1973 1295 2043 dignumque
1333 1975 1640 2028 sanctitatis
1684 1973 2047 2028 habitaculum

462 2067 616 2134 puris
645 2065 969 2134 mundisque
1009 2066 1313 2119 recessibus
1352 2064 1651 2120 exhibebit.
1684 2065 1950 2119 Czeterum
2000 2063 2048 2118 si

462 2158 816 2225 corporaliter
840 2157 1152 2227 jejuuantes
1185 2156 1660 2225 perniciosissimis
1690 2156 1883 2219 animae
1901 2155 2049 2210 vitiis

463 2251 818 2319 implicemur,
873 2249 1006 2303 nihil
1056 2249 1213 2303 nobis
1264 2248 1504 2318 proderit
1555 2247 1790 2302 carnalis
1822 2247 2048 2303 afﬂictio

463 2344 789 2413 pretiosiore
813 2352 965 2412 parte
990 2342 1243 2411 pollutis;
1275 2357 1370 2410 per
1394 2356 1511 2396 eam
1540 2342 1749 2396 scilicet
1797 2342 2048 2397 substan-

459 2438 588 2491 tiam
617 2434 1057 2504 delinquentibus
1086 2434 1264 2498 nobis,
1302 2450 1407 2504 qua
1452 2434 1720 2490 efﬁcimur
1758 2435 2046 2491 habitacu-

457 2530 568 2583 lum
588 2528 822 2597 Spiritus
848 2528 1043 2583 sancti.
1066 2527 1184 2582 Non
1201 2529 1344 2583 enim
1374 2539 1479 2583 tam
1506 2530 1880 2600 corruptibilis
1893 2546 2041 2597 caro,

458 2634 618 2688 quam
649 2633 745 2673 cor
790 2618 1044 2673 mundum
1086 2619 1455 2673 habitaculum
1514 2621 1625 2675 Deo
1675 2622 2044 2691 templumque

458 2710 698 2779 Spiritus
727 2711 899 2765 sancti
924 2709 1173 2765 efﬁcitur.
1208 2712 1433 2780 Oportet
1462 2727 1613 2782 ergo,
1643 2714 1913 2768 exteriore
1940 2713 2042 2767 ho-

457 2801 607 2856 mine
638 2801 937 2870 jejuuante,
973 2802 1284 2857 interiorem
1313 2818 1526 2872 quoque
1564 2804 1819 2858 similiter
1847 2820 1877 2857 a
1906 2805 2042 2859 cibis

454 2893 635 2947 noxiis
664 2902 968 2963 temperare
998 2909 1190 2963 :quem
1215 2894 1485 2964 prtecipue
1507 2896 1755 2951 exhiberi
1782 2896 2040 2951 mundum

457 2987 592 3051 Deo,
619 2995 677 3040 ut
700 2986 965 3055 hospitem
1005 2987 1057 3040 in
1080 3002 1139 3041 se
1167 2988 1446 3041 Christum
1469 2988 1722 3058 recipere
1744 2999 2038 3055 mereatur,

455 3080 646 3134 beatus
670 3079 965 3148 Apostolus
992 3087 1177 3133 monet
1218 3078 1301 3133 his
1349 3080 1533 3134 verbis
1568 3099 1580 3135 :
1616 3090 1641 3117 ιι
1668 3080 1726 3134 In
1756 3081 2038 3147 interiore,

2150 1894 2237 1938 tus
2264 1884 2565 1953 judicatur,
2595 1882 2901 1937 voluntarie
2926 1882 3028 1937 sibi
3060 1890 3293 1936 mortem
3345 1883 3440 1936 irae
3494 1882 3729 1938 stimulis

2148 1977 2403 2032 incitatus
2448 1975 2758 2038 inducens;
2805 1984 2859 2028 et
2906 1973 2993 2028 hic
3041 1973 3165 2027 dum
3211 1974 3376 2039 livet,
3433 1973 3718 2042 parvulum

2150 2069 2525 2137 minoremque
2546 2082 2607 2121 se
2630 2066 2841 2136 probat.
2892 2065 3029 2119 Dum
3080 2065 3222 2119 enim
3274 2065 3512 2131 invidet,
3555 2074 3727 2120 testa-

2150 2169 2237 2215 tur
2264 2159 2528 2229 majorem
2558 2172 2677 2213 esse
2704 2172 2829 2213 eum
2860 2157 3015 2225 cujus
3046 2158 3408 2226 prosperitate
3428 2158 3730 2213 cruciatur.

2708 2248 2936 2305 CAPUT
2978 2248 3168 2303 XXIII.

2400 2343 2583 2411 Qualis
2628 2358 2737 2395 esse
2774 2341 3010 2394 monachi
3038 2342 3181 2394 cibus
3210 2340 3406 2395 debeat.

2217 2436 2387 2506 Igitur
2408 2445 2492 2490 est
2523 2434 2681 2489 cibus
2715 2431 2734 2469 ί
2762 2433 3043 2502 eligendus
3086 2448 3191 2486 non
3215 2441 3420 2487 tantum
3468 2434 3558 2502 qui
3598 2449 3738 2489 con-

2146 2529 2492 2598 cupiscentiae
2545 2526 2819 2596 ﬂagrantis
2873 2534 3037 2579 aestus
3077 2532 3376 2594 temperet,
3437 2527 3738 2596 minusque

2147 2619 2464 2685 succendat,
2492 2633 2683 2672 verum
2713 2618 2875 2671 etiam
2902 2616 3076 2687 quiad
3110 2616 3403 2685 parandum
3436 2618 3507 2671 sit
3530 2618 3736 2687 facilis,

2146 2723 2201 2770 et
2222 2730 2381 2784 quem
2408 2713 2475 2767 ad
2498 2711 2889 2767 comedendum
2907 2712 3350 2780 Opportuniorem
3372 2711 3583 2767 vilioris
3604 2729 3741 2782 pre-

2147 2805 2207 2859 tii
2238 2804 2615 2874 compendium
2648 2813 2907 2873 priestet;
2950 2805 3153 2875 quique
3204 2804 3274 2859 sit
3323 2806 3741 2861 conversationi

2143 2898 2365 2952 fratrum
2393 2898 2621 2965 usuique
2665 2897 2988 2952 communis.
3020 2906 3043 2943 8
3074 2896 3294 2966 Triplex
3340 2898 3479 2952 enim
3533 2908 3741 2955 natura

2143 2997 2227 3043 est
2246 2991 2678 3060 gastrimargite:
2708 3004 2815 3044 una
2848 3005 2967 3059 qua:
2996 2987 3023 3025 δ
3052 2991 3367 3044 canonicam
3418 2990 3741 3046 reiectionis

2144 3081 2331 3136 horam
2364 3083 2667 3151 praevenire
2714 3082 3027 3151 compellit;
3062 3082 3165 3136 alia
3196 3097 3315 3151 quae
3347 3082 3739 3137 tantummodo

453 3172 721 3239 inquiens,
747 3171 965 3226 homine
1011 3172 1255 3225 habitare
1308 3170 1585 3227 Christum
1637 3188 1734 3242 per
1787 3174 1945 3231 ﬁdem
1987 3176 2043 3229 in
2071 3168 2116 3231 C
2149 3174 2354 3229 ventris
2378 3175 2611 3243 ingluvie
2633 3182 2689 3229 et
2711 3174 2999 3228 saturitate
3022 3174 3386 3243 quarumlibet
3416 3174 3613 3244 gaudet
3635 3190 3742 3230 es-

454 3262 707 3317 cordibus
728 3264 925 3317 vestris
942 3262 962 3333 (
980 3261 1175 3331 Ephes.
1207 3278 1261 3316 ιιι
1286 3261 1328 3331 ).

956 3395 1187 3452 CAPUT
1225 3396 1393 3451 XXII.

414 3554 425 3561 1
455 3490 609 3555 Quod
633 3491 824 3545 idcirco
858 3506 950 3543 nos
983 3497 1212 3558 oporteat
1244 3504 1478 3543 exercere
1532 3491 1892 3545 continentiam
1919 3510 2038 3546 cor-

525 3562 798 3631 poralem,
842 3572 897 3614 ut
941 3577 1030 3632 per
1075 3561 1245 3629 ipsam
1294 3561 1651 3630 perveniamus
1693 3564 1761 3615 ad
1813 3564 2045 3633 spiritale

514 3634 803 3704 jejunium.
903 3638 909 3643 '
1036 3693 1040 3698 ν

519 3723 839 3806 Noverimus
865 3723 1050 3793 itaque
1079 3737 1179 3779 nos
1220 3723 1424 3779 idcirco
1471 3724 1713 3780 laborem
1746 3728 2037 3784 continen-

2147 3281 2371 3332 carum;
2402 3266 2585 3333 tertia,
2620 3282 2741 3336 qua:
2776 3266 3202 3321 accuratioribus
3251 3266 3425 3335 epulis
3482 3275 3534 3320 et
3571 3280 3741 3321 escu-

2143 3358 2469 3414 lentioribus
2514 3359 2841 3413 oblectatur.
2892 3359 3125 3428 Ideoque
3175 3358 3437 3413 adversus
3467 3373 3587 3413 eam
3628 3375 3738 3413 ne-

2144 3466 2297 3506 cesse
2338 3462 2423 3507 est
2455 3452 2783 3507 monachum
2817 3453 3219 3508 observantiam
3250 3454 3518 3523 triplicem
3536 3461 3738 3509 custo-

2145 3544 2281 3610 dire,
2300 3544 2353 3598 id
2370 3554 2472 3610 est,
2495 3552 2555 3599 ut
2578 3546 2807 3614 primum
2823 3544 3124 3616 legitimum
3142 3554 3351 3614 tempus
3367 3544 3741 3601 absolutionis

2146 3644 2425 3705 exspectet
2453 3653 2467 3703 ;
2494 3636 2692 3692 deinde
2722 3647 2780 3691 ut
2829 3637 3097 3691 saturitati
3129 3652 3237 3701 non
3281 3636 3476 3701 cedat;
3520 3635 3687 3691 tertio
3714 3681 3732 3707 ,

2146 3740 2205 3785 ut
2230 3730 2722 3801 qualibuscumque
2765 3731 2908 3785 escis
2952 3730 3238 3785 vilioribus
3289 3737 3580 3785 contentus
3628 3731 3733 3785 sit.

1514 3838 1772 3894 ALARDI
1809 3840 2036 3896 GAZ/El
2074 3841 2634 3901 COMMENTARIUS.

524 3943 550 3971 ιι
583 3933 751 3987 Homo
773 3932 999 3987 interior
1016 3931 1279 4001 Apostolo
1306 3930 1503 3985 dicitur
1518 3931 2039 4002 anima(Ephes.|tn);

453 4007 690 4061 exterior
715 4018 911 4071 corpus
955 4004 974 4073 (
1004 4004 1048 4057 Il
1074 4002 1203 4057 Cor.
1237 4018 1288 4056 tv
1324 4003 1373 4071 ):
1409 4003 1547 4055 Licet
1577 4002 1619 4054 is
1669 4005 1753 4071 qui
1788 4006 1914 4071 foris
1942 4015 2037 4068 est,

456 4084 631 4128 noster
664 4074 814 4127 homo
849 4083 1251 4140 corrumpatur:
1282 4082 1448 4126 tamen
1486 4074 1529 4127 is
1561 4074 1647 4141 qui
1674 4076 1808 4125 intus
1840 4083 1929 4138 est,
1961 4092 2042 4128 re-

455 4158 671 4199 novatur
703 4145 766 4197 de
794 4145 876 4197 die
914 4146 969 4196 in
1001 4146 1155 4197 diem.
1203 4143 1281 4196 De
1314 4144 1414 4197 hac
1466 4144 1869 4197 nomenclalura
1920 4146 2043 4202 vide

460 4218 517 4273 S.
549 4216 743 4269 Thom.
780 4224 976 4283 tparte
1002 4223 1197 4284 qumst.
1227 4215 1315 4275 75,
1346 4229 1397 4267 a.
1431 4217 1482 4268 4.

482 4296 485 4299 ’
528 4287 555 4323 ιο
596 4286 982 4352 Paraphrastes
1010 4303 1022 4337 :
1056 4284 1399 4338 Laudabilius
1430 4294 1504 4339 est
1539 4303 1573 4339 a
1602 4285 1870 4354 prohibitis
1915 4287 2040 4341 cibis

456 4359 658 4419 animm,
691 4365 863 4425 utpote
888 4356 1020 4408 vitiis
1050 4356 1371 4419 abstinuisse,
1418 4374 1572 4426 quam
1601 4374 1633 4410 a
1656 4358 1964 4411 voluntariis
1993 4366 2041 4412 et

455 4430 624 4483 minus
648 4428 815 4478 noxiis
842 4427 970 4479 escis
1005 4427 1234 4495 corporis
1257 4428 1542 4496 jejunasse.

530 4509 550 4535 ο
579 4496 644 4549 In
666 4498 791 4563 illis,
813 4513 1026 4565 nempe,
1052 4498 1336 4551 interdictis
1366 4500 1492 4551 escis
1515 4500 1723 4560 animat,
1754 4500 1858 4556 i.e.
1886 4503 2034 4557 vitiis

460 4580 515 4626 et
542 4569 775 4637 peccatis
805 4586 815 4620 :
851 4583 955 4622 non
979 4570 1032 4620 in
1052 4570 1165 4633 illa,
1198 4581 1255 4622 ut
1280 4572 1329 4623 in
1354 4570 1673 4635 quibusdam
1703 4570 1950 4638 habetur,
1980 4584 2057 4629 et,

460 4642 620 4695 male.
651 4639 791 4705 Quid
814 4640 1251 4711 euitnrreferret,
1303 4639 1444 4694 illa?
1474 4641 1761 4711 Dionysius
1804 4644 1875 4697 ita
1910 4645 2035 4699 red-

456 4713 535 4765 tlit
564 4719 622 4765 et
651 4710 924 4767 elucidat:
966 4710 1033 4763 In
1072 4708 1165 4764 illo
1203 4726 1345 4774 vero,
1396 4721 1570 4779 utpote
1614 4708 1709 4764 esu
1761 4716 2033 4769 noxiorum

451 4785 683 4837 ciborum
714 4782 919 4846 animae,
971 4782 1323 4853 senuitiorum
1360 4785 1699 4853 perceptione,
1743 4794 1817 4837 est
1868 4788 2033 4848 primo

453 4855 740 4925 perniciosa
760 4853 1017 4925 devoratio
1050 4852 1292 4925 fratrum.
1315 4875 1332 4887 ι

527 4923 553 4962 d
588 4927 659 4977 Ita
680 4923 1236 5001 _Septuag._Pruverb.
1265 4940 1366 5001 xx_:
1399 4928 1679 5001 Mr‘;_&7&1ra
1709 4926 2025 5001 καταλαλεῖν,

451 5000 535 5072 Eva
564 5002 646 5072 pri
669 4994 1000 5072 €Eap9ﬁ;._El
1027 4994 1101 5072 ita
1131 4996 1259 5072 citat
1289 4994 1554 5072 etiam
1581 4997 1944 5072 Hieronymus
1976 5000 2030 5072 in

450 5064 681 5139 epistola
728 5064 793 5121 a'd
825 5064 1135 5120 'L‘elantiam
1168 5064 1374 5138 (Epist.
1427 5067 1494 5120 M
1524 5070 1567 5138 )7
1606 5080 1659 5122 et
1704 5064 1963 5138 Apologia
1999 5071 2031 5123 5

454 5143 504 5191 io
542 5140 833 5203 Ruﬁnum;
884 5154 981 5207 pro
1030 5153 1136 5206 quo
1186 5143 1397 5207 vulgata
1440 5140 1615 5194 versio
1660 5141 1870 5195 habet:
1905 5139 2032 5193 Noli

454 5211 665 5281 diligere
690 5226 925 5264 somnum
946 5251 961 5273 ,
994 5226 1056 5263 ne
1099 5218 1291 5280 egestas
1320 5221 1366 5262 te
1397 5213 1673 5280 Opprimat.

527 5291 549 5317 ε
594 5284 727 5336 Aliis
764 5282 945 5336 verbis
976 5280 1392 5335 Ecclesiasticus
1422 5296 1543 5347 cap.
1584 5298 1687 5335 Xxx
1719 5300 1730 5331 :
1773 5281 1931 5333 Zelus
1983 5290 2029 5333 et

449 5354 722 5406 iracundia
745 5355 984 5405 minuunt
1004 5353 1133 5413 dies,
1156 5361 1202 5405 et
1223 5362 1341 5405 ante
1365 5361 1563 5419 tempus
1586 5360 1838 5404 senectam
1865 5351 2031 5403 addu-

450 5434 523 5477 cet
572 5427 840 5495 cogitatus.
888 5426 996 5477 Cur
1026 5435 1207 5477 autem
1239 5424 1523 5495 iracundus
1576 5422 1768 5495 stulto,
1801 5431 1853 5473 et
1887 5423 2031 5495 invi-

450 5496 549 5547 dus
582 5492 825 5559 parvulo,
860 5504 1233 5564 comparetur,
1267 5493 1457 5547 eodem
1489 5494 1600 5545 fere
1650 5492 1807 5545 modo
1847 5492 2028 5560 expli-

452 5566 625 5635 catD.
655 5566 945 5629 Gregorius
975 5573 993 5635 (
1023 5565 1137 5618 Lib.
1172 5582 1200 5617 v
1232 5565 1422 5617 Moral.
1454 5580 1504 5619 c.
1536 5566 1604 5619 55
1626 5564 1666 5633 ).

529 5633 547 5670 ί
589 5637 677 5689 Sic
698 5638 859 5689 etiam
887 5632 1070 5689 monet
1104 5638 1162 5689 D.
1195 5635 1424 5689 Basilius
1460 5655 1471 5687 :
1508 5632 1757 5690 Omnibus
1784 5634 1837 5687 in
1874 5632 2025 5697 locis,

451 5706 727 5771 inquiens,
779 5706 918 5756 cibus
939 5744 954 5766 ,
987 5707 1075 5772 qui
1113 5706 1180 5758 sit
1210 5707 1277 5758 ad
1306 5708 1463 5761 vitam
1505 5709 1821 5762 necessarius
1851 5708 2028 5761 solerti

451 5775 654 5831 ratione
714 5775 1087 5841 inquirendas;
1154 5775 1695 5850 condimentarmuque
1749 5777 2027 5834 elaborata

2152 3936 2438 4007 blanditiis,
2470 3946 2516 3991 et
2547 3938 2822 4005 voluptatis
2842 3938 3092 3992 illecebrae
3114 3937 3738 4007 repudiandwUnstitut.

2146 4006 2541 4079 Monacli._cap.
2591 4008 2712 4078 10).
2758 4009 3123 4079 Hieronymus
3166 4010 3260 4063 lib.
3293 4026 3329 4064 ιι
3358 4006 3541 4064 contra
3574 4009 3741 4065 Jovi-

2144 4078 2294 4151 nian.
2324 4098 2335 4130 :
2368 4077 2449 4131 Ne
2478 4080 2602 4131 tales
2631 4077 2946 4149 accipiamus
2971 4077 3112 4133 eibos
3135 4124 3148 4145 ,
3181 4098 3303 4150 quos
3330 4090 3422 4133 aut
3451 4081 3741 4151 difficulter

2145 4150 2404 4223 digerere,
2435 4160 2771 4223 aut_comesos
2802 4167 2985 4222 magno
3014 4162 3187 4221 partas
3218 4162 3263 4205 et
3294 4150 3514 4223 perditos
3553 4152 3741 4208 labore

2144 4219 2406 4293 doleamus
2436 4234 2453 4271 :
2481 4220 2681 4271 olerum
2707 4261 2720 4281 ,
2749 4219 3052 4290 pomorum,
3083 4240 3144 4274 ac
3172 4219 3484 4291 leguminum
3511 4233 3555 4276 et
3586 4225 3738 4293 faci-

2146 4291 2253 4365 lior,
2272 4298 2549 4365 apparatus
2571 4302 2644 4343 est
2662 4334 2676 4356 ,
2707 4302 2753 4343 et
2782 4300 2892 4344 arte
2921 4294 3288 4362 impendiisque
3315 4291 3592 4365 coquorum
3619 4312 3741 4350 non

2142 4362 2375 4435 indiget,
2400 4370 2447 4413 et
2475 4360 2584 4413 sine
2605 4360 3018 4435 curapsustentat
3062 4360 3339 4417 humanum
3384 4360 3589 4435 corpus,
3612 4381 3743 4419 mo-

2144 4432 2415 4504 deratequ_e
2459 4444 2689 4502 sumptus
2720 4433 2909 4504 leviori
2948 4435 3233 4504 digestione
3275 4432 3644 4502 concoquitur;
3676 4450 3743 4492 et

2144 4502 2276 4555 infra
2310 4521 2322 4555 :
2358 4501 2614 4572 Epicurus
2644 4503 2924 4574 voluptatis
2952 4501 3175 4559 assertor
3205 4523 3377 4559 omnes
3418 4501 3534 4559 suos
3566 4508 3741 4563 libros

2141 4574 2349 4646 replevit
2393 4574 2613 4627 oleribus
2663 4586 2707 4627 et
2756 4575 2954 4646 pontis,
2995 4586 3042 4630 et
3082 4576 3265 4631 vilibus
3294 4578 3419 4630 cibis
3454 4577 3577 4629 dicit
3611 4592 3740 4634 esse

2139 4645 2428 4707 vivendum,
2453 4647 2573 4715 quia
2596 4645 2770 4699 carnes
2801 4654 2848 4698 et
2876 4649 3143 4715 exquisita:
3189 4648 3355 4718 epulae
3374 4649 3569 4717 ingenti
3597 4665 3743 4704 cura

2139 4732 2201 4789 ac
2228 4718 2430 4789 miseria
2459 4726 2833 4786 prtrparentur.
2868 4718 3003 4773 Vide
3031 4718 3096 4773 D.
3133 4719 3357 4774 Bernar.
3382 4720 3434 4773 in
3458 4719 3736 4789 Apologia

2139 4787 2205 4840 ad
2240 4787 2584 4842 Guilielmum
2627 4788 2899 4843 abbatem.

2212 4867 2236 4903 ϐ
2270 4859 2401 4932 Tres
2428 4868 2629 4913 tantum
2656 4864 2866 4932 species
2887 4861 3022 4931 gula:
3068 4860 3154 4915 hic
3191 4869 3245 4915 et
3272 4860 3398 4914 alibi
3425 4860 3581 4932 (Vide
3602 4858 3737 4932 Col.

2139 4928 2171 4981 5
2197 4944 2242 4980 c.
2278 4928 2364 4996 11)
2397 4940 2641 4985 recenset
2672 4928 2930 4985 Auctor':

2138 5000 2387 5066 superius
2413 5000 2561 5072 (Cap.
2613 5001 2684 5057 20
2712 5004 2868 5074 hujus
2893 5002 3009 5073 lib.)
3041 5000 3322 5057 recensita:
3349 5003 3506 5057 facile
3534 5003 3740 5061 reduci

2138 5079 2364 5136 possunt
2421 5087 2542 5124 nam
2580 5075 2715 5127 :suh
2756 5075 2967 5127 ventris
3016 5074 3285 5142 ingluvie,
3339 5082 3391 5128 et
3440 5074 3742 5131 saturitate

2137 5141 2490 5212 continentur
2538 5158 2791 5198 excessus
2841 5146 2890 5195 in
2939 5141 3235 5212 quantitate
3284 5145 3426 5209 cibi,
3474 5154 3528 5197 et
3559 5148 3741 5200 modo

2137 5211 2331 5265 edendi
2369 5229 2381 5263 :
2411 5222 2464 5266 et
2493 5216 2591 5269 sub
2626 5218 2777 5267 tertia
2811 5211 2992 5281 specie
3031 5213 3117 5267 hic
3147 5230 3405 5283 expressa
3437 5215 3740 5272 continen-

2138 5290 2225 5353 tur
2252 5298 2509 5353 excessus
2537 5287 2588 5338 in
2621 5286 2917 5339 substantia
2952 5294 3007 5338 et
3044 5285 3303 5353 qualitate
3348 5286 3614 5339 ciborum.

2207 5350 2236 5389 ιι
2274 5352 2625 5419 Cauonicam,
2657 5356 2708 5408 id
2740 5364 2814 5406 est
2854 5350 3194 5420 regularem,
3224 5365 3440 5423 statam,
3469 5367 3521 5411 et
3552 5373 3579 5407 a
3606 5372 3739 5411 ma-

2132 5422 2341 5490 joribus
2388 5426 2705 5479 institutam.
2757 5425 3016 5489 Superius
3063 5427 3199 5480 dixit
3241 5422 3739 5485 :autestationem

2135 5493 2414 5570 legitimam
2446 5495 2600 5570 (Cap.
2629 5495 2758 5570 20)._
2779 5495 2844 5570 Et
2871 5498 3007 5570 infra
3027 5515 3051 5570 7:
3084 5498 3365 5567 legitimum
3398 5506 3601 5570 tempus
3628 5504 3741 5554 ab-

2134 5567 2406 5619 solutionis
2428 5565 2659 5635 ;‘nei'npe
2685 5581 2712 5618 a
2738 5565 2968 5632 jejunio.
3007 5569 3067 5620 Et
3093 5565 3281 5622 rursus
3311 5583 3433 5634 cap.
3465 5569 3534 5621 :24
3567 5588 3579 5621 :
3620 5570 3742 5627 Us-

2132 5653 2231 5707 que
2259 5637 2327 5689 ad
2358 5641 2695 5708 prwstitutam
2724 5636 2917 5706 jejunii
2960 5636 3177 5708 horam,
3207 5638 3506 5711 refectionis
3534 5646 3743 5715 regula

2131 5720 2436 5765 servaretur.

2973 4932 3036 4986 ad
3070 4948 3200 5001 quas
3228 4943 3405 4987 tamen
3439 4931 3561 4986 alite
3599 4931 3742 4990 dua:
3812 4974 3823 4984 .
