4016 6202
266 307 377 372 241

790 320 881 378 DE
915 322 1394 385 C(ENOBIORUM
1430 327 1681 388 INSTIT.
1723 329 1859 388 LIB.
1896 330 1967 389 ν.
1995 364 2068 378 -
2093 336 2185 392 DE
2224 336 2496 399 SPlRlTU
2535 340 3100 408 GASTRIMARGLE.

3454 360 3568 417 2&2

265 425 567 502 Quidquid
614 442 794 492 autem
831 447 980 494 extra
1027 444 1478 501 consuetudinem
1525 449 1874 518 prasumitur
1899 452 1957 515 Α
1979 456 2360 525 pronuntiant;
2398 474 2586 517 verum
2618 474 2876 534 quantum
2918 466 3038 524 ﬁeri
3087 475 3300 538 potest,
3350 476 3571 546 contegi
3621 460 3635 477 ’

271 536 567 597 usumque
604 543 960 600 communem,
1009 542 1073 590 ut
1122 537 1378 594 vanitatis
1405 547 1463 595 et
1483 540 1670 611 gloria
1714 551 1878 614 atque

274 620 683 677 ostentationis
708 623 894 680 morbo
922 625 1191 696 pollutum
1211 669 1227 696 ,
1261 631 1630 703 antiquissima
1658 644 1878 704 patrum

206 738 211 741 -
278 711 517 769 traditio
547 718 778 783 notavit;
804 734 903 776 nec
929 736 1261 795 quemquam
1293 741 1360 782 ex
1384 726 1468 782 his
1503 743 1641 799 quos
1677 730 1878 787 merito

279 805 535 865 scientia
584 824 649 866 ac
695 811 1041 870 discretionis
1081 818 1347 875 enituisse
1393 821 1742 890 pervidimus,
1786 824 1877 880 vel

283 914 427 969 quos
454 900 521 957 ad
550 904 867 962 imitandum
898 909 1074 979 gratia
1096 909 1302 968 Christi
1328 912 1478 969 velut
1506 915 1877 985 splendidissi-

283 1006 375 1046 ma
424 993 705 1052 luminaria
758 1000 1016 1057 omnibus
1065 1003 1413 1075 pralocavit,
1463 1021 1563 1064 esu
1596 1009 1750 1079 panis
1785 1010 1876 1081 qui

278 1083 422 1152 apud
451 1100 547 1142 eos
569 1087 695 1144 vilis
724 1088 956 1147 habetur
1000 1108 1065 1149 ac
1091 1093 1285 1165 facilis,
1320 1097 1654 1156 abstinuisse
1676 1114 1876 1172 cogno-

278 1174 493 1245 vimus;
520 1195 621 1236 nec
655 1198 844 1238 eorum
869 1186 1177 1257 quempiam
1205 1189 1299 1259 qui
1339 1190 1480 1247 hanc
1508 1194 1749 1265 regulam
1773 1195 1873 1253 de-

278 1266 571 1341 clinantes,
605 1275 978 1342 pratermisso
1003 1279 1158 1347 panis
1205 1294 1327 1349 usn,
1374 1282 1729 1354 leguminum,
1780 1286 1876 1342 vel

276 1358 514 1431 olerum,
533 1378 630 1418 seu
643 1379 928 1449 pomorum
950 1368 1300 1428 refectionem
1321 1375 1516 1429 sectati
1537 1377 1875 1444 sunt,¢inter

275 1453 703 1522 probatissimos
739 1458 984 1515 habitum
1011 1460 1305 1534 aliquando
1337 1468 1746 1538 conspeximus,
1776 1470 1872 1527 sed

272 1557 345 1598 ne
365 1543 724 1604 discretionis
760 1549 980 1620 quidem
1027 1562 1122 1609 aut
1155 1555 1399 1613 scientia
1428 1559 1657 1629 gratiam
1682 1575 1872 1617 conse-

275 1646 487 1693 cutum.
535 1638 656 1696 Non
695 1642 877 1698 solum
933 1646 1079 1701 enim
1134 1649 1349 1704 cateris
1389 1650 1673 1708 inusitatas
1715 1668 1870 1710 escas

276 1740 541 1799 expetere
564 1734 892 1790 monachum
922 1752 1033 1793 non
1055 1738 1258 1797 debere
1282 1741 1596 1811 decernunt,
1627 1760 1697 1800 ne
1715 1745 1871 1803 vide-

1986 550 2192 620 pariter
2220 561 2277 608 et
2320 553 2601 612 abscondi.
2634 559 3073 617 Adventantibus
3101 571 3282 618 autem
3311 562 3571 624 fratribus

1986 642 2160 714 magis
2185 644 2536 703 humanitatis
2575 664 2639 705 ac
2661 650 2967 707 dilectionis
2988 652 3174 709 oli‘erri
3204 654 3405 711 debere
3448 657 3567 713 vir-

1984 744 2180 803 tutem,
2203 755 2363 809 quam
2385 742 2733 799 continentia
2774 744 3189 814 districtionem,
3221 757 3275 803 et
3298 749 3570 820 quotidia-

1984 831 2041 886 ni
2079 833 2341 903 pr0positi
2389 834 2627 904 rigorem
2683 836 3019 894 manifestari
3056 839 3391 910 probabilius
3436 856 3571 898 cen-

1983 935 2230 992 suerunt,
2262 942 2362 983 nec
2391 927 2519 998 quid
2552 927 2805 985 voluntas
2852 930 3163 1002 utilitasque
3216 940 3433 1001 nostra,
3468 949 3569 990 seu

1986 1016 2247 1074 desiderii
2275 1019 2441 1075 ardor
2468 1032 2762 1091 exposcat,
2806 1022 3116 1089 attendere;
3146 1024 3244 1080 sed
3281 1025 3428 1096 quod
3473 1026 3573 1082 ad-

1981 1109 2253 1166 venientis
2280 1111 2518 1183 requies,
2547 1112 2633 1168 vel
2658 1112 2942 1171 inlirmitas
2985 1114 3172 1188 exigit,
3205 1130 3526 1191 praeponere
3546 1162 3564 1195 ,

1984 1212 2039 1259 et
2063 1212 2342 1275 gratanter
2381 1205 2627 1277 implere.

2547 1341 2996 1413 CAPUT_XXIV.

2038 1437 2191 1504 Quod
2216 1438 2271 1493 in
2291 1437 2524 1510 Egypto
2548 1437 2903 1505 indi/ferenter
2922 1440 3143 1496 vidimus
3162 1441 3256 1497 sub
3288 1443 3511 1501 adventu
3604 1446 3611 1451 ’

2320 1519 2492 1564 nostra
2519 1510 2646 1565 solvi
2670 1511 2973 1581 quotidiana
2990 1513 3219 1584 jejunio.

2049 1646 2079 1684 ι’
2118 1644 2252 1703 Cum
2281 1646 2350 1703 de
2373 1646 2545 1718 Syria
2574 1647 2820 1717 partibus
2861 1649 3137 1706 seniorum
3166 1651 3301 1707 scita
3345 1652 3557 1710 discere

1978 1740 2283 1809 cupientes,
2309 1738 2534 1811 Egypti
2583 1739 2916 1810 provinciam
2973 1742 3337 1821 petissemus,
3382 1744 3564 1816 ibique

277 1822 413 1878 licet
440 1837 639 1882 cursus
669 1826 789 1896 ejus
814 1828 966 1884 velut
995 1829 1050 1884 in
1078 1835 1365 1903 propatulo
1405 1836 1620 1891 cunctis
1649 1838 1869 1907 exposi-
1897 1849 1946 1909 Β
1974 1840 2128 1888 tanta
2165 1831 2345 1888 cordis
2389 1832 2668 1889 alacri‘ale
2714 1847 2813 1889 n08
2859 1834 3066 1905 SUSCiPi
3107 1836 3453 1905 miraremur»
3501 1847 3564 1895 ιιι

281 1923 392 1979 tus,
426 1914 604 1971 inanis
651 1916 827 1973 factus
869 1934 935 1976 ac
972 1935 1173 1977 vacuus
1201 1924 1519 1980 cenodoxia
1550 1926 1746 1982 morbo
1773 1926 1868 1983 de-

275 2017 488 2077 pereat,
512 2007 609 2064 sed
631 2024 700 2065 ne
725 2010 897 2081 ipsam
931 2028 1144 2085 quoque
1167 2015 1500 2086 jejuniorum
1551 2020 1866 2091 castigatio-

272 2112 399 2154 nem
428 2113 774 2158 communem
814 2104 1060 2176 cuiquam
1116 2106 1278 2164 facile
1306 2108 1555 2180 patelieri
1607 2121 1863 2181 Oportere

1972 1927 2119 1982 nulla
2164 1942 2422 1997 prorsus,
2454 1929 2595 1984 sicut
2631 1927 2909 1985 fueramus
2944 1931 2999 1986 in
3037 1931 3341 1989 Palastina
3372 1949 3564 1990 mona-

1971 2018 2151 2075 steriis
2177 2020 2410 2074 instituti
2420 2061 2433 2081 ,
2458 2034 2630 2091 usque
2657 2020 2724 2074 ad
2748 2022 3105 2091 prastitutam
3124 2023 3319 2092 jejunii
3342 2023 3557 2092 horam,

1970 2111 2286 2167 refectionis
2307 2111 2493 2181 regula
2513 2119 2848 2181 servaretur,
2880 2112 2978 2169 sed
3012 2123 3036 2151 ο
3064 2113 3275 2185 absque
3302 2115 3560 2186 legitimis

1341 2268 1601 2328 ALARDI
1639 2271 1878 2329 ϐΔΖιΕΙ
1915 2271 2481 2332 COMMENTARIUS.

345 2393 372 2423 ⁸
411 2385 500 2442 Sic
526 2385 697 2459 abbas
729 2385 944 2458 Moyses
969 2386 1166 2443 Collat.
1194 2389 1232 2443 2
1255 2403 1375 2459 cap.
1418 2389 1485 2445 l9
1516 2407 1529 2442 :
1559 2389 1859 2444 Discutien-

274 2466 370 2526 tes,
394 2456 586 2527 inquit,
619 2456 989 2522 continentias,
1018 2460 1071 2514 id
1100 2469 1188 2515 est
1212 2456 1592 2527 abstinentias,
1617 2461 1859 2515 diverso-

270 2544 390 2581 rum
410 2571 426 2595 ,
456 2528 545 2599 qui
583 2529 659 2583 vel
688 2527 813 2583 solis
842 2529 1219 2600 leguminibus,
1252 2532 1334 2585 vel
1377 2533 1601 2587 oleribus
1632 2540 1855 2598 tantum,

268 2602 349 2675 uel
375 2600 541 2675 pomis
572 2601 735 2675 Avitum
763 2602 963 2675 jugiter
1003 2603 1215 2674 exigant
1239 2645 1254 2668 ,
1284 2618 1612 2675 praposuere
1656 2603 1859 2658 cunctis

268 2671 377 2743 illis
404 2672 734 2743 refectionem
760 2671 923 2726 solius
948 2671 1137 2743 panis,
1168 2683 1272 2730 etc.

337 2741 367 2781 δ
407 2742 497 2801 Sic
525 2758 671 2809 sape
692 2785 707 2808 ,
739 2752 794 2799 et
819 2741 1064 2813 pluribus
1096 2746 1147 2799 in
1179 2746 1315 2800 locis
1335 2788 1351 2813 ,
1391 2745 1485 2800 ubi
1530 2760 1590 2801 se
1616 2745 1859 2802 ostendit

269 2814 421 2882 prius
464 2814 518 2868 in
545 2813 753 2885 Syria,
797 2815 913 2869 sive
942 2813 1253 2871 Palaestina
1297 2818 1643 2872 monasteriis
1669 2831 1857 2872 versa-

271 2896 601 2957 tum,rquam
632 2886 699 2940 ad
728 2886 950 2957 Egypti
972 2887 1295 2942 solitudines
1326 2888 1784 2956 proficisceretur.

343 2966 367 2995 ε
408 2956 522 3013 Hoc
551 2966 634 3012 est
656 3002 670 3024 ,
719 2956 963 3027 exceptis
1006 2956 1230 3027 jejuniis
1259 2967 1466 3027 quarta
1496 2971 1550 3015 et
1578 2969 1747 3015 sexta
1779 2959 1860 3015 fe-

268 3027 399 3100 ria,
439 3044 561 3099 qua
616 3028 857 3097 legitima
907 3038 1119 3100 vocat,
1152 3030 1278 3099 quia
1324 3031 1440 3100 lege
1478 3039 1533 3085 et
1575 3040 1858 3100 pracepto

267 3099 535 3174 Ecclesia
562 3101 773 3174 sancita
808 3103 908 3169 (ut
939 3099 1194 3174 superius
1220 3116 1287 3174 ex
1316 3099 1543 3174 Bahano
1570 3099 1858 3174 notatum)

264 3182 320 3226 et
348 3171 461 3227 illis
511 3172 851 3239 temporibus
887 3172 1167 3225 Communi
1207 3171 1447 3227 fidelium
1488 3187 1589 3227 usu
1633 3171 1857 3242 recepta

267 3252 324 3298 et
354 3242 664 3297 observata.
694 3242 771 3295 De
799 3242 883 3297 his
922 3242 1066 3296 enim
1105 3252 1283 3297 exstat
1313 3259 1487 3297 canon
1520 3244 1856 3313 apostolicus

264 3330 424 3392 num.
451 3313 540 3378 68,
568 3328 678 3392 quo
726 3315 1174 3392 τεςσαρακοσεάς,
1209 3319 1294 3392 καὶ
1318 3313 1543 3392 τετράδα
1572 3321 1657 3372 καί
1683 3336 1858 3392 παρα-

265 3390 458 3456 σκευήν
491 3386 774 3450 νηστεύειν,
805 3384 908 3438 hoé
934 3394 1038 3447 est,
1071 3384 1586 3455 Qtladragesitn;tm,
1615 3396 1670 3442 et
1695 3384 1857 3456 qu'ar-

264 3464 377 3511 tam
409 3455 637 3524 feriam‘,
669 3465 725 3510 et
752 3470 1103 3527 parascevem
1128 3456 1382 3527 jejunare
1412 3457 1526 3527 pari
1556 3467 1857 3513 severitate

263 3528 607 3597 pracipitur.
633 3528 712 3581 Ne
739 3528 859 3595 quis
883 3537 1062 3581 autem
1096 3530 1485 3598 interpretetur
1518 3530 1660 3583 hunc
1689 3543 1856 3583 cano-

261 3615 390 3654 nem
424 3599 496 3655 de
526 3599 641 3654 sola
685 3610 877 3665 quarta
916 3598 1047 3653 feria
1087 3609 1140 3654 et
1180 3615 1473 3668 parasceve
1497 3598 1855 3655 hebdomada

262 3679 474 3726 sancta
498 3715 513 3738 ,
554 3685 621 3724 eo
666 3669 811 3740 quod
842 3684 947 3723 vox
979 3684 1276 3739 parasceve
1314 3671 1465 3725 illam
1510 3670 1853 3725 solummodo

262 3740 414 3796 diem
461 3740 771 3811 significare
795 3740 1085 3795 videatur:
1120 3742 1453 3805 notandum,
1499 3743 1854 3797 consuevisse

261 3812 459 3869 Patres
487 3813 708 3868 Graecos
730 3812 1032 3881 quamlibet
1062 3811 1251 3865 feriam
1297 3822 1507 3866 sextam
1537 3826 1732 3866 vocare
1763 3826 1855 3879 pa-

265 3898 594 3947 rascevem;
627 3882 1081 3953 quemadmodum
1111 3882 1248 3953 ordo
1291 3881 1569 3936 Romanus
1596 3883 1853 3953 Asingulos

262 3955 384 4009 dies
412 3950 715 4009 dominicus
742 3953 984 4022 appellat
1029 3950 1148 4007 dié‘s
1179 3952 1408 4008 Pascha
1431 3993 1447 4014 ,
1479 3964 1540 4007 nt
1581 3950 1854 4009 Collector

260 4025 658 4108 liturgicarumn
679 4026 1081 4108 antiquitatum
1102 4032 1260 4108 acute
1289 4025 1528 4108 observa
1540 4024 1615 4108 vi:
1646 4023 1681 4108 _(
1698 4026 1853 4108 Apud

263 4093 506 4153 Gratiam
533 4099 598 4151 de
620 4093 858 4151 Consecr.
895 4097 1018 4149 dist.
1051 4098 1108 4153 '5.
1133 4112 1181 4167 εἐ
1212 4093 1529 4167 Jejunium).
1566 4093 1848 4151 Est‘etiam

265 4171 577 4236 Apostolica
607 4167 924 4223 constitutio
967 4167 1107 4231 apud
1139 4163 1598 4223 Clementemlib.
1647 4184 1678 4221 v
1727 4181 1846 4237 cap.

266 4240 461 4294 ultimo
492 4242 544 4294 in
574 4240 690 4294 hac
719 4239 883 4294 verba
932 4254 946 4293 :
979 4238 1319 4309 Praecipimus
1366 4239 1504 4293 vobis
1525 4284 1538 4307 ,
1570 4240 1768 4308 quartis
1801 4248 1852 4293 et

265 4312 425 4366 sextis
468 4311 613 4380 feriis
647 4312 911 4381 jejunare.
947 4309 1008 4362 D.
1053 4310 1215 4364 etiam
1261 4309 1498 4380 lgnatius
1528 4310 1689 4375 epist.
1720 4313 1751 4364 4
1780 4310 1851 4364 ad

266 4381 492 4452 Philip,
520 4383 760 4453 Quartis,
808 4381 1017 4453 inquit,
1060 4389 1107 4433 et
1138 4381 1291 4439 sextis
1322 4381 1463 4453 feriis
1481 4383 1723 4453 jejunare
1744 4398 1851 4435 non

266 4453 579 4523 negligatis,
626 4452 854 4506 ciborum
900 4452 1145 4524 reliquias
1188 4452 1500 4524 pauperibus
1533 4452 1849 4524 largientes,

266 4521 375 4579 etc.
408 4525 562 4592 Quod
594 4535 646 4578 et
678 4528 729 4579 in
760 4531 872 4577 tota
919 4523 1159 4578 Ecclesia
1189 4521 1307 4577 'usu
1357 4521 1643 4591 receptum
1680 4521 1851 4578 fuisse

272 4605 503 4649 testatur
529 4596 572 4649 Τ
574 4595 895 4649 ertullianus
922 4593 1018 4648 lib.
1052 4594 1119 4648 de
1158 4593 1374 4662 Jejnnio
1396 4635 1411 4661 ,
1444 4608 1563 4647 cum
1597 4594 1673 4647 ait
1702 4610 1713 4644 :
1743 4592 1850 4646 Cur

270 4666 575 4719 stationibus
598 4678 833 4732 quartam
860 4675 907 4720 et
951 4675 1147 4719 sextam
1174 4666 1355 4732 feriam
1378 4664 1576 4718 sabbati
1594 4666 1851 4730 dicamus,

272 4744 385 4790 etc.
418 4733 577 4808 (Vide
602 4735 802 4808 Bellar.
834 4739 872 4791 l.
903 4752 942 4791 ll
969 4743 1033 4808 de
1060 4734 1410 4808 Bonis_0per.
1440 4752 1561 4801 cap.
1590 4734 1691 4808 2g,
1723 4733 1856 4808 Hie-

268 4824 390 4862 ron.
422 4804 476 4862 in
506 4824 548 4860 ε.
572 4824 626 4863 1v
652 4808 722 4861 ad
753 4806 908 4874 ϐαίη
958 4806 1174 4861 Pallad.
1217 4804 1459 4863 Lausiac.
1491 4808 1581 4862 51.
1616 4804 1856 4861 Meminit

266 4881 424 4934 etiam
456 4878 607 4935 Socr.
642 4878 730 4933 lib.
762 4894 837 4933 vn
867 4895 914 4932 c.
945 4876 1087 4947 22);
1129 4878 1333 4947 jejunia
1358 4894 1457 4933 suo
1479 4892 1630 4933 more
1662 4877 1854 4932 statio-

264 4968 366 5005 nes
394 4965 593 5007 vocans
611 4992 628 5016 ,
661 4951 805 5019 quod
832 4950 941 5005 illis
965 4949 1159 5004 diebus
1186 4959 1324 5019 stata
1353 4962 1407 5006 et
1437 4958 1633 5005 statuta
1667 4956 1854 5019 essent

259 5022 492 5093 jejunio,
522 5032 581 5076 ut
611 5018 815 5076 dictum
830 5028 945 5093 est.
979 5019 1218 5089 Denique
1247 5018 1502 5093 Clemens
1531 5018 1852 5093 Alexandri-

266 5091 370 5147 nus
400 5095 539 5149 libro
559 5093 791 5159 septimo
821 5091 1158 5162 Stromatum
1191 5109 1204 5144 :
1236 5091 1416 5155 Novit,
1449 5093 1645 5162 inquit,
1676 5091 1852 5161 ﬁdelis

262 5165 550 5237 (enigmata
578 5164 773 5237 jejunii
797 5161 1000 5237 borum
1027 5163 1260 5237 dierum,
1287 5164 1489 5237 quarti,
1524 5161 1744 5237 inquam
1759 5202 1783 5237 ,Δ
1804 5171 1853 5216 et

262 5232 417 5290 sexti.
454 5236 555 5292 Ubi
578 5232 843 5307 inysteria
877 5244 1036 5307 vocat
1064 5236 1323 5307 mysticus
1349 5241 1405 5287 et
1442 5232 1670 5307 latentes
1708 5232 1854 5307 jeju-

266 5310 341 5361 nii
372 5323 563 5362 causas
594 5303 658 5360 ac
686 5304 947 5359 rationes.
984 5304 1069 5358 Ex
1098 5303 1301 5375 quibus
1331 5313 1543 5375 constat
1570 5303 1684 5375 bac
1710 5303 1853 5373 jeju-

266 5386 356 5432 nia
400 5394 508 5433 non
556 5376 775 5431 aliunde
818 5388 980 5443 quam
1027 5390 1097 5429 ex
1116 5373 1439 5444 apostolica
1481 5374 1772 5427 traditione
1798 5381 1855 5429 et

264 5452 612 5504 institutione
658 5461 927 5502 manasse.
974 5443 1141 5516 Cujus
1173 5443 1850 5516 institutionisrationem

266 5523 336 5575 Ι).
359 5522 696 5577 Augustinus
723 5518 789 5573 ad
813 5514 1139 5572 Casulanum
1168 5516 1413 5571 scribens
1440 5514 1603 5567 tradit
1631 5514 1713 5568 his
1733 5530 1853 5569 ver-

266 5538 336 5575 υ.
359 5538 439 5577 Au
483 5538 696 5577 USIIDUS
723 5538 789 5573 au
813 5538 1139 5572 hasmanum
1168 5538 1413 5571 sentiens
1441 5538 1603 5567 tratttt
1631 5538 1713 5568 uls
1734 5538 1853 5569 vcr-

263 5592 354 5648 bis
380 5611 394 5645 :
424 5538 530 5647 (igitr
559 5602 734 5645 autem
774 5598 962 5658 quarta
993 5596 1039 5641 et
1077 5600 1220 5643 sexta
1267 5586 1489 5658 maxime
1532 5585 1727 5658 jejunet
1752 5584 1854 5638 Ec-

266 5664 446 5732 clesia,
468 5662 572 5717 illa
591 5662 727 5716 ratio
751 5653 900 5735 reddi
924 5659 1146 5735 videtur,
1174 5653 1658 5735 quodeonsiderato
1680 5653 1856 5735 Evan—

268 5729 563 5809 gelio,vipsa
581 5741 767 5809 quarta
791 5730 1018 5809 sabbati,
1067 5748 1220 5802 quam
1243 5731 1399 5809 nulgq
1415 5737 1650 5809 quartam
1670 5729 1856 5809 [emam

265 5794 490 5874 uocant;
526 5794 808 5860 concilium
836 5794 1163 5874 reperiuntur
1197 5802 1264 5855 ad
1292 5794 1632 5874 oEcidcndnm
1662 5794 1852 5874 Domi-

263 5895 397 5935 num
424 5869 611 5948 {obisse
653 5874 828 5931 Judaei
854 5890 872 5929 :
894 5869 1194 5931 intermisso
1223 5882 1399 5931 autem
1426 5886 1530 5928 uno
1557 5870 1673 5942 die,
1707 5869 1855 5939 cujus

1968 2408 2181 2468 vespera
2217 2390 2470 2468 Dominus
2494 2392 2716 2468 __Pasclta
2757 2409 2874 2448 cum
2898 2392 3168 2468 discipulis
3203 2395 3556 2468 manducauit,

1969 2465 2059 2539 qui
2089 2464 2208 2539 ﬁnis
2234 2466 2447 2539 estejus
2469 2466 2572 2521 diei
2599 2482 2753 2535 quam
2777 2481 3019 2521 vocamus
3060 2466 3290 2536 quintam
3318 2464 3557 2539 sabbati,-

1972 2534 2159 2608 deinde
2189 2534 2408 2608 traditus
2438 2548 2512 2590 est
2543 2534 2618 2590 ea
2654 2547 2802 2591 nocte
2838 2552 2954 2606 qua:
2976 2534 3091 2608 jam
3120 2542 3188 2591 ad
3216 2547 3412 2593 sextam
3437 2534 3561 2597 sab-

1971 2604 2095 2680 bati,
2123 2607 2212 2680 qui
2238 2607 2346 2661 dies
2374 2608 2630 2680 passionis
2658 2604 3099 2680 eius_ntani{éstus
3126 2618 3223 2673 est,
3248 2611 3555 2680 pertinebat.

1968 2676 2038 2729 Et
2070 2677 2228 2743 paulo
2255 2687 2378 2745 post
2401 2696 2415 2732 :
2439 2678 2634 2732 Passus
2663 2687 2737 2732 est
2761 2678 3037 2743 Dominus,
3066 2680 3205 2743 quod
3227 2676 3404 2735 nullus
3432 2699 3555 2738 am-

1964 2747 2127 2821 bigit,
2164 2758 2309 2821 sexta
2336 2748 2534 2802 sabbati
2573 2766 2591 2821 ξ
2630 2758 2941 2821 quapropter
2996 2760 3043 2802 et
3070 2750 3186 2821 ipsa
3230 2762 3375 2806 sexta
3411 2765 3550 2809 recte

1954 2819 2161 2894 jejunio
2204 2820 2482 2894 deputatur
2518 2836 2537 2873 :
2566 2819 2773 2894 jejunio
2792 2820 2993 2894 quippe
3018 2819 3363 2894 [inutilitatem
3392 2824 3551 2894 signi-

1964 2888 2148 2956 ficant.
2206 2889 2332 2943 Hac
2379 2888 2733 2960 Augustinus.
2791 2890 2860 2944 Et
2892 2888 3123 2958 quidem
3171 2893 3240 2945 ab
3291 2888 3458 2949 initio'
3492 2905 3550 2951 et

1963 2960 2156 3033 primis
2184 2959 2293 3013 illis
2321 2959 2656 3027 tempbribus
2702 2961 2940 3028 perfecta
2972 2960 3140 3019 fuisse
3159 2962 3368 3033 jejunia
3410 2966 3548 3022 isto-

1963 3044 2085 3084 rum
2126 3030 2364 3108 dierum,
2397 3040 2451 3086 et
2475 3046 2603 3108 _non
2635 3034 2811 3108 solum
2858 3032 3104 3108 carnium
3134 3030 3541 3108 abstinentiam,

1961 3116 2153 3176 verum
2184 3102 2349 3157 etiam
2399 3102 2914 3176 uniusrefectionis
2961 3117 3112 3158 usum
3141 3147 3155 3166 .
3198 3120 3430 3176 eumque
3473 3102 3544 3165 ad

1883 3172 1929 3235 C
1964 3170 2155 3246 horam
2187 3188 2382 3227 nonam
2407 3174 2537 3246 dies
2557 3174 2580 3246 ί(
2599 3190 2719 3241 qua
2747 3175 2905 3230 nobis
2931 3185 3012 3230 est
3036 3177 3193 3231 tertia
3223 3170 3541 3246 postmeri—

1962 3242 2150 3314 diem)
2199 3259 2226 3295 a
2257 3242 2820 3314 populo'Christiano
2864 3242 3423 3304 observatum—fuisse
3472 3265 3540 3305 ex

1961 3316 2295 3385 antiquitatis
2336 3317 2659 3372 testimoniis
2690 3317 2852 3372 modo
2893 3318 3072 3373 citatis
3101 3317 3384 3374 manifeste
3424 3321 3540 3375 col-
3569 3374 3573 3378 .

1959 3385 2148 3455 ligitur
2192 3405 2205 3440 :
2252 3388 2511 3456 paulatim
2558 3403 2689 3444 vero
2732 3388 2949 3445 fervore
2995 3388 3269 3444 charitatis
3315 3391 3539 3457 langue-

1958 3456 2236 3531 scentead
2258 3459 2428 3512 solam
2459 3461 2640 3514 carnis
2667 3460 3046 3515 abstinentiam
3079 3459 3242 3529 (quod
3267 3456 3534 3531 jejunium

1958 3527 2331 3600 imperfectum
2361 3531 2609 3600 dicitur),
2639 3533 2795 3597 quale
2823 3546 2965 3586 nunc
2993 3527 3132 3585 feria
3146 3527 3294 3585 sexta
3323 3527 3382 3587 et
3411 3534 3538 3588 sab-

1959 3597 2087 3670 hato
2115 3597 2852 3665 hebdomadatimservatur,
2886 3617 2985 3670 per
3014 3602 3317 3655 animorum
3343 3604 3537 3657 remis-

1956 3669 2187 3739 sionem,
2222 3681 2275 3725 et
2303 3671 2561 3726 Ecclesia
2587 3673 2778 3726 matris
2806 3669 3193 3739 indulgentiam
3220 3671 3532 3740 devenisse;

1957 3754 2022 3794 ac
2050 3741 2266 3796 demum
2306 3740 2570 3809 jejunium
2602 3752 2807 3810 quarta
2837 3741 2984 3794 feria
3015 3741 3067 3794 in
3113 3740 3351 3795 Ecclesia
3380 3739 3536 3796 Occi-

1958 3812 2165 3867 dentali
2196 3814 2418 3866 omnino
2448 3812 2751 3880 neglectum
2777 3852 2793 3876 ,
2824 3812 2913 3865 vel
2943 3810 2995 3863 in
3021 3810 3286 3879 jejunium
3319 3811 3535 3869 sabbati

1956 3892 2221 3937 mutatum
2270 3880 2440 3936 fuisse
2482 3882 2747 3935 videmus.
2779 3879 2911 3936 Cum
2958 3880 3123 3951 igitur
3168 3880 3318 3936 hisce
3356 3881 3567 3951 feriis,:

1956 3961 2182 4029 quarta,
2212 3954 2466 4029 inquam,
2499 3959 2559 4029 et_
2579 3962 2729 4029 sexta
2763 3953 2892 4029 feria
2917 3993 2931 4015 ,
2961 3967 3027 4029 ex
3048 3952 3347 4029 apostolica
3379 3954 3535 4009 insti-
3561 3973 3567 4029 ξ

1956 4022 2168 4080 tutiOne
2208 4022 2320 4077 tota
2369 4025 2499 4078 olim
2539 4022 2812 4093 jejuuaret
2854 4023 3130 4089 Ecclesia;
3181 4026 3373 4078 mirum
3424 4022 3567 4093 non}

1957 4106 2061 4161 est,
2095 4097 2138 4150 si
2171 4096 2419 4151 monachi
2448 4088 2671 4150 illi'hac
2691 4095 2897 4165 jejunia
2930 4106 3036 4149 tam
3064 4088 3318 4165 religiose
3344 4095 3535 4152 obser-
3560 4088 3566 4165 ξ

1957 4168 2176 4232 vabant,
2205 4177 2268 4222 ut
2296 4182 2395 4221 nec
2426 4176 2644 4236 propter
2683 4168 3036 4222 adventantes
3082 4168 3275 4221 fratres
3318 4176 3410 4220 aut
3438 4182 3535 4236 pe-

1956 4239 2203 4306 regrinos
2247 4253 2309 4293 ea
2358 4239 2671 4303 solverent;
2706 4254 2877 4308 neque
2907 4239 3098 4292 horam
3149 4237 3565 4306 pravenirent;£

1955 4308 2097 4378 quod
2148 4311 2200 4363 in
2247 4309 2367 4364 aliis
2417 4309 2611 4363 diebus
2652 4309 2983 4378 jejuniorum
3031 4308 3211 4365 facere
3259 4308 3564 4376 solebant,!

1954 4379 2150 4444 quibus
2179 4394 2239 4434 se
2268 4396 2377 4433 non
2406 4380 2544 4435 adeo
2573 4382 2826 4435 astrictos
2855 4380 3193 4446 sentiebant;
3230 4381 3534 4449 prasertim
3559 4403 3563 4443 ξ

1954 4463 2076 4523 cum
2106 4451 2393 4504 charitatis
2426 4450 2944 4523 authospitalitatis
3000 4452 3321 4523 exhibenda
3367 4448 3563 4523 occas;

1955 4520 2037 4573 sio
2062 4530 2392 4576 occurreret.
2423 4522 2506 4576 Ex
2539 4522 2641 4575 hac
2687 4538 2848 4591 porro
2893 4522 3111 4591 antiqua
3152 4521 3534 4580 observatione

1955 4600 2250 4663 consecuta
2280 4603 2362 4647 est
2396 4593 2682 4647 laudabilis
2720 4594 2811 4647 illa
2840 4592 3176 4648 consuetudo
3196 4637 3211 4661 ,
3239 4600 3301 4647 ut
3327 4592 3380 4647 in
3411 4592 3561 4663 ple-:

1957 4662 2141 4735 risque
2166 4664 2518 4733 religionibus
2560 4672 2612 4718 et
2651 4666 2997 4720 monasteriis
3028 4665 3160 4719 feria
3185 4673 3375 4735 quarta
3410 4662 3560 4735 per-.

1957 4731 2084 4789 inde
2128 4749 2192 4790 ac
2241 4731 2391 4790 sexta
2417 4746 2471 4789 et
2500 4736 2728 4790 sabbato
2770 4738 2959 4805 quovis
2991 4731 3230 4804 tempore
3257 4731 3560 4792 abstinem-1

1956 4812 2045 4859 tur
2091 4820 2119 4858 a
2170 4807 2458 4871 carnibus;
2496 4822 2629 4877 quo
2682 4807 2953 4877 religiosa
2998 4812 3055 4862 et
3101 4807 3333 4876 antiqua
3386 4808 3534 4864 illius

1956 4877 2322 4933 observantia
2370 4876 2654 4946 vestigium
2704 4876 2893 4933 Saliem
2925 4878 3141 4946 aliquod
3174 4879 3318 4946 inter
3346 4893 3538 4933 mona-

1956 4946 2102 5024 ghos
2116 4951 2416 5024 retineatur
2460 4945 2622 5017 (Vide
2649 4948 2974 5024 Turreerem.
3008 4945 3122 5018 cap.
3158 4945 3356 5024 illis"
3396 4947 3533 5024 ἐξεφ.

1955 5016 2025 5071 ι).
2060 5017 2234 5071 Bened
2261 5022 2278 5087 )
2313 5034 2325 5068 :
2357 5032 2525 5087 quam,
2549 5021 2998 5074 consuetudinem
3028 5016 3284 5086 peculiari
3312 5034 3369 5075 ας
3396 5016 3536 5075 “aio

1955 5089 2237 5141 roboravit
2291 5096 2357 5158 et_
2395 5086 2740 5143 confirmavit
2786 5090 3104 5145 Benedictus
3152 5089 3247 5143 Xll
3290 5088 3537 5158 pontifex
3622 5108 3627 5113 '

1955 5159 2039 5210 his
2066 5158 2287 5231 verbis;
2319 5155 2609 5211 Statuimus
2639 5169 2683 5231 et
2719 5160 3051 5231 ordinamus,
3083 5159 3220 5229 quod
3250 5155 3341 5231 per
3371 5168 3536 5214 totum
3602 5174 3608 5185 ‘

1954 5244 2146 5300 annum
2176 5227 2306 5297 feria
2331 5235 2513 5295 quarta
2543 5235 2588 5279 et
2619 5227 2702 5300 die
2728 5229 2948 5300 sabbati,
2980 5239 3027 5282 et
3055 5227 3279 5300 a‘printa
3307 5230 3535 5284 domini-

1956 5314 2017 5352 ca
2044 5299 2107 5353 de
2128 5299 2364 5353 Adventu
2405 5313 2567 5367 usque
2608 5299 2677 5351 ad
2719 5299 2854 5351 diem
2903 5299 3121 5353 Natalis
3158 5299 3399 5365 Domini,
3431 5311 3476 5354 et
3504 5320 3537 5355 a

1957 5371 2216 5424 dominica
2248 5371 2650 5442 Septuagesima:
2679 5386 2840 5442 usque
2860 5371 2928 5423 ad
2949 5370 3085 5442 diem
3113 5367 3333 5442 Pascha:
3359 5386 3537 5426 onmes

1956 5444 2217 5513 regulares
2248 5439 2480 5513 ejusdem
2528 5440 2726 5494 ordinis
2760 5457 2875 5513 seu
2908 5440 3175 5513 religionis
3205 5439 3269 5493 ab
3300 5456 3390 5513 esu
3419 5458 3535 5494 car-

1917 5545 1921 5549 ν
1958 5512 2102 5567 nium
2124 5512 2311 5584 ubique
2331 5513 2639 5571 abstineant:
2664 5512 2766 5564 nisi
2794 5512 3064 5566 necessitas
3088 5512 3407 5580 inﬁrmitatis
3430 5530 3535 5565 non

1957 5586 2090 5654 ﬁctae
2120 5603 2210 5656 per
2228 5583 2484 5648 abbatem,
2514 5583 2591 5639 vel
2620 5584 2782 5636 alium
2806 5584 3079 5656 praelatum
3108 5586 3375 5656 proprium
3404 5584 3535 5654 forte

1956 5653 2173 5715 Suadela
2205 5672 2319 5708 cum
2349 5658 2525 5725 aliquo
2547 5655 2972 5722 dispensandum.
2998 5653 3125 5709 Haec
3154 5654 3227 5709 ibi
3250 5653 3534 5726 (Constituv

1959 5729 2029 5781 tio
2059 5726 2390 5798 Benedictina
2431 5743 2548 5798 cap.
2596 5726 2727 5795 26).
2773 5726 2884 5781 Cur
2910 5736 3093 5798 autem
3139 5726 3224 5781 hic
3256 5727 3398 5781 nulla
3441 5729 3533 5790 fiat

1960 5800 2159 5852 mentio
2190 5796 2338 5851 feria
2382 5796 2588 5872 sexta,
2621 5799 2826 5872 nemini
2868 5797 3156 5872 obscurum
3207 5815 3327 5856 esse
3372 5811 3532 5872 puto,

1959 5882 2082 5925 cum
2129 5883 2417 5928 commune
2457 5870 2528 5928 sit
2567 5869 2815 5955 omnibus
2863 5868 3186 5939 Christianis
3226 5888 3326 5945 per
3369 5868 3530 5939 {omni
