3994 6202
1721 234 1727 238 ’
1770 238 1835 257 “ἰο
1862 244 1887 260 ιι
1909 237 1968 258 νο-

698 312 789 372 DE
824 311 1301 372 C(ENOBIORUM
1340 316 1586 381 INSTI'I'.
1626 319 1758 379 LIB.
1801 323 1865 381 ν.
1890 353 1962 369 --
1988 326 2079 385 DE
2117 328 2387 389 SPIRITU
2426 332 2996 394 GASTRIMABGIE.

231 311 324 387 με

2156 237 2276 259 ο’“ρι.1

3358 345 3469 402 εισ

226 444 321 528 qua
351 429 590 528 gingsz
614 439 645 484 .9
666 444 793 495 cum
832 430 1085 528 omnibus
1124 430 1304 491 cibum
1332 433 1572 528 sumpsi,
1603 444 1663 501 et
1684 435 1785 499 sd:
1812 444 1868 507 Α
1890 442 2384 515 transmigrantem,
2430 447 2487 502 in
2526 456 2777 507 extremo
2798 452 2911 522 jam
2940 452 3182 511 anhelitu
3224 418 3495 528 positum‘5

225 522 321 595 huc
343 522 554 596 esurio,
584 532 642 589 et
689 532 746 583 tu
787 526 1039 595 primitus
1084 541 1229 581 nunc
1262 526 1547 597 reﬁciens,
1589 529 1702 600 jam
1735 540 1790 587 te

222 617 344 691 ilicis
369 632 474 685 non
501 633 666 690 posse
692 617 715 673 ἓ

765 688 995 750 CAPUT
1032 690 1222 763 xxvi.

219 778 289 841 De
317 783 417 851 alio
444 800 587 853 sene,
626 785 717 855 qui
750 785 808 840 in
835 785 967 843 cella
990 802 1085 912 sui:
1109 801 1278 859 escam
1313 802 1595 859 numquam
1643 787 1786 859 salus

884 874 1055 912 αεσευι
1085 898 1099 912 ο

884 874 1099 929 accepit.

278 947 306 988 δ
344 948 587 1020 Vidimus
609 950 774 1011 alium
802 952 858 1007 in
888 951 1182 1011 solitudine
1213 959 1667 1022 commorantem,
1695 952 1785 1024 qui

220 1058 493 1116 numquam
507 1059 567 1101 se
582 1044 686 1100 sibi
708 1044 807 1105 soli
827 1045 1117 1127 indulsisse
1132 1044 1311 1101 cibum
1326 1054 1555 1101 testatus
1572 1055 1673 1114 est;
1690 1046 1784 1102 sed

218 1138 366 1195 etiam
387 1138 435 1195 si
462 1153 564 1209 per
587 1146 730 1196 totos
757 1139 997 1212 quinque
1019 1139 1136 1195 dies
1159 1139 1225 1195 ad
1249 1140 1368 1215 ejus
1389 1139 1636 1195 cellulam
1660 1141 1786 1211 nul-

215 1228 294 1294 lus
324 1249 354 1289 e
376 1232 626 1293 fratribus
651 1232 985 1307 advenisset,
1011 1233 1363 1290 refectionem
1381 1233 1588 1307 iugiter
1613 1234 1787 1293 distu-

210 1323 350 1394 lisse,
385 1326 555 1383 donec
580 1327 807 1384 sabbato
831 1329 918 1384 vel
960 1328 1234 1399 dominico
1261 1326 1353 1383 die
1391 1328 1604 1384 devotae
1645 1343 1779 1387 con-

205 1419 527 1497 gregationis
563 1421 790 1477 obtentu
816 1421 1118 1495 procedens
1166 1421 1235 1478 ad
1275 1422 1589 1491 ecclesiam,
1618 1437 1782 1503 pere-

204 1512 474 1585 grinorum
503 1513 812 1587 quempiam
842 1513 1166 1585 reperisset,
1199 1528 1360 1584 quem
1393 1513 1589 1569 exinde
1616 1512 1783 1570 redua

202 1590 325 1659 cens
345 1604 415 1660 ad
444 1603 720 1673 cellulam,
753 1616 1011 1673 consorte
1053 1620 1120 1660 eo
1148 1590 1498 1671 refectionem
1537 1606 1784 1679 corporis

202 1708 300 1750 non
332 1703 442 1751 tam
464 1710 577 1752 suae
598 1696 940 1752 necessitatis
965 1692 1219 1765 obtentu,
1250 1713 1409 1768 quam
1433 1690 1782 1761 humanitatis

200 1788 366 1858 gratia
397 1802 667 1859 causaque
692 1788 874 1847 fratris
907 1801 1227 1857 assumeret.
1260 1790 1445 1861 Itaque
1487 1800 1545 1846 ut
1578 1802 1778 1851 norunt

196 1878 242 1936 in
276 1881 517 1938 adventu
540 1882 771 1949 fratrum
809 1881 1186 1953 indideranter
1211 1884 1429 1949 solvere
1456 1886 1773 1956 quotidiana

196 1973 415 2059 jejunia,
460 1976 533 2045 ita
576 1975 982 2034 discedentibus
1023 1977 1102 2032 eis
1149 1977 1500 2051 refectionem
1542 1981 1612 2047 ob
1652 1980 1774 2036 illos

200 2067 456 2135 indultam
478 2068 807 2135 continentia
832 2070 1039 2143 majore
1060 2079 1433 2143 compensant,
1468 2075 1777 2147 perceptio-

200 2175 317 2231 nem
358 2160 470 2217 cibi
518 2158 826 2233 parv‘issitni
864 2163 1078 2229 acriore
1120 2164 1479 2239 castigatione
1517 2182 1626 2224 non
1657 2169 1774 2237 sola

198 2254 362 2337 panis,
407 2254 509 2325 sed
550 2255 716 2325 etiam
759 2257 933 2315 somni
964 2257 1136 2333 ipsius
1174 2258 1540 2335 diminutione
1580 2262 1777 2337 durius

199 2347 490 2450 exigentes.

738 2422 966 2481 CAPUT
1003 2422 1223 2511 xxgn.

431 2512 742 2569 Encomium
771 2514 931 2573 Pwsii
956 2524 1004 2572 et
1031 2509 1251 2573 Joannis
1274 2509 1533 2575 abbatum.

265 2615 286 2643 ο
325 2607 482 2678 Apud
511 2622 698 2665 senem
728 2608 960 2666 Paasium
993 2610 1048 2665 in
1080 2627 1263 2668 eremo
1292 2615 1603 2670 vastissima
1623 2630 1776 2672 com-

198 2710 512 2769 morautem,
539 2715 662 2757 cum
684 2698 714 2739 τι
743 2717 909 2759 senex
935 2704 1176 2761 Joannes
1207 2721 1403 2777 magno
1433 2709 1685 2765 cmnobio
1711 2724 1775 2765 ac

197 2790 519 2848 multitudini
542 2793 766 2850 fratrum
795 2797 1119 2867 praepositus
1149 2798 1479 2867 advenisset,
1512 2810 1567 2857 et
1591 2801 1659 2857 ab
1679 2817 1775 2858 eo-

197 2878 305 2936 dem
326 2887 479 2940 velut
498 2885 879 2957 antiquissimo
907 2888 1095 2946 sodale
1125 2892 1484 2961 perquireret,
1511 2893 1773 2965 quidnam

198 2984 282 3042 per
327 2992 524 3033 omnes
587 2978 942 3050 quadraginta
991 2995 1166 3037 annos
1215 2982 1411 3053 quibus
1461 2984 1532 3039 ab
1579 2985 1772 3041 eodem

196 3081 468 3159 separatus
500 3073 555 3128 in
592 3074 887 3130 solitudine
914 3075 1138 3132 minime
1167 3092 1197 3131 a
1228 3077 1482 3159 fratribus
1507 3080 1770 3159 interpel-

195 3155 322 3217 latus
347 3164 592 3235 egisset:
622 3163 926 3238 Numquam
961 3168 1180 3236 me,ait,
1206 3169 1286 3223 sol
1315 3155 1661 3227 reﬁcientem'
1688 3175 1773 3229 vi.-

198 3250 282 3310 dit.
315 3256 383 3315 Et
409 3259 509 3315 ille
542 3277 555 3313 :
588 3259 699 3317 Nec
729 3277 839 3325 me,
874 3263 1068 3334 inquit,
1101 3263 1318 3320 iratum.

717 3353 945 3412 CAPUT
982 3355 1219 3413 XXVIII.

1895 536 2043 591 anxii
2077 536 2278 594 fratres
2307 539 2774 597 circumvallantes
2815 545 3134 615 suppliciter
3174 557 3485 619 precaren-‘

1893 636 2004 696 tur,
2030 638 2095 684 ut
2116 629 2337 702 aliquod
2362 634 2445 689 eis
2474 634 2789 691 memoriale
2816 638 3151 710 mandatum,
3182 642 3332 700 velut
3357 646 3474 701 haz-

1888 723 2210 781 reditarium
2244 727 2514 797 quoddam
2546 729 2779 801 legatum
2814 731 3173 804 relinqueret,
3198 752 3294 810 per
3323 740 3471 810 quod

1888 826 2115 889 possent
2134 820 2201 874 ad
2231 820 2580 891 perfectionis
2607 822 2821 877 culmen
2847 827 3108 895 praecepti
3138 831 3465 901 compendio

1887 913 2102 969 facilius
2132 916 2438 984 pervenire,
2466 916 2828 987 ingemiscens
2859 916 2952 971 ille
2978 935 2993 971 :
3022 917 3349 991 Numquam,
3372 924 3467 993 ait,

1888 1016 2066 1065 meam
2097 1008 2202 1065 ieci
2230 1011 2585 1078 voluntatem,
2629 1024 2731 1067 nec
2774 1026 3102 1083 quemquam
3131 1013 3289 1071 docui
3325 1018 3470 1088 quod

1888 1102 2039 1171 prius
2064 1101 2182 1172 ipse
2208 1116 2317 1158 non
2348 1103 2474 1160 feci.

2448 1193 2677 1252 CAPUT
2717 1194 2912 1251 XXIX.

1890 1284 1970 1340 De
1998 1286 2178 1344 abbate
2225 1287 2460 1343 Machete
2499 1290 2630 1344 inter
2673 1288 2989 1346 Collationes
3019 1291 3281 1358 spiritales
3323 1312 3476 1354 num-

1959 1376 2116 1438 quam
2144 1360 2479 1438 darmitante,
2512 1372 2560 1416 et
2583 1377 2784 1431 semper
2824 1363 2957 1418 inter
2994 1372 3226 1420 terrenas
3265 1366 3473 1438 fabulas

1962 1430 2333 1501 οὺάρῖιηὶεηιεε

1959 1566 2205 1623 Vidimus
2226 1582 2409 1624 senem
2428 1569 2729 1626 Machetem
2754 1570 2996 1638 nomine,
3011 1586 3039 1625 a
3059 1570 3228 1627 turbis
3240 1573 3474 1633 fratrum

1885 1659 2096 1714 eminus
2124 1670 2570 1729 commorantem,
2609 1662 2746 1718 hanc
2770 1678 2800 1717 a
2832 1663 3062 1718 Domino
3091 1665 3317 1734 gratiam
3351 1668 3475 1724 diu-

1886 1752 2061 1809 turnis
2108 1754 2356 1823 precibus
2400 1755 2749 1827 impetrasse,
2799 1765 2855 1809 ut
2883 1766 3149 1827 quotquot
3179 1757 3371 1815 diebus
3403 1775 3472 1817 ac

1810 1843 1858 1903 B
1883 1845 2133 1901 noctibus
2149 1847 2442 1919 agitaretur
2454 1845 2685 1903 Collatio
2698 1848 3273 1921 Spiritalis,numquam
3289 1853 3471 1913 somni

1878 1944 2100 2008 torpore
2129 1940 2342 2009 penitus
2372 1939 2690 2007 laxaretur;
2715 1940 2759 1996 si
2802 1942 2922 2012 quis
2957 1957 3085 1998 vero
3113 1942 3468 2001 detractionis

1878 2032 2123 2103 verbum,
2151 2045 2247 2089 seu
2283 2034 2521 2090 otiosum
2553 2042 2820 2091 tentasset
2840 2036 3046 2091 inferre
3075 2077 3091 2102 ,
3124 2037 3178 2092 in
3212 2051 3471 2095 somnum

1876 2127 2126 2197 protinus
2161 2127 2503 2194 concidebat,
2552 2142 2615 2182 ac
2639 2128 2685 2181 si
2714 2144 2784 2183 ne
2814 2144 2985 2198 usque
3014 2129 3080 2184 ad
3109 2130 3319 2185 aurium
3344 2132 3472 2202 qui-

1876 2220 2000 2277 dem
2035 2219 2153 2290 ejus
2183 2220 2537 2291 pollutionem
2565 2221 2718 2276 virus
2747 2221 2986 2291 obloquii
3024 2231 3240 2291 poterat
3269 2238 3471 2293 perve-

1879 2329 2016 2371 mre.

2445 2427 2672 2487 CAPUT
2715 2427 2885 2485 XXX.

1986 2545 2239 2619 Ejusdem
2268 2548 2405 2611 senis
2434 2546 2497 2602 de
2528 2548 2734 2611 nemine
2753 2547 3049 2619 judicando
3086 2550 3359 2607 sententia.

3487 1119 3499 1233 ἰ

3487 2200 3493 2229 l

3487 2254 3495 2271 δ

3483 2276 3493 2291 Δ

1949 2683 2047 2740 ilic
2069 2685 2209 2741 idem
2234 2700 2400 2742 senex
2425 2700 2546 2741 cum
2568 2686 2877 2741 institueret
2903 2701 3002 2741 nos
3027 2687 3299 2743 neminem
3326 2688 3487 2761 (“illo

1877 2778 2060 2834 dicare
2085 2778 2501 2843 debere,intulit
2520 2780 2622 2833 tria
2642 2778 2808 2833 fuisse
2831 2780 2883 2832 in
2905 2780 3097 2849 quibus
3123 2781 3467 2851 discusserit,

1878 2870 1965 2925 vel
1996 2870 2409 2937 reprehenderit
2440 2871 2662 2938 fratres,
2698 2872 2842 2943 quod
2877 2873 3085 2928 scilicet
3110 2883 3134 2910 ε
3163 2889 3318 2929 uvam
3362 2875 3468 2938 sibi

1879 2965 2122 3019 nonnulli
2167 2974 2483 3035 paterentur
2510 2965 2775 3029 abscindi,
2809 2969 2949 3038 quod
2979 2968 3239 3025 baberent
3276 2971 3329 3025 in
3356 2971 3469 3027 ccl-

1880 3056 2003 3113 Iulis
2023 3072 2234 3123 sagum,
2258 3058 2402 3127 quod
2424 3057 2603 3112 oleum
2627 3057 3014 3113 benediceutes
3040 3061 3465 3129 exposcentibus

1876 3151 2240 3207 saecularibus
2277 3153 2499 3216 darent,
2532 3160 2587 3207 et
2614 3152 2727 3205 ha'c
2757 3154 2933 3223 omnia
2960 3168 3018 3208 se
3044 3154 3339 3212 incurrisse
3383 3155 3471 3211 dia

1799 3231 1846 3295 (ἶ
1877 3247 2054 3303 cebat.
2085 3246 2217 3302 Nam
2259 3248 2635 3319 aegritudinem
2672 3263 2789 3302 uvae
2820 3249 3167 3315 contrahens,
3203 3250 3468 3317 Tamdiu.

1876 3342 2073 3413 inquit,
2123 3344 2241 3413 ejus
2283 3343 2545 3413 languore
2574 3342 2832 3410 distabui,
2878 3344 3051 3399 donec
3099 3355 3205 3397 tam
3255 3343 3470 3400 doloris

197 3437 433 3515 Ejusdem
464 3446 663 3503 abbatis
699 3445 918 3504 Joannis
952 3454 1069 3524 jam
1113 3453 1407 3507 moribundi
1437 3455 1633 3529 insigne
1673 3457 1765 3511 do-

1881 3437 2198 3491 necessitate
2249 3452 2407 3506 quam
2454 3437 2728 3493 seniorum
2782 3438 3025 3491 omnium
3077 3436 3464 3492 adhortatione

816 3530 1126 3578 ramentum.

256 3604 521 3667 Eumdem
546 3624 734 3668 senem
754 3626 875 3669 cum
898 3614 1129 3671 alacrem
1156 3624 1433 3688 tamquam
1451 3619 1518 3673 ad
1545 3620 1762 3690 propria

1874 3529 2187 3599 compulsus
2218 3530 2462 3585 abscindi
2492 3546 2610 3584 eam
2643 3530 3036 3599 permitterem.
3084 3528 3249 3596 Cuius
3289 3530 3457 3584 etiam

1876 3622 2206 3676 infirmitatis
2229 3624 2456 3679 obtentu
2479 3622 2500 3661 ί
2533 3637 2721 3692 sagum
2751 3636 2970 3691 quoque
3002 3620 3206 3674 habere
3236 3629 3460 3677 coactus

1253 3726 1510 3785 ALARDI
1547 3728 1779 3793 ΟΑΖΑΞΙ
1815 3729 2377 3788 COMMENTARIUS.

258 3823 282 3853 ⁸
318 3818 393 3874 Ita
424 3821 685 3875 nimirum
716 3836 879 3891 parce
901 3833 955 3877 et
987 3823 1218 3878 tenuiter
1247 3821 1443 3877 edebat
1476 3823 1647 3879 bonus
1672 3825 1765 3879 ille

193 3900 369 3955 senex,
390 3892 711 3962 utbospites
728 3894 1083 3953 nihilominus
1107 3895 1173 3947 ad
1197 3893 1466 3948 edendum
1491 3894 1762 3961 invitaret,

193 3967 241 4012 et
266 3972 381 4027 post
410 3973 627 4018 sextam
658 3965 1007 4020 refectionem
1036 3965 1211 4020 adhuc
1240 3966 1492 4018 esuriret.
1526 3965 1614 4019 Sic
1648 3967 1766 4020 Pal-

195 4027 358 4087 ladius
388 4037 443 4090 in
465 4035 701 4107 Hismria
735 4036 989 4091 Lausiacn
1020 4037 1210 4091 scribit
1230 4035 1496 4090 Isidorum
1531 4038 1759 4107 presby-

194 4107 378 4169 lu'um,
408 4110 580 4162 etiam
601 4106 649 4161 si
672 4107 908 4177 quotidie
941 4117 1144 4163 tantum
1172 4108 1276 4162 cibi
1305 4114 1565 4175 sumeret,
1594 4106 1765 4177 quan-

194 4177 298 4227 tum
343 4178 480 4233 eatis
529 4186 675 4233 esset
730 4178 797 4233 ad
846 4193 1046 4250 corpus
1092 4180 1531 4244 sustentandum;
1585 4190 1764 4234 tamen

193 4255 429 4320 magnam
455 4252 831 4319 temperantim
854 4250 1066 4305 laudem
1097 4251 1235 4320 apud
1259 4264 1450 4305 omnes
1472 4252 1758 4317 meruisse,

195 4317 648 4390 quodnumqnam
678 4330 829 4376 satur
857 4337 886 4376 a
913 4337 1096 4377 mensa
1127 4317 1474 4376 surrexisset.

259 4384 286 4462 Ρ
322 4384 521 4447 Simile
536 4392 841 4462 exemplum
867 4392 1034 4448 refert
1058 4393 1214 4449 Joan.
1234 4393 1488 4448 Moschus
1515 4394 1566 4447 in
1596 4392 1762 4448 Prato

1875 3826 2087 3896 Scythi,
2121 3825 2235 3880 sive
2268 3825 2439 3892 Sceti,
2471 3824 2758 3896 sanctitate
2800 3822 2986 3896 itidem
3019 3823 3213 3877 claruit
3244 3822 3464 3893 (Petrus

1870 3897 1924 3949 in
1949 3894 2183 3967 Catalog.
2217 3897 2307 3950 lib.
2353 3911 2410 3949 lli
2448 3912 2501 3967 κε.
2536 3894 2694 3967 157),
2727 3894 2881 3964 cujus
2910 3894 3072 3949 etiam
3123 3896 3326 3951 mentio
3370 3897 3465 3952 ha.

1874 3968 2030 4021 betur
2064 3964 2203 4021 infra
2248 3984 2366 4037 cap.
2400 3966 2491 4029 40,
2532 3964 2816 4037 eidemque
2848 3980 2878 4019 a
2904 3967 3162 4020 Cassiano
3208 3968 3463 4026 tribuitur

1871 4038 2102 4092 Collatia
2149 4036 2360 4094 decima
2406 4039 2591 4111 nonat
2622 4036 2747 4090 Vide
2783 4037 2909 4092 ibid.
2956 4052 3073 4111 cap.
3106 4039 3131 4092 1
3162 4038 3227 4111 in
3261 4039 3461 4111 notis),

1871 4125 1989 4180 quae
2033 4110 2209 4165 estde
2240 4111 2349 4165 line
2389 4110 2676 4165 coenobitaa
2728 4119 2778 4162 ct
2825 4110 3085 4172 ercmitaa,
3136 4109 3229 4163 ubi
3278 4109 3461 4178 docet,

1867 4197 2030 4249 quam
2058 4182 2129 4237 ob
2158 4196 2376 4237 causam
2409 4181 2598 4237 relicta
2628 4196 2814 4236 eremo
2837 4194 2897 4234 se
2919 4181 2985 4233 ad
3018 4180 3185 4234 vitam
3215 4181 3463 4238 cmuobi-

1870 4252 2033 4307 ticam
2068 4254 2412 4308 contulisset.

1942 4334 1967 4361 θ
2013 4324 2121 4380 Uva
2148 4325 2254 4379 hoc
2279 4329 2397 4379 loco
2421 4338 2527 4378 non
2554 4324 2762 4379 fructus
2784 4322 2907 4378 vitis
2927 4332 3039 4388 est;
3084 4324 3181 4378 sed
3208 4325 3460 4394 pellicula

1864 4397 2113 4466 qumdam
2148 4398 2198 4450 in
2227 4398 2414 4451 intima
2452 4396 2568 4451 oris
2596 4408 2772 4465 parte,
2805 4410 2898 4449 seu
2925 4395 3032 4449 line
3058 4396 3226 4467 palati
3261 4397 3461 4460 depen-

193 4456 367 4535 spirit.
391 4463 459 4535 de
492 4456 778 4519 monachis
804 4465 1121 4532 quibusdam
1154 4464 1434 4520 Scitbiotis
1467 4482 1480 4517 :
1511 4462 1651 4529 Vidi,
1682 4464 1765 4518 in-
1865 4456 2001 4523 deus
2040 4470 2181 4522 circa
2226 4468 2438 4530 fauces,
2470 4476 2528 4521 ut
2558 4456 2610 4520 ni
2641 4456 2825 4521 hiante
2857 4456 3078 4520 nomine
3121 4456 3461 4535 conspicitur

196 4530 326 4596 quit,
351 4533 461 4588 illic
490 4551 661 4602 senes,
695 4536 784 4606 qui
824 4530 928 4589 nisi
954 4537 1066 4605 quis
1095 4536 1163 4588 ad
1202 4551 1287 4589 eos
1327 4537 1562 4600 venisset,
1613 4552 1763 4588 num-

199 4614 341 4677 quam
368 4605 635 4677 sumebant
664 4608 833 4673 cibum
852 4623 869 4660 :
889 4606 1020 4661 inter
1062 4623 1187 4677 quos
1219 4615 1329 4659 erat
1367 4623 1524 4661 aenea:
1550 4607 1760 4671 quidam

201 4672 483 4750 Ammonius
506 4678 731 4744 nomine,
745 4680 905 4750 juxta
930 4695 1011 4750 me
1034 4672 1266 4750 manens,
1282 4679 1447 4750 cujus
1478 4676 1760 4750 ego'rsciens

196 4747 628 4814 consuetudinem,
653 4747 910 4819 per'omne
934 4748 1197 4803 sabbatum
1221 4749 1289 4801 ad
1309 4748 1455 4803 illum
1478 4749 1756 4819 veniebam,

192 4819 244 4888 {ﬂ
269 4828 469 4888 propter
493 4816 769 4875 adven—tum
802 4836 969 4874 meum
997 4826 1216 4875 sumeret
1255 4820 1439 4888 cibum.
1487 4816 1760 4885 [lababant

196 4880 284 4936 hoc
310 4880 481 4962 eritne:
519 4891 849 4962 generaliter,
880 4891 1017 4960 quod
1047 4906 1364 4960 quacumque
1386 4884 1519 4943 liora
1546 4880 1762 4962 accede-

190 4967 296 5009 rent
316 4958 499 5032 aliqui,
520 4958 881 5032 permittebant
895 4958 1017 5016 illas
1040 4958 1322 5015 orationem
1342 4961 1529 5032 facere,
1556 4959 1762 5030 illisque

190 5030 447 5104 orantibus
468 5030 568 5104 ipsi
598 5050 827 5091 mensam
857 5032 1204 5104 apponebant,
1241 5042 1291 5086 et
1325 5030 1566 5088 continuo
1592 5033 1759 5087 cibum

189 5101 468 5178 salutabant.
488 5101 621 5178 Haec
652 5105 721 5159 ibi
757 5106 773 5175 (
958 5103 1089 5178 )-

258 5172 613 5249 f_Ciaconius
660 5172 1055 5249 correxi'tzAd
1070 5192 1289 5249 senem,
1344 5177 1515 5249 magis
1568 5174 1762 5249 Latine

188 5240 431 5314 quidem;
459 5247 553 5302 sed
586 5256 771 5303 noster
794 5262 895 5302 ms.
919 5257 972 5301 et
991 5248 1078 5302 alii
1109 5240 1325 5302 codices
1344 5240 1544 5304 habent
1569 5266 1582 5301 :
1605 5248 1762 5314 Apud

188 5322 350 5390 {quem
383 5312 634 5390 Plenum.
668 5318 959 5390 Dionysius
989 5318 1242 5373 Pltesium
1287 5320 1546 5373 nominat.
1588 5312 1763 5373 Palla-

193 5377 309 5459 djus
335 5385 389 5459 in
424 5385 681 5443 Lausiaca
713 5390 780 5443 de
809 5377 1013 5444 i’aresio
1041 5391 1270 5457 quodam
1301 5389 1488 5444 scribit
1517 5400 1572 5444 et
1603 5391 1757 5443 Esaia

189 5455 298 5533 ejus
329 5455 494 5514 fratre
524 5460 658 5515 :sed
687 5476 754 5516 an
783 5462 827 5516 is
849 5462 917 5533 sit
948 5455 1171 5528 Ρωεῖιιε,
1208 5462 1277 5517 de
1299 5476 1403 5531 quo
1447 5461 1536 5516 hic
1563 5461 1758 5533 agitur,

188 5524 512 5604 nullocerto
541 5532 739 5588 indicio
767 5532 947 5604 colligi
977 5524 1172 5598 potest.

255 5592 441 5676 {non
473 5604 584 5676 ille,
616 5614 673 5659 ut
707 5592 923 5673 Opinor:
950 5592 1234 5676 Egyptius
1277 5604 1579 5675 superioris
1624 5603 1763 5676 Tlte—

192 5661 362 5747 baidis
392 5661 715 5747 anachoreta
745 5661 1275 5744 proplt'eticbds'piritu
1298 5661 1498 5740 cl'arus,
1542 5686 1598 5730 ct
1625 5673 1757 5728 Cas-

189 5744 338 5817 fjauo
367 5744 663 5815 antiquior,
717 5746 867 5815 cujus
901 5748 1175 5817 praeclara:
1224 5748 1453 5803 virtutes
1480 5747 1762 5815 superiore

191 5804 330 5890 libro
359 5804 849 5890 commemorantur
881 5804 1031 5890 (Lib.
1064 5835 1120 5874 1v
1144 5836 1258 5884 cap.
1289 5817 1358 5875 25
1379 5828 1427 5873 et
1458 5804 1562 5889 seq:
1586 5816 1637 5890 );
1665 5818 1759 5873 88d

196 5878 330 5939 alius
354 5886 596 5960 eiusdem
641 5878 957 5949 nominis‘et
984 5878 1359 5965 professionis,
1384 5893 1476 5969 qui
1501 5878 1555 5947 in
1580 5878 1761 5949 eremo

1785 4574 1840 4636 D

1867 4538 2078 4611 (Caelius
2124 4536 2355 4608 Rhedig.
2395 4540 2431 4592 l.
2474 4554 2527 4593 1v
2564 4541 2742 4610 Antiq.
2792 4539 2907 4591 lect.
2954 4554 3000 4589 ε.
3034 4535 3173 4611 14))
3206 4539 3282 4611 sic
3312 4539 3458 4596 dicta

1865 4609 1991 4680 quia
2036 4612 2207 4664 instar
2231 4624 2351 4663 uvis:
2391 4609 3020 4678 rotundttlmdependel,
3048 4619 3102 4662 et
3131 4609 3456 4666 humiditate

1866 4684 2125 4744 variatur,
2160 4690 2349 4751 estque
2378 4680 2527 4735 vocis
2560 4680 2891 4736 moderatrix
2920 4697 2935 4746 ;
2966 4690 3022 4734 et
3062 4682 3354 4749 aliquando
3383 4684 3455 4738 ad

1864 4750 2273 4807 similitudinem
2296 4769 2411 4805 uva:
2429 4753 2742 4807 intumescit
2763 4768 2884 4806 cum
2908 4751 3221 4808 vehementi
3244 4750 3457 4809 inﬂant,

1864 4825 2108 4879 matione
2133 4840 2197 4879 ac
2222 4824 2431 4880 dolore.
2466 4824 2603 4879 Hinc
2624 4824 2864 4880 Serenus
2893 4834 3053 4895 poeta
3086 4840 3098 4876 :

1987 4938 2286 5001 Egrescunt
2313 4944 2503 4989 tenera
2525 4938 2708 4999 fauces,
2737 4952 2845 4988 cum
2866 4937 3070 5000 frigoris
3094 4950 3179 4990 ora

1986 5000 2077 5063 Υἱὲ
2097 5002 2264 5061 subiit,
2292 5002 2373 5050 vel
2396 5004 2691 5052 cumxeutis
2723 5003 2971 5063 agitabilis
2990 5015 3077 5052 aer

1987 5062 2231 5125 Vertitur,
2255 5071 2403 5127 atque
2424 5064 2554 5127 ipsas
2569 5064 2712 5115 ﬂatus
2733 5062 2900 5128 gravis
2917 5063 3069 5115 inﬁcit
3092 5078 3227 5115 uvas.

1862 5172 2096 5229 Sortitur
2125 5182 2304 5246 autem
2333 5174 2435 5229 hoc
2466 5175 2589 5229 mali
2612 5190 2782 5246 genus
2819 5191 3015 5231 nomen
3045 5173 3288 5246 duplex:
3321 5187 3448 5246 nam

1865 5246 1910 5299 si
1957 5254 2182 5301 teretem
2227 5242 2688 5315 babeatfigurain.
2719 5262 2747 5301 a
2781 5248 3046 5301 columnae
3094 5242 3450 5315 similitudine

1865 5317 2156 5372 columella
2204 5316 2444 5384 dicitur;
2488 5320 2574 5373 sin
2617 5334 2747 5374 vero
2789 5320 2839 5371 in
2878 5320 3065 5370 orbem
3099 5314 3369 5381 globetur,
3415 5330 3449 5372 a

1865 5388 2064 5463 Grn'cis
2104 5391 2355 5463 σταφυλή,
2388 5405 2415 5443 a
2448 5389 2653 5444 Latinis
2700 5404 2838 5463 uan
2871 5386 3135 5463 vcl_trv_ItIa
3185 5392 3447 5463 vocatur;

1863 5462 2017 5529 Cujus
2040 5478 2096 5512 sn
2119 5479 2182 5530 pe
2208 5452 2453 5515 meminit
2486 5463 2684 5513 l'linius
2705 5463 2755 5511 in
2779 5457 3012 5530 Ilistoria‘
3042 5452 3274 5530 Satura“
3302 5454 3444 5523 (Lib.

1863 5524 2002 5587 xxvc.
2031 5534 2096 5588 ’18
2122 5524 2171 5585 ἐι
2199 5532 2383 5603 alibi).
2418 5533 2551 5584 "Ile
2580 5530 2789 5595 morbo,
2827 5536 2882 5578 nt
2908 5524 3347 5603 verirituilehest,
3375 5542 3444 5586 ex

1862 5604 2133 5672 frequenti
2168 5612 2218 5655 et
2256 5593 2571 5668 quntidiuno
2601 5614 2753 5672 autne
2779 5593 2917 5672 vpottl
2949 5596 3165 5649 obnoxii
3215 5593 3289 5672 illi
3315 5614 3443 5672 ‘mo-

1863 5666 2022 5729 naclti
2050 5666 2295 5727 Solebant
2325 5686 2483 5727 uvam
2526 5669 2855 5735 pragcidcre;
2888 5666 2955 5721 de
2984 5683 3086 5736 qua
3113 5669 3441 5736 praecisione

1861 5745 2143 5800 Cornelius
2168 5744 2357 5797 Celsus
2392 5741 2483 5794 lib.
2511 5755 2565 5793 tv
2597 5754 2715 5806 cap.
2758 5739 2843 5794 i2.

1939 5815 1958 5852 ἵ
1999 5817 2199 5881 Sagum
2239 5813 2375 5880 apud
2420 5811 2692 5865 Romanos
2742 5814 2973 5867 militare.
3017 5812 3434 5877 indumentum,

1862 5885 2007 5960 quod
2035 5882 2201 5939 armis
2224 5882 2733 5958 superinduebatur,
2768 5896 2826 5941 ut
2853 5900 2921 5941 ex
2951 5883 3252 5961 Philippica
3277 5888 3436 5941 Cice-
