4016 6202
1692 256 1722 282 1;,
1729 255 1784 273 ρ.

506 316 660 384 ι247

1860 315 2142 373 JOANNIS
2177 317 2488 376 CASSIANI
2861 351 2878 356 —
3677 323 3761 380 948

556 446 698 487 sum.
744 438 771 466 ι
799 431 991 486 Oleum
1018 430 1179 486 etiam
1224 430 1542 486 benedicere
1587 445 1653 485 ac
1699 429 2124 500 supplicantibus
2152 439 2293 498 Aac
2308 431 2634 503 spiritalibus
2649 432 2975 504 disputaret,
2999 434 3764 506 eosquevideretclethteoquo-

496 589 499 591 _
557 524 708 590 dare,
722 523 864 594 quod
889 538 999 594 prae
1025 523 1275 579 omnibus
1295 522 1644 590 exsecrabar,
1674 532 1861 592 utpote
1883 522 2131 592 judicans

557 614 691 669 illud
720 631 786 670 ex
815 631 1006 686 magna
1053 616 1232 671 cordis
1279 615 1705 685 prtesumptione
1751 615 2086 671 descendere
2113 656 2128 680 ,

491 763 500 786 ί
559 708 1018 765 circumdantibus
1059 725 1145 766 me
1170 718 1393 779 repente
1431 708 1782 764 saecularibus
1822 710 2026 774 multis,
2059 708 2132 763 ita

451 802 505 869 ⁸,
559 802 883 857 constrictus
927 818 1067 867 sum,
1110 813 1170 856 ut
1197 803 1356 857 aliter
1404 816 1496 858 eos
1543 801 1848 857 nullatenus
1900 800 2132 856 evadere

560 906 797 961 possem,
837 894 940 949 nisi
969 910 1000 950 a
1028 909 1116 950 me
1140 908 1347 949 summa
1377 894 1429 949 vi
1463 902 1518 950 et
1543 894 1995 950 obtestationibus
2040 908 2135 949 ex-

559 987 865 1056 torsissent,
905 999 964 1043 ut
1001 988 1183 1043 oblato
1217 989 1284 1042 ab
1313 989 1392 1043 eis
1432 987 1651 1043 vasculo
1692 1003 1910 1042 manum
1956 1001 2134 1042 meam

495 1061 504 1068 ’
558 1079 826 1148 impresso
852 1079 1029 1135 crucis
1065 1079 1343 1150 signaculo
1372 1094 1796 1150 superponerem
1824 1097 1836 1132 :
1861 1079 2044 1149 itaque
2071 1093 2130 1134 se

517 1184 520 1188 '
556 1174 840 1230 credentes
868 1173 1265 1229 benedictionis
1295 1174 1473 1228 oleum
1505 1183 1834 1229 consecutos
1861 1213 1877 1241 ,
1911 1171 2131 1228 tandem

559 1280 650 1321 me
691 1265 984 1335 aliquando
1030 1265 1364 1321 relaxarunt.
1415 1264 1622 1331 Quibus
1667 1265 1799 1320 mihi
1849 1264 2136 1320 manifeste

561 1368 896 1428 compertum
940 1367 1044 1423 est,
1097 1358 1288 1412 iisdem
1320 1357 1499 1412 causis
1543 1371 1605 1413 ac
1635 1356 1785 1412 vitiis
1812 1357 2135 1412 monachum

563 1450 816 1520 obligari,
845 1451 896 1504 in
926 1449 1119 1519 quibus
1148 1449 1216 1505 de
1255 1450 1376 1505 aliis
1413 1449 1658 1521 judicare
1707 1449 2132 1521 praesumpserit.

559 1539 590 1578 ι)
619 1541 844 1610 Oportet
877 1555 1008 1610 ergo
1039 1557 1473 1612 unumquemque
1511 1541 1865 1611 semetipsum
1891 1540 2138 1611 judicare

563 1631 954 1698 tantummodo,
984 1639 1039 1687 et
1059 1634 1455 1705 circumspecte
1489 1643 1753 1702 cauteque
1784 1633 2055 1688 custodire
2083 1633 2140 1688 in

559 1723 832 1789 omnibus,
850 1737 956 1778 non
979 1707 1208 1780 aliorum
1227 1725 1696 1781 conversationem
1717 1726 1994 1795 vitamque
2016 1726 2139 1781 dis-

559 1825 775 1881 cutere,
826 1817 1120 1872 secundum
1170 1819 1299 1873 illud
1339 1819 1585 1889 Apostoli
1655 1830 1983 1889 praeceptum
2014 1841 2027 1876 :
2055 1818 2214 1886 TuB

559 1915 755 1974 autem,
778 1909 902 1978 quid
922 1910 1134 1977 judicas
1164 1914 1379 1980 fratrem
1405 1913 1591 1966 tuum?
1616 1927 1710 1964 suo
1739 1911 1961 1966 Domino
2005 1921 2132 1978 stat,

560 2009 653 2055 aut
701 2003 839 2056 cadit
867 2004 1054 2074 (Rom.
1083 2021 1171 2060 XIV
1191 2004 1231 2075 ).
1277 2005 1345 2059 Et
1375 2006 1542 2061 illud:
1570 2006 1750 2061 Nolite
1778 2008 2046 2079 judicare,
2081 2015 2140 2060 ut

563 2111 669 2147 non
696 2096 1022 2164 iudicemini.
1051 2095 1118 2150 In
1144 2114 1243 2168 quo
1269 2099 1405 2152 enim
1421 2098 1626 2169 judicio
1639 2099 2023 2171 judicaveritis,
2047 2101 2141 2170 ju-

562 2186 856 2242 dicabimini
884 2189 1112 2259 (Matth.
1139 2189 1266 2262 vn).
1299 2191 1503 2248 Praeter
1534 2193 1670 2247 hanc
1697 2193 1838 2249 enim
1868 2209 2026 2263 quam
2058 2194 2141 2248 di-

564 2282 745 2336 ximus
785 2297 1024 2350 causam,
1056 2284 1217 2338 etiam
1247 2285 1318 2339 ob
1347 2286 1449 2341 hoc
1482 2287 1727 2355 judicare
1755 2286 1824 2342 de
1846 2287 1968 2342 aliis
1999 2289 2142 2358 peri-

562 2377 809 2431 culosum
837 2387 940 2444 est,
977 2379 1121 2449 quod
1153 2381 1472 2448 ignorantes
1500 2384 1588 2439 vel
1617 2386 2022 2454 necessitatem,
2054 2385 2140 2442 vel

564 2471 830 2524 rationem
852 2486 954 2540 qua
976 2472 1054 2526 illi
1077 2472 1193 2528 haec
1214 2474 1267 2528 in
1290 2476 1483 2543 quibus
1505 2476 1852 2548 offendimur,
1877 2490 1970 2534 aut
1991 2489 2142 2537 recte

566 2577 752 2616 coram
783 2563 916 2632 Deo,
949 2574 1037 2619 aut
1065 2565 1350 2623 venialiter
1379 2581 1566 2640 agunt,
1609 2571 1912 2629 invenimur
1931 2589 2026 2629 eos
2055 2584 2141 2631 te-

567 2671 718 2713 mere
737 2657 1032 2727 judicasse,
1066 2670 1120 2716 et
1143 2677 1240 2732 per
1264 2663 1365 2718 hoc
1389 2665 1724 2721 admittimus
1749 2682 1856 2722 non
1881 2669 1998 2724 leve
2025 2683 2142 2740 pec-

565 2757 764 2816 catum,
796 2765 949 2806 secus
977 2769 1135 2824 quam
1165 2765 1376 2826 oportet
1401 2756 1470 2812 de
1496 2757 1758 2814 fratribus
1799 2761 2002 2816 nostris
2035 2761 2138 2815 ali-

566 2841 696 2912 quid
716 2844 1032 2901 sentientes.

1128 2940 1352 2998 CAPUT
1394 2943 1582 2999 XXXI.

565 3047 861 3130 Increpatio
891 3053 1117 3130 ejusdem
1140 3056 1294 3130 senis,
1341 3073 1458 3130 cum
1487 3061 1672 3128 fratres
1711 3059 1843 3113 inter
1883 3060 2140 3130 spiritales

641 3119 954 3202 pollutiones
989 3119 1344 3202 dormitantes,
1375 3129 1442 3181 ad
1473 3119 1822 3184 narrationem
1859 3119 2034 3185 otiosa:
2062 3135 2143 3202 {a-

639 3192 774 3247 bulae
800 3195 1004 3248 vidisset
1028 3199 1429 3269 expergefactos.

637 3311 736 3367 llic
775 3311 916 3366 idem
964 3327 1132 3368 senex
1161 3314 1462 3369 otiosarum
1510 3315 1814 3371 fabularum
1865 3315 2143 3372 diabolum

573 3420 696 3460 esse
742 3405 1030 3474 fautorem,
1083 3422 1146 3462 ac
1195 3409 1517 3477 spiritalium
1577 3411 1927 3466 collationum
1976 3412 2151 3482 impu-

571 3508 857 3568 gnatorem
897 3517 1111 3571 semper
1137 3507 1394 3572 existere,
1430 3504 1516 3560 his
1555 3505 1856 3561 declaravit
1907 3506 2146 3563 indiciis.

568 3593 703 3649 Nam
743 3611 865 3651 cum
894 3595 1151 3653 fratribus
1177 3597 1495 3668 quibusdam
1533 3598 1602 3654 de
1632 3601 1795 3656 rebus
1823 3601 2147 3655 necessariis

2233 525 2357 579 dam
2380 539 2572 594 sopore
2592 524 2852 596 demergi,
2876 541 2974 582 nec
2994 542 3152 597 posse
3181 529 3250 582 ab
3276 527 3447 582 oculis
3460 527 3572 582 suis
3593 527 3764 598 pondus

2233 618 2718 688 somnidepellere;
2744 620 2968 675 otiosam
2991 628 3212 690 repente
3233 620 3464 676 fabulam
3487 620 3763 676 introduxit.

2235 713 2316 768 Ad
2336 713 2488 784 cujus
2509 713 2916 769 oblectationem
2938 729 3058 770 cum
3076 730 3170 770 eos
3191 715 3481 786 evigilasse
3500 715 3768 779 confestim,

2236 815 2445 861 erectas
2475 820 2634 861 aures
2663 821 2787 860 suas
2810 805 3008 862 habere
3033 806 3276 872 vidisset,
3313 807 3662 876 ingemiscens
3687 808 3771 863 ait.

2235 895 2386 951 Nunc
2409 911 2578 966 usque
2601 896 2668 952 de
2694 896 2856 951 rebus
2879 897 3185 953 etelestibus
3215 897 3587 966 loquebamur,
3609 906 3660 952 et
3675 913 3768 952 om-

2237 987 2384 1042 nium
2413 998 2652 1042 vestrum
2681 988 2818 1042 oculi
2850 988 3038 1042 letbali
3070 989 3402 1044 dormitione
3423 989 3770 1058 deprimeban-

2237 1092 2353 1149 tur;
2382 1092 2439 1138 at
2459 1097 2580 1138 cum
2611 1082 2786 1138 otiosa
2817 1081 2996 1138 fabula
3019 1082 3334 1138 intromissa
3363 1093 3466 1150 est,
3508 1097 3681 1138 omnes
3696 1099 3766 1138 ex.

2238 1175 2534 1247 pergefacti
2564 1184 2839 1247 torporem
2869 1175 3043 1230 somni
3086 1176 3418 1230 dominantis
3450 1177 3774 1231 excussimus.

2239 1267 2340 1323 Vel
2365 1283 2432 1323 ex
2457 1269 2563 1322 hoc
2589 1283 2718 1337 ergo
2750 1267 3092 1337 perpendite,
3124 1267 3372 1337 quisnam
3401 1267 3701 1323 Collationis
3720 1268 3776 1321 il-

2240 1358 2344 1414 lius
2369 1359 2625 1430 spiritalis
2652 1359 2816 1414 fuerit
2841 1361 3204 1430 impugnator,
3251 1368 3346 1414 aut
3375 1360 3496 1429 quis
3531 1359 3677 1429 hujus
3703 1360 3777 1414 in-

2240 1450 2532 1506 fructuosae
2554 1459 2716 1520 atque
2742 1450 2976 1506 carnalis
3003 1451 3302 1505 insinuatur
3346 1453 3558 1506 cxistat.
3595 1450 3680 1505 llle
3705 1458 3776 1504 et-

2242 1544 2387 1600 enim
2430 1559 2550 1600 esse
2581 1545 3020 1600 manifestissime
3055 1545 3502 1615 deprehenditur,
3533 1545 3618 1616 qui
3642 1544 3780 1598 malis

2242 1636 2570 1707 adgaudens,
2615 1637 2701 1694 vel
2742 1638 2901 1692 istam
2951 1636 3150 1703 fovere,
3184 1638 3272 1693 vel
3309 1637 3460 1693 illam
3491 1638 3779 1708 impugnare

2243 1742 2348 1783 non
2373 1727 2590 1784 desinit.

2781 1820 3008 1878 CAPUT
3049 1819 3264 1876 XXXII.

2380 1914 2456 1969 De
2481 1913 2728 1987 epistolis,
2758 1915 3053 1983 priusquam
3073 1904 3379 1984 legerentur,
3409 1915 3644 1968 incensis.

2309 2005 2418 2062 Nec
2446 2007 2624 2061 minus
2649 2021 2862 2075 quoque
2886 2005 2987 2061 hoc
3011 2021 3147 2075 cpus
3169 2005 3350 2061 fratris
3371 2022 3499 2077 erga
3529 2007 3786 2077 puritatem

2239 2102 2320 2156 sui
2342 2102 2520 2158 cordis
2548 2101 2760 2165 intenti,
2791 2109 2846 2156 et
2873 2115 3003 2171 erga
3032 2101 3546 2170 contemplationem
3575 2099 3788 2155 divinam

2239 2194 2395 2248 valde
2422 2193 2656 2259 solliciti,
2684 2195 3496 2264 commemorarqnecessarium
3523 2193 3787 2263 reor;qui,

2242 2301 2362 2341 cum
2390 2286 2439 2340 ei
2468 2294 2587 2354 post
2621 2301 2791 2340 annos
2816 2285 3129 2355 quindecim
3165 2285 3333 2354 patris
3360 2301 3424 2340 ac
3463 2287 3647 2340 matris
3671 2287 3792 2339 ami-

2243 2395 2539 2450 corumque
2565 2379 2852 2450 multorum
2879 2375 2905 2415 ά
2928 2379 2995 2434 de
3023 2379 3298 2449 provincia
3325 2378 3484 2436 Ponti
3511 2381 3794 2450 complures

2243 2445 2486 2543 epistola:
2515 2472 2713 2527 delatae
2743 2445 2990 2539 fuigsent,
3013 2445 3283 2542 accipiens
3308 2474 3567 2544 grandem
3592 2445 3794 2529 fascicu-

2243 2565 2352 2619 lum
2398 2563 2726 2629 litterarum,
2761 2564 2961 2635 diuque
2989 2568 3130 2635 apud
3160 2567 3511 2635 semetipsum
3560 2567 3792 2631 volvens,

2241 2656 2597 2725 Quantarum,
2645 2656 2838 2727 inquit,
2890 2658 3280 2729 cogitationum
3326 2675 3491 2714 causa
3534 2661 3635 2714 erit
3681 2645 3795 2714 mihi

2243 2750 2432 2805 harum
2458 2750 2644 2815 lectio,
2672 2765 2792 2820 quae
2818 2764 2906 2806 me
2930 2752 3016 2804 vel
3045 2751 3111 2805 ad
3143 2752 3302 2806 inane
3328 2752 3606 2822 gaudium,
3635 2752 3712 2806 vel
3735 2750 3794 2804 ad

2149 2919 2151 2921 ι
2243 2843 2488 2898 tristitias
2512 2841 2876 2898 infructuosos
2901 2843 3210 2912 impellent!
3237 2844 3378 2910 Quot
3408 2844 3596 2899 diebus
3625 2844 3797 2897 horum

2244 2937 2620 2994 recordatione
2648 2937 2738 3008 qui
2783 2937 3136 3005 scripserunt,
3171 2937 3529 2992 intentionem
3579 2940 3793 3007 pectoris

2243 3031 2350 3086 mei
2381 3047 2410 3086 a
2453 3032 2727 3102 proposita
2778 3030 3236 3099 contemplatione
3277 3030 3636 3084 revocabunt!
3686 3031 3801 3084 Post

2245 3134 2503 3195 quantum
2529 3124 2786 3194 temporis
2809 3122 3086 3195 dirigenda
3107 3133 3189 3178 est
3209 3123 3326 3179 lucc
3347 3126 3545 3180 mentis
3565 3131 3800 3192 concepta

2175 3209 2222 3273 C
2251 3220 2516 3283 confusio,
2545 3228 2854 3289 quantoque
2882 3218 3067 3274 labore
3090 3233 3277 3273 rursus
3300 3217 3399 3272 iste
3423 3218 3803 3288 tranquillitatis

2254 3311 2587 3383 reparandas
2623 3320 2707 3366 est
2749 3318 2944 3377 status,
2989 3311 3035 3364 si
3067 3311 3233 3366 semel
3280 3309 3492 3364 animus
3523 3312 3802 3365 litterarum

2249 3417 2529 3478 permotus
2572 3403 2790 3470 affectu,
2831 3419 3132 3474 eorumque
3161 3402 3496 3459 recensendo
3543 3415 3806 3458 sermones

2250 3515 2313 3554 ac
2337 3499 2538 3564 vultus,
2563 3511 2698 3568 quos
2726 3505 2874 3551 tanto
2906 3505 3149 3567 tempore
3173 3496 3482 3566 dereliquit,
3509 3497 3698 3551 iterum
3723 3508 3806 3549 eos

2247 3594 2505 3659 revisere,
2555 3591 2795 3661 ipsisque
2837 3589 3177 3657 cohabitare,
3213 3598 3269 3644 et
3310 3589 3492 3643 animo
3530 3603 3593 3643 ac
3637 3593 3805 3642 mente

1644 3762 1903 3817 ALARDI
1940 3759 2171 3818 GAZtEI
2205 3754 2771 3816 COMMENTARIUS.

572 3884 723 3938 ronis
763 3892 950 3938 octava
993 3883 1259 3953 colligitur
1290 3899 1304 3947 ;
1330 3881 1515 3938 Graece
1535 3883 1713 3954 σάγος.
1739 3881 1898 3951 Apud
1935 3881 2144 3935 Cassia-

576 3971 704 4008 num
737 3969 867 4008 vero
899 3963 953 4006 et
989 3956 1131 4022 apud
1163 3955 1459 4007 monachos
1512 3953 1632 4007 illos
1668 3964 1784 4007 erat
1807 3968 1977 4020 genus
2008 3960 2148 4005 stra-

575 4027 714 4092 gulae
735 4026 921 4087 vestis,
953 4027 1036 4078 vel
1061 4024 1281 4093 pallium
1300 4024 1572 4088 villosum,
1601 4039 1706 4089 quo
1727 4022 1955 4076 subinde
1977 4036 2148 4092 aegro-

578 4104 752 4148 tantes
805 4105 1002 4163 praaler
1059 4095 1272 4147 solitum
1328 4095 1634 4155 utebantur,
1666 4094 2022 4163 velutgcoacti
2054 4100 2150 4148 :ut

578 4167 667 4218 llic
694 4161 949 4218 innititur.
980 4166 1172 4232 Sagum
1197 4167 1358 4232 etiam
1383 4165 1637 4216 rusticum
1669 4161 1930 4216 Hilarioni
1963 4164 2149 4218 tribuit

577 4237 643 4289 D.
677 4236 1036 4304 Hieronymus
1060 4231 1084 4302 ί(
1112 4233 1226 4286 Vita
1257 4231 1613 4304 Hilarionis).

653 4317 676 4340 υ
719 4307 794 4358 De
825 4303 944 4359 oleo
973 4321 1001 4357 a
1034 4305 1271 4371 patribus
1315 4303 1580 4369 benedici,
1632 4313 1686 4358 ct
1733 4304 2038 4373 petentibus
2088 4306 2154 4359 ad

581 4378 916 4431 curationem
969 4375 1339 4429 inlirmilatum
1386 4375 1500 4428 dari
1545 4375 1702 4430 solito
1751 4375 1959 4432 dicetur
2019 4375 2152 4430 alias

581 4445 804 4516 (Collat.
834 4447 864 4500 7
894 4464 941 4500 ε.
965 4444 1076 4514 26).

657 4517 681 4554 δ
721 4518 990 4583 Optimum
1021 4517 1120 4571 hac
1147 4518 1198 4570 in
1241 4533 1300 4571 re
1335 4515 1616 4572 consilium
1642 4517 1700 4572 S.
1729 4517 1983 4573 Bernardi
2015 4518 2151 4572 scri-

585 4588 758 4643 bentis
786 4589 841 4642 in
887 4587 1110 4643 Cantica
1137 4607 1151 4642 :
1185 4588 1332 4653 Cave,
1385 4589 1554 4655 inquit
1583 4589 1793 4659 (Serm.
1836 4589 1870 4642 4
1893 4588 1936 4659 ),
1969 4588 2152 4643 alienat

582 4661 984 4714 conversationis
1013 4678 1138 4728 esse,
1167 4669 1258 4713 aut
1279 4661 1508 4712 curiosus
1535 4660 1849 4727 explorator.
1880 4670 1970 4714 aut
1999 4670 2150 4714 teme-

531 4791 537 4796 η
581 4732 751 4783 rarius
769 4733 955 4802 judex.
992 4716 1210 4784 Etiamsi
1238 4746 1502 4800 perperam
1528 4716 1697 4782 acium
1717 4733 1843 4800 quid
1869 4729 2149 4798 deprehen-
2175 4716 2229 4776 Ῑ)

585 4805 701 4875 d_as,
735 4819 832 4875 nec
859 4803 932 4855 sic
953 4803 1158 4875 judices
1186 4803 1476 4875 proximum
1505 4817 1522 4853 :
1549 4802 1711 4870 magis
1744 4813 2142 4875 autemexcusa.

583 4872 797 4926 Excusa
817 4872 1242 4935 intentionem.“
1271 4889 1397 4942 opus
1421 4889 1520 4924 non
1547 4883 1725 4942 potes;
1750 4882 1875 4940 puta
1905 4873 2150 4943 ignoran-

585 4948 728 5004 tiam,
760 4955 882 5014 puta
911 4945 1306 5012 subreptionem,
1340 4953 1463 5014 puta
1483 4959 1675 4994 casum.
1714 4943 1861 5009 Quod
1888 4948 1929 4996 si
1952 4959 2149 5014 omnem

585 5013 1041 5068 dissimulationem
1064 5017 1138 5068 rei
1164 5014 1411 5069 certitudo
1435 5023 1632 5066 recusat
1658 5055 1671 5076 ,
1703 5015 1861 5067 suade
1891 5013 2148 5066 nihilomi-

587 5104 683 5139 nus
726 5088 833 5153 ipse
870 5086 979 5151 tibi,
1022 5096 1068 5139 et
1093 5087 1245 5140 dicito
1289 5085 1428 5152 apud
1463 5086 1785 5151 temetipsum
1821 5101 1838 5138 :
1884 5083 2154 5138 Vehemens

583 5160 683 5223 fuit
716 5159 865 5211 nimis
896 5160 1106 5210 tentatio
1134 5174 1151 5221 ;
1193 5157 1316 5226 quid
1343 5157 1407 5209 de
1448 5172 1526 5208 me
1548 5157 1644 5209 illa
1673 5156 1894 5223 fecisset,
1922 5158 1965 5208 si
1983 5157 2045 5226 in
2075 5170 2156 5208 me

533 5279 536 5283 .
583 5231 862 5300 accepisset
888 5230 1124 5300 similiter
1152 5225 1493 5300 potestatem?
1530 5226 1660 5280 Vide
1687 5226 1944 5280 Joannem
1966 5225 2157 5280 Clima-

586 5299 715 5353 cum
728 5300 894 5368 gradu
924 5299 1009 5356 10.
1154 5299 1159 5300 ί
1721 5367 1729 5368 7
1971 5314 1978 5320 '

663 5383 683 5410 ο
729 5367 978 5426 Lethzeus
1005 5385 1190 5440 sopor,
1221 5377 1311 5422 aut
1339 5382 1559 5440 somnus
1582 5367 1735 5440 apud
1767 5375 1954 5440 poetas
1992 5380 2104 5440 non
2130 5381 2161 5419 a

590 5442 743 5495 letho
772 5443 989 5502 dicitur,
1035 5435 1119 5496 vel
1163 5441 1376 5494 lethalis
1404 5451 1455 5492 et
1509 5435 1779 5499 Iethiferp
1805 5436 1898 5490 sed
1931 5451 1959 5488 a
1992 5435 2162 5489 Lethe

589 5511 814 5568 ﬂumine
839 5513 1110 5576 infernali,
1143 5528 1248 5580 quo
1280 5513 1484 5578 lingunt
1512 5518 1788 5575 stuporem
1832 5518 1885 5561 et
1937 5506 2161 5580 profun-

593 5583 713 5636 dam
741 5599 917 5636 rerum
950 5575 1183 5636 omnitun
1211 5575 1538 5637 oblivionem
1572 5581 1771 5634 induci.
1806 5579 1880 5634 lle
1908 5593 2013 5646 quo
2041 5575 2167 5630 Vir-

594 5652 752 5719 gilius
779 5669 829 5705 v1
858 5654 1070 5707 Eueni.
1095 5668 1108 5706 :

1087 5783 1273 5829 Lotiuei
1301 5781 1356 5828 ad
1382 5783 1591 5832 ﬂuminis
1612 5783 1786 5831 undam

723 5840 935 5890 Securos
955 5841 1147 5906 latices,
1177 5853 1227 5894 et
1252 5843 1396 5903 longa
1419 5845 1595 5895 oblivia
1620 5852 1804 5907 potant.

2249 3876 2318 3930 Et
2350 3876 2411 3928 D.
2441 3874 2797 3943 Hieronymus
2832 3869 2924 3924 lib.
2963 3883 2979 3943 t
3008 3867 3263 3943 adversus
3293 3865 3549 3943 Rufinum
3584 3883 3595 3917 :
3631 3863 3809 3943 Bilten-

2251 3948 2398 4009 dum,
2431 3945 2621 4014 inquit,
2646 3935 2775 3995 inihi
2803 3948 2915 3994 erat
2941 3939 3006 3993 de
3031 3939 3236 4014 Letth
3261 3938 3657 4014 gurgite,ju.t_:ta
3687 3935 3816 4014 [abu-

2252 4017 2331 4072 las
2365 4009 2666 4086 poetdrum;
2703 4028 2774 4086 ne
2806 4027 2998 4086 arguar
3033 4011 3164 4062 scire
3196 4009 3344 4086 .quod
3370 4009 3551 4086 didici.
3576 4009 3817 4086 _Lelltatus

2253 4079 2383 4157 ergo
2408 4101 2568 4157 sopor
2596 4083 2814 4157 proprie
2843 4079 3039 4133 dicitur
3060 4079 3346 4157 gt'avis,_ct_
3363 4080 3658 4148 profundus
3690 4093 3818 4157 som-

2254 4149 2376 4220 nus,
2399 4149 2487 4224 qui
2518 4165 2571 4207 ct
2592 4149 2884 4206 obliviosus
2914 4166 3033 4205 esse
3063 4152 3224 4224 solet.
3253 4149 3694 4224 Villam-tamen
3719 4153 3816 4224 Au-

2261 4239 2378 4284 ctor
2412 4220 2510 4297 pro
2541 4225 2727 4297 lethali
2769 4224 3036 4289 accipere,
3059 4220 3436 4297 cuminferius
3467 4220 3608 4297 dicat
3638 4221 3815 4297 eodem

2263 4291 2444 4360 sensu,
2490 4305 2542 4350 et
2579 4294 2760 4348 verbis
2787 4293 3102 4363 synonymis
3137 4309 3149 4344 :
3180 4291 3362 4345 let/mli
3391 4292 3713 4346 dormitione
3743 4291 3821 4342 de-

2262 4368 2643 4442 mergebautur.
2677 4364 2951 4442 Lethaletu
2977 4373 3158 4442 autem
3184 4364 3313 4417 dicit
3337 4378 3609 4442 soporem,
3634 4375 3686 4416 et
3714 4363 3822 4416 dor-

2262 4434 2616 4499 mitationem,
2641 4437 2724 4490 vel
2751 4437 2878 4504 quia
2901 4435 3065 4494 letho,
3092 4434 3143 4487 id
3162 4443 3264 4498 est,
3293 4435 3472 4499 morti,
3506 4434 3592 4489 vel
3616 4442 3821 4488 mortuo

2259 4512 2488 4567 similent
2519 4507 2670 4571 facit,
2697 4507 2847 4576 juxta
2874 4505 3002 4559 illud
3039 4504 3208 4559 Persii
3239 4521 3253 4559 :

2347 4637 2526 4696 Stulte,
2546 4634 2660 4698 quid
2689 4639 2763 4684 est
2784 4645 2999 4691 somnus,
3023 4632 3202 4695 gelidae
3224 4632 3318 4681 nisi
3341 4633 3510 4681 mortis
3536 4633 3737 4694 imago?

2253 4769 2341 4823 vel
2371 4767 2493 4837 quia
2537 4773 2768 4819 mortem
2800 4761 2993 4837 anima:
3046 4761 3247 4818 sensim
3295 4759 3523 4837 inducit,
3557 4759 3685 4837 dum
3715 4757 3829 4837 quis

2257 4831 2510 4894 salut-aria
2560 4837 2760 4890 monita
2807 4834 2995 4888 audire
3041 4831 3368 4892 contemnit,
3405 4842 3456 4884 et
3500 4831 3829 4884 vanitatibus

2256 4910 2595 4966 indormiscit
2623 4925 2634 4958 :
2666 4907 2740 4961 De
2775 4919 2879 4973 qua
2902 4905 3226 4960 dormitione
3253 4903 3327 4955 ait
3350 4902 3576 4968 Sapiens
3601 4921 3611 4953 :
3641 4900 3831 4970 Usque-

2257 4999 2383 5052 quo,
2409 4982 2577 5048 piger,
2601 4976 3081 5048 dormis(Proverb.
3104 4973 3217 5042 1x)?
3234 4973 3294 5026 Et
3315 4973 3607 5052 Apostolus
3642 4973 3833 5052 Ephes.

2260 5040 2529 5119 vzsurtie,
2547 5040 2632 5118 qui
2658 5040 2875 5110 dormis;
2904 5063 3113 5114 exsurge
3133 5040 3421 5119 antortuis,
3451 5040 3831 5119 etillu-minabit

2260 5133 2309 5177 te
2353 5113 2624 5186 Christus;
2655 5132 2710 5174 et
2735 5122 2800 5172 ad
2831 5119 2986 5173 Rom.
3018 5113 3112 5170 xttt
3144 5132 3157 5168 :
3194 5113 3345 5167 Hora
3375 5124 3448 5168 est
3492 5118 3608 5186 jam
3651 5131 3744 5167 nos
3788 5116 3841 5162 dc

2261 5209 2443 5249 somno
2486 5207 2714 5261 surgere,
2740 5199 2845 5244 etc.

2338 5261 2367 5301 ἀ
2401 5255 2602 5316 Pontus
2631 5274 2725 5330 pro
2757 5260 2889 5313 mari
2927 5267 2981 5312 et
3021 5271 3120 5330 pro
3151 5255 3374 5330 regione
3398 5255 3686 5330 accipitur.
3717 5256 3837 5309 Pon-

2269 5347 2354 5389 tus
2379 5333 2527 5401 regio
2549 5350 2574 5400 ,'
2589 5327 2676 5386 vel
2704 5331 2856 5385 Ponti
2889 5328 3158 5394 provincia
3183 5337 3283 5401 ,_ut
3328 5327 3411 5401 hic
3443 5327 3843 5401 habetttr,_pars

2269 5416 2351 5459 est
2379 5396 2518 5459 Asina
2552 5396 2786 5456 minoris
2824 5401 2967 5466 juxta
2998 5413 3146 5450 mare
3187 5397 3497 5454 Ponticum.
3529 5399 3645 5451 sive
3691 5396 3843 5450 Euxi-

2271 5493 2395 5529 nutn
2419 5517 2432 5539 ,
2463 5477 2644 5528 Asiam
2687 5471 3078 5539 Europamque
3114 5468 3525 5531 disterminans;
3576 5466 3845 5539 Cappado-

2276 5537 2434 5611 ciam,
2489 5546 2810 5600 Armeniam,
2861 5538 3170 5611 Colcltidem
3200 5579 3233 5611 ,_
3261 5539 3497 5606 aliasque
3545 5537 3847 5611 provincias

2276 5607 2642 5685 complectens
2677 5611 2948 5685 (Strubo_l.
2978 5625 3078 5685 Vll;
3115 5608 3366 5685 Ptolome.
3401 5611 3489 5660 lib.
3522 5625 3552 5659 v
3583 5625 3629 5661 ε.
3666 5610 3745 5678 (ἱ).
3779 5607 3847 5659 lix

2280 5679 2453 5741 Ponio
2495 5680 2968 5754 prndiiLMﬂleOll
3011 5679 3431 5754 hmresiarchcs,
3466 5689 3660 5754 centra
3701 5689 3849 5748 quem

2279 5750 2656 5826 disputaiurus
2687 5750 3080 5826 Tertullianus,
3113 5752 3249 5826 hanc
3278 5750 3576 5826 regionem.
3613 5751 3730 5826 ejus
3761 5763 3850 5826 pa-

2280 5818 2436 5885 triam
2466 5827 2602 5882 mire
2626 5821 2865 5893 depingit
2891 5818 3048 5893 (Lib.
3077 5834 3098 5880 ι
3124 5835 3173 5876 c.
3202 5819 3229 5879 1
3257 5828 3438 5874 contra

3485 5817 3851 5887 Μασίστεω),
