3994 6202
178 353 273 410 249

624 360 713 417 DE
746 340 1231 425 C(ENOBIORUM
1267 367 1517 426 INSTI'I‘.
1553 371 1687 428 LIB.
1730 372 1795 430 ν.
1822 404 1892 415 --
1920 375 2011 431 DE
2051 373 2322 435 SPIRITU
2360 378 2925 439 GASTRIMARGI/E.

3316 387 3426 448 250

177 468 710 567 creperitinteressel
739 477 888 546 Quos
914 479 1158 550 profecto
1185 484 1545 553 corporaliter
1566 463 1728 543 dese.
1756 504 1814 567 Α
1834 463 2016 547 ctitate
2044 502 2100 549 et
2125 493 2361 565 perfecta
2400 492 2626 549 scientia
2665 494 2945 565 praeditum
2965 542 2980 566 ,
3012 511 3119 553 non
3153 499 3332 556 solum
3364 503 3421 557 in

175 561 336 618 ruisse
360 563 492 620 nihil
538 568 799 639 proderit,
824 572 872 627 si
916 573 1079 629 corde
1108 589 1215 645 eos,
1235 576 1455 647 incipiat
1483 578 1680 635 intueri
1707 598 1724 649 ;

171 668 225 709 ac
255 657 558 713 memoriam
588 675 746 731 quam
778 662 977 719 saeculo
1004 664 1129 721 huic
1156 669 1476 724 renuntians
1506 673 1733 742 quisque

174 748 306 803 velut
323 758 567 807 mortuus
586 752 878 824 abdicavit,
901 756 1239 816 reviviscens
1267 763 1514 820 eamdem
1542 779 1733 822 rursus

171 841 455 899 admiserit.
488 844 615 902 Hmc
646 847 867 904 volvens
912 850 967 905 in
1011 852 1175 909 corde
1222 868 1345 921 suo,
1398 870 1506 912 non
1551 858 1726 915 solum

170 932 355 990 nullam
387 938 664 995 resolvere
694 941 981 1010 epistolam
1021 943 1289 1015 definivit,
1321 949 1417 1005 sed
1458 964 1529 1007 ne
1554 951 1733 1021 ipsum

169 1025 369 1093 quidem
396 1026 712 1087 fasciculum
746 1034 1049 1106 resignare,
1082 1052 1151 1093 ne
1176 1038 1391 1096 scilicet
1419 1055 1611 1097 eorum
1638 1046 1733 1116 qui

166 1121 479 1191 scripserant
506 1125 590 1181 vel
619 1127 837 1184 nomina
867 1132 1226 1202 recensendo,
1274 1135 1363 1190 vel
1410 1135 1595 1192 vultus
1644 1153 1731 1195 re-

165 1214 423 1273 cordando
450 1233 480 1274 a
509 1220 735 1291 spiritus
761 1223 842 1278 sui
874 1225 1174 1283 intentione
1226 1238 1490 1295 cessaret.
1543 1231 1732 1302 Itaque

160 1319 214 1364 ut
235 1326 357 1367 eum
380 1315 727 1371 constrictum
751 1329 1084 1389 susceperat,
1114 1320 1226 1392 igni
1255 1322 1475 1377 tradidit
1501 1308 1732 1380 concre-

159 1404 399 1461 mandum
427 1425 439 1459 :
463 1407 561 1476 Ite,
590 1410 862 1481 inquiens,
887 1414 1242 1484 cogitationes
1265 1416 1474 1485 patriae,
1504 1419 1731 1485 pariter,

158 1501 592 1568 concremamini,
626 1516 727 1558 nec
771 1518 860 1561 me
888 1506 1138 1574 ulterius,
1168 1508 1238 1565 ad
1281 1509 1371 1565 illa
1421 1524 1543 1581 quas
1590 1509 1725 1582 fugi,

156 1603 398 1649 revocare
428 1595 670 1651 tentetis.

684 1686 913 1745 CAPUT
952 1689 1193 1747 XXXIII.

154 1771 217 1828 De
256 1776 594 1832 absolutione
640 1781 971 1851 quaestionis,
1022 1800 1179 1853 quam
1227 1783 1379 1839 abbas
1429 1783 1730 1842 Theodorus

672 1853 869 1907 orando
896 1855 1200 1924 promeruit.

206 1961 458 2021 Vidimus
483 1965 643 2022 etiam
671 1970 699 1999 ⁸
722 1968 969 2025 abbatem
998 1969 1341 2026 Theodorum
1371 1986 1579 2027 summa
1599 1987 1724 2028 san-

1836 586 2032 640 aetuali
2057 586 2165 642 vita
2186 628 2204 655 ,
2232 586 2327 644 sed
2368 587 2532 641 etiam
2578 587 2765 641 notitia
2792 587 3197 659 Scripturarum
3218 634 3233 659 ,
3262 608 3421 664 quam

1836 677 1886 732 ei
1916 692 2022 734 non
2070 688 2176 734 tam
2208 678 2447 734 studium
2476 678 2759 747 lectionis,
2792 679 2879 736 vel
2906 680 3203 739 litteratura
3235 686 3422 743 mundi

1835 770 2170 841 contulerat,
2198 786 2360 843 quam
2387 771 2501 827 sola
2546 771 2751 840 paritas
2798 771 2976 828 cordis
3001 791 3014 827 :
3037 775 3301 845 siquidem
3332 780 3418 834 vix

1833 863 2003 933 ipsius
2028 880 2241 937 quoque
2270 863 2479 921 Graeca:
2509 865 2703 935 linguae
2749 879 3014 935 perpauca
3038 869 3202 925 verba
3226 872 3312 926 vel
3340 873 3420 927 in-

1834 957 2076 1029 telligere
2095 966 2300 1029 posset,
2321 958 2409 1013 vel
2436 957 2703 1029 proloqui.
2730 957 2829 1013 Hie
2850 972 2970 1012 cum
2993 961 3418 1029 explanationem

1834 1050 2115 1121 cujusdam
2160 1050 2564 1107 obscurissima:
2604 1050 2923 1120 quaestionis
2948 1050 3270 1121 inquireret,
3300 1070 3422 1124 sep-

1834 1151 1943 1198 tem
1972 1144 2162 1200 diebus
2190 1158 2254 1199 ac
2282 1143 2536 1199 noctibus
2562 1142 2616 1197 in
2643 1146 2892 1199 oratione
2917 1142 3265 1215 infatigabilis
3294 1160 3418 1215 per-

1835 1234 1994 1302 stitit,
2010 1235 2182 1291 donee
2201 1235 2528 1291 solutionem
2549 1234 2837 1306 propositae
2849 1234 3169 1307 quaestionis
3190 1236 3419 1293 Domino

1836 1326 2111 1383 revelante
2129 1335 2498 1397 cognosceret.

2371 1416 2601 1475 CAPUT
2638 1418 2882 1475 XXXIV.

1835 1511 1918 1567 De
1963 1514 2215 1585 sententia
2262 1514 2493 1585 ejusdem
2534 1515 2701 1581 senis,
2732 1531 2837 1585 qua
2882 1516 3057 1569 docuit
3104 1531 3203 1585 quo
3249 1516 3420 1572 studio

1904 1583 2186 1639 monachus
2217 1583 2377 1655 possit
2401 1586 2606 1656 assequi
2634 1583 2905 1640 scientiam
2932 1583 3347 1656 Scripturarum.

1904 1696 2006 1752 Hie
2046 1710 2175 1767 ergo
2200 1696 2524 1767 quibusdam
2577 1696 2833 1754 fratribus
2878 1698 3268 1755 admirantibus
3311 1709 3419 1756 tam

1831 1789 2156 1859 praeclarum
2190 1787 2432 1844 scientiae
2463 1790 2582 1858 ejus
2627 1789 2831 1856 lumen,
2861 1798 2916 1845 et
2941 1790 3008 1846 ab
3035 1790 3226 1846 eodem
3258 1807 3419 1860 quos-

1757 1891 1807 1954 Β
1832 1879 1954 1936 dam
1977 1880 2376 1951 Scripturarum
2400 1894 2590 1936 sensus
2612 1878 3027 1951 inquirentibus,
3049 1882 3125 1937 ait
3150 1901 3163 1937 :
3187 1882 3215 1921 δ
3238 1884 3416 1939 Mona-

1831 1972 1995 2029 chum
2025 1972 2091 2027 ad
2123 1972 2524 2043 Scripturarum
2561 1973 2805 2030 notitiam
2849 1976 3159 2046 pertingere
3195 1977 3417 2046 cupien-

1230 2109 1487 2165 ALARDI
1526 2108 1761 2167 CAZASI
1796 2110 2359 2168 COMMENTARIUS.

208 2206 231 2235 ι
245 2199 633 2274 Memorantur
652 2202 759 2256 duo
770 2201 1061 2267 Theodori,
1084 2203 1247 2259 ambo
1260 2205 1573 2259 monasticae
1595 2205 1726 2274 .vitaa

148 2265 290 2346 laude
316 2280 374 2327 et
398 2274 693 2327 sanctitate
725 2273 983 2346 insignes,
1008 2265 1234 2343 quorum
1264 2276 1405 2329 alter
1430 2265 1725 2346 discipulus

147 2338 235 2415 fuit
258 2358 364 2415 non
392 2346 566 2399 sancti
593 2338 917 2411 Antoniifut
941 2338 1135 2415 vitiose
1157 2346 1299 2415 apud
1331 2338 1621 2401 Baroniuin
1656 2348 1728 2402 Ie-

146 2412 289 2489 gitttr_
304 2414 357 2467 in
381 2415 763 2486 Martyrologio
795 2416 917 2486 (Ad
945 2418 976 2470 7
1005 2412 1286 2489 Ianuari);
1321 2417 1414 2471 sed
1442 2417 1724 2474 Ammonis

145 2483 498 2556 anachoreta,
523 2483 589 2540 ut
616 2496 761 2555 patet
786 2483 899 2541 tum
931 2504 998 2543 ex
1037 2490 1142 2542 vita
1167 2483 1409 2556 ejusdem
1441 2490 1664 2544 Antonii
1692 2505 1723 2545 a

146 2553 522 2629 _Athanasio
548 2553 854 2629 conscripta
874 2600 888 2624 ,
936 2569 1047 2612 tum
1079 2575 1144 2614 ex
1173 2553 1414 2614 Palladio
1444 2559 1554 2629 (In
1584 2560 1721 2618 Lau.

147 2625 293 2703 «5.8),
329 2628 818 2703 SozemenotLib.
850 2646 867 2684 1
900 2629 1038 2684 Hist.
1068 2647 1115 2684 c.
1148 2630 1264 2703 14)
1295 2640 1352 2686 et
1387 2625 1505 2703 aliis
1540 2649 1552 2683 :
1587 2634 1723 2687 alter

147 2696 426 2768 discipulus
450 2699 509 2755 8.
530 2696 826 2771 Pachumii,
851 2703 903 2756 in
932 2704 1084 2769 cuius
1107 2702 1215 2757 vita
1242 2696 1360 2771 ejus
1384 2702 1543 2756 etiam
1569 2712 1721 2772 gesta

147 2781 442 2843 narrantur,
471 2781 529 2826 et
558 2773 611 2843 in
640 2772 775 2841 Vitis
814 2773 1055 2827 Patrum.
1091 2775 1211 2843 Agit
1240 2774 1306 2826 de
1327 2774 1521 2829 eodem
1550 2773 1606 2829 S.
1632 2773 1724 2827 Ni-

147 2836 221 2894 lus
248 2843 295 2896 in
325 2836 435 2897 lib.
458 2843 527 2898 de
554 2836 827 2897 Oratione.
872 2843 993 2900 Utri
1020 2836 1163 2899 vero
1187 2844 1466 2900 tribuenda
1506 2844 1577 2897 sit
1597 2860 1723 2899 sen-

148 2913 299 2967 tentia
321 2929 489 2981 quam
520 2913 605 2968 hic
651 2914 819 2968 refert
845 2915 1153 2981 Cassianus,
1182 2932 1287 2968 non
1315 2917 1445 2969 satis
1469 2929 1718 2984 comper-

148 2988 245 3035 tum
268 2983 441 3041 habeo
461 3002 473 3037 :
490 2995 621 3054 puto
637 2996 815 3040 tamen
842 2986 1123 3054 posteriori
1146 2987 1323 3054 potius
1345 2983 1717 3054 tribuendam;

146 3054 383 3127 quodhic
412 3056 675 3111 doctrina:
696 3066 751 3110 et
780 3057 1058 3127 sapientiae
1088 3057 1252 3120 dono,
1285 3057 1427 3125 quod
1459 3057 1545 3111 hic
1571 3072 1720 3112 com-

146 3126 439 3190 mendatur,
471 3128 667 3183 clarior
694 3128 993 3191 exstiterit,
1027 3137 1081 3184 et
1119 3130 1175 3183 S.
1202 3128 1495 3183 Pachomio
1522 3129 1572 3182 in
1604 3143 1720 3183 mo-

148 3198 347 3270 tlasterii
378 3198 759 3254 Tabenuensis
796 3200 1058 3270 regimine
1104 3199 1446 3254 successerit.
1481 3198 1633 3255 Unde
1662 3208 1719 3256 et

150 3265 296 3324 abbas
323 3270 410 3326 hie
433 3280 683 3325 vocatur.
710 3270 799 3325 Sic
822 3265 964 3325 enim
992 3270 1060 3325 de
1084 3286 1152 3326 eo
1192 3270 1379 3325 scribit
1408 3270 1715 3327 Gennadius

151 3336 208 3411 de
230 3338 518 3411 Scriptor.
552 3341 698 3395 Eccl.
730 3355 848 3411 cap.
881 3344 951 3397 8:
986 3340 1286 3411 Theodorus
1316 3340 1588 3396 Pachomii
1619 3341 1714 3396 ab-

148 3406 259 3484 batis
283 3406 557 3484 successor
580 3406 811 3484 insignis
836 3410 1148 3484 sanctitate,’
1170 3422 1217 3465 et
1244 3412 1485 3484 doctrina
1513 3425 1715 3484 specta-

150 3478 245 3534 bilis
269 3484 319 3537 in
343 3486 439 3538 lib.
492 3483 557 3537 de
584 3478 954 3538 Collationibus
985 3478 1202 3537 Patrum
1228 3500 1260 3537 a
1288 3478 1550 3538 Cassiano
1578 3485 1713 3538 edito

150 3550 430 3627 multimoda
477 3554 881 3627 commendatur,
912 3555 1001 3623 qui
1031 3565 1144 3623 post
1170 3555 1341 3624 ipsum
1367 3557 1479 3627 ejus
1506 3571 1717 3609 monas-

149 3624 258 3698 teria
296 3628 346 3678 in
376 3641 584 3680 summo
636 3625 963 3698 perfectionis
989 3628 1136 3696 apice
1161 3635 1367 3679 strenue
1388 3624 1716 3698 'gubernavit.

149 3689 215 3767 De
239 3699 522 3752 concordia
557 3709 604 3751 et
634 3689 856 3763 unilate,
886 3708 932 3750 et
979 3689 1043 3751 de
1080 3689 1429 3767 permanendi)
1453 3700 1506 3749 in
1533 3713 1721 3767 propo-

149 3764 229 3817 sito
250 3770 421 3823 cordis
453 3778 505 3822 et
534 3768 694 3821 studii
722 3764 1097 3823 exhortatorias
1139 3777 1185 3823 et
1232 3768 1488 3835 elegantes
1518 3764 1584 3819 ad
1614 3764 1721 3820 alia

148 3840 444 3911 monasteria
470 3840 646 3909 plures
667 3841 908 3911 epistolas
930 3841 1154 3908 scripsit,
1178 3839 1522 3911 e_t_miraculis
1545 3837 1721 3911 clarus

148 3903 190 3956 in
212 3907 433 3981 Domino
453 3903 662 3981 quievit.
692 3903 818 3965 Haec
836 3903 1147 3965 Gennadius
1173 3908 1339 3981 (Hist.
1354 3907 1563 3981 Tripar.
1591 3908 1681 3963 lib.
1702 3925 1721 3963 ι

148 3992 246 4048 cap.
281 3980 385 4050 II).
424 3979 510 4036 Ex
538 3980 733 4052 quibus
756 3982 955 4052 colligo
986 3982 1129 4037 hune
1154 3979 1330 4048 ipsum
1368 3979 1716 4052 Theodorum

146 4062 269 4113 esse,
295 4054 451 4122 cujus
494 4050 579 4107 esi
616 4052 707 4107 illa
737 4050 1050 4108 doctissima
1078 4052 1370 4122 disputatio
1396 4050 1716 4107 Collationis

147 4130 295 4245 §§§dlte
335 4125 413 4180 De
463 4140 588 4178 nece
630 4123 958 4179 Sanctorum.
999 4125 1117 4191 Qua
1157 4124 1225 4179 de
1266 4137 1327 4178 re
1370 4124 1492 4179 vide
1536 4131 1718 4179 notata

147 4201 161 4239 ι
196 4208 206 4243 ι
246 4208 349 4245 em.

146 4201 349 4248 tmdem.

206 4260 231 4298 δ
248 4263 372 4337 Ilatc
391 4265 688 4327 sententia.
704 4274 899 4320 utvera
917 4266 1008 4335 sit,
1023 4282 1150 4323 sana
1174 4266 1716 4337 indiget’jnterpreta-

147 4331 299 4406 tione.
336 4336 565 4392 Videtur
592 4337 736 4391 enim
766 4338 937 4406 prima
970 4331 1143 4393 fronte
1178 4331 1315 4395 duos
1344 4331 1559 4393 errores
1589 4352 1718 4392 con-

145 4402 346 4463 tinere:
382 4408 440 4460 1⁹
467 4402 800 4476 Scriptorum
831 4424 1040 4465 sacram
1086 4424 1182 4480 per
1221 4426 1281 4464 se
1326 4409 1456 4463 satis
1502 4407 1715 4462 facilem

146 4483 195 4550 ςεῑ
215 4490 623 4550 ᾕρετιειηιρεεο,
653 4493 751 4534 nec
780 4483 1170 4536 commentario
1192 4492 1245 4536 et
1273 4480 1718 4550 interpretatione

147 4542 405 4616 indigere;
435 4547 496 4601 2"
519 4542 746 4618 proinde
772 4552 1036 4606 monacho
1062 4560 1155 4607 aut
1186 4554 1354 4606 cuivis
1380 4542 1446 4607 ad
1482 4551 1719 4621 Scriptur-

147 4628 318 4671 rarum
347 4622 728 4693 cognitionem
759 4623 1064 4693 pertingere
1109 4624 1377 4693 cupienti,
1424 4637 1539 4693 non
1581 4635 1717 4689 opus

147 4699 283 4762 esse
314 4691 415 4744 alio
459 4692 684 4746 doctore
712 4691 804 4747 aut
834 4691 1127 4762 interprete
1146 4736 1161 4760 ,
1182 4691 1304 4748 'nec
1350 4692 1715 4747 adhibendum

146 4757 375 4830 studium
404 4777 464 4817 ac
491 4763 779 4819 lcetiouem
812 4757 1354 4829 commentariorum;
1388 4762 1484 4819 sed
1531 4771 1715 4830 postu-

149 4827 349 4885 landam
381 4844 427 4888 et
461 4835 878 4903 exspectandam
902 4850 931 4888 a
960 4834 1072 4890 Deo
1089 4850 1273 4890 earum
1304 4827 1710 4902 intelligentiam

1741 3516 1788 3578 C

1833 2205 2017 2259 nebras
2043 2207 2353 2278 ignorantia:
2381 2207 2654 2278 conﬁtetur
2673 2249 2686 2269 ,
2719 2223 2821 2273 qua
2848 2223 2950 2261 non
2978 2216 3126 2278 putas
3150 2211 3411 2277 parvulos,

1833 2286 1881 2329 et
1901 2293 2028 2346 pene
2052 2277 2293 2332 lactentes
2328 2278 2549 2333 inscitia
2585 2288 2732 2332 nocte
2758 2277 3112 2332 circumdari?
3141 2279 3415 2335 Reclamat

1831 2346 2025 2420 Petrus
2048 2350 2412 2417 apostolorum
2444 2350 2693 2419 princeps
2736 2350 2926 2405 dicens
2976 2367 2988 2402 :
3040 2348 3157 2403 Hoc
3191 2352 3415 2420 primum

1829 2418 2195 2495 intelligentes,
2226 2422 2362 2489 quod
2385 2421 2552 2495 omnis
2582 2418 2855 2495 praphetia
2884 2420 3174 2495 Scriptum
3192 2418 3414 2495 propria

1829 2490 2249 2557 interpretatione
2277 2508 2381 2546 non
2411 2494 2503 2559 ﬁt;
2548 2490 2650 2545 non
2680 2490 2834 2546 enim
2878 2493 3135 2546 voluntate
3186 2490 3415 2549 humana

1828 2559 1994 2634 allata
2014 2572 2089 2634 cst
2125 2563 2411 2633 aliquando
2438 2562 2730 2634 prophetia,
2759 2563 2848 2617 sed
2877 2562 3077 2633 Spiritu
3122 2575 3301 2618 sancto
3327 2566 3414 2619 in-

1827 2633 2006 2707 spirati
2051 2632 2219 2687 locuti
2256 2644 2373 2687 sunt
2417 2632 2582 2707 sancti
2626 2633 2722 2707 Dei
2774 2632 3004 2707 homines
3037 2634 3119 2707 (ῃ
3150 2634 3293 2707 Petr.
3330 2636 3407 2707 t).

1828 2700 2104 2777 Reclamat
2123 2715 2404 2777 etsanetus
2418 2705 2509 2777 ille
2528 2704 2809 2777 eunuchus
2833 2706 3032 2773 reginas
3046 2700 3407 2777 'IEthiopum',

1827 2776 1915 2846 qui
1938 2789 2057 2829 cum
2075 2774 2225 2846 Isaia:
2242 2774 2579 2845 pr0pltetiam
2604 2776 2826 2844 legeret,
2847 2777 3200 2846 interrogatus
3225 2774 3263 2832 ἆ
3286 2778 3412 2833 Phi-

1827 2842 2036 2927 lippo;
2066 2842 2299 2927 Putasne
2333 2842 2585 2927 intelligis
2630 2842 2745 2916 qua:
2760 2848 2951 2927 'legis?
2993 2842 3282 2927 prudenter
3323 2865 3409 2927 re-

1825 2916 2044 2987 spondit
2073 2935 2085 2970 :
2119 2915 2189 2970 Et
2224 2918 2479 2987 quomodo
2504 2915 2736 2984 possum,
2757 2915 2804 2972 si
2826 2915 2929 2972 non
2955 2921 3143 2987 aliquis
3172 2922 3407 2976 ostende-

1825 2985 1892 3059 rit
1916 2988 2041 3059 mihi
2071 2987 2206 3058 (Act.
2229 2985 2385 3059 vtu)?
2432 2989 2751 3043 Reclamant
2776 2998 2830 3043 et
2869 2989 2967 3045 SS.
3005 2985 3191 3046 Patres
3218 2993 3409 3047 Eccle-

1825 3055 2207 3130 'S_ia3__Doctores
2237 3055 2406 3128 (Vide
2424 3059 2712 3130 Baronium
2741 3068 2865 3114 tom.
2895 3058 3151 3130 IAnnal.,
3182 3079 3272 3117 an.
3300 3063 3404 3129 ὄις

1824 3124 2161 3203 Bellarm._l.
2210 3124 2266 3185 tu
2313 3131 2379 3184 de
2418 3129 2576 3203 Verbo
2609 3130 2706 3203 Dei
2750 3148 2795 3184 c.
2827 3134 2898 3203 1).
2954 3124 3312 3203 Hieronymus
3344 3124 3401 3191 in

1823 3198 2028 3276 celebri
2060 3201 2147 3276 illa
2172 3204 2398 3276 epistola
2419 3203 2488 3276 ad
2514 3201 2797 3276 Paulinum
2818 3243 2835 3267 ,
2858 3198 2983 3274 quae
3011 3198 3197 3260 Biblii's
3224 3206 3404 3276 praeli-

1821 3270 1965 3337 gitur
1982 3272 2132 3346 ,_Aubi
2160 3270 2365 3343 singula
2411 3274 2703 3346 Scriptura:
2731 3270 3005 3330 volumina
3037 3270 3361 3345 percurrens
3381 3321 3397 3346 ,

1820 3342 2059 3398 ostendit
2087 3346 2141 3397 in
2183 3342 2430 3400 omnibus
2460 3345 2661 3400 multas
2685 3354 2741 3400 et
2766 3361 2988 3416 magnas
3014 3342 3140 3403 esse
3163 3342 3402 3403 diflicul;

1820 3418 2062 3487 tates,_ct
2085 3420 2317 3483 graviter
2337 3432 2431 3471 eos
2458 3417 2755 3485 redarguit,
2788 3420 2879 3487 qui
2907 3433 3018 3471 suae
3053 3419 3288 3473 solertiae
3310 3429 3402 3475 aut

1821 3484 2096 3555 sanctitati
2120 3486 2368 3553 lidentes,
2394 3488 2510 3542 sine
2537 3484 2760 3543 doctore
2786 3484 2880 3544 aut
2901 3488 3194 3555 interprete
3215 3505 3402 3545 saeros

1827 3553 1995 3609 libros
2027 3558 2223 3630 legere,
2276 3568 2506 3613 tractare
2544 3568 2611 3630 et,
2641 3561 2855 3630 assequi
2901 3574 2960 3630 se
2989 3553 3151 3630 posse
3191 3575 3399 3630 praesu-

1824 3636 1998 3697 t_n_uut.
2022 3627 2079 3682 8.
2100 3627 2421 3683 Ambrosius
2450 3631 2503 3683 in
2532 3628 2757 3697 epistola
2782 3627 2877 3693 Μ,
2898 3628 2964 3681 ad
2986 3627 3355 3684 Constantium
3385 3648 3396 3683 :

1825 3692 1994 3767 Mare,
2020 3697 2215 3767 inquit,
2237 3709 2311 3754 est
2342 3692 2619 3766 Scriptura
2640 3698 2838 3765 divina,
2866 3698 3053 3750 habens
3072 3699 3126 3751 in
3147 3716 3199 3751 se
3219 3715 3399 3755 sensus

1825 3765 2129 3837 prof:undos,
2144 3765 2471 3822 altitudinem
2483 3767 2901 3836 prapheticorum
2916 3768 3270 3837 aenigmatum,
3289 3779 3396 3826 elc.

1824 3834 2342 3909 D.AChrysostomus
2370 3854 2386 3890 :
2430 3834 2611 3909 Neque
2637 3838 2809 3903 enim,
2837 3834 3041 3904 inquit,
3071 3838 3150 3892 vel
3177 3840 3398 3909 syllaba,

1822 3907 1902 3958 vel
1925 3908 2164 3981 apiculus
2190 3917 2265 3981 est
2297 3910 2350 3962 in
2381 3908 2542 3981 sacris
2572 3907 2781 3981 Litteris
2801 3948 2818 3974 ,
2858 3909 2912 3961 in
2951 3909 3099 3981 cujus
3135 3907 3400 3981 profundo

1824 3990 1927 4028 non
1951 3979 2018 4030 sit
2037 3979 2252 4052 grandis
2284 3980 2541 4052 quispiam
2567 3980 2881 4052 thesaurus
2901 3980 3116 4051 proinde
3136 3979 3279 4035 nobis
3310 3999 3401 4037 ne-

1822 4049 2054 4123 cesseest:
2076 4050 2250 4104 divina
2268 4049 2435 4123 gratia
2462 4050 2732 4115 ducantur,
2761 4049 3038 4123 et__Spiritu
3075 4062 3252 4106 sancto
3274 4053 3399 4109 illu-

1821 4122 1969 4192 s_t_rati
2007 4120 2208 4192 eloquia
2258 4120 2436 4177 divina
2481 4124 2725 4192 adeamus
2753 4121 2989 4192 (Homil.
3017 4123 3082 4177 21
3124 4124 3176 4176 in
3208 4122 3394 4180 Cenes.

1829 4187 1961 4264 fide
1990 4187 2143 4246 etiam
2173 4193 2314 4249 hom.
2338 4194 2407 4248 40
2428 4194 2483 4247 in
2505 4194 2662 4248 Joan.
2691 4190 2733 4264 ).
2758 4187 2820 4247 D.
2844 4194 3170 4260 Augustinus
3202 4195 3292 4248 lib.
3322 4212 3399 4251 xu

1819 4257 2053 4334 Confess.
2072 4279 2190 4333 cap.
2209 4268 2276 4320 14
2293 4283 2306 4318 :
2324 4265 2483 4331 Mira,
2502 4257 3043 4336 inqttit,'profunditas
3066 4266 3394 4336 eloquiorum
3421 4323 3424 4327 ,

1820 4338 2058 4401 tuorum,
2096 4352 2351 4405 quorum,
2378 4352 2518 4403 ecce,
2550 4345 2667 4389 ante
2692 4335 2784 4390 nos
2814 4336 3108 4406 superﬁcies
3134 4335 3399 4393 blandiens

1820 4406 2048 4477 parvulis
2074 4423 2093 4461 :
2121 4408 2209 4461 sed
2232 4408 2364 4461 mira
2389 4407 2734 4477 profunditas,
2770 4406 2904 4461 Deus
2930 4423 3090 4473 meus,
3117 4409 3249 4461 mira
3277 4425 3399 4475 pro-

1821 4475 2053 4541 funditas
2078 4495 2095 4531 :
2117 4477 2301 4533 horror
2320 4475 2397 4533 est
2421 4479 2683 4531 intendere
2701 4479 2755 4531 in
2780 4494 2924 4543 eam;
2947 4479 3130 4532 horror
3151 4478 3400 4546 honoris;

1820 4554 2080 4619 etitremor
2107 4551 2315 4604 amoris.
2340 4550 2473 4604 Item
2504 4548 2630 4603 alibi
2656 4565 2670 4602 :
2701 4547 2867 4602 Tanta
2895 4557 2989 4611 est.
3026 4550 3215 4619 inquit,
3247 4548 3399 4604 Chri-

1820 4618 2106 4692 stianarum
2145 4621 2473 4692 profunditas
2507 4619 2830 4692 'litterarum,
2862 4630 2917 4672 ut
2962 4620 3018 4673 in
3054 4618 3125 4674 eis
3171 4622 3401 4692 quotidie

1821 4691 2142 4758 proﬁcerem,
2169 4692 2213 4745 si
2241 4690 2326 4745 eas
2346 4690 2485 4745 solas
2511 4690 2575 4744 ab
2604 4692 2811 4744 ineunte
2839 4699 2990 4746 (etate
3021 4690 3274 4761 usquead
3303 4693 3395 4747 de-

1819 4762 2070 4830 crepitam
2095 4771 2403 4817 senectutem
2431 4762 2655 4815 maximo
2687 4762 2812 4827 otio,
2843 4778 3042 4817 summo
3068 4762 3263 4828 studio,
3292 4780 3401 4819 me—

1822 4832 1950 4886 liore
1976 4834 2180 4905 ingenio
2208 4849 2421 4887 conarer
2447 4833 2710 4887 addiscere
2739 4848 2757 4886 :
2782 4850 2885 4887 non
2913 4834 3051 4903 quod
3089 4833 3156 4887 ad
3196 4851 3256 4888 ea
3284 4851 3401 4903 qua:

148 4912 235 4964 per
266 4901 575 4967 orationes,
633 4906 999 4976 purgationem
1040 4906 1249 4967 cordis.
1281 4916 1429 4961 etc.:
1480 4918 1707 4972 quorum
1735 4901 1787 4960 D
1813 4901 2102 4958 necessaria
2130 4914 2247 4959 sunt
2294 4905 2469 4976 saluti,
2514 4914 2656 4956 tanta
2704 4901 3032 4971 perveniatur
3072 4901 3406 4975 difﬁcultate;

151 4982 427 5044 utrumque
458 4976 650 5029 falsum
683 4990 788 5041 est,
820 4987 873 5031 et
911 4992 1219 5041 erroneum,
1246 4989 1300 5032 et
1330 4979 1708 5032 haereticorum

150 5046 301 5097 nostri
335 5048 597 5116 temporis
623 5048 855 5118 dogmati
897 5050 1199 5117 proximum
1221 5090 1234 5110 ,
1260 5050 1347 5118 qui
1376 5049 1709 5118 Scripturaut

148 5125 342 5170 sacram
405 5119 550 5172 omni
600 5134 665 5173 ex
701 5130 850 5187 parte
890 5118 1098 5174 lacilem
1148 5129 1205 5174 et
1242 5125 1482 5185 claram,
1543 5119 1710 5173 immo

148 5187 387 5243 omnibus
418 5189 512 5245 SS.
558 5189 772 5245 Patrum
820 5192 1223 5246 commentariis
1265 5192 1545 5245 clariorem
1592 5204 1713 5244 esse

148 5259 485 5332 contendunt.
525 5261 679 5327 Quod
709 5262 776 5315 ad
825 5263 1054 5332 primum
1093 5263 1312 5327 attinet,
1361 5260 1487 5315 huic
1530 5269 1713 5326 aperte

146 5328 405 5403 reclamat
424 5333 690 5403 propheta
722 5328 921 5403 regius,
950 5332 1038 5400 qui
1068 5333 1136 5388 de
1161 5333 1291 5402 legis
1321 5340 1376 5387 et
1425 5331 1714 5403 Scriptura:

145 5397 327 5455 divina:
354 5397 671 5457 difﬁcultate
701 5414 752 5456 et
778 5397 1106 5459 obscuritate
1151 5397 1478 5458 luculentum
1504 5397 1566 5455 ac
1608 5402 1715 5456 fre-

146 5481 305 5530 quens
339 5474 588 5541 perbibet
615 5474 995 5528 teSIimonium.
1030 5475 1229 5529 Psalm.
1259 5489 1420 5529 cxvm
1447 5490 1461 5525 :
1486 5471 1567 5525 Da
1589 5472 1715 5526 mihi

143 5541 468 5616 intellectum,
490 5554 538 5597 et
557 5546 824 5599 scrutabor
850 5544 1011 5616 legem
1038 5554 1196 5599 tuam.
1229 5546 1428 5600 Ibidem
1454 5560 1469 5598 :
1504 5542 1715 5598 Faciem

145 5617 273 5687 litant
301 5615 545 5669 illumiua
575 5633 725 5686 super
750 5615 948 5670 servum
980 5628 1153 5678 tuum,
1199 5628 1246 5671 et
1288 5617 1412 5670 doce
1445 5632 1524 5668 me
1552 5617 1717 5687 justi-

142 5680 407 5747 ﬁcationes
460 5697 589 5740 tuas.
634 5680 696 5739 Et
747 5703 953 5742 rursum
990 5705 1003 5741 :
1040 5688 1222 5743 Revela
1260 5688 1436 5741 oculos
1486 5680 1640 5753 meos,
1668 5696 1716 5740 et

144 5755 472 5830 goesiderabo
493 5758 747 5811 mirabilia
774 5758 835 5811 de
863 5758 974 5830 lege
993 5772 1100 5813 tua.
1122 5759 1251 5825 Quae
1281 5759 1438 5813 verba
1481 5767 1715 5830 tractans

144 5819 580 5898 D.|lieronymus
608 5830 659 5882 in
702 5831 858 5898 epist.
891 5819 957 5884 τιῖι
997 5819 1274 5884 Paulinum
1296 5831 1363 5884 de
1386 5829 1715 5884 institutione

139 5896 393 5976 monachi
432 5896 641 5966 (Epist.
677 5896 750 5959 l3
770 5902 807 5959 ἰ.
828 5902 910 5960 sic
937 5904 1013 5961 ait
1041 5919 1056 5957 ;
1088 5902 1151 5960 Si
1172 5911 1345 5958 tantus
1363 5900 1614 5973 propheta
1638 5910 1714 5958 le-

1810 4975 1903 5030 sed
1928 4991 2043 5028 cum
2068 4977 2285 5046 quisque
2308 4977 2381 5028 ibi
2401 4975 2555 5048 ﬁdem
2577 4975 2816 5041 tenuerit,
2850 4976 2959 5030 sine
3005 4992 3104 5042 qua
3138 4978 3220 5048 pie
3242 4988 3405 5031 recte-

1813 5062 1912 5114 que
1940 5063 2040 5099 non
2063 5047 2267 5107 vivitur,
2298 5056 2402 5099 lant
2424 5047 2605 5111 multa,
2633 5056 2837 5118 tamque
2864 5047 3234 5115 multiplicibus
3261 5063 3403 5118 mys-

1815 5120 2058 5172 teriorum
2086 5118 2397 5171 umbraculis
2432 5133 2594 5191 opaca
2633 5118 2972 5191 intelligenda
3004 5118 3398 5191 proﬁcientibus

1815 5197 2026 5253 restant,
2062 5198 2303 5259 tantaque
2330 5204 2431 5241 non
2459 5188 2630 5242 solum
2645 5189 2700 5242 in
2742 5188 2936 5254 verbis,
2966 5204 3140 5259 verum
3166 5188 3319 5259 etiam
3350 5190 3405 5242 in

1819 5260 1988 5319 rebus,
2018 5257 2642 5338 quwintelligendmsunt
2663 5261 2834 5338 ,‘latet
2859 5257 3079 5338 altitudo
3101 5258 3370 5338 sapientia:
3393 5299 3408 5323 ,

1818 5341 1874 5383 ut
1897 5327 2270 5400 ramosissimis,
2303 5327 2642 5392 acutissimis,
2670 5328 3086 5402 ﬂagrantissimis
3115 5327 3403 5402 cupiditate

1820 5402 2058 5478 discendi
2081 5408 2175 5456 hoc
2195 5399 2475 5478 contingat,
2504 5402 2643 5473 quod
2671 5399 2849 5478 eadem
2868 5399 3150 5478 Scriptura
3178 5399 3402 5478 quodam

1821 5473 1932 5527 loco
1970 5473 2120 5527 habet
2161 5489 2178 5527 :
2221 5473 2352 5528 Cum
2371 5470 2813 5527 consummaverit
2858 5470 3028 5540 homo,
3070 5474 3193 5520 tunc
3220 5470 3403 5540 incipit

1857 5543 2056 5600 Eccles.
2078 5545 2252 5615 xvm).
2278 5545 2407 5600 Haec
2433 5542 2762 5615 Augustinus
2784 5538 3283 5615 (Ad_Volus.__ep_ist.
3310 5538 3393 5615 2).

1868 5607 2297 5688 τθεοιιὶιιεᾲθιίξὶῐη
2336 5607 2665 5688 ineamdetn
2693 5607 3013 5663 sententiam
3040 5625 3053 5660 :
3088 5607 3255 5662 Multa
3277 5607 3397 5682 qui-

1818 5685 1957 5755 dem,
1984 5686 2174 5753 inquit,
2208 5686 2261 5737 in
2283 5685 2376 5738 illa
2404 5685 2476 5735 ita
2502 5687 2685 5755 aperta
2711 5688 2854 5745 sunt,
2888 5688 2944 5733 ut
2961 5691 3186 5755 pascant
3217 5698 3402 5752 parvu-

1820 5758 1895 5813 ιοε
1916 5751 2199 5828 {quamam
2224 5771 2343 5808 vero
2362 5751 2740 5828 obscurioribus
2756 5753 3038 5828 sententiis,
3054 5762 3109 5808 ut
3128 5763 3402 5810 exerceant

1819 5822 1997 5897 fortes,
2027 5836 2273 5895 quatenus
2301 5841 2415 5898 cum
2442 5822 2611 5877 labore
2643 5822 2904 5898 intellecta
2952 5824 3068 5897 plus
3107 5834 3256 5898 grata
3276 5827 3399 5882 sint.

1818 5896 2096 5959 Nonnulla
2122 5903 2295 5955 autem
2335 5896 2390 5953 in
2416 5912 2477 5958 ea
2496 5899 2570 5958 ita
2605 5896 2784 5957 clausa
2811 5906 2950 5971 sunt,
2980 5908 3037 5956 ut
3065 5896 3189 5962 dum
3219 5914 3277 5956 ea
3298 5900 3400 5951 non
