4016 6202
606 324 710 382 255

1928 311 2207 371 JOANNIS
2242 314 2555 372 CASSIAN]

3740 319 3841 378 258

608 438 807 493 sarium
826 449 950 491 reor
966 433 1317 490 memorabile
1336 446 1467 502 opus
1490 431 1789 498 cbaritatis,
1811 443 1971 500 quam
1990 434 2015 463 ⁸
2034 443 2178 483 sum-
2202 434 2259 491 Α
2279 428 2535 484 sterilitas
2560 428 2761 499 patitur
2786 442 3102 496 arenarum;
3132 430 3199 485 ad
3228 429 3351 494 hos,
3377 429 3621 498 inquam,
3643 444 3837 487 summo

611 530 683 583 mi
709 527 808 582 viri
846 525 1104 582 Arehebii
1132 524 1463 580 humanitate
1490 538 1676 579 sumus
1706 522 1954 593 experti,
1992 521 2046 575 in
2086 519 2189 574 hoc

616 621 888 675 volumine
944 619 1363 685 commendare,
1417 632 1522 687 quo
1581 617 1790 687 puritas
1846 612 2192 672 continentiae

616 713 768 781 operi
790 711 1073 767 charitatis
1102 711 1301 765 inserta
1330 710 1652 779 propensius
1682 709 1941 764 enitescat
1968 706 2192 778 pulchra

614 804 871 857 varietate
902 802 1180 858 distincta.
1214 802 1431 858 Etenim
1462 812 1591 856 tunc
1618 812 1825 872 gratum
1868 803 1978 857 Deo
2000 800 2193 870 jejunii

614 912 805 951 munus
835 896 1101 963 efficitur,
1136 912 1258 953 cum
1290 896 1394 953 hoc
1421 896 1685 953 fructibus
1722 897 2002 952 charitatis
2032 895 2196 951 fuerit

618 999 1067 1046 consummatum.

1008 1064 1011 1073 λ
1149 1083 1376 1141 CAPUT
1414 1084 1653 1140 xxxvr.

620 1178 904 1251 Descriptio
928 1179 1087 1234 eremi
1113 1195 1226 1248 quae
1253 1190 1324 1232 est
1349 1180 1403 1231 in
1427 1177 1630 1245 Diolco,
1664 1178 1719 1231 in
1743 1192 1846 1247 qua
1873 1176 2197 1231 anachoreta:

1207 1260 1605 1304 commorantur.

690 1365 871 1436 Itaque
884 1362 1129 1420 cumbde
1155 1363 1457 1419 Palacstinte
1487 1364 1827 1419 monasteriis
1849 1362 1916 1419 ad
1943 1362 2199 1433 oppidum

624 1457 869 1527 Egypti,
901 1456 1043 1525 quod
1073 1468 1095 1495 ο
1129 1457 1345 1512 Diolcos
1367 1457 1688 1527 appellatur,
1720 1456 1885 1511 rudes
1911 1455 2201 1510 admodum

623 1549 981 1613 venissemus,
1014 1548 1193 1618 ibique
1223 1549 1509 1619 plurimam
1544 1550 1754 1603 turbam
1783 1548 2014 1604 ctenobii
2035 1548 2203 1602 disci-

625 1641 767 1710 plina
811 1640 1191 1706 constrictam,
1235 1651 1288 1695 et
1334 1642 1537 1709 optimo
1567 1642 1761 1695 ordine
1791 1639 2204 1706 monachorum,

626 1734 716 1800 qui
736 1732 896 1786 etiam
928 1732 1132 1801 primus
1158 1739 1263 1797 est,
1295 1731 1599 1785 institutam
1618 1731 1844 1786 mirifice
1867 1731 2205 1799 videremus;

2290 519 2558 575 desiderio
2602 520 2939 587 festinantes,
2988 523 3124 577 ultra
3169 520 3387 576 modum
3433 534 3624 575 sumus
3651 522 3840 579 labores

2291 628 2474 668 eorum
2493 655 2507 681 ,
2537 628 2673 684 quos
2702 615 3160 684 contemplatione
3187 615 3447 670 virtutum
3478 624 3535 669 et
3563 630 3736 670 amore
3762 630 3840 669 so-

2294 707 2535 761 litudinis
2568 708 2830 772 tolerant,
2863 707 3131 763 admirati.
3162 708 3296 762 Nam
3329 708 3499 777 ipsius
3526 724 3676 779 aqua:
3716 718 3841 762 tanta

2296 801 2516 872 penuria
2563 803 3028 873 constringuntur,
3063 815 3120 856 ut
3148 803 3239 857 tali
3264 816 3384 857 eam
3416 802 3690 871 diligentia
3716 817 3843 857 scru-

2294 897 2529 968 puloque
2571 896 2924 966 dispensent,
2982 897 3125 967 quali
3179 911 3338 951 nemo
3390 895 3842 964 frugalissimoruin

2297 990 2531 1059 speciem
2562 990 2940 1059 pretiosissimi
2964 989 3071 1043 vini
3095 998 3385 1044 conservat
3412 997 3465 1043 et
3490 989 3677 1057 parcit.
3710 998 3730 1023 ε
3751 987 3846 1041 Tri-

2297 1084 2399 1138 bus
2427 1097 2656 1152 namque
2686 1083 2946 1146 millibus,
2980 1082 3069 1137 vel
3099 1097 3164 1136 eo
3206 1080 3457 1150 amplius,
3503 1095 3619 1135 eam
3647 1079 3710 1133 de
3738 1096 3847 1147 pra:-

2299 1172 2429 1228 dicti
2468 1173 2705 1227 fluminis
2751 1174 2910 1229 alveo
2963 1174 3288 1229 necessariis
3334 1173 3522 1226 usibus
3568 1171 3847 1235 advehunt,

2302 1265 2441 1335 quod
2485 1273 2689 1320 tantum
2743 1266 3112 1331 intervallum,
3159 1264 3406 1320 arenosis
3450 1264 3677 1318 divisum
3721 1280 3851 1318 mou-

2303 1358 2467 1427 tibus,
2498 1359 2696 1416 laboris
2726 1358 3046 1414 difficultate
3075 1355 3393 1427 gravissima
3421 1356 3743 1426 duplicatur.

2825 1450 3050 1507 CAPUT
3088 1450 3354 1506 XXXVII.

2482 1544 2692 1599 Abbatis
2718 1544 2956 1598 Archebii
2987 1546 3280 1598 humanitas
3304 1542 3701 1597 commendatur.

2379 1637 2473 1693 llis
2502 1639 2666 1708 igitur
2694 1637 2847 1705 visis,
2880 1652 3002 1691 cum
3034 1637 3353 1691 imitationis
3382 1651 3571 1691 eorum
3602 1651 3697 1691 nos
3720 1634 3854 1689 ardor

2311 1733 2660 1799 accenderet,
2693 1733 3088 1803 praedictusque
3131 1731 3431 1787 Archebius
3477 1732 3853 1800 probatissimus

634 1822 658 1859 ά
692 1824 857 1877 alium
884 1838 1097 1893 quoque
1125 1804 1393 1889 ordinem,
1436 1826 1526 1892 qui
1567 1825 1925 1880 excellentior
1955 1825 2204 1895 habetur,
2238 1812 2285 1873 Β
2314 1830 2453 1885 inter
2481 1844 2576 1884 eos
2607 1829 2954 1884 humanitatis
2995 1828 3171 1899 gratia
3212 1840 3315 1881 nos
3354 1826 3419 1881 ad
3454 1840 3605 1880 suam
3641 1824 3852 1880 cellulam

630 1914 681 1968 id
713 1924 815 1979 est,
857 1914 1326 1979 anachoretarum,
1367 1923 1682 1969 cunctorum
1730 1917 2011 1984 praeconiis
2055 1917 2209 1973 iusti-

632 2008 761 2077 gati,
803 2009 1151 2078 sagacissimo
1200 2009 1361 2064 corde
1402 2009 1585 2065 videre
1615 2013 2025 2081 properavimus
2051 2011 2208 2083 (Vide

630 2099 807 2153 collat.
856 2103 924 2155 l8
964 2118 1012 2155 ε.
1065 2102 1141 2171 5).
1196 2102 1258 2156 lli
1306 2116 1539 2171 namque
1585 2104 1636 2156 in
1667 2104 1930 2159 coenobiis
1976 2105 2208 2174 primum

627 2194 929 2250 diutissime
954 2205 1376 2261 commorantes,
1420 2198 1675 2267 omnique
1700 2198 1975 2267 patientiae
2007 2214 2070 2254 ac
2097 2199 2207 2253 dis-

633 2288 888 2343 cretionis
919 2289 1107 2357 regula
1132 2290 1423 2359 diligenter
1449 2290 1645 2359 edocti,
1687 2301 1743 2346 et
1772 2290 2092 2347 humilitatis
2118 2308 2213 2363 pa-

633 2382 764 2435 riter
790 2398 853 2437 ac
879 2384 1141 2439 nuditatis
1186 2384 1385 2440 virtute
1423 2399 1702 2453 possessa,
1733 2396 1894 2457 atque
1923 2387 1990 2441 ad
2020 2404 2211 2457 purum

632 2479 887 2533 vitiorum
919 2481 1271 2535 universitate
1316 2491 1656 2550 consumpta,
1689 2481 1981 2537 dirissimis
2007 2483 2213 2538 daemo-

636 2585 761 2622 num
793 2571 993 2638 prazliis
1024 2574 1392 2642 congressuri,
1430 2581 1713 2641 penetrant
1752 2575 1919 2629 eremi
1952 2574 2213 2643 profunda

635 2673 862 2717 secreta.
909 2663 1075 2732 llujus
1116 2666 1277 2735 igitur
1315 2665 1579 2733 prepositi
1626 2666 1774 2720 viros
1821 2667 2215 2734 comperientes

635 2754 779 2808 circa
826 2754 924 2808 Nili
971 2755 1205 2810 fluminis
1249 2756 1460 2810 alveum
1505 2757 1856 2818 commorari,
1890 2758 1941 2811 in
1975 2757 2097 2812 loco
2126 2760 2216 2828 qui

637 2863 743 2899 uno
772 2846 939 2902 latere
966 2848 1155 2903 eodem
1202 2848 1446 2916 flumine,
1494 2850 1602 2904 alio
1632 2850 1801 2905 maris
1830 2852 2082 2906 vastitate
2111 2852 2219 2906 cir-

637 2939 942 3004 cumdatus,
986 2941 1209 2995 insulam
1254 2942 1449 3008 reddit,
1480 2942 1649 2997 nullis
1688 2943 1808 2997 aliis
1840 2959 1999 3013 quam
2030 2959 2219 2999 mona-

639 3032 757 3086 chis
804 3042 1014 3086 secreta
1061 3034 1439 3102 expetentibus
1492 3034 1877 3101 habitabilem;
1929 3051 2029 3091 nec
2072 3037 2217 3091 enim

638 3123 887 3195 cuiquam
936 3125 1160 3180 culturas
1205 3134 1387 3197 aptam
1438 3142 1558 3182 esse
1602 3142 1721 3182 eam
1772 3128 1986 3183 salsitas
2026 3129 2125 3183 soli
2157 3143 2221 3184 ac

2310 1924 2680 1992 pertraxisset,
2724 1924 3003 1992 explorato
3051 1920 3328 1977 desiderio
3377 1930 3587 1985 nostro,
3636 1918 3855 1975 conﬁnxit

2311 2032 2371 2072 se
2399 2016 2467 2071 de
2496 2016 2686 2071 eodem
2715 2016 2832 2070 loco
2860 2016 3001 2071 velle
3028 2014 3330 2077 discedere,
3359 2027 3423 2066 ac
3452 2012 3608 2067 nobis
3637 2011 3852 2066 cellulam

2312 2123 2462 2164 suam
2510 2108 2655 2161 velut
2682 2107 2878 2161 exinde
2908 2107 3236 2176 migraturus
3280 2104 3512 2169 otl'erre,
3545 2118 3668 2159 sese
3696 2102 3743 2157 id
3772 2102 3858 2155 fac-

2316 2213 2493 2256 turum
2520 2202 2730 2256 etiamsi
2761 2201 2981 2255 minime
2998 2200 3382 2265 adfuissemus,
3405 2200 3698 2253 affirmans.
3720 2198 3859 2264 Quam

2315 2310 2428 2349 rem
2460 2308 2558 2347 nos
2587 2304 2641 2348 et
2672 2293 2944 2348 desiderio
2974 2293 3422 2349 commorationis
3452 2289 3702 2357 accensi,
3730 2300 3777 2345 et
3796 2304 3862 2342 as-

2315 2386 2643 2441 sertionibus
2690 2387 2821 2438 tanti
2875 2385 2974 2439 viri
3023 2385 3379 2439 indubitatam
3426 2382 3863 2439 accommodantes

2316 2478 2475 2532 [idem
2525 2478 2752 2531 libenter
2782 2477 3037 2546 amplexi,
3090 2476 3342 2532 cellulam
3390 2492 3514 2531 cum
3547 2478 3691 2531 omni
3720 2473 3864 2544 supel-

2318 2571 2518 2637 lectile,
2568 2570 2997 2640 utensilibusque
3036 2572 3391 2640 suscepimus.
3421 2570 3609 2641 Itaque
3649 2570 3865 2639 religiosa

2318 2664 2519 2733 potitus
2566 2663 3047 2727 circumventione,
3096 2663 3282 2731 paucis
3322 2662 3512 2716 diebus
3542 2663 3727 2732 quibus
3764 2676 3867 2714 con-

2320 2756 2589 2810 struendae
2615 2757 2765 2810 cellae
2792 2766 3013 2827 pararet
3042 2756 3313 2825 impendia
3344 2756 3412 2810 de
3441 2756 3563 2809 loco
3593 2755 3865 2817 discedens,

2322 2864 2572 2904 reversus
2603 2858 2726 2919 post
2756 2850 2894 2914 hzec,
2926 2850 3087 2904 aliam
3140 2849 3244 2903 sibi
3284 2864 3498 2903 summo
3546 2850 3724 2906 labore
3764 2864 3869 2901 Con-

2321 2945 2534 2999 struxit.
2580 2943 2752 3010 Quam
2805 2958 3016 2998 rursum
3044 2984 3058 3008 ,
3091 2957 3197 2997 non
3248 2942 3408 3013 longo
3454 2953 3573 3012 post
3624 2954 3867 3012 tempore.

2323 3039 2442 3092 aliis
2473 3038 2980 3107 supervenientibus
3031 3037 3309 3101 fratribus,
3351 3038 3654 3108 eodemque
3690 3035 3869 3092 deside-

2324 3132 2405 3185 rio
2441 3129 2459 3168 τ
2494 3132 2839 3201 cupientibus
2871 3130 3071 3187 ibidem
3100 3130 3446 3206 commorari,
3512 3130 3676 3186 simili
3724 3128 3870 3184 chari-

1713 3242 1970 3297 ALARDI
2010 3243 2847 3327 GAZ/El-{COMMENTARIUS

714 3344 739 3372 ι
774 3334 1062 3405 Dionysius
1092 3334 1409 3389 Arthebium
1440 3344 1615 3398 vocat,
1641 3350 1798 3405 quem
1831 3337 2020 3390 Petrus
2050 3337 2102 3390 in
2134 3353 2224 3392 ca-
2247 3332 2294 3401 C

643 3406 822 3476 talogo
870 3407 1185 3475 episcopum
1236 3422 1300 3460 ex
1348 3406 1670 3460 anachoreta
1721 3407 1917 3461 factum
1971 3416 2222 3474 testatur,

647 3480 763 3543 ejus
792 3476 955 3531 vitam
989 3478 1089 3531 hoc
1115 3477 1433 3545 compendio
1455 3476 1790 3548 describens,
1826 3494 1890 3531 ex
1922 3494 2027 3545 quo
2056 3496 2226 3548 quan-

648 3560 733 3602 tus
759 3549 841 3601 vir
871 3549 1052 3614 fuerit,
1084 3549 1310 3616 intelligi
1351 3557 1529 3615 potest
1569 3546 1779 3616 (Petrus
1818 3551 1881 3602 de
1914 3546 2095 3603 Natul.
2130 3551 2221 3605 lib.

649 3636 704 3672 XI
735 3637 780 3673 c.
815 3618 931 3691 58).
966 3620 1234 3674 Art/tebius
1259 3623 1526 3690 episcopus
1556 3618 1954 3692 Pamphiliensis
1982 3619 2083 3691 (al.
2119 3620 2226 3675 Pa-

646 3692 1022 3765 nephysiensis]
1050 3708 1113 3746 ea:
1135 3693 1491 3746 anachoretica
1519 3693 1622 3746 vita
1650 3696 1715 3744 ad
1754 3692 2092 3765 episcopalem
2109 3696 2225 3765 jam

647 3763 840 3816 dictum
879 3764 1044 3817 sedem
1091 3765 1244 3817 invite
1284 3776 1329 3817 et
1360 3766 1638 3817 renitenter
1664 3773 1977 3834 assumptus.
2015 3763 2119 3830 Qui
2146 3775 2226 3818 ta-

646 3850 762 3887 men
787 3836 840 3887 in
879 3836 1170 3907 episcopatu
1200 3836 1385 3907 degens
1412 3836 1564 3889 eremi
1608 3836 1761 3887 vitam
1808 3852 1907 3888 non
1954 3836 2179 3888 deseruit
2205 3852 2225 3890 :

644 3907 769 3974 quin
788 3908 944 3978 immo
958 3908 1175 3978 jejuniis
1192 3916 1237 3960 et
1254 3908 1569 3978 orationibus
1591 3908 1787 3977 jugiter
1806 3908 2024 3959 intentus
2046 3923 2225 3960 curam

647 3977 967 4045 pastoralem
1003 3977 1182 4030 sedulo
1225 3977 1638 4041 administrabat,
1680 3988 1725 4029 et
1763 3979 1831 4028 ad
1868 3992 2091 4029 ercmum
2130 3979 2225 4032 sibi

648 4046 883 4097 dilectam
921 4050 1106 4113 saepius
1143 4051 1409 4110 accedens,
1441 4057 1644 4100 sanctos
1674 4046 2011 4099 anacltoretas
2039 4059 2083 4100 ct
2114 4047 2224 4102 Pa-

646 4126 748 4168 tres
773 4133 867 4167 sua
892 4134 1108 4182 persona
1134 4130 1179 4169 et
1207 4118 1637 4171 benedictionibus
1664 4117 1923 4171 visitabat.
1957 4118 2082 4171 Haec
2112 4120 2219 4174 ille.

649 4186 1155 4248 Cassianus,col|at.
1175 4190 1263 4251 ll,
1294 4204 1414 4255 cap.
1445 4188 1501 4253 ‘2,
1529 4188 1669 4239 hunc
1690 4187 1864 4255 ipsum
1896 4188 2222 4245 Archehium

649 4257 980 4327 Panephysis
1023 4260 1335 4327 epis-corium
1396 4259 1675 4321 nominat,
1728 4256 1949 4325 ejusque
1998 4260 2224 4314 virtutes

647 4332 1011 4400 eninmendat.
1047 4331 1382 4383 Sozomenus
1414 4329 1554 4400 (Lib.
1603 4345 1655 4382 γι
1680 4345 1726 4381 c.
1750 4331 1841 4396 50)
1870 4338 1926 4381 et
1952 4327 2224 4398 Nicepho-

649 4413 742 4450 rus
771 4398 909 4466 (Lib.
939 4416 991 4454 χι
1021 4418 1066 4453 c.
1092 4402 1181 4469 37)
1216 4402 1355 4454 inter
1381 4398 1706 4455 celebriores
1740 4401 2034 4454 monachos
2060 4404 2221 4455 etiam

647 4470 925 4542 Arsesium
952 4481 1257 4537 recensent,
1284 4488 1513 4542 eumque
1552 4488 1803 4541 magnum
1829 4482 1883 4526 et
1907 4472 2223 4540 praeclarum

648 4541 949 4601 nominant.
980 4554 1033 4597 et
1064 4544 1115 4596 in
1146 4541 1437 4597 monastica
1480 4543 1815 4613 philosophia
1847 4544 2221 4611 consenuisse,

649 4626 711 4663 ac
741 4614 1018 4667 monachis
1045 4614 1323 4682 prmfuisse
1350 4615 1615 4669 scribunt.
1647 4613 1799 4670 Unde
1821 4614 1933 4669 fere
1962 4614 2219 4680 adducor,

651 4691 708 4755 ut
732 4697 826 4749 pro
851 4686 1121 4740 Archebio
1151 4687 1425 4740 Arsesium
1458 4688 1541 4739 hic
1565 4686 1849 4755 legendum
1876 4695 2057 4754 putem
2089 4703 2101 4738 :
2126 4690 2223 4742 sed

648 4753 875 4824 aliorum
900 4757 1080 4810 malim
1107 4766 1421 4824 exspectare
1452 4753 1793 4811 sententiam.

719 4823 746 4863 ι)
781 4825 855 4880 De
885 4829 1162 4881 monachis
1200 4823 1252 4882 et
1292 4829 1632 4883 monasteriis
1680 4826 1980 4880 Palaestina:
2018 4826 2222 4883 dictum

648 4907 733 4971 est
778 4897 899 4953 alibi
950 4898 1088 4970 (Lib.
1139 4915 1194 4971 ιιι
1237 4916 1352 4970 cap.
1397 4898 1476 4971 l).
1508 4900 1627 4971 θυεμ
1656 4897 1843 4951 iisdem
1892 4897 2224 4971 SoZomenus

648 4970 740 5021 lib.
771 4984 825 5021 vi
867 4969 985 5036 Cap.
1019 4971 1119 5033 39.;
1144 4969 1476 5039 Nicephorns
1503 4970 1597 5024 lib.
1652 4985 1707 5022 xi
1740 4984 1859 5037 cap.
1887 4969 1974 5033 59,
2006 4977 2061 5022 et
2097 4982 2223 5026 ante

651 5041 748 5094 hos
778 5040 838 5093 D.
876 5042 1104 5095 Basilius
1130 5041 1288 5110 epist.
1323 5044 1411 5095 .39.

722 5123 743 5149 ε
769 5112 1032 5178 Oppidum
1059 5114 1167 5179 hic,
1196 5114 1320 5166 alibi
1345 5117 1518 5167 vicum
1558 5120 1715 5165 vocat
1756 5110 2068 5179 Cassianus,
2112 5113 2224 5165 col-

647 5182 743 5237 lat.
778 5183 865 5246 l8,
892 5201 1011 5252 cap.
1048 5186 1201 5238 led
1230 5188 1416 5245 vicum,
1452 5184 1639 5249 inquit,
1666 5184 1749 5235 cui
1779 5200 1962 5235 nomen
1980 5195 2053 5237 est
2080 5183 2225 5237 Diol-

645 5269 752 5317 cos,
788 5258 873 5310 uni
896 5272 961 5309 ea:
980 5268 1171 5325 septem
1206 5256 1319 5309 Nili
1348 5257 1487 5309 ostiis
1510 5255 1851 5325 imminentem
1882 5256 2220 5318 pervenimus.

648 5326 981 5395 Nicephorus
1013 5322 1109 5383 lib.
1144 5344 1197 5382 χι
1236 5343 1353 5396 cap.
1380 5325 1448 5380 35
1474 5344 1485 5378 :
1511 5322 1659 5377 Circa
1690 5326 1952 5396 angustias
1984 5342 2097 5378 vero
2124 5336 2227 5377 ter-

648 5414 738 5469 rtc,
785 5393 899 5467 quae
939 5403 989 5451 in
1033 5398 1266 5469 ngypto
1305 5393 1458 5462 sunt,
1500 5412 1531 5469 ᾳ
1576 5393 1963 5469 trausveheudis
2010 5396 2224 5469 navibus

647 5465 871 5530 διολκὸύς
899 5472 1063 5523 dictas
1082 5517 1094 5537 ,
1113 5465 1400 5524 'Piammon
1428 5479 1473 5521 et
1501 5465 1974 5537 Joanncspntaafimg
1998 5467 2147 5537 clari,
2178 5478 2225 5519 et

591 5577 599 5589 .
645 5540 925 5594 multorum
949 5533 1169 5610 fratrum
1194 5542 1347 5594 duces
1373 5540 1534 5609 fuere,
1573 5546 1681 5610 etc.
1707 5533 1883 5610 (itide
1911 5533 1993 5610 ΔΙ).
2037 5535 2227 5610 Ilicro-

648 5626 788 5674 riym.
820 5613 871 5662 in
902 5605 1049 5678 epist.
1082 5614 1149 5665 ad
1185 5605 1475 5676 Ettstoclt.).
1501 5610 1554 5660 In
1582 5607 1683 5659 hoc
1706 5606 1884 5659 itidem
1910 5607 2027 5660 loco
2055 5605 2218 5661 Sozo-

651 5696 837 5731 nionus
869 5687 1173 5749 complures
1197 5692 1409 5736 sanctos
1445 5681 1735 5733 monachos
1765 5680 1959 5732 vixisse
1985 5692 2217 5733 comme-

649 5752 937 5821 ntoratlih.
968 5770 1015 5803 VI
1048 5768 1161 5819 Cap.
1199 5754 1286 5815 ‘29,
1321 5767 1549 5821 quorum
1578 5752 1739 5803 vitam
1775 5751 1931 5805 latius
1958 5750 2218 5806 describit

652 5820 920 5876 Palladius
944 5824 995 5877 in
1017 5822 1309 5879 Lausiacis.

2398 3336 2424 3375 ἀ
2458 3340 2599 3394 Duos
2626 3339 2865 3403 ordines,
2899 3357 2993 3395 seu
3021 3342 3127 3395 duo
3152 3355 3348 3409 genera
3390 3339 3775 3393 monachorum
3811 3334 3875 3387 hic

2328 3423 2383 3467 et
2410 3412 2535 3465 alibi
2569 3426 2713 3481 szepe
2751 3421 3141 3467 commemorat
3164 3411 3487 3466 Cassianus:
3532 3412 3765 3481 alterum,
3792 3421 3877 3461 co!-

2328 3482 2660 3557 nobitarum,
2695 3482 2744 3535 id
2771 3484 3060 3557 est,_simul
3099 3493 3153 3537 et
3190 3484 3553 3557 communiter
3580 3480 3876 3557 viventium,

2328 3569 2486 3623 quem
2518 3555 2749 3622 primum
2779 3554 3021 3609 ordinem
3054 3553 3437 3609 monachorum
3467 3568 3590 3607 esse
3614 3552 3755 3612 dicit,
3783 3552 3880 3617 quia

2328 3626 2379 3680 in
2421 3628 2552 3695 ipsis
2603 3625 2859 3679 Ecclesiae
2899 3626 3208 3695 primordiis
3248 3625 3353 3695 sub,
3394 3624 3653 3690 apostolis
3704 3623 3880 3695 initium

2330 3692 2517 3751 habuit
2548 3713 2561 3749 :
2596 3697 2731 3751 tales
2756 3692 3074 3751 enim'f'uere
3118 3698 3272 3757 primi
3300 3694 3594 3749 Christiani
3635 3692 3877 3762 apostolo-

2330 3784 2447 3823 rum
2470 3768 2741 3836 discipuli,
2772 3770 2839 3821 de
2862 3769 3055 3838 quibus
3082 3767 3279 3821 dicitur
3310 3768 3430 3820 Act.
3465 3782 3515 3819 IV
3550 3785 3561 3818 :
3608 3763 3879 3838 Multitudi-

2329 3841 2409 3893 nis
2435 3834 2748 3893 credentium
2778 3834 2995 3893 erat'cor
3025 3855 3203 3897 unum,
3228 3849 3273 3891 et
3304 3838 3480 3889 anima
3500 3854 3627 3899 una;
3657 3853 3744 3889 nec
3767 3834 3884 3903 quis-

2328 3927 2482 3979 quam
2508 3912 2703 3977 aliquid
2730 3928 2881 3964 suum
2920 3926 3027 3964 esse
3052 3911 3271 3973 dicebat,
3301 3909 3389 3962 sed
3428 3920 3573 3963 erant
3605 3907 3711 3961 illis
3740 3904 3883 3979 omnia

2330 3977 2657 4045 communia;
2703 3983 2929 4035 alterum
2970 3981 3418 4034 anaehoretarum
3444 4022 3457 4043 ,
3502 3982 3615 4033 sive
3646 3977 3885 4033 solitario-

2330 4069 2477 4114 rum,
2523 4068 2679 4120 quem
2716 4054 2909 4107 merito
2938 4053 3064 4105 dicit
3096 4067 3219 4106 esse
3262 4052 3709 4105 excellentior-em
3732 4091 3745 4114 ,
3782 4047 3885 4120 quia

2327 4124 2434 4176 vita
2462 4119 2871 4187 anachoretica,
2904 4139 2997 4175 seu
3026 4123 3301 4176 eremitica
3320 4163 3333 4183 ,
3367 4122 3585 4175 culmen
3613 4132 3696 4176 est
3732 4130 3780 4174 et
3801 4119 3887 4172 fas-

2330 4195 2514 4262 tigium
2540 4195 2661 4246 vitae
2686 4194 2974 4262 religiosa}.
3002 4193 3155 4248 Unde
3179 4192 3367 4246 Patres
3397 4194 3594 4261 passim
3628 4195 3815 4255 docent
3834 4188 3885 4243 ad

2327 4266 2490 4317 vitam
2523 4265 2953 4319 anachoreticam
2995 4280 3101 4319 non
3145 4265 3345 4318 debere
3370 4280 3695 4332 quemquam
3740 4273 3887 4317 trans-

2328 4336 2430 4399 ire,
2462 4335 2563 4388 nisi
2589 4336 2736 4403 prius
2779 4337 3062 4402 diligenter
3093 4337 3144 4388 in
3190 4336 3439 4389 cmnobio
3465 4336 3621 4389 fuerit
3654 4334 3886 4389 exercita-

2327 4415 2414 4459 tus
2441 4417 2494 4459 et
2536 4407 2811 4471 probatus.
2854 4406 3004 4472 Quod
3036 4408 3196 4459 etiam
3233 4408 3283 4459 in
3313 4406 3414 4459 hoc
3452 4421 3572 4476 cap.
3600 4409 3798 4459 Auctor
3816 4404 3887 4476 in-

2328 4476 2470 4530 dicat
2499 4477 2655 4548 (Aug.
2690 4476 2777 4530 lib.
2813 4494 2828 4531 ι
2884 4479 2946 4531 de
2986 4476 3179 4530 Morib.
3222 4477 3420 4532 Eccles.
3464 4474 3653 4543 σίδη
3684 4486 3731 4529 ct
3786 4474 3888 4548 Cas:

2327 4557 2465 4602 stan.
2512 4564 2559 4611 ι,
2606 4544 2786 4603 collat.
2832 4550 2923 4615 18,
2966 4566 3054 4618 per
3094 4558 3271 4602 totum.
3310 4548 3440 4601 Vide
3478 4560 3623 4603 notas
3664 4550 3727 4601 ad
3766 4563 3809 4598 c.
3838 4544 3886 4598 l7

2327 4620 2365 4673 ι.
2400 4634 2493 4692 Vill
2516 4634 2529 4681 ;
2554 4618 2871 4692 Hieronym.
2896 4624 3043 4692 epist.
3074 4621 3107 4674 4
3140 4620 3208 4692 ad
3241 4619 3556 4692 Rusticum).

2248 4729 2304 4791 υ
2403 4700 2425 4791 ξ
2452 4689 2999 4791 ἓξὲιοθηξιὲίὶξηηοιέληι
3024 4692 3089 4791 ³9
3113 4689 3564 4791 οῖ’ἱιὲιιὲἐεξθνι
3587 4693 3640 4791 ες

2404 4760 2424 4799 ί
2456 4761 2600 4817 Satis
2645 4762 2865 4817 evidens
2910 4772 3022 4817 tum
3054 4778 3120 4817 ex
3154 4762 3256 4815 hoc
3297 4759 3516 4831 capite,
3552 4772 3663 4815 tum
3693 4777 3761 4816 ex
3792 4759 3887 4813 aliis

2328 4834 2484 4897 locis,
2513 4833 2619 4887 duo
2642 4848 2840 4902 genera
2871 4835 3147 4888 hominum
3192 4842 3317 4886 tunc
3350 4835 3610 4900 temporis
3638 4835 3812 4888 solere
3850 4833 3886 4882 in

2331 4906 2673 4958 monasteriis
2704 4906 3048 4959 commorari.
3091 4904 3197 4958 Alii
3228 4903 3373 4957 enim
3416 4905 3752 4959 monasticen
3791 4919 3889 4971 pro-

2328 4974 2475 5037 fessi,
2503 4985 2555 5028 et
2583 4976 2725 5029 votis
2750 4978 2958 5031 astricti
2988 4987 3161 5039 erant,
3193 4984 3246 5026 ut
3269 4974 3339 5027 ibi
3368 4985 3627 5042 perpetuo
3654 4977 3755 5030 sub
3784 4976 3889 5027 obe-

2328 5046 2527 5099 dientia
2568 5047 2836 5111 viverent,
2882 5049 2969 5116 qui
2998 5051 3173 5114 reipsa
3211 5057 3263 5099 et
3295 5048 3513 5099 nomine
3543 5049 3791 5101 monachi
3820 5044 3889 5099 di-

2327 5116 2605 5169 cebantur.
2629 5118 2729 5170 Alii
2763 5120 2934 5171 solum
2967 5118 3031 5170 ad
3057 5127 3269 5183 tempus
3298 5117 3347 5169 in
3378 5119 3723 5172 monasteriis
3754 5119 3891 5183 dege-

2329 5188 2476 5248 bant,
2505 5202 2608 5246 non
2635 5200 2741 5241 tam
2770 5199 2822 5241 ut
2846 5188 3094 5241 monachi
3123 5187 3332 5246 fierent,
3360 5202 3522 5255 quam
3557 5200 3615 5242 ut
3637 5191 3688 5243 in
3717 5192 3891 5257 plclntc

2327 5268 2381 5311 et
2402 5257 2519 5309 aliis
2547 5259 2852 5322 virtutibus,
2879 5266 2969 5311 aut
2998 5258 3157 5311 etiam
3184 5258 3237 5309 in
3262 5258 3458 5311 studiis
3484 5271 3889 5315 exercerentur:

2329 5328 2382 5381 hi
2416 5328 2577 5382 nullis
2604 5331 2745 5382 votis
2775 5327 2998 5393 obligati
3019 5338 3204 5392 erant;
3230 5339 3283 5381 et
3307 5343 3427 5383 cum
3451 5330 3731 5397 volebant,
3765 5332 3893 5383 abire

2327 5414 2393 5452 ex
2432 5401 2770 5453 monasteriis
2810 5407 3058 5462 poterant
3096 5397 3282 5465 (Basil.
3345 5398 3519 5453 lnstit.
3562 5404 3830 5455 monastic.
3855 5416 3889 5450 τ.

2326 5468 2395 5541 49
2423 5482 2470 5523 et
2498 5472 2551 5522 in
2582 5471 2709 5541 Reg.
2743 5470 2957 5522 brevior.
2988 5486 3035 5523 ο.
3067 5470 3216 5538 (292).
3244 5470 3319 5523 De
3360 5473 3440 5525 his
3475 5472 3771 5527 Cassianus
3810 5476 3892 5523 hoc

2327 5540 2468 5605 loco,
2511 5550 2565 5594 et
2587 5540 3004 5612 Chrysostonius
3051 5540 3146 5595 lib.
3185 5551 3467 5612 utcontra
3513 5544 3891 5612 vituperatores

2328 5612 2450 5665 vita:
2480 5613 2785 5665 monasticae
2824 5609 2921 5661 sub
2952 5610 3142 5675 finem,
3176 5611 3266 5665 ubi
3315 5613 3459 5665 cives
3492 5609 3642 5667 suos
3664 5617 3892 5669 hortatur

2326 5694 2381 5736 ut
2427 5684 2563 5737 filios
2609 5698 2733 5735 suos
2762 5680 3179 5755 ad_monasteria
3213 5683 3451 5755 mittant;
3496 5686 3663 5739 immo
3706 5699 3764 5741 ut
3807 5684 3891 5755 ipsi

2325 5755 2535 5827 etiam,
2568 5756 2692 5807 licet
2734 5749 3034 5816 coniugati,
3063 5768 3133 5827 eo
3167 5767 3227 5827 se
3264 5754 3571 5827 conferant,
3603 5757 3785 5827 ibique
3810 5749 3894 5810 ali-

2326 5826 2579 5893 quamdiu
2608 5831 3028 5881 commoremur.
3053 5822 3137 5880 Ad
3164 5822 3307 5879 hunc
3332 5825 3497 5893 igitur
3516 5822 3742 5886 modum
3774 5843 3891 5887 nos-
