3994 6202
177 214 262 278 957

612 218 702 276 DE
740 218 1494 285 C(ENOBIORUMJNSTIT.
1538 221 1669 279 LIB.
1711 220 1869 277 V.—
1896 221 1986 278 DE
2027 220 2292 280 SPIRITU
2331 218 2884 281 GASTRIMARGLE.

3260 200 3375 283 ass

178 341 282 395 tatis
305 337 617 394 "mendacio
642 341 1041 407 circumventis,
1068 357 1187 396 cum
1207 342 1471 396 universis
1500 339 1717 395 tradidit
1742 348 1797 406 Α
1820 340 2011 411 gabilis
2041 354 2413 410 perseverans,
2446 339 2474 378 δ
2507 342 2717 396 tertiam
2768 342 2872 397 sibi
2911 340 3155 399 cellulam
3190 342 3241 398 in
3274 359 3379 414 qua

180 432 538 488 instrumentis.
569 430 687 502 Ipse
714 449 847 489 vero
889 448 1015 504 erga
1064 448 1200 503 opus
1230 434 1503 489 charitatis
1535 432 1711 487 infati-

1818 443 2182 487 commaneret
2207 431 2492 487 exstruxit.

1204 547 1463 602 ALARDI
1500 546 1728 603 GAZEI
1766 546 2326 604 COMMENTARIUS.

182 655 246 698 ter
271 643 547 698 Cassianus
564 685 577 709 ,
604 643 825 710 ejusque
852 641 1057 709 collega
1089 641 1386 696 Germanus
1406 681 1419 704 ,
1446 648 1717 694 monaste-

176 718 240 768 ria
261 716 518 783 cellasque
544 717 926 768 monachorum
959 714 1371 783 perlustrantes,
1404 712 1715 783 subindein

175 786 265 838 illis
306 785 365 837 ad
404 781 610 852 tempus
648 785 1016 846 morabantur,
1053 792 1113 836 ut
1142 781 1239 837 SS.
1284 782 1505 835 Patrum
1550 781 1717 835 collo-

176 856 282 920 quio
309 863 360 909 et
386 869 679 924 congressu
705 854 902 908 diutius
932 854 1262 919 fruerentur,
1291 862 1341 906 et
1374 866 1559 905 eorum
1585 852 1716 907 doc-

172 928 378 991 trinam,
439 927 681 982 instituta
731 934 784 979 et
830 925 1073 993 exempla
1123 924 1398 978 memoria:
1446 936 1717 978 commen-

172 995 358 1049 darent.

236 1076 257 1101 ³
283 1065 546 1120 Mendacia
580 1066 766 1120 tribuit
791 1065 1074 1120 Cassianus
1102 1064 1219 1117 viro
1243 1071 1429 1117 sancto
1459 1079 1472 1115 :
1507 1077 1604 1117 nee
1618 1064 1717 1117 mi-

168 1151 288 1200 rum,
315 1137 742 1205 quandoquidem
770 1138 883 1203 ipse
905 1151 1026 1190 cum
1053 1134 1325 1188 nonnullis
1346 1134 1464 1186 aliis
1486 1136 1715 1205 senserit

168 1203 482 1261 mendacium
510 1203 838 1270 ofﬁciosum,
872 1206 1014 1275 quod
1056 1207 1143 1259 hic
1180 1215 1336 1257 vocat
1376 1203 1713 1275 mendacium

162 1276 445 1341 charitalis,
476 1294 579 1331 non
612 1278 772 1332 modo
812 1274 1014 1330 licitum
1054 1291 1198 1340 esse,
1223 1275 1314 1327 sed
1345 1284 1398 1328 et
1426 1274 1711 1339 laudabile,

163 1362 215 1399 ac
252 1348 477 1403 subinde
520 1348 883 1403 necessarium
909 1389 924 1414 ,
968 1355 1029 1400 ut
1073 1361 1139 1399 ex
1169 1344 1560 1399 Collationibus
1602 1345 1714 1411 pla-

165 1420 267 1470 nius
317 1417 424 1472 tiet.
485 1418 679 1472 Verum
732 1418 871 1471 hanc
918 1417 1268 1484 opinionem,
1316 1424 1375 1468 ut
1423 1414 1611 1467 falsam
1662 1424 1716 1467 et

160 1502 309 1540 sacrae
341 1489 639 1555 Scriptura:
669 1489 1001 1542 contrariam
1027 1489 1269 1556 gnaviter
1298 1485 1631 1556 impugnavit
1653 1486 1711 1539 D.

162 1560 477 1626 Augustinus
508 1559 716 1612 duobus
765 1559 915 1611 libris
937 1560 1010 1610 de
1037 1555 1336 1610 mendacio
1366 1555 1711 1622 conscriptis,

161 1629 227 1680 cui
255 1636 363 1682 tota
394 1629 760 1697 posteriorum
804 1630 1179 1698 theologorum
1211 1626 1394 1679 schola
1417 1626 1708 1691 consentit,

159 1698 407 1768 docetque
437 1714 598 1753 omne
646 1698 981 1752 mendacium
1029 1713 1148 1751 esse
1193 1706 1510 1768 peccatum,_
1539 1711 1711 1768 neque

160 1765 395 1839 umquam
430 1770 823 1831 mentiendum,
856 1771 1019 1822 etiam
1066 1767 1251 1839 utsibi
1278 1767 1396 1839 quis
1427 1765 1513 1819 vel
1552 1766 1706 1839 alteri

158 1835 287 1904 quam
308 1840 550 1893 maxime
565 1842 753 1907 prosit.
780 1839 961 1908 Neque
981 1841 1110 1891 enim
1129 1836 1262 1900 ideo,
1277 1835 1704 1908 attAugustinus,

158 1912 463 1962 mendacium
493 1906 779 1977 putandum
801 1906 996 1962 estnon
1019 1924 1121 1960 esse
1145 1918 1425 1973 peccatum,
1450 1906 1567 1974 quia
1589 1922 1709 1975 pos-

1828 648 1883 715 et
1914 640 1968 692 in
1997 639 2423 715 Collationibusi
2439 640 2600 715 plane
2629 640 2841 715 exigere
2867 642 3075 698 videtur
3100 652 3158 699 ut
3183 644 3382 715 aliquid

1823 711 1896 782 de,
1919 726 1979 764 ea
2011 721 2352 782 annotemus.
2386 711 2534 765 Cella
2565 711 2743 779 itaque
2773 713 2824 781 (a
2865 728 2964 782 qua
3013 711 3381 774 diminutivum

1818 780 2036 854 cellula)
2069 782 2210 835 dicta
2235 792 2337 854 est,
2373 782 2512 851 quod
2536 781 2588 834 in
2614 797 2674 834 ea
2710 780 2968 849 celentur,
3002 800 3118 854 qum
3149 802 3270 841 esse
3287 805 3383 842 vo-

1818 852 1995 905 lumus
2025 854 2257 908 occulta.
2287 852 2417 906 Nam
2439 855 2621 925 omnis
2646 853 2795 925 locus
2822 854 2874 907 in
2901 852 3150 925 qno'quid
3172 860 3386 925 reponi-

1815 928 1903 975 tur
1936 932 1993 975 ut
2044 932 2308 990 servetur,
2368 923 2503 977 cella
2559 923 2880 991 appellatur.
2928 924 3119 979 Cicero
3166 923 3247 980 de
3285 928 3385 983 Se-

1817 1003 2029 1047 nectute
2058 1011 2070 1046 :
2100 992 2333 1064 Semper,
2367 993 2559 1061 inquit,
2602 994 2717 1046 boni
2745 995 3038 1063 assiduique
3073 997 3267 1049 domini
3304 1016 3386 1051 re-

1818 1065 1951 1137 ferta
1988 1074 2060 1116 est
2087 1063 2231 1137 ‘cella
2280 1065 2516 1137 vinaria,
2575 1064 2789 1137 olearia,
2846 1066 3099 1137 mellaria,
3157 1071 3387 1137 pomaria

1819 1132 2031 1207 (Festus
2074 1133 2471 1207 Pompeiuslib.
2516 1150 2600 1207 l_ll;
2638 1135 2873 1207 Isidorus
2917 1135 3008 1187 lib.
3046 1152 3112 1190 xv
3155 1132 3383 1207 Etymol.

1815 1220 1862 1255 c.
1883 1204 1974 1276 fi).
2002 1205 2107 1258 Sed
2137 1215 2191 1257 et
2216 1206 2465 1273 Virgilius
2488 1204 2697 1276 (Georg.
2729 1206 2803 1275 tv)
2848 1205 3089 1260 favorum
3123 1204 3386 1264 cavernas

1816 1273 1980 1345 cellas
2011 1277 2249 1345 vocavit,
2277 1290 2397 1328 cum
2427 1276 2492 1329 de
2511 1273 2696 1345 apibus
2721 1273 2792 1329 ait
2816 1296 2827 1329 :
2856 1276 3165 1331 Distendunt
3186 1288 3387 1332 nectare

1816 1344 1987 1396 cellas.
2016 1344 2083 1398 Et
2112 1344 2253 1413 apud
2280 1346 2524 1400 ethnicos
2548 1344 2683 1401 cella
2708 1362 2829 1414 pars
2856 1349 3033 1415 templi
3061 1359 3177 1402 erat
3203 1362 3386 1402 sacra-

1816 1414 1941 1484 tior,
1970 1415 2028 1484 in
2062 1431 2221 1477 quam
2260 1416 2464 1484 ingredi
2492 1417 2717 1471 cuilibet
2757 1417 2836 1471 fas
2880 1414 2983 1472 non
3013 1428 3146 1482 erat,
3195 1419 3383 1475 Graece

1813 1482 2020 1557 adu-:6».
2052 1484 2204 1540 Unde
2251 1482 2389 1552 apud
2430 1486 2662 1541 Gellium
2713 1489 2924 1557 legitur,
2975 1488 3278 1556 Scipionem
3328 1492 3383 1546 in

1815 1554 2136 1628 Capitolium
2160 1557 2400 1628 venisse,
2420 1554 2931 1626 jussisseque'Jovis
2955 1554 3145 1613 cellam
3176 1562 3381 1628 aperiri

1813 1623 1994 1689 (Noct.
2026 1625 2176 1677 Attio.
2202 1624 2291 1679 lib.
2330 1643 2401 1679 vn
2442 1643 2558 1695 cap.
2590 1623 2770 1695 1).“Αι
2798 1631 2849 1681 in
2882 1645 2978 1683 usu
3017 1623 3380 1686 ecclesiastico

1811 1695 2220 1769 cellse‘primum
2249 1697 2406 1750 dicta:
2432 1709 2559 1753 sunt
2582 1698 2940 1765 domunculaa,
2975 1716 3068 1753 seu
3092 1714 3253 1769 parva
3283 1702 3380 1755 do-

1811 1764 2008 1839 micilia
2040 1770 2447 1839 monachorum,
2480 1783 2575 1822 seu
2600 1769 3069 1835 auachoretarum,
3092 1764 3151 1823 in
3183 1772 3377 1839 quibus

1810 1834 2069 1909 latentes,
2091 1838 2341 1909 orationi,
2390 1840 2847 1907 contemplationi,
2895 1842 3125 1909 aliisque
3174 1834 3378 1897 exerci-

1811 1906 1898 1958 tiis
1926 1907 2185 1981 vacabant
2226 1908 2442 1981 in__locis
2471 1912 2691 1981 remotis
2734 1920 2789 1964 et
2821 1906 3078 1965 solitarii—5
3110 1931 3121 1963 :
3148 1928 3389 1981 quarum.

157 1980 283 2061 simus
310 1980 600 2067 aliquando
625 1980 780 2059 alie-ui
808 1980 1047 2047 prodesse
1073 1977 1398 2067 mentiendo;
1428 1992 1696 2058 possumus
1726 2006 1775 2067 B
1805 1977 2056 2067 imminit
2100 1977 2254 2067 divtis
2284 1978 2641 2067 llierpnymu's
2681 1980 2734 2033 in
2762 1982 2993 2067 epistola
3022 1977 3280 2067 22Het'h27
3310 1984 3375 2037 ad

157 2052 266 2101 enim
306 2060 354 2103 et
397 2047 645 2118 Iurando,
686 2051 729 2101 si
778 2065 973 2117 pauper
1012 2050 1090 2099 cui
1134 2048 1308 2117 palam
1351 2047 1501 2099 datur
1542 2049 1695 2100 sentit

155 2122 478 2182 commodum,
507 2129 555 2172 et
574 2120 708 2172 dives
725 2121 807 2172 cui
832 2119 963 2172 clam
981 2119 1177 2172 tollitur
1196 2134 1298 2171 non
1319 2119 1470 2171 sentit
1495 2118 1696 2170 incom-

155 2193 354 2243 modum.
390 2192 559 2244 Porro
590 2204 708 2243 cum
739 2190 881 2243 aliud
926 2190 995 2242 sit
1024 2186 1263 2252 mentiri,
1297 2188 1439 2240 aliud
1470 2189 1697 2243 obscure

152 2262 219 2313 vel
248 2260 675 2330 amphibologice
708 2260 848 2327 loqui
875 2263 1019 2329 (nam
1043 2260 1132 2330 qui
1162 2259 1328 2330 utitur
1353 2258 1694 2330 amphibolo-

153 2332 243 2397 gia,
277 2340 365 2384 aut
394 2328 947 2397 taeita'restrictione,
977 2344 1079 2382 non
1112 2328 1346 2382 intendit
1382 2328 1573 2382 falsum
1613 2344 1697 2383 as-

150 2414 318 2455 serere
347 2416 443 2470 pro
475 2416 626 2466 vero,
653 2410 744 2454 aut
769 2416 963 2471 negare
992 2400 1130 2469 quod
1162 2402 1263 2471 scit
1292 2406 1383 2453 aut
1406 2406 1553 2467 putat
1577 2414 1697 2454 esse

151 2486 350 2536 verum,
383 2473 525 2540 quod
574 2472 789 2541 proprie
820 2483 901 2525 est
931 2470 1189 2541 mentiri,.
1217 2470 1320 2523 hoc
1369 2479 1695 2541 est,_contra

150 2550 363 2596 mentem
390 2539 500 2606 ire,
529 2539 619 2597 aut
645 2539 834 2611 loqui),
864 2542 1018 2595 facile
1053 2540 1223 2608 potuit
1253 2541 1425 2611 bonus
1457 2539 1545 2593 ille
1575 2554 1695 2593 ere-

150 2612 259 2665 mita
288 2628 314 2666 a
345 2614 633 2668 mendacio
662 2610 876 2682 proprie
903 2611 1045 2666 dicto
1071 2610 1340 2682 excusari,
1367 2625 1489 2664 cum
1510 2624 1696 2663 revera

151 2696 282 2736 suam
320 2685 575 2739 cellulam
606 2681 942 2737 venientibus
988 2682 1217 2735 libenter
1246 2681 1611 2749 relinqueret,
1643 2687 1699 2734 et

153 2753 291 2805 aliam
322 2755 423 2808 sibi
456 2754 655 2808 deinde
672 2761 1043 2818 construeret;
1070 2766 1132 2806 ac
1152 2765 1367 2805 rursum
1392 2752 1513 2804 aliis
1537 2760 1696 2817 atque

151 2823 254 2876 aliis
302 2825 819 2893 supervenientibus
861 2832 1080 2892 paratus
1123 2831 1265 2893 esset
1315 2822 1528 2893 cedere.
1579 2821 1697 2885 Quo

151 2893 290 2947 etiam
322 2891 491 2951 modo
519 2894 662 2948 aliud
706 2895 1005 2963 exemplum
1028 2936 1041 2957 ,
1076 2892 1371 2963 quodgcap.
1412 2891 1481 2945 39
1511 2904 1699 2944 narra-

152 2971 241 3027 tur,
275 2968 516 3033 prudens
548 2966 713 3021 lector
742 2961 899 3021 facile
928 2980 958 3017 a
986 2961 1249 3017 mendacii
1274 2962 1449 3033 culpa
1476 2975 1698 3033 excusa-

150 3034 231 3099 bit,
252 3030 586 3107 quamquam
612 3052 717 3107 non
748 3036 818 3088 sit
842 3034 1117 3107 haedere
1149 3030 1316 3107 nimis
1346 3030 1504 3107 anxie
1544 3031 1696 3107 labo-

151 3102 372 3175 randum.
404 3102 529 3163 Non
562 3106 703 3160 enim
738 3106 991 3175 quidquid
1019 3104 1085 3159 de
1113 3102 1241 3175 viris
1283 3102 1617 3175 sanetis,ivel
1644 3103 1696 3155 in

150 3174 429 3244 Scriptura,
474 3177 561 3231 vel
604 3173 769 3243 alibi,
809 3176 1055 3245 legimus,
1100 3173 1153 3227 id
1190 3174 1447 3227 continuo
1493 3173 1697 3245 licitum

152 3258 227 3298 aut
253 3248 576 3302 imitandum
607 3247 831 3301 credere
870 3244 1128 3300 debemus
1148 3284 1161 3308 ,
1192 3260 1311 3299 eum
1343 3251 1552 3298 constet
1578 3244 1697 3298 illos

156 3330 239 3368 non
262 3320 463 3374 vixisse
513 3320 714 3387 absque
754 3325 994 3386 peccato,
1032 3317 1225 3369 saltem
1257 3314 1483 3387 veniali,
1515 3314 1695 3384 cujus-

153 3388 274 3441 tnodi
303 3402 431 3444 sunt
465 3384 895 3455 mend'acia‘qute
921 3387 1171 3441 dicuntur
1190 3384 1449 3453 officiosa,
1480 3401 1598 3455 qua:
1625 3394 1704 3438 ta-

155 3471 257 3510 men
286 3460 343 3512 D.
378 3461 716 3527 Augustinus
745 3458 902 3512 docet
927 3472 1033 3511 non
1063 3471 1182 3511 esse
1212 3456 1429 3509 minima
1462 3467 1700 3527 peccata,

155 3536 198 3601 et
226 3531 342 3584 viris
369 3525 632 3601 perfectis
660 3529 899 3601 studiose
919 3527 1175 3582 cavenda.
1208 3527 1301 3601 Est
1328 3537 1583 3601 przelepea
1616 3525 1704 3601 hic

155 3596 559 3667 observandum,
590 3599 707 3655 haec
734 3600 917 3664 verba,
960 3614 1078 3667 qum
1107 3597 1386 3652 mendacio
1422 3596 1705 3667 suffragari

154 3668 420 3740 videntur,
477 3687 511 3724 a
546 3665 820 3740 Dionysio
869 3665 1410 3740 Carthusiano,_gqui
1462 3665 1705 3740 Cassiani

156 3736 429 3797 doctrinam
477 3742 627 3795 omni
667 3736 852 3795 errore
881 3740 1151 3794 detersam
1180 3737 1435 3791 exhibere
1478 3738 1701 3801 studuit,

155 3815 378 3867 Consulto
434 3811 804 3883 prmtermissa
826 3824 967 3883 esse
983 3851 997 3874 ,
1015 3807 1601 3883 _quemad_modum__et
1641 3822 1703 3883 ea

156 3894 254 3942 quae
302 3885 370 3937 de
424 3878 623 3939 eadem
675 3880 967 3936 mentiendi
1015 3878 1231 3935 licentia
1280 3879 1438 3933 latius
1492 3878 1708 3932 disserit

154 3949 296 4023 abbas
323 3953 532 4023 Josepb
555 3969 584 4005 a
611 3954 787 4022 capite
827 3961 1012 4023 octavo
1046 3966 1215 4020 usque
1259 3950 1326 4003 ad
1352 3950 1511 4023 linem
1540 3949 1709 4023 colla:

156 4021 296 4091 tionis
317 4020 549 4080 decima:
572 4020 831 4091 septimae.
868 4023 908 4075 E
930 4022 1141 4076 diverso
1166 4030 1344 4076 autem
1373 4020 1704 4089 deprehendi

154 4088 198 4141 in
223 4104 403 4148 nostro
429 4110 537 4149 ms.
567 4088 986 4147 additamentum
1018 4092 1283 4160 quoddam
1318 4088 1457 4144 huic
1472 4092 1590 4144 loco
1624 4092 1704 4145 in-

153 4172 339 4234 scrtum
376 4174 504 4234 post
548 4165 632 4217 illa
666 4163 850 4227 verba,
879 4164 1076 4234 etiamsi
1108 4164 1316 4234 minime
1352 4161 1701 4228 a/fuissemus,

153 4231 426 4301 afﬁrmans;
486 4235 563 4288 ibi
619 4236 760 4288 enim
811 4233 1051 4288 subditur
1098 4251 1110 4284 :
1163 4231 1401 4285 Charitas
1439 4234 1570 4285 servi
1610 4234 1706 4286 Dei

154 4304 285 4357 debet
304 4308 550 4368 laudari;
581 4305 865 4376 exemplum
885 4320 1003 4376 pero
1033 4304 1307 4376 mendacii,
1341 4304 1479 4376 quod
1506 4319 1705 4376 semper

152 4386 396 4445 peccatum
422 4388 522 4443 est,
552 4372 838 4443 repudiari.
871 4374 1011 4428 Nam
1040 4377 1176 4445 quod
1218 4373 1455 4441 ﬁliiDci,
1495 4372 1591 4441 ﬁlii
1634 4374 1707 4425 ri-

153 4442 321 4515 delicet
350 4442 770 4507 veritatis,nullo
803 4463 1012 4515 prorsus
1050 4442 1203 4498 modo
1240 4445 1702 4515 mentiridebeant,

148 4511 311 4588 beatus
340 4519 687 4588 Augustinus,
720 4511 988 4587 cwierique
1028 4515 1211 4569 Patres
1238 4514 1520 4588 multiplici
1541 4531 1707 4568 asser-

149 4586 278 4639 tione
310 4585 580 4656 aﬁirmant.
613 4588 744 4654 Qua:
790 4585 950 4641 verba
982 4602 1089 4641 non
1118 4601 1239 4641 esse
1283 4585 1546 4656 Cassiani,
1578 4599 1709 4639 con-

150 4662 321 4709 textus
358 4655 494 4712 ’satis
537 4659 756 4722 indicat,
799 4673 920 4712 cum
962 4672 1059 4711 nec
1100 4655 1559 4719 antecedentibus,
1610 4670 1710 4710 nec

1801 2046 2146 2121 Eustochium
2177 2047 2267 2118 (Et
2288 2046 2500 2120 prtefati
2517 2052 2569 2102 in
2601 2050 2726 2120 Reg.
2756 2046 2815 2105 Si
2844 2051 3159 2121 Pachumii).
3182 2052 3373 2107 Postea

1798 2132 1926 2170 vero
1962 2118 2176 2186 quidam
2210 2121 2310 2173 viri
2352 2118 2527 2174 sancti
2573 2118 2734 2175 etiam
2780 2122 2834 2174 in
2875 2123 3097 2176 urbibus
3118 2118 3181 2176 et
3224 2132 3374 2177 extra

1798 2187 1959 2241 urbes
1999 2188 2166 2261 cellas
2199 2190 2398 2261 habere
2435 2201 2715 2259 cceperunt
2747 2210 2760 2242 :
2791 2206 2894 2261 quo
2935 2193 3131 2246 factum
3159 2202 3261 2255 est,
3295 2206 3374 2259 ut,

1798 2260 2240 2312 concurrentibus
2260 2260 2312 2313 in
2336 2276 2499 2314 unum
2521 2262 2794 2324 fratribus,
2809 2272 2862 2316 et
2882 2267 2980 2315 sub
3003 2278 3186 2316 eorum
3210 2263 3373 2316 disci-

1797 2328 1942 2400 plina
1970 2331 2291 2398 aggregatis,
2326 2332 2555 2386 humiles
2582 2342 2634 2385 et
2666 2333 3099 2400 contemptibiles
3138 2334 3290 2386 cella:
3320 2335 3374 2387 in

1797 2398 1977 2473 ampla
1998 2412 2052 2473 et
2073 2401 2357 2467 splendida
2381 2404 2705 2473 monas1eria
2729 2398 2925 2472 passim
2956 2415 3369 2473 consurgerent:

1799 2471 1950 2543 unde
1973 2470 2267 2543 etiamnum
2302 2472 2466 2526 multa
2502 2470 2750 2527 emnobia
2789 2484 2997 2528 retento
3026 2470 3248 2543 antiquo
3276 2490 3373 2529 ve-

1799 2538 1993 2610 cabulo
2034 2540 2182 2595 cellae
2230 2554 2625 2610 nuncupantur,
2673 2554 2730 2596 ut
2778 2546 2986 2598 notavit
3025 2538 3271 2600 Mula-nus
3320 2546 3375 2601 in

1798 2609 2178 2681 {fartyrologio
2205 2610 2306 2681 (Ad
2329 2613 2361 2666 6
2389 2609 2435 2666 et
2460 2614 2529 2667 27
2555 2609 2829 2678 Novemb.,
2854 2622 2899 2667 et
2928 2616 2979 2667 in
3002 2616 3238 2670 Annalib.
3264 2617 3371 2671 SS.

1797 2676 1989 2754 Belgii,
2013 2682 2045 2735 9
2071 2676 2277 2754 Octob.,
2310 2692 2359 2736 et
2394 2684 2564 2753 alibi).
2601 2684 2660 2737 D.
2697 2676 2858 2739 etiam
2892 2686 3210 2754 Benedictus
3242 2702 3375 2754 quo-

1798 2748 1919 2825 dam
1955 2752 2085 2825 loco
2102 2753 2257 2825 cella:
2284 2754 2499 2825 nomine
2525 2748 2909 2825 dormitorium
2938 2748 3213 2825 intelligit,
3247 2748 3373 2812 dum

1797 2819 1873 2897 ait
1901 2836 1913 2871 :
1944 2821 2168 2897 (gandela
2182 2823 2374 2891 jugiter
2394 2824 2571 2897 ardeat
2598 2824 2849 2897 incudem
2875 2826 3005 2879 cella
3026 2819 3373 2897 usque'mane.

1797 2888 2044 2967 Cap._22.
2071 2892 2124 2944 In
2145 2888 2543 2967 jureeanonico
2563 2895 2713 2967 cellae
2732 2888 3377 2967 monachorumdupliees

1798 2962 2191 3036 exprimuntur.
2215 2962 2349 3015 Alite
2376 2965 2519 3036 enim
2542 2978 2665 3018 sunt
2695 2966 2834 3018 intra
2862 2977 3011 3036 septa
3037 2962 3371 3034 monasterii,

1798 3031 1893 3085 sed
1933 3041 2401 3106 e‘xtra‘commune
2430 3034 2823 3105 dormitorium,
2853 3031 2986 3106 quas
3018 3048 3160 3093 vetat
3201 3031 3375 3095 canon
3444 3097 3454 3104 _

1799 3102 2017 3178 concilii
2080 3102 2402 3178 Agathensis
2462 3106 2685 3178 singulis
2741 3102 3020 3163 monachis
3074 3112 3376 3178 promiscue

1798 3174 2042 3247 concedi,
2072 3175 2266 3228 nedum
2290 3177 2355 3229 ab
2380 3177 2509 3243 ipsis
2530 3174 2742 3246 propria
2767 3174 3089 3234 auctoritate
3109 3184 3373 3247 construi,

1798 3244 2123 3318 sed‘tantum
2164 3246 2391 3300 intirmis
2418 3244 2843 3304 aut'senioribus
2890 3251 3130 3306 emeritis
3156 3264 3210 3305 et
3251 3244 3374 3318 pro;

1804 3313 1964 3368 balis.
1993 3315 2128 3370 Alia:
2168 3328 2292 3370 sunt
2322 3318 2470 3372 cellae
2513 3321 2857 3375 eremitarum
2887 3332 2980 3376 aut
3017 3313 3375 3376 anachoreta-

1727 3362 1772 3423 Ο
1804 3399 1944 3450 rum,
1969 3396 2116 3458 extra
2146 3388 2303 3441 urbes
2331 3388 2381 3441 in
2414 3390 2800 3458 locisjdesertis
2821 3403 2913 3446 aut
2931 3391 3152 3447 remotis
3175 3395 3376 3447 consti-

1813 3463 1962 3527 tunc,
1996 3457 2062 3511 de
2082 3459 2283 3527 quibus
2324 3457 2565 3527 loquitur
2587 3461 2893 3515 Bonifacius
2937 3472 3164 3515 octavus
3201 3464 3379 3527 ponti-

1805 3525 1894 3599 fex
1918 3542 2037 3595 cap.
2070 3525 2421 3598 Privilegium,
2442 3530 2503 3581 de
2532 3530 2687 3599 Verb.
2713 3532 2915 3599 signif.,
2947 3532 2999 3583 in
3028 3539 3181 3583 sexto
3199 3525 3391 3599 (Apud.

1807 3596 2042 3669 Gratian.
2072 3600 2159 3669 178,
2191 3615 2241 3666 q.
2266 3596 2340 3661 ⁷2,
2388 3615 2505 3668 cap.
2551 3596 2790 3669 Nullus);
2823 3596 2911 3653 ubi
2945 3615 3040 3667 per
3067 3596 3235 3653 cellas
3271 3596 3374 3653 Vde-

1806 3667 1979 3736 clarat
2008 3682 2066 3721 se
2089 3668 2387 3736 intelligere
2411 3667 2523 3721 Iaca
2566 3667 2773 3722 secreta
2798 3678 2851 3721 et
2879 3669 3117 3722 solitaria
3158 3683 3277 3736 qua:
3309 3670 3377 3723 ab

1806 3734 2079 3790 hominum
2128 3734 2373 3805 separata
2417 3738 2685 3803 convictu,
2720 3748 2849 3791 sunt
2882 3739 2947 3791 ad
2999 3734 3378 3805 contemplan-

1807 3809 1931 3860 dum
1987 3816 2041 3860 et
2095 3807 2202 3860 Deo
2246 3806 2542 3860 vacandum
2597 3808 2905 3873 specialiter
2968 3809 3241 3876 deputata.
3293 3810 3375 3865 Ad

1807 3877 2072 3944 ejusmodi
2098 3878 2261 3932 cellas
2296 3891 2453 3945 posse
2484 3876 2765 3945 religiosos
2805 3880 2967 3934 etiam
3000 3878 3375 3935 mendicantes

1806 3950 1874 4003 de
1905 3947 2117 4002 licentia
2157 3949 2496 4016 praelatorum
2537 3962 2755 4002 suorum
2799 3952 3030 4004 transire
3069 3950 3378 4004 decernitur

1806 4034 1924 4088 cap.
1977 4018 2135 4073 unico
2184 4020 2250 4073 de
2304 4018 2525 4072 Excess.
2575 4020 2872 4087 prmlator.,
2922 4023 2972 4075 in
3021 4030 3191 4074 sexto.
3242 4020 3379 4074 Illud

1806 4098 2062 4158 prwterea
2089 4089 2156 4144 de
2186 4089 2336 4143 cellis
2367 4098 2420 4142 et
2447 4090 2654 4144 cellulis
2680 4093 3066 4146 monachorum
3107 4094 3377 4145 succurrit

1807 4160 2197 4223 annotandum,
2236 4160 2476 4228 singulas
2517 4162 2742 4230 singulis
2781 4164 3059 4217 monachis
3102 4178 3165 4217 ex
3198 4178 3295 4216 usu
3323 4170 3381 4216 et

1806 4232 2055 4302 instituto
2113 4241 2356 4285 veterum
2399 4230 2617 4284 Patrum
2663 4234 2925 4302 assignari
2964 4233 3139 4287 solere
3180 4248 3242 4287 ac
3282 4233 3381 4287 de-

1806 4300 1957 4356 bere.
1986 4301 2114 4355 Nam
2146 4304 2244 4355 etsi
2291 4302 2593 4369 reperimus
2633 4300 2837 4371 priscos
2880 4303 3177 4357 monachos
3222 4304 3375 4357 habi-

1810 4381 1950 4426 tasse
1992 4372 2311 4440 quandoque
2343 4373 2523 4439 plures
2566 4374 2615 4424 in
2660 4389 2762 4426 una
2791 4374 2982 4429 cellula
3028 4374 3106 4442 (id
3137 4375 3277 4427 enim
3309 4375 3376 4427 de

1809 4443 2256 4496 Tabennensiotis
2300 4444 2470 4496 refert
2514 4443 2829 4513 Palladius),
2885 4455 3060 4498 tamen
3106 4452 3165 4497 ut
3212 4444 3381 4497 multo

1809 4515 1973 4567 tutius
1997 4522 2051 4568 et
2078 4513 2410 4567 commodius
2451 4512 2695 4582 singulos
2740 4517 3029 4583 separatim
3061 4514 3276 4583 degere,
3308 4515 3380 4570 ita

1808 4595 1862 4638 et
1894 4584 2221 4654 frequentius
2248 4595 2302 4639 et
2333 4585 2579 4637 usitatius
2618 4583 2785 4639 fuisse
2814 4585 3092 4651 discimus,
3143 4587 3376 4653 primum

1812 4670 1876 4707 ex
1908 4655 2154 4719 Philone,
2179 4656 2266 4720 qui
2295 4654 2362 4708 de
2390 4654 2717 4723 therapeutis
2739 4654 3119 4710 Alexandrinis
3147 4657 3217 4709 ita
3243 4658 3380 4710 scri-

147 4730 601 4796 consequentibus
639 4731 980 4792 cohaereant;
1013 4742 1112 4781 nec
1143 4727 1192 4779 in
1240 4726 1360 4779 aliis
1390 4726 1705 4792 exemplari-
1734 4726 1784 4786 D
1810 4725 1889 4779 bit
1919 4724 2057 4796 (Lib.
2088 4726 2151 4778 de
2186 4725 2302 4777 Vita
2330 4726 2574 4793 contem.)
2609 4744 2619 4777 :
2647 4724 2858 4795 Singuli
2892 4737 3060 4779 autem
3082 4726 3269 4779 habent
3298 4744 3381 4780 sa-

150 4796 237 4869 bus
262 4801 631 4869 reperiantur.
664 4800 845 4869 Itaque
875 4798 1122 4851 videntur
1153 4797 1380 4865 primum
1407 4796 1701 4869 abaliquo,

147 4867 226 4933 qui
257 4868 397 4924 hunc
423 4886 667 4925 errorem
691 4867 1063 4924 de‘mendaeio
1088 4878 1273 4920 notare
1293 4867 1538 4933 voluerit,
1568 4883 1711 4921 utar-

146 4941 533 5011 giniaseripta.
564 4951 747 5010 postea
772 4955 900 4995 vero
925 4939 1202 5008 scriptoris
1224 4938 1449 5011 alicujus
1472 4939 1702 5011 inscitia,

150 5010 222 5061 vel
246 5009 479 5075 incuria,
512 5014 562 5063 in
598 5021 796 5066 textum
843 5012 1015 5079 ipsum
1058 5009 1359 5077 irrepsisse.
1394 5009 1497 5064 Sed
1524 5010 1591 5065 de
1622 5010 1706 5065 his

146 5078 282 5146 plura
312 5084 380 5137 ad
416 5083 762 5137 collationem
793 5078 1052 5135 decimam
1081 5083 1382 5148 septimam.

206 5151 233 5187 ι’
264 5153 466 5208 Simile
515 5154 815 5221 exemplum
863 5154 1071 5206 abbatis
1117 5151 1402 5219 cujusdam
1448 5150 1704 5205 Dorothei

148 5234 317 5275 narrat
341 5224 621 5278 Palladius
670 5223 801 5276 Hist.
836 5222 1107 5289 Lausiac.,
1133 5239 1253 5289 cap.
1276 5222 1327 5275 9.
1360 5224 1406 5275 Is
1436 5222 1595 5284 enim,
1624 5224 1704 5274 in-

143 5294 265 5357 quit,
302 5304 425 5348 toto
459 5297 566 5359 die,
599 5303 759 5362 atque
790 5295 921 5347 adeo
958 5295 1009 5347 in
1041 5296 1156 5361 ipso
1183 5301 1318 5346 mstu
1358 5293 1622 5359 meridiei,
1651 5293 1702 5345 in

143 5364 430 5420 solitudine
457 5366 609 5433 juxta
648 5380 794 5419 mare
834 5365 1117 5434 colligebat
1162 5364 1385 5433 lapides,
1419 5372 1474 5416 et
1518 5378 1583 5417 ex
1628 5363 1705 5417 eis

140 5446 349 5506 semper
373 5437 656 5491 mdiiicans
702 5446 755 5490 et
783 5436 951 5489 cellas
1001 5435 1222 5499 faciens,
1254 5449 1345 5489 eas
1381 5434 1610 5488 cedebat
1644 5435 1706 5488 iis

139 5508 217 5577 qui
268 5524 377 5562 non
415 5515 673 5576 poterant
710 5507 995 5573 mdiﬁcare,
1043 5508 1266 5577 singulis
1312 5508 1464 5559 annis
1513 5506 1703 5560 cellam

139 5574 351 5632 faciens.
385 5574 553 5632 Aliud
584 5580 709 5632 item
745 5578 921 5633 simile
944 5579 1010 5632 de
1048 5574 1333 5632 Ammonio
1367 5577 1529 5631 refert
1560 5577 1708 5630 Ruti-

136 5648 303 5718 postn
340 5648 490 5704 Vitis
526 5648 638 5710 Pat.
680 5650 718 5703 l.
765 5664 801 5704 ιι
842 5664 960 5717 cap.
988 5649 1088 5717 25,
1132 5660 1187 5704 et
1226 5648 1428 5702 Pallad.
1461 5661 1578 5718 cap.
1614 5648 1703 5702 70.

136 5713 300 5805 Porro
323 5721 595 5797 frequens
620 5721 770 5781 cellae
792 5728 847 5783 et
871 5713 1086 5793 cellulae
1110 5720 1315 5786 mentio
1343 5720 1394 5778 in
1429 5718 1511 5780 his
1527 5713 1707 5794 ilibris

1809 4806 1922 4849 eras
1953 4798 2216 4862 aediculas,
2249 4798 2334 4849 ubi
2358 4796 2577 4848 solitarii
2604 4806 2794 4851 sancta:
2824 4798 2938 4850 vitae
2962 4799 3215 4866 mysteriis
3255 4798 3381 4852 dant

1811 4883 2036 4937 Operam.
2090 4867 2167 4921 Ne
2208 4868 2328 4936 quis
2377 4881 2506 4920 vero
2543 4868 2927 4938 interpretetur
2967 4868 3166 4922 sacella
3204 4870 3380 4937 potius
3444 4871 3475 4938 ὲ,

1810 4939 1977 4993 fuisse
2014 4953 2173 5007 quam
2223 4938 2406 5007 cellas,
2451 4937 2703 5004 prohibet
2750 4940 2889 4993 idem
2936 4938 3088 4992 Philo
3137 4939 3379 4994 scribens
3465 4937 3479 4977 "2

1809 4974 2135 5085 {E5326
2161 5023 2197 5060 ιι
2232 4979 2431 5085 Εσςιςξ.
2451 4974 2697 5085 lllist.:_'c.
2726 4974 3058 5081 ldiuprrcter
3080 4974 3380 5077 hasvsin‘g'ti:
3467 5036 3477 5085 ί

1810 5077 1983 5133 lorum
2010 5082 2174 5133 cellas
2203 5077 2473 5131 exstitisse
2501 5081 2641 5147 apud
2677 5096 2769 5135 eos
2799 5077 3095 5135 cuminune
3124 5095 3373 5148 σεμνεῖον,
3464 5144 3465 5147 η

1810 5165 1916 5215 quo
1942 5150 2093 5203 statis
2122 5150 2309 5203 diebus
2340 5149 2591 5220 horisque
2620 5152 2683 5203 ad
2710 5151 3060 5207 celebrandas
3080 5151 3170 5220 Dei
3196 5150 3378 5220 laudes
3460 5158 3469 5183 θ

1810 5220 2167 5291 liturgiasque
2212 5218 2583 5274 convenirent.
2624 5220 2681 5274 2°
2724 5222 2801 5275 Ex
2852 5223 3050 5290 Regula
3102 5218 3378 5291 Pachumii
3459 5256 3463 5276 ε

1810 5287 1914 5346 brt.
1946 5292 2006 5347 61
2032 5287 2413 5368 indulgeri-us
2436 5294 2677 5368 cellulam
2712 5296 2904 5368 intrare
2940 5287 3117 5344 nullus
3148 5287 3376 5368 audeat;
3458 5316 3467 5368 θ

2948 5368 3210 5431 ρνίερρδιιι
3250 5375 3376 5431 ]_u_s-
3464 5390 3470 5405 ι

1811 5373 1862 5417 et
1893 5374 1992 5417 art.
2024 5364 2090 5417 65
2118 5380 2129 5413 :
2167 5362 2315 5416 Nihil
2339 5365 2391 5415 in
2423 5362 2690 5435 cellausua
2727 5363 2911 5435 absque
2948 5362 3210 5435 prtepgsiti
3250 5362 3324 5435 λίς

1811 5436 1951 5489 sione
1994 5435 2246 5504 quispiam
2295 5436 2479 5487 condet
2525 5427 3019 5504 (Vide_etiant_art.
3052 5429 3124 5504 lia
3163 5436 3210 5479 et
3258 5427 3373 5504 45)ἶ

1812 5506 1865 5579 Ii"
1900 5507 1974 5560 Ex
2005 5496 2619 5579 l‘).-Hier<mymo_iepist.
2649 5502 2719 5553 22
2757 5500 2826 5579 ad
2874 5496 3243 5579 Eustochium,
3290 5499 3377 5551 ubi

1812 5576 1878 5631 de
1903 5578 2185 5631 cmnobitis
2216 5570 2670 5645 Eg’yptiis’agens
2698 5570 2978 5645 :AManent,
3003 5570 3197 5638 inquit,
3228 5586 3377 5645 sepa-

1810 5650 1925 5715 rati,
1960 5650 2047 5701 sed
2079 5647 2269 5709 iunctis
2289 5638 2625 5715 'c'e'llulisXEt
2652 5642 2789 5715 inira
2820 5656 2833 5692 :
2864 5638 3189 5715 Circumeunt
3218 5640 3380 5715 cellu-

1812 5720 1893 5804 las.
1912 5711 2258 5791 singulorum.
2285 5715 2355 5772 Et
2375 5714 2537 5789 epist.
2560 5714 2629 5775 27
2658 5711 2850 5791 :Cujus
2869 5728 2972 5773 non
2993 5713 3201 5777 intrauit
3221 5713 3387 5778 callus
