3994 6202
600 316 705 382 259

1093 428 1316 490 CAPUT
1372 426 1656 487 xxxvuL
1728 386 1753 397 ³

646 532 794 588 Idem
845 530 1139 593 Archebius,
1164 543 1403 579 manuum
1452 541 1661 579 suarum
1708 524 1902 591 labore,
1934 528 2109 579 matris

1128 598 1348 650 debitum
1380 597 1630 649 dissolvit.

670 717 856 787 Operae
884 713 1107 782 pretium
1130 709 1258 763 mihi
1283 709 1489 763 videtur
1514 708 1656 763 aliud
1678 723 1887 778 quoque
1913 708 2157 776 ejusdem

601 809 699 864 viri
731 804 1007 861 charitatis
1044 814 1181 869 Opus
1217 800 1489 853 memoria:
1536 799 1770 862 tradere,
1804 814 1909 868 quo
1941 807 2154 852 nostra-

600 914 713 955 rum
738 895 962 966 partium
1000 891 1247 945 monachi
1284 906 1387 945 non
1420 892 1593 945 solum
1630 891 1976 945 continentia:
2020 890 2161 959 rigo-

600 1007 732 1051 rem,
763 1002 942 1043 verum
971 984 1130 1039 etiam
1153 984 1574 1038 sincerissimum
1598 984 1835 1036 retinere
1858 982 2161 1035 dilectionis

599 1081 867 1143 allectum,
897 1077 1053 1130 unius
1080 1074 1429 1144 ejusdemque
1457 1074 1557 1127 viri
1586 1073 1938 1127 instituantur
1968 1088 2153 1128 exem-

599 1173 707 1243 plo.
743 1170 839 1225 Hic
877 1184 1107 1239 namque
1136 1185 1241 1223 non
1273 1168 1492 1239 ignobili
1536 1166 1797 1222 oriundus
1839 1166 2059 1233 familia,
2094 1164 2162 1221 ad

599 1264 984 1321 monasterium
1014 1261 1154 1332 quod
1181 1278 1208 1314 a
1236 1261 1494 1330 praedicto
1525 1260 1722 1329 oppido
1745 1259 1913 1314 ferme
1933 1268 2162 1328 quatuor

598 1358 836 1414 millibus
863 1356 1046 1421 distat,
1082 1354 1264 1409 mundi
1295 1354 1453 1422 hujus
1482 1368 1545 1406 ac
1569 1362 1847 1422 parentum
1877 1352 2165 1407 affectione

599 1457 931 1516 contempta,
962 1462 992 1500 a
1025 1444 1321 1514 puerilibus
1348 1444 1503 1497 annis
1534 1441 1755 1513 aufugit.
1788 1440 1890 1498 Ubi
1927 1443 1998 1496 ita
2042 1442 2164 1497 vita:

601 1555 710 1595 sum
738 1553 953 1594 omnem
1002 1538 1180 1607 exegit
1222 1546 1457 1600 aetatem,
1505 1544 1563 1590 ut
1605 1551 1893 1604 numquam
1944 1548 2167 1604 prorsus

601 1645 695 1701 per
724 1639 867 1685 t0tos
903 1629 1289 1698 quinquaginta
1323 1642 1493 1682 annos
1528 1642 1631 1681 non
1665 1627 1839 1681 solum
1867 1626 2069 1693 vicum,
2098 1640 2166 1681 ex

603 1738 709 1795 quo
738 1737 989 1793 egressus
1029 1733 1128 1789 est,
1158 1738 1255 1777 nec
1286 1722 1451 1777 fuerit
1478 1722 1781 1793 ingressus,
1812 1737 1911 1777 nec
1944 1721 2159 1789 viderit,

1908 310 2185 375 JOANNIS
2221 306 2525 373 CASSIANl

2180 436 2231 493 Α
2258 436 2437 501 operis
2479 444 2702 500 pensum
2764 426 2982 485 sibimet
3022 427 3285 499 triplicari
3330 425 3601 499 poposcit.
3642 424 3711 480 Et
3753 425 3828 483 ibi
3914 418 3919 421 Α

3720 294 3828 367 960
3860 310 3925 399 τέ

2262 540 2360 595 per
2382 534 2550 578 totum
2578 523 2704 577 anni
2748 521 2975 592 spatium
3008 522 3198 577 diebus
3229 523 3430 592 pariter
3466 522 3826 592 noctibusque

2260 615 2551 680 desudans,
2584 612 2750 668 debiti
2778 614 2995 667 modum
3026 614 3210 682 operis
3248 613 3446 669 sudore
3475 615 3672 683 partim
3713 613 3827 686 [pa-

2262 707 2459 778 ratum]
2490 707 2851 763 creditoribus
2880 707 3121 773 solvens,
3154 716 3379 761 matrem
3422 707 3571 761 omni
3617 707 3829 776 inquie-

2263 803 2467 858 tudinis
2488 802 2684 871 injuria
2723 800 3000 865 liberavit;
3036 801 3108 854 ita
3137 815 3333 857 eruens
3364 814 3482 855 eam
3512 799 3685 854 debiti
3712 814 3829 853 sar-

2263 898 2406 959 cina,
2440 902 2499 948 ut
2528 893 2665 947 nihil
2713 892 2779 947 de
2811 891 3069 961 propositi
3111 893 3290 961 rigore
3334 892 3438 960 pias
3479 891 3825 947 necessitatis
3872 951 3883 959 ,

2263 990 2487 1043 obtentu
2512 994 2784 1055 pateretur
2804 985 3066 1039 imminui.
3096 984 3169 1039 Ita
3196 983 3593 1039 districtibnem
3614 983 3830 1039 solitam

2267 1080 2593 1144 custodivit,
2650 1088 2707 1131 ut
2760 1093 3097 1147 nequaquam
3143 1078 3356 1147 pietatis
3398 1094 3530 1147 opus
3573 1078 3830 1133 maternis

2268 1173 2561 1228 visceribus
2605 1170 2916 1241 denegaret,
2966 1186 3128 1241 quam
3175 1185 3270 1239 pro
3319 1168 3520 1225 Christi
3558 1169 3836 1225 charitate

2268 1265 2415 1334 prius
2454 1263 2807 1333 despexerat,
2862 1276 2961 1331 pro
3018 1262 3138 1330 ejus
3177 1274 3361 1316 rursus
3402 1260 3598 1331 pietate
3635 1274 3838 1331 cogno-

2270 1372 2450 1414 SCCOS.

2796 1467 3021 1523 CAPUT
3060 1466 3300 1522 XXXIX.

2273 1606 2387 1672 Qua
2438 1606 2757 1685 simulatione
2798 1606 2931 1657 senis
2989 1606 3296 1675 cujusdam,
3349 1603 3521 1686 abbati
3564 1604 3837 1686 Simeoni,

2375 1688 2488 1728 cum
2518 1684 2709 1729 otiosus
2736 1686 2892 1741 esset,
2926 1690 3053 1745 Opus
3078 1691 3321 1727 manuum
3350 1684 3415 1728 stt
3440 1684 3717 1745 promum.

604 1816 699 1875 sed
720 1832 818 1872 nec
839 1816 1154 1885 cujusquam
1185 1815 1401 1885 quidem
1430 1814 1666 1883 feminae,
1686 1817 1769 1871 vel
1796 1816 1963 1884 ipsius
1983 1817 2168 1870 matris
2197 1816 2245 1875 B
2339 1810 2470 1865 Cum
2503 1810 2669 1866 frater
2704 1810 2856 1865 nobis
2883 1811 3085 1881 optime
3109 1810 3306 1865 cbarus
3337 1812 3555 1867 nomine
3583 1812 3833 1879 Simeon,

604 1924 716 1964 suae
746 1911 1088 1979 conspexerit
1116 1908 1341 1961 vultum.
1388 1909 1593 1963 Interea
1626 1917 1778 1978 pater
1816 1919 1987 1964 morte
2032 1924 2170 1979 pra!-

604 2008 819 2065 ventus,
852 2008 879 2037 δ
907 2007 1123 2055 centum
1152 2000 1446 2054 solidorum
1470 1999 1710 2054 debitum
1737 2002 1974 2071 reliquit.
2005 2000 2171 2056 Cum-

604 2109 707 2164 que
739 2094 825 2148 hic
845 2102 987 2149 esset
1007 2094 1151 2149 omni
1182 2092 1551 2163 inquietudine
1580 2094 1796 2163 penitus
1827 2094 2056 2161 alienus,
2086 2102 2171 2148 ut-

606 2197 732 2257 pote
756 2187 845 2257 qui
876 2187 1140 2242 universis
1170 2187 1410 2256 paternis
1443 2187 1783 2241 facultatibus
1809 2197 1953 2242 esset
1979 2197 2163 2242 extor-

603 2280 718 2345 ris,
770 2292 799 2332 a
848 2278 1207 2334 creditoribus
1263 2289 1441 2332 tamen
1494 2278 1773 2347 inquietari
1814 2278 2163 2333 vehementer

604 2369 868 2439 comperit
897 2380 1140 2423 matrem.
1169 2368 1317 2422 Tunc
1346 2368 1432 2421 hic
1454 2368 1520 2421 ab
1542 2369 1848 2437 evangelico
1876 2370 1967 2424 illo
1992 2370 2169 2440 rigore

604 2482 713 2534 quo
743 2465 976 2519 antehac
1007 2464 1061 2517 in
1088 2471 1231 2517 statu
1270 2477 1529 2531 prospero
1557 2464 1865 2531 parentibus
1907 2466 2170 2518 constitu-

607 2556 695 2623 tis,
728 2571 825 2610 nec
858 2566 1063 2625 patrem
1092 2553 1145 2608 in
1175 2564 1315 2607 terra
1339 2567 1398 2608 se
1430 2563 1581 2608 notat
1607 2554 1881 2620 habuisse,
1914 2571 2014 2610 nec
2055 2572 2169 2611 ma-

606 2659 773 2713 trem,
803 2649 1018 2719 pietatis
1071 2648 1503 2702 consideratione
1560 2647 1819 2714 mollitus,
1854 2650 1925 2703 ita
1969 2664 2029 2704 se
2076 2651 2167 2705 ha-

606 2741 734 2797 bere
779 2741 1004 2796 credidit
1024 2748 1273 2807 matrem,
1306 2738 1332 2777 b
1364 2740 1521 2809 eique
1560 2739 1845 2795 subvenire
1894 2740 2171 2797 festinavit

604 2847 897 2902 oppressae,
930 2840 989 2887 ut
1034 2833 1169 2886 nihil
1197 2848 1227 2887 a
1252 2833 1529 2902 proposita
1559 2833 1896 2889 districtione
1942 2834 2166 2890 laxaret.

604 2922 745 2978 Intra
780 2924 1094 2979 monasterii
1122 2938 1355 2993 namque
1382 2924 1620 2979 claustra
1660 2924 1989 2994 perduraus,
2021 2927 2169 2981 soliti

2275 1903 2487 1972 penitus
2514 1902 2687 1958 Graeci
2726 1905 2990 1957 sermonis
3036 1903 3275 1971 ignarus,
3309 1919 3339 1958 e
3378 1905 3619 1973 partibus
3662 1904 3835 1960 Italiae

2275 2002 2661 2061 commeasset,
2710 1994 2923 2064 quidam
2980 1994 3255 2050 seniorum
3296 2012 3422 2065 erga
3467 2011 3611 2061 eum,
3654 2006 3845 2067 utpote

2277 2088 2639 2157 peregrinum,
2673 2088 2950 2143 charitatis
2978 2103 3111 2157 opus
3145 2100 3166 2127 ο
3195 2088 3428 2157 quodam
3458 2089 3848 2148 redhibitionis

2278 2182 2457 2237 colore
2487 2184 2707 2250 cupiens
2740 2182 3019 2250 exhibere,
3055 2182 3277 2251 inquirit
3303 2183 3371 2237 ab
3405 2198 3472 2237 eo
3512 2199 3610 2237 cur
3636 2184 3849 2239 otiosus

2280 2271 2494 2328 sederet
2530 2274 2583 2327 in
2615 2274 2773 2339 cella,
2806 2288 2898 2342 per
2939 2274 3045 2328 hoc
3088 2274 3385 2343 conjiciens
3429 2290 3550 2331 eum
3592 2284 3699 2331 tam
3747 2275 3847 2331 otii

2275 2365 2684 2434 pervagatione,
2717 2381 2877 2436 quam
2928 2366 3150 2435 penuria
3200 2369 3626 2422 necessariarum
3658 2384 3847 2424 rerum

2274 2456 2476 2511 diutius
2524 2458 2578 2511 in
2621 2473 2683 2512 ea
2728 2458 2924 2513 durare
2979 2474 3083 2513 non
3135 2473 3313 2528 posse,
3363 2471 3541 2515 certus
3574 2461 3846 2517 nemiuem

2275 2567 2433 2621 posse
2459 2551 2887 2623 impugnationes
2914 2552 3226 2608 solitudinis
3266 2554 3500 2609 tolerare
3524 2596 3537 2620 ,
3569 2555 3672 2610 nisi
3712 2571 3838 2611 eum

2274 2644 2364 2712 qui
2395 2646 2622 2712 prOpriis
2652 2643 2897 2699 manibus
2935 2646 3131 2699 victum
3174 2642 3394 2700 sibimet
3438 2644 3601 2701 fuerit
3650 2661 3849 2714 parare

2276 2746 2579 2791 contentus.
2611 2737 2727 2804 Quo
2756 2737 3139 2805 respondente,
3168 2737 3302 2791 nihil
3323 2752 3383 2792 se
3410 2752 3508 2793 nec
3536 2752 3713 2807 posse,
3744 2753 3848 2794 nec

2278 2832 2572 2901 prtevalere
2601 2849 2664 2887 ex
2697 2832 2781 2887 his
2808 2848 2929 2903 quae
2958 2834 3067 2889 illic
3098 2834 3491 2891 exercebantur
3518 2849 3549 2889 a
3580 2833 3844 2891 fratribus

2278 2927 2507 2996 Operari,
2543 2925 2570 2963 ἀ
2602 2936 2799 2997 prater
2826 2927 3099 2981 librariam
3128 2943 3366 2994 manum,
3406 2928 3453 2983 si
3480 2936 3661 2984 tamen
3700 2930 3849 2986 ullus

1668 3040 1922 3095 ALARDI
1961 3040 2190 3096 GAZAZI
2226 3039 2788 3097 COMMENTARIUS.

606 3134 821 3188 tam?4°
854 3134 934 3188 Ex
960 3135 1237 3202 Cassiano,
1275 3134 1367 3202 qui
1398 3149 1502 3188 non
1538 3134 1711 3188 solum
1760 3136 1812 3186 in
1858 3134 1959 3187 hoc
1993 3134 2169 3201 capite
2194 3135 2241 3198 α
2273 3151 2374 3202 qua
2404 3135 2470 3187 de
2510 3150 2570 3188 re
2596 3132 2859 3187 videndus
2914 3133 2976 3187 Ι).
3026 3132 3285 3200 Thomas,
3327 3144 3383 3190 et
3430 3133 3697 3190 Navarrus
3755 3136 3846 3202 (S.

603 3206 863 3275 significat
894 3207 1155 3259 Arcliebio
1186 3208 1451 3273 propriam
1482 3206 1645 3258 fuisse
1675 3202 1921 3257 cellulam
1948 3246 1962 3267 ,
2010 3219 2169 3275 quam

605 3274 780 3330 tamen
815 3280 1050 3329 externis
1080 3275 1485 3329 advenientibus
1515 3275 1741 3326 libenter
1782 3276 2041 3338 cedebat;
2076 3274 2173 3328 sed

603 3357 654 3401 et
682 3347 928 3415 superius
950 3344 1015 3400 de
1042 3348 1231 3399 abbate
1249 3344 1535 3415 Theodoro
1558 3344 1821 3415 loquens:
1853 3342 1981 3397 Cum
2005 3346 2174 3413 inopi-

602 3412 775 3480 natus,
802 3416 992 3485 inquit,
1013 3418 1079 3468 ad
1096 3431 1257 3486 meam
1276 3413 1517 3467 cellulam
1542 3416 1752 3486 uenisset
1772 3412 1905 3486 (cap,
1933 3417 2043 3482 .35),
2062 3427 2169 3471 etc.

601 3487 669 3540 Et
706 3489 822 3540 aliis
864 3486 1105 3553 pluribus
1150 3485 1277 3539 locis
1323 3486 1463 3537 idem
1512 3484 1797 3555 significat;
1837 3485 1893 3539 5°
1920 3486 2001 3538 Ex
2048 3488 2171 3540 divo

600 3557 913 3619 Benedicto,
948 3558 1073 3609 dum
1106 3564 1259 3625 vetat
1291 3571 1353 3608 ne
1395 3555 1551 3625 frater
1590 3555 1656 3608 ad
1686 3561 1896 3624 fratrem
1925 3561 2172 3625 fungatur

602 3629 741 3683 horis
766 3628 1212 3693 incompeteniibus
1244 3624 1479 3697 (capbe
1516 3626 1771 3697 Ποθαίου).
1802 3626 1858 3681 6°
1892 3627 1971 3681 Ex
2009 3624 2171 3682 Justi-

600 3699 746 3755 niani
774 3699 983 3754 novella
1008 3698 1191 3768 quinta
1227 3700 1292 3751 de
1321 3697 1619 3758 monachis.
1664 3714 1785 3766 quae
1820 3700 1897 3752 sic
1947 3699 2108 3754 habet
2151 3718 2165 3754 :

598 3770 666 3825 Et
692 3770 955 3824 monachis
984 3769 1172 3823 scilicet
1198 3784 1301 3821 una
1326 3768 1531 3836 quidem
1556 3770 1620 3822 sit
1643 3770 1849 3834 domus,
1877 3786 1980 3823 una
2001 3787 2169 3824 cmna-

601 3842 691 3908 tio,
722 3844 919 3895 diversa
966 3850 1128 3893 tamen
1163 3838 1397 3912 cubicula
1437 3838 1654 3910 (cuique
1692 3839 1944 3912 videlicet
1986 3843 2167 3912 suum)

600 3922 645 3965 et
674 3930 767 3965 sua
794 3912 971 3979 cuique
1001 3913 1209 3964 exedra.
1239 3912 1294 3963 7°
1328 3911 1402 3964 Ex
1446 3912 1677 3965 (‘0ncilio
1724 3910 2028 3965 Turonensi
2078 3910 2167 3968 se;

600 3984 795 4045 eundo,
832 3980 975 4049 quod
1006 3981 1144 4035 idem
1186 3981 1426 4035 decrevit
1469 3982 1553 4034 his
1592 3982 1811 4033 verbis:
1859 3982 1968 4034 Nec
2012 3984 2169 4037 cellas

600 4053 668 4105 eis
696 4050 1019 4123 (monachis)
1047 4053 1194 4123 liceat
1228 4051 1409 4103 habere
1449 4064 1763 4113 communes,
1788 4052 1871 4104 ubi
1912 4052 2016 4106 bini
2058 4071 2165 4107 ma-

599 4120 776 4187 neunt,
802 4121 888 4173 sed
917 4120 1200 4188 singulares
1223 4124 1453 4190 jaceant.

671 4202 696 4229 ἰ
720 4191 958 4253 Solidus,
984 4191 1073 4258 qui
1103 4201 1156 4243 et
1178 4189 1366 4252 stater,
1390 4189 1527 4257 apud
1554 4200 1765 4243 veteres
1792 4200 1900 4242 tum
1924 4190 2161 4254 Graicos,

600 4273 711 4317 tum
738 4262 979 4323 Latinos,
1010 4273 1260 4313 nummus
1292 4267 1404 4312 erat
1429 4276 1655 4322 aureus;
1688 4262 1761 4331 ita
1792 4261 1993 4325 dictus,
2019 4264 2162 4331 quod

596 4334 741 4402 justo
780 4331 1015 4403 pondere
1058 4338 1176 4403 erat
1218 4344 1677 4403 percussus,rnon
1718 4330 2038 4403 dunidinto,
2073 4345 2164 4387 aut

602 4400 877 4461 trientali,
928 4400 1376 4467 quemadmodum
1424 4402 1717 4468 semisses,
1782 4412 1834 4455 et
1890 4402 2162 4457 tremisses

598 4472 808 4540 (Caelius
848 4470 1073 4541 Rhodig.
1109 4472 1146 4541 l.
1178 4486 1212 4523 χ
1250 4470 1421 4541 Antig.
1452 4474 1567 4525 lecl.
1595 4489 1711 4538 cap.
1742 4473 1808 4537 2;
1840 4472 2058 4527 Budwus
2101 4475 2164 4528 de

596 4516 719 4597 hsse
749 4543 835 4596 lib.
868 4557 922 4595 tv
952 4549 1000 4593 et
1024 4516 1090 4603 it;
1125 4540 1215 4594 lib.
1244 4558 1327 4595 xvi
1357 4516 1529 4611 Iitym.
1565 4560 1611 4597 c.
1643 4516 1742 4609 9:4;
1781 4516 1833 4597 iit
1862 4561 1906 4597 c.
1938 4560 1994 4597 ιιι
2035 4544 2163 4599 Eze-
2188 4516 2240 4578 D

599 4612 818 4683 chietis).
852 4612 987 4666 Hinc
1012 4611 1246 4666 Isidorus
1278 4630 1291 4664 :
1335 4612 1567 4678 Sotidus,
1605 4615 1793 4682 inquit,
1840 4615 1978 4679 apud
2020 4615 2166 4669 Loti-

509 4712 571 4767 is,
596 4702 712 4752 nos,
758 4684 864 4737 alio
895 4685 1097 4767 nomine
1127 4684 1330 4767 seatula
1365 4684 1554 4745 dictus,
1588 4702 1643 4767 eo
1670 4685 1943 4767 quodnsex
1984 4687 2165 4741 solidis

596 4757 751 4809 uncia
788 4754 1123 4825 compleatur.
1158 4752 1308 4825 Hunc
1337 4766 1505 4807 autem
1532 4752 1712 4825 vulgus
1742 4755 1967 4809 solidum
1994 4768 2160 4823 vorat,

510 4852 525 4875 ,ε
550 4850 557 4856 -
594 4828 706 4880 ideo
738 4826 860 4895 quia
882 4823 1011 4876 nihil
1036 4824 1114 4895 illi
1144 4823 1315 4877 deesse
1356 4827 1602 4877 videatur.
1622 4823 1867 4879 Solidum
1904 4826 2038 4877 enint
2068 4845 2163 4880 an-

593 4898 721 4966 tiqui
752 4894 1015 4965 iutegrum
1054 4894 1309 4948 dicebant.
1350 4896 1476 4948 Ilzec
1523 4895 1629 4948 ille.
1672 4895 1837 4948 Porro
1882 4896 1949 4950 de
1981 4898 2162 4952 valore

594 4968 745 5019 solidi
784 4969 989 5018 variant
1019 4972 1285 5019 auctores.
1310 4966 1533 5033 Quidam
1566 4966 1791 5019 solidum
1820 4976 1873 5021 et
1907 4974 2160 5021 snaterem

591 5039 727 5091 siclo
761 5036 1019 5091 llebraico
1045 5046 1349 5107 exmqttant,
1381 5038 1471 5105 qui
1502 5047 1729 5103 quatuor
1754 5038 2001 5105 dragmas
2026 5054 2159 5105 pen-

592 5109 775 5168 debat,
802 5107 1041 5178 testeiD.
1086 5106 1437 5178 Ilieronymo,
1473 5121 1608 5176 quas
1660 5109 1878 5177 Hispani
1926 5110 2154 5177 regales,

589 5178 702 5232 Itali
733 5179 923 5244 Julios,
958 5177 1059 5230 hoc
1091 5185 1193 5241 est,
1224 5177 1458 5246 quinque
1478 5192 1627 5232 asses
1655 5178 1915 5245 Gallicos,
1942 5190 2153 5233 vocant.

587 5248 694 5302 Alii
722 5263 852 5303 vero
875 5248 1105 5301 solidum
1135 5248 1311 5317 quiuis
1343 5247 1581 5313 ﬂorcnis,
1608 5264 1701 5301 seu
1724 5249 1965 5303 Caroleis
1993 5248 2157 5303 Fran-

589 5322 668 5373 cis
701 5320 884 5372 valere
913 5327 1131 5371 censent
1161 5336 1173 5371 :
1201 5335 1301 5388 qua
1334 5319 1731 5372 existimatione
1753 5329 1966 5373 centum
2000 5321 2157 5374 solidi

591 5389 695 5443 500
728 5392 958 5444 llorenos
981 5389 1281 5443 efﬁcerent.
1313 5388 1407 5442 Est
1437 5398 1614 5441 autem
1642 5400 1693 5442 et
1726 5399 2012 5456 argenteus
2035 5392 2157 5443 soli-

591 5460 690 5529 dus
719 5462 1035 5515 recentioris
1062 5472 1314 5525 mooelte,
1340 5460 1429 5529 qui
1453 5469 1507 5513 et
1529 5474 1607 5524 as,
1639 5461 1721 5513 vel
1752 5461 1909 5525 assis,
1935 5460 2152 5525 dicitur,

592 5528 877 5585 Germanis
901 5530 1137 5586 stuferus
1166 5533 1298 5584 satis
1331 5528 1511 5583 notus.

658 5599 687 5638 ι»
712 5602 822 5655 Hoc
851 5607 1099 5668 exemplo
1121 5603 1379 5656 docemur
1417 5600 1695 5669 religiosos
1744 5614 1905 5670 posse
1952 5614 2014 5653 ac
2058 5600 2153 5656 de-

592 5668 721 5724 bere
755 5671 865 5724 suis
910 5673 1239 5739 pareutibus,
1288 5673 1390 5726 hoc
1435 5668 1538 5738 est,
1593 5668 1833 5740 patri‘et
1871 5670 2046 5735 matri,
2098 5672 2151 5727 in

595 5751 827 5813 extrema
856 5752 945 5793 aut
975 5744 1119 5809 gravi
1156 5745 1473 5796 necessitate
1507 5742 1815 5797 constitutis
1838 5744 2147 5813 subvenire,

596 5810 740 5865 salva
771 5818 947 5861 tamen
993 5814 1073 5864 sui
1106 5820 1274 5865 status
1320 5826 1371 5865 ct
1416 5813 1763 5880 professionis
1806 5810 2148 5872 substantiai

2327 3207 2463 3257 hom.
2494 3202 2607 3269 2-2,
2638 3222 2687 3272 q.
2722 3203 2843 3267 lOI,
2872 3220 2923 3256 a.
2952 3204 3019 3269 4;
3054 3203 3251 3257 Navar.
3284 3215 3551 3259 comment.
3583 3207 3619 3261 5
3646 3209 3707 3260 de
3746 3202 3849 3263 Re-

2275 3274 2491 3346 gular.).
2526 3275 2593 3346 Et
2621 3274 2833 3346 quidem
2866 3274 2918 3328 in
2947 3275 3047 3329 hoc
3074 3277 3321 3343 exemplo
3354 3276 3469 3346 duo
3499 3286 3622 3331 sunt
3649 3278 3848 3332 obser-

2275 3344 2459 3399 vanda
2484 3355 2541 3399 et
2584 3344 2835 3398 imitanda
2874 3363 2896 3417 7:
2938 3349 3190 3414 primum,
3221 3345 3363 3417 quod
3400 3347 3692 3402 monachus
3732 3348 3845 3413 ille,

2273 3430 2368 3468 seu
2399 3418 2585 3487 abbas,
2632 3425 2688 3469 ut
2729 3416 2886 3469 matri
2929 3416 3146 3471 afﬂicta:
3186 3416 3567 3482 soccurreret,
3603 3419 3848 3487 propriis

2274 3488 2522 3539 manilius
2551 3486 2603 3539 in
2637 3487 2962 3540 monasterio
2985 3488 3056 3541 ita
3088 3502 3183 3556 per
3206 3489 3330 3542 anni
3361 3486 3845 3557 spatinmlabora-

2272 3558 2371 3630 vit,
2396 3570 2451 3611 ut
2478 3567 2646 3630 totum
2669 3557 2799 3611 illud
2826 3558 3066 3630 debitum
3094 3560 3403 3613 exsolveret
3423 3576 3437 3623 ;
3457 3560 3678 3615 alterum
3703 3561 3852 3630 quod

2271 3628 2329 3682 id
2358 3630 2541 3683 fecerit
2571 3628 2774 3693 absque
2805 3629 3087 3695 diSpendio
3127 3645 3239 3683 sua:
3265 3632 3637 3699 professionis,
3671 3628 3733 3685 et
3751 3633 3850 3686 de-

2272 3700 2530 3755 trimento
2556 3699 2725 3753 solita:
2756 3701 3109 3764 auSteritatis,
3140 3701 3245 3762 vel,
3279 3711 3337 3754 ut
3364 3701 3596 3770 loquitur
3633 3703 3850 3758 Cassia-

2271 3788 2392 3835 nus,
2426 3782 2479 3823 ut
2504 3771 2711 3824 nihilde
2740 3770 2987 3847 propositi
3016 3770 3183 3847 rigore
3218 3770 3313 3840 pio:
3357 3774 3869 3847 necessitatis‘prwz

2271 3852 2415 3897 textu
2456 3852 2709 3912 pateretur
2755 3842 3009 3896 imminui.
3058 3844 3322 3897 Caeterum
3364 3842 3449 3896 hic
3494 3844 3615 3898 vide
3662 3842 3849 3899 divum

2272 3913 2529 3969 Basilium
2590 3914 2644 3967 in
2698 3912 2990 3967 Constitut.
3036 3913 3318 3967 monastic.
3366 3915 3541 3982 capite
3582 3915 3849 3983 vigesimo

2270 3987 2470 4053 primo,
2501 3985 2587 4037 ubi
2620 3983 2780 4038 docet
2815 3984 3087 4051 quomodo
3118 3999 3178 4039 se
3204 4000 3389 4049 gerere
3430 3986 3622 4039 debeat
3654 4001 3845 4039 mona-

2268 4056 2403 4109 chus
2458 4071 2583 4122 erga
2642 4066 2890 4122 parentes
2940 4068 3002 4109 ac
3055 4058 3383 4124 propinquos
3426 4058 3739 4121 saeculares,
3789 4067 3847 4113 et

2268 4139 2453 4179 eorum
2486 4126 2709 4178 nimiam
2739 4124 3175 4192 familiaritatem,
3210 4141 3393 4180 curam
3429 4138 3482 4182 et
3524 4127 3847 4182 sollicitudi-

2267 4210 2391 4248 nem
2421 4195 2713 4261 deponere.

2343 4275 2363 4301 ε
2396 4265 2455 4319 ld
2488 4274 2569 4319 est
2615 4273 2817 4319 mutuae
2863 4266 3323 4336 compensationis
3362 4276 3416 4321 et
3446 4268 3840 4336 retributionis,

2266 4334 2390 4389 dum
2436 4337 2529 4390 ille
2556 4349 2777 4403 operam
2821 4335 3107 4391 scribendo
3153 4348 3449 4405 praestaret,
3492 4348 3547 4393 et
3582 4334 3843 4395 alimenta

2265 4406 2500 4458 vicissim
2534 4408 2857 4474 perciperet.
2904 4406 3059 4473 Quod
3090 4407 3317 4463 inferius
3343 4410 3473 4464 dicit
3502 4428 3513 4461 :
3564 4409 3713 4463 Velut
3750 4412 3844 4465 de-

2264 4475 2542 4548 biticolore
2565 4477 3130 4548 mercariaﬂionysius
3175 4480 3357 4545 habet,
3404 4480 3725 4535 redditionis.
3760 4481 3845 4538 De

2266 4547 2649 4621 redhibitionis
2674 4547 2939 4621 v‘ocabulo
2982 4547 3108 4605 vide
3136 4549 3288 4619 plura
3318 4552 3414 4605 lib.
3446 4566 3519 4617 tv,
3544 4566 3664 4621 cap.
3695 4553 3750 4616 4,
3783 4560 3843 4608 et

2266 4618 2459 4673 Collat.
2483 4620 2547 4673 Ἡ
2576 4636 2625 4674 c.
2655 4618 2743 4675 55.

2334 4686 2360 4725 ἀ
2386 4690 2630 4745 Libraria
2654 4704 2851 4745 manus
2885 4699 2968 4745 est
2998 4706 3188 4746 manus
3226 4692 3528 4748 scribendis
3564 4692 3717 4747 libris
3746 4708 3839 4748 as-

2263 4770 2435 4821 sueta,
2467 4773 2555 4815 aut
2592 4762 2861 4817 scribendi
2892 4763 3085 4831 perita,
3111 4763 3197 4816 vel
3240 4764 3349 4831 ipsa
3381 4764 3652 4818 scribendi
3688 4765 3839 4831 peri-

2262 4832 2352 4883 tia.
2382 4831 2610 4885 Librarii
2646 4835 2899 4886 Romanis
2925 4834 3260 4897 dicebautur,
3279 4835 3367 4899 qui
3388 4835 3553 4889 libros
3581 4836 3631 4888 in
3662 4836 3840 4890 lucem

2262 4902 2497 4955 edendos
2522 4904 2768 4957 mercede
2795 4905 2909 4959 sive
2934 4906 3102 4971 pretio
3125 4904 3536 4959 describebant:
3567 4906 3622 4959 hi
3648 4905 3841 4960 Itonia

2261 4970 2314 5045 in
2344 4972 2603 5045 Argilleto
2646 4970 3061 5045 suasjtabernas
3105 4976 3397 5039 habebant,
3427 4992 3543 5045 qum
3585 4986 3634 5031 et
3670 4976 3843 5030 libra-

2261 5042 2357 5096 ria:
2388 5042 2725 5098 dicebantur.
2759 5043 2914 5101 Unde
2938 5044 3199 5100 Martialis
3224 5047 3290 5099 ad
3318 5042 3513 5101 librum
3535 5062 3689 5102 suum
3721 5064 3735 5100 :

2385 5153 2713 5218 Argilletanas
2736 5159 2891 5207 mavis
2910 5159 3131 5207 habitare
3152 5160 3416 5218 tabernas;

2478 5230 2557 5264 um
2580 5219 2681 5278 tibi,
2709 5233 2854 5281 parve
2879 5221 3026 5278 liber,
3063 5222 3240 5269 scrinia
3263 5230 3428 5270 nostra
3457 5227 3647 5272 vacent.

2258 5319 2710 5395 D_._Hieronymus
2735 5324 2786 5395 in
2814 5323 3041 5391 epistola
3064 5324 3129 5377 ad
3157 5323 3500 5380 Heliodorum
3527 5324 3723 5395 (Epist.
3742 5326 3839 5393 42,

2258 5391 2345 5443 ubi
2365 5393 2479 5444 vide
2508 5391 2705 5445 scholia
2737 5393 2987 5464 Muciani)
3017 5410 3144 5449 suos
3168 5396 3413 5451 librarios
3448 5391 3627 5459 vocat,
3658 5400 3749 5462 qui
3783 5391 3846 5453 et

2256 5476 2612 5517 amanuenses
2656 5473 2746 5516 aut
2794 5466 3045 5519 talmlarii
3090 5468 3361 5521 dicuntur.
3394 5468 3459 5521 Et
3504 5472 3569 5522 ad
3615 5468 3844 5523 Nicenm

2254 5532 2641 5587 subdiaconum
2689 5534 2757 5586 ita
2786 5534 2975 5587 scribit
3005 5554 3015 5587 :
3052 5536 3188 5590 Nam
3224 5540 3375 5591 rudes
3405 5539 3482 5592 illi
3520 5538 3692 5591 Italia:
3739 5538 3847 5591 ho-

2254 5606 2437 5679 mines,
2460 5622 2609 5679 quos
2620 5602 3059 5679 _CascosAEnnius
3104 5608 3357 5679 appellat,
3397 5610 3482 5678 qui
3520 5610 3634 5677 sibi,
3676 5617 3730 5662 ut
3777 5608 3846 5665 in

2255 5673 2545 5750 Rhetoricis
2572 5673 2748 5729 Cicero
2794 5676 2899 5750 ait,
2932 5676 3035 5729 ritu
3083 5673 3247 5747 ferino
3285 5673 3470 5733 victum
3511 5673 3841 5750 qua'rebant,

2252 5755 2374 5797 ante
2400 5746 2591 5799 charta:
2625 5756 2715 5799 aut
2743 5749 3148 5801 membranarum
3176 5767 3339 5813 usum,
3377 5758 3464 5802 aut
3494 5746 3546 5803 in
3573 5746 3845 5807 dedolatii

2252 5831 2279 5869 e
2305 5816 2443 5882 ligno
2484 5815 2765 5881 codicillis,
2815 5824 2903 5871 aut
2954 5819 3009 5871 in
3050 5821 3323 5874 corticibus
3369 5819 3605 5875 arborum
3648 5831 3847 5878 mutuo
