4016 6202
596 281 703 353 265

1913 274 2178 337 JOANNIS

2283 275 2542 337 ASSIANI
3052 276 3059 279 ⁷
3725 276 3808 339 ιιι

610 403 833 456 fratrem
861 394 1063 451 militia:
1088 394 1294 467 laqueis
1323 393 1639 466 obligatum,
1684 403 1740 450 et
1778 394 2025 464 apprime
2065 394 2169 447 La-
2199 397 2249 455 Α
2277 395 2475 447 nentizn
2508 394 2686 461 rigore
2711 390 2893 447 dicere
2916 390 3116 462 aliquid
3147 389 3541 462 proposuimus,
3563 391 3756 447 ati‘ectio
3770 401 3811 447 et

599 492 726 545 tinis
773 490 1124 553 instructum,
1160 488 1246 541 cui
1288 487 1353 541 de
1384 488 1677 557 Scripturis
1723 489 1929 542 sanctis
1972 487 2172 556 aliquid

598 580 667 634 ad
698 580 979 650 legendum
1010 579 1383 633 azditicationis
1409 579 1523 649 ejus
1552 580 1773 634 obtentu
1807 580 2173 634 transmittere

599 672 781 742 cupio.
832 670 1019 741 Itaque
1068 671 1322 726 Simeone
1369 670 1509 726 hanc
1554 672 1900 727 occasionem
1947 672 2095 725 velut
2143 686 2171 725 a

604 766 717 820 Deo
739 764 971 820 oblatam
1007 765 1110 818 sibi
1136 773 1416 834 gratanter
1445 765 1772 834 suscipiente
1792 805 1808 832 ,
1841 780 2006 820 senex
2036 780 2172 835 quo-

600 873 703 926 que
749 857 1009 922 colorem,
1060 856 1212 925 cujus
1253 865 1517 926 prmtextu
1562 857 1778 926 pietatis
1826 871 1962 925 Opus
2006 857 2174 911 libere

608 957 792 1017 posset
817 948 1066 1018 implere,
1099 946 1355 1003 libentius
1398 949 1698 1018 amplexus,
1732 948 2024 1004 confestim
2068 962 2173 1001 non

607 1042 781 1097 solum
816 1044 1093 1096 universas
1120 1042 1170 1097 ei
1197 1045 1551 1098 necessitates
1582 1044 1681 1097 sub
1719 1043 1941 1098 obtentu
1968 1056 2177 1097 merce-

608 1133 734 1188 dum
760 1135 925 1188 totius
956 1136 1085 1188 anni
1108 1137 1378 1200 convexit,
1413 1150 1601 1189 verum
1632 1135 1794 1189 etiam
1834 1134 2175 1189 membranas

599 1237 653 1283 et
684 1228 953 1293 utensilia,
989 1242 1108 1297 qua:
1150 1226 1217 1281 ad
1261 1226 1607 1282 scribendum
1655 1226 1957 1281 necessaria
1998 1228 2173 1291 Erant,

601 1330 975 1391 comportans,
1024 1321 1228 1390 recepit
1264 1330 1390 1389 post
1433 1321 1672 1375 codicem
1714 1321 1973 1389 scriptum
2018 1318 2177 1372 nullis

597 1413 787 1467 usibus
816 1412 899 1466 vel
945 1412 1244 1482 commodis
1275 1411 1612 1481 profuturum
1644 1411 1862 1481 (quippe
1905 1409 2177 1464 universis

596 1506 652 1559 in
680 1505 773 1558 illa
802 1505 1020 1573 regione
1050 1504 1239 1559 notitia
1272 1504 1465 1571 lingua:
1488 1503 1647 1572 hujus
1675 1505 1888 1570 penitus
1919 1500 2173 1571 ignaris),

597 1606 801 1667 praeter
831 1596 882 1650 id
911 1596 1051 1665 quod
1078 1596 1179 1650 hac
1203 1597 1500 1650 subtilitate
1530 1603 1856 1663 sumptuque
1888 1594 2179 1657 prolixiore

597 1697 869 1744 mercatus
910 1698 1022 1753 est;
1064 1687 1519 1758 quemadmodum
1549 1696 1604 1741 et
1636 1687 1732 1740 ille
1758 1688 1875 1742 sine
1899 1685 2179 1741 confusio-

2275 501 2442 552 opera
2488 484 2766 539 charitatis
2792 484 3042 540 videntur
3074 485 3331 551 admixta,
3366 500 3574 540 rursum
3604 485 3665 539 ad
3701 501 3804 555 pro-

2276 580 2507 650 positum
2532 588 2888 647 revertentes,
2913 579 3177 648 quoddam
3209 595 3499 649 puerorum
3522 591 3694 648 aetate,
3723 597 3807 637 non

2278 684 2463 735 sensu,
2498 669 2695 724 factum
2722 670 3071 726 memorabile
3097 671 3352 740 epusculo
3375 670 3498 726 huic
3521 674 3805 729 inseremus.

2275 760 2408 815 Nam
2439 775 2559 815 cum
2592 762 2732 815 ultra
2760 776 2975 817 omnem
3001 763 3411 818 admirationem
3455 765 3585 819 ﬁcus
3622 767 3806 836 quidam

2277 861 2303 888 ιι
2334 852 2400 907 de
2440 853 2691 907 Mareota:
2731 854 2919 923 Libyae
2972 855 3235 923 partibus,
3263 856 3410 909 velut
3457 872 3571 911 rem
3611 868 3724 913 ante
3769 861 3809 913 in

2278 942 2423 1013 loco
2452 942 2544 997 illo
2584 958 2692 997 non
2745 943 2937 1009 visam,
2961 945 3137 999 abbati
3184 945 3377 1000 Joanni
3409 961 3686 1003 oeconomo
3720 948 3811 1003 1>iu

2280 1050 2464 1089 eremo
2492 1036 2680 1107 Scythi
2725 1037 3023 1103 detulisset,
3055 1040 3143 1108 qui
3189 1039 3643 1107 dispensationem
3677 1044 3815 1112 ipsius

2278 1129 2521 1183 ecclesia:
2553 1130 2886 1199 temporibus
2917 1141 2938 1168 ε
2974 1130 3115 1184 beati
3136 1131 3421 1201 Paphnutii
3454 1135 3743 1205 presbyteri
3764 1136 3816 1189 ab

2280 1221 2468 1276 eodem
2498 1222 2598 1277 sibi
2624 1223 2885 1278 creditam
2914 1226 3245 1295 gubernabat
3272 1242 3285 1279 :
3319 1227 3405 1281 hic
3431 1229 3709 1284 confestim
3745 1244 3817 1284 eas

2280 1313 2346 1392 ad
2377 1329 2558 1370 senem
2582 1318 2887 1386 quemdam,
2920 1319 3008 1387 qui
3032 1319 3083 1372 in
3114 1319 3458 1375 interioribus
3479 1321 3679 1377 deserti
3706 1324 3816 1377 mala

2284 1407 2593 1463 valetudine
2622 1409 2920 1475 laborabat,
2938 1426 3034 1480 per
3056 1411 3190 1465 duos
3211 1413 3640 1470 adolescentulos
3667 1415 3814 1468 misit:

2289 1500 2551 1570 siquidem
2596 1502 2783 1558 decem
2812 1514 2863 1558 et
2887 1512 3009 1559 octo
3055 1505 3289 1559 millibus
3318 1507 3477 1577 longe
3517 1508 3584 1563 ab
3620 1508 3815 1563 ecclesia

2284 1596 2678 1651 commanebat.
2711 1597 2813 1664 Qui
2842 1594 2865 1633 ἀ
2893 1599 3063 1667 pomis
3081 1601 3341 1668 acceptis,
3371 1615 3490 1654 cum
3518 1601 3585 1655 ad
3608 1601 3815 1671 prazdicti

2284 1687 2431 1741 senis
2477 1687 2759 1743 tenderent
2806 1691 3017 1755 cellam,
3080 1690 3224 1760 quod
3278 1692 3349 1746 ibi
3398 1692 3651 1761 perfacile
3701 1694 3814 1747 solet

600 1782 686 1836 nis
714 1781 1058 1846 verecundia,
1097 1781 1290 1834 merito
1335 1781 1541 1836 laboris
1570 1788 1623 1835 et
1649 1781 1828 1850 Operis
1872 1780 1959 1835 sui
1986 1796 2176 1837 neces-
2209 1804 2257 1864 B
2283 1778 2443 1831 etiam
2472 1780 2781 1835 senioribus
2805 1783 3048 1847 evenire,
3074 1783 3248 1839 infusa
3279 1795 3504 1854 repente
3530 1786 3814 1845 densissima

600 1875 742 1928 saria
774 1874 949 1927 victus
976 1872 1228 1927 alimenta
1273 1874 1597 1942 perciperet,
1623 1884 1679 1929 et
1719 1875 1833 1943 ipse
1866 1876 2175 1930 muniﬁcen—

603 1970 692 2023 tiae
732 1982 843 2023 suae
876 1968 1129 2037 pietatem
1179 1978 1449 2036 tamquam
1479 1969 1645 2024 debiti
1682 1970 2005 2024 necessitate
2032 1986 2178 2025 com-

606 2061 813 2130 pleret:
843 2074 909 2115 eo
948 2060 1307 2113 abundantius
1337 2059 1645 2114 mercedem
1674 2060 1778 2114 sibi
1819 2060 2174 2129 conquirens,

599 2170 706 2225 quo
725 2154 929 2208 ambitu
952 2154 1156 2223 majore
1184 2156 1470 2225 peregrino
1499 2154 1649 2209 fratri
1677 2169 1783 2209 non
1807 2155 1980 2208 solum
2006 2155 2177 2209 victus

600 2250 925 2315 necessaria,
964 2262 1154 2303 verum
1178 2250 1348 2303 etiam
1378 2248 1556 2319 operis
1587 2249 1945 2303 instrumenta
1970 2257 2023 2304 et
2045 2262 2174 2317 ope-

598 2344 749 2397 randi
775 2344 1114 2398 occasionem
1144 2342 1348 2412 pariter
1377 2342 1717 2397 contulisset.

1197 2474 1421 2530 CAPUT
1478 2473 1591 2528 XL.

600 2592 678 2647 De
706 2594 877 2663 pueris
918 2593 1006 2663 qui
1056 2592 1337 2663 deferentes
1384 2590 1828 2663 adwgrotantetn
1877 2588 2029 2656 ﬁcus,
2069 2603 2176 2641 non

742 2658 1032 2734 degustatis
1061 2658 1267 2727 eisdem,
1297 2662 1432 2731 fame
1456 2661 1510 2713 in
1527 2675 1694 2713 eremo
1714 2658 2030 2728 defecerunt.

669 2800 775 2856 Sed
804 2800 1055 2869 quoniam
1087 2798 1139 2852 in
1170 2801 1292 2853 loco
1321 2797 1411 2853 ubi
1453 2796 1519 2852 de
1545 2796 1871 2866 jejuniorum
1901 2806 1956 2851 et
1994 2795 2171 2851 conti-

2284 1871 2496 1937 nebula,
2519 1874 2787 1928 tramitem
2817 1877 2950 1930 recti
2977 1876 3187 1932 itineris
3212 1879 3575 1947 perdiderunt.
3594 1880 3814 1949 Cumque

2285 1972 2394 2017 tota
2420 1962 2509 2018 die
2537 1972 2591 2019 et
2615 1975 2774 2020 nocte
2806 1967 3175 2023 discurrentes
3207 1984 3302 2039 per
3327 1971 3503 2025 aviam
3533 1972 3691 2027 eremi
3719 1986 3817 2024 vas-

2285 2055 2515 2120 titatem,
2544 2072 2878 2128 nequaquam
2903 2061 3210 2128 potuissent
3254 2066 3565 2133 aegrotantis
3600 2065 3813 2120 cellulam

2284 2149 2543 2217 reperire,
2577 2161 2684 2203 tam
2728 2151 2943 2206 itineris
2974 2153 3321 2219 lassitudine,
3350 2171 3509 2225 quam
3542 2158 3709 2212 inedia
3727 2140 3819 2210 siti-

2286 2255 2388 2309 que
2417 2240 2673 2308 confemi,
2706 2241 2825 2296 ﬁxis
2851 2244 3097 2313 genibus,
3122 2246 3175 2299 in
3202 2246 3465 2302 orationis
3492 2246 3666 2303 ofticio
3689 2247 3819 2316 Spiri-

2285 2342 2395 2386 tum
2419 2332 2648 2387 Domino
2686 2333 3058 2389 reddiderunt.
3083 2336 3181 2401 Qui
3217 2348 3335 2406 post
3366 2338 3484 2393 haec
3504 2339 3819 2408 vestigiorum

2284 2440 2511 2481 suorum
2543 2427 2754 2483 indiciis
2793 2428 3093 2483 diutissime
3120 2430 3427 2500 perquisiti,
3460 2448 3578 2501 quae
3619 2432 3670 2485 in
3714 2428 3820 2484 locis

2282 2519 2391 2574 illis
2419 2524 2661 2575 arenosis
2691 2530 2967 2590 tamquam
3007 2522 3226 2577 nivibus
3265 2524 3527 2593 impressa
3554 2526 3819 2594 signantur,

2280 2611 2452 2667 donec
2483 2628 2545 2667 ea
2568 2613 2656 2668 vel
2697 2614 2799 2668 levi
2834 2623 3120 2669 ventorum
3169 2614 3295 2670 ﬂatu
3344 2617 3524 2671 tenuis
3553 2629 3703 2670 arena
3729 2613 3821 2667 dis-

2279 2717 2503 2759 currens
2534 2719 2721 2759 rursus
2743 2705 2971 2773 operiat,
2994 2706 3196 2760 inventi
3227 2719 3352 2762 sunt
3382 2708 3519 2763 ﬁcus
3548 2710 3754 2762 intactas
3774 2714 3822 2759 ut

2276 2807 2598 2868 acceperant
2628 2813 2936 2855 reservasse
2970 2818 2981 2852 :
3011 2811 3033 2837 θ
3062 2801 3323 2872 eligentes
3364 2802 3579 2859 scilicet
3620 2802 3822 2857 animam

1673 2912 1931 2968 ALARDI
1970 2912 2204 2969 (ΞΑΖᾸΞΙ
2242 2911 2807 2970 COMMENTARIUS.

601 3014 725 3075 cisa,
758 3009 958 3080 reliqua
1009 3024 1162 3061 carne
1203 3008 1257 3060 in
1308 3005 1572 3080 pulverem
1615 3006 1851 3080 redacta.
1901 3004 2028 3059 Haec
2061 3004 2175 3069 ille,

2286 3005 2477 3074 ralem)
2530 3020 2694 3074 quam
2735 3005 2892 3058 iidem
2938 3003 3187 3073 depositi,
3223 3019 3415 3074 nempe
3448 3005 3703 3061 fructuum
3744 3004 3825 3059 sibi

602 3074 803 3136 addens
835 3074 885 3133 in
917 3080 1282 3133 testimonium
1314 3074 1450 3130 tanti
1482 3078 1727 3129 miraculi
1760 3090 1977 3148 manum
2030 3089 2175 3129 eam-
2203 3075 2252 3140 C
2280 3078 2717 3148 commissorum,
2748 3074 2992 3144 perdere.
3017 3075 3089 3148 Ita
3141 3075 3300 3148 enim
3330 3077 3613 3145 legendum
3650 3077 3823 3148 potius,

602 3155 721 3208 dem
756 3166 925 3219 usque
955 3150 1115 3203 hodie
1139 3151 1191 3202 in
1221 3148 1549 3219 monasterio
1578 3147 1872 3200 asservari.

677 3232 702 3261 ει
731 3216 919 3292 Libya,
951 3221 1031 3274 vel
1064 3218 1247 3292 Libyae
1283 3216 1692 3292 regio/Egypto
1731 3216 2178 3292 conterminatet

604 3285 947 3348 Alexandria:
973 3285 1335 3351 vicina,'teste
1364 3287 1540 3341 Plinio
1567 3285 1709 3357 (Lib.
1745 3302 1775 3337 v
1803 3286 1945 3339 Hist.
1972 3327 1987 3351 ,
2022 3303 2068 3339 c.
2094 3286 2174 3357 9).

604 3365 771 3433 Hujus
821 3378 947 3433 pars
984 3371 1067 3416 est
1111 3360 1277 3433 Libya
1335 3356 1612 3433 Mareotis,
1656 3359 1771 3412 sive
1811 3358 2077 3433 Mareota.
2109 3356 2173 3409 D.

604 3428 962 3503 Hieronymus
1010 3433 1142 3486 duas
1190 3428 1384 3503 Libyas
1416 3428 1564 3503 facit,
1598 3443 1772 3503 unam_
1798 3428 2178 3503 ‘Cyrenaicam,

605 3508 673 3560 de
708 3498 824 3575 qua
850 3504 1053 3557 dictum
1086 3512 1173 3575 est
1200 3498 1319 3555 Act.
1351 3517 1429 3575 1L:
1455 3498 1521 3575 Et
1545 3510 1716 3575 partes
1741 3498 1945 3575 Libyae,
1977 3514 2089 3575 qua:
2105 3508 2181 3551 est

604 3570 743 3629 circa
775 3574 1064 3645 Cyrenem;
1092 3574 1327 3645 alteram
1367 3570 1671 3645 @thiopia;
1705 3570 1957 3645 vicinam,
1983 3570 2049 3645 de
2074 3583 2180 3645 qua

606 3639 887 3702 Hieremiae
912 3661 1034 3701 vat
1060 3655 1112 3699 et
1134 3643 1438 3697 Ezechielis
1464 3657 1574 3695 xxx
1604 3640 1699 3711 (Ι).
1735 3639 1955 3694 Hieron.
1988 3639 2041 3693 in
2080 3639 2182 3693 Lo-

605 3720 675 3772 cis
701 3716 1017 3785 Hebraicis).
1228 3784 1235 3785 7
1375 3733 1385 3741 ί

673 3788 702 3826 ι)
738 3790 811 3843 De
836 3789 931 3840 hac
954 3780 1161 3849 eremo,
1193 3784 1313 3838 sive
1344 3783 1638 3839 solitudine
1658 3781 1869 3853 Scythi,
1899 3781 1986 3835 vel
2009 3780 2177 3847 Sceti,

607 3858 781 3927 deque
810 3859 1091 3911 monachis
1118 3855 1716 3927 illic_commorantibus
1736 3852 1999 3927 frequens
2031 3868 2182 3906 men-

610 3924 849 3996 tio'apud
877 3927 1199 3991 Palladium,
1230 3925 1544 3994 Evagrium,
1572 3925 1909 3996 Cassianum,
1933 3924 2183 3978 Sozome—

608 3995 756 4061 num,
790 3998 1170 4063 Nicephorum,
1198 4005 1252 4048 et
1276 3996 1430 4048 alios.
1473 3996 1808 4049 Sozomenus
1857 3995 1952 4047 lib.
1984 4010 2023 4059 ι,
2057 4009 2176 4061 cap.

610 4070 698 4133 14,
729 4076 784 4121 et
831 4069 883 4119 in
914 4067 1151 4119 llistoria
1191 4065 1427 4131 Tripart.
1463 4066 1555 4117 lib.
1585 4080 1611 4133 ιν
1630 4078 1748 4129 cap.
1778 4064 1839 4115 H
1875 4064 2045 4116 lacum
2073 4063 2182 4117 Ma-

611 4132 753 4204 reos,
788 4137 875 4191 vel
906 4137 1163 4197 Maream,
1191 4133 1433 4204 Scethim
1476 4144 1529 4185 et
1574 4132 1799 4186 Nitriam
1846 4136 2182 4187 contermina

610 4220 701 4263 aut
731 4201 904 4262 vicina
934 4207 1050 4259 loca
1079 4216 1200 4258 esse
1221 4201 1444 4255 indicat.

680 4287 703 4314 ο
741 4277 1073 4344 Paphnutius
1128 4274 1214 4326 hic
1265 4272 1431 4326 abbas
1484 4282 1539 4327 et
1582 4272 1869 4343 presbyter
1916 4275 2184 4331 ineremo

610 4347 885 4418 Scythica,
918 4346 1005 4401 ubi
1039 4345 1106 4418 ad
1128 4351 1425 4418 extremam
1452 4344 1848 4418 vixit_a2tatem,
1882 4354 1936 4398 et
1966 4353 2185 4418 propter

611 4414 921 4474 solitudinis
952 4416 1191 4471 studium
1223 4415 1457 4469 Bubalus
1486 4424 1539 4468 et
1568 4414 1805 4483 Cephala
1833 4417 2184 4483 cognomina-

613 4501 700 4545 tus
731 4499 815 4543 est
840 4505 854 4543 :
878 4488 945 4542 de
976 4503 1082 4556 quo
1127 4486 1420 4541 Cassianus
1459 4485 1708 4555 pluribus
1756 4486 1807 4538 in
1856 4486 2009 4551 locis,
2044 4500 2183 4555 prmo

611 4563 796 4616 sertim
836 4560 1127 4613 collatione
1177 4558 1357 4617 tertia,
1395 4573 1553 4626 quam
1603 4556 1778 4611 eidem
1826 4557 2072 4611 ascribit.
2106 4556 2183 4611 De

612 4634 801 4687 eodem
851 4629 1119 4685 Palladius
1167 4628 1424 4682 Lausiaca
1462 4629 1531 4683 62
1562 4639 1615 4682 et
1663 4636 1911 4697 sequent.
1941 4628 2185 4681 Meminit

612 4704 851 4773 ejusdem
900 4703 1235 4773 Nicephorus
1277 4700 1369 4753 lib.
1414 4715 1481 4773 _tx
1527 4714 1643 4767 cap.
1685 4698 1891 4773 lt._Fuit
1918 4699 2053 4751 alius
2082 4699 2183 4773 [ja-

611 4768 867 4845 p'hnutius
909 4772 1077 4827 multo
1107 4771 1380 4845 antiquior
1403 4771 1682 4845 C_a_ssiano_,
1701 4769 1947 4845 idemque
1974 4768 2183 4845 confes;

612 4840 703 4901 sor
731 4844 976 4909 illustris,
1013 4853 1069 4897 et
1088 4844 1383 4910 superioris
1427 4840 1716 4895 Thebaidis
1752 4842 2058 4909 episcopus,
2090 4841 2180 4908 qui

611 4918 709 4972 sub
736 4914 1007 4970 Maximini
1039 4914 1411 4983 persecutione
1436 4911 1627 4965 dextro
1665 4912 1886 4965 orbatus
1917 4913 2101 4974 oculo,
2128 4921 2183 4965 et

611 4991 784 5044 altero
816 4987 1017 5056 poplite
1044 4982 1298 5047 succiso,
1332 4982 1503 5056 adhuc
1540 4996 1836 5056 superstes,
1865 4998 1986 5035 cum
2016 4990 2180 5056 cane-

611 5064 685 5117 ris
715 5051 959 5115 iutérl‘uit
986 5056 1203 5111 Nicaeno
1230 5054 1460 5109 concilio
1490 5054 1820 5120 temporibus
1853 5051 2183 5124 maguiCon-

610 5132 837 5187 stantini
868 5131 1139 5198 imperaL,
1160 5144 1188 5180 a
1220 5143 1326 5196 quo
1354 5128 1515 5198 etiam
1548 5142 1740 5198 magno
1770 5128 1819 5179 in
1844 5125 2049 5180 honore
2080 5124 2181 5178 lia-

610 5208 753 5260 hitus
783 5211 886 5258 est.
916 5196 993 5255 De
1020 5216 1124 5270 quo
1142 5200 1363 5252 Rutinus
1386 5197 1515 5250 lib.t
1542 5196 1743 5270 Histor.
1777 5212 1895 5265 cap.
1926 5198 1979 5251 4.

680 5274 705 5313 ἀ
738 5275 896 5329 Ficus
925 5267 1064 5327 dixit
1100 5271 1345 5339 superius
1379 5285 1392 5320 :
1433 5283 1590 5335 poma
1633 5268 1741 5335 jam
1791 5270 2049 5339 nominat.
2086 5267 2184 5323 Est

608 5348 749 5401 cnim
785 5359 998 5411 pomum
1028 5338 1277 5412 generale
1309 5355 1503 5394 nomen
1531 5340 1767 5412 omnium
1800 5338 2065 5391 fructuum
2088 5340 2180 5412 qui

608 5437 672 5473 «ex
727 5409 1010 5472 arboribus
1033 5409 1390 5483 proveniunt.
1434 5409 1675 5483 Piinius,
1834 5424 1929 5461 xm
1968 5426 2088 5483 cap.
2125 5410 2177 5472 7,

611 5491 767 5543 ticum
810 5478 1062 5542 similiter
1094 5498 1309 5551 pomum
1337 5481 1597 5540 nominat,
1629 5480 1716 5532 ubi
1742 5481 1815 5551 de
1850 5483 1952 5533 ticu
1982 5478 2182 5548 [Egyp-

612 5562 741 5613 tiaca
776 5560 914 5611 mira
943 5550 1149 5620 narrat,
1178 5564 1228 5608 ct
1260 5554 1327 5607 de
1363 5552 1462 5606 ticu
1494 5551 1669 5605 Indica
1698 5550 1789 5603 lib.
1824 5566 1893 5605 xit
1920 5565 1970 5604 c.
2003 5551 2055 5603 5.

683 5640 704 5665 ε
739 5630 861 5683 Veri
892 5627 1167 5688 Israelita),
1195 5634 1248 5678 et
1270 5622 1383 5676 veri
1411 5623 1681 5684 monachi,
1715 5631 1772 5675 et
1802 5632 1858 5677 ut
1894 5620 2181 5675 Cassianus

612 5701 702 5762 ait,
736 5698 886 5766 pueri
917 5705 1099 5760 (etate,
1117 5712 1222 5747 non
1248 5708 1431 5757 sensu,
1456 5697 1541 5766 qui
1576 5709 1670 5759 pro
1696 5693 1893 5766 virtute
1920 5691 2179 5747 obedien-

615 5770 698 5825 tiae
727 5765 1007 5835 elegerunt
1036 5766 1206 5836 magis
1250 5766 1458 5825 animas
1490 5765 1615 5839 (hoc
1641 5772 1747 5831 est,
1775 5765 1937 5821 vitam
1972 5773 2183 5834 tempo~

2205 4450 2259 4510 D

2282 3162 2440 3214 quam
2467 3146 2728 3215 prodere;
2762 3154 2819 3198 ut
2858 3145 3180 3213 respondeat
3228 3147 3335 3201 illis
3377 3149 3578 3202 Christi
3627 3145 3823 3203 verbis:

2281 3216 2383 3279 Qui
2408 3218 2690 3289 perdiderit
2711 3218 3107 3289 animam_suant
3130 3228 3334 3287 prapter
3359 3235 3459 3285 me,
3483 3221 3678 3273 salvam
3700 3219 3825 3289 faciet

2278 3288 2424 3340 illam
2447 3286 2606 3358 (Mat.
2639 3304 2668 3340 x
2696 3296 2743 3339 et
2774 3303 2896 3350 xvr;
2930 3286 3086 3341 Luca:
3116 3289 3213 3356 ιι).
3253 3290 3501 3343 Animam
3531 3292 3672 3346 enim
3695 3286 3823 3345 Suam

2280 3359 2453 3426 perdit
2484 3369 2702 3426 propter
2729 3358 3019 3421 Christum,
3041 3360 3130 3427 qui
3154 3360 3271 3427 ejus
3297 3374 3482 3415 amore
3507 3363 3681 3429 potius
3701 3360 3827 3429 eligit

2278 3438 2510 3501 ntortem
2540 3436 2817 3501 oppetere,
2851 3443 3009 3497 quam
3038 3430 3121 3483 vel
3144 3431 3260 3498 ejus
3287 3442 3579 3501 praecepta,
3609 3433 3690 3487 vel
3714 3447 3826 3485 con-

2281 3500 2401 3553 silia
2425 3500 2648 3552 violare.
2681 3499 2786 3553 Sed
2818 3502 2906 3568 qui
2939 3502 3016 3554 sic
3049 3502 3242 3568 perdit,
3273 3499 3670 3571 revera’potius
3697 3504 3829 3557 inve-

2282 3572 2361 3623 nit
2386 3580 2442 3625 et
2468 3578 2654 3624 servat
2677 3571 2730 3623 in
2757 3572 2920 3623 vitam
2948 3579 3204 3625 aeternam
3239 3582 3393 3638 teste,
3423 3573 3682 3629 Veritate.
3710 3575 3827 3639 Quin

2289 3643 2451 3695 etiam
2489 3641 2617 3693 mihi
2656 3642 2955 3710 persuadeo
2983 3642 3277 3703 secundum
3304 3643 3366 3696 D.
3402 3645 3628 3699 Thomm
3657 3644 3831 3699 doctri-

2283 3728 2410 3766 nam
2442 3711 2580 3784 (2-2,
2613 3730 2663 3783 q.
2698 3713 2821 3777 124,
2864 3722 2963 3767 art.
3011 3713 3404 3785 5),!martyres
3432 3716 3558 3771 illos
3599 3732 3717 3771 vere
3743 3713 3830 3769 dici

2283 3799 2442 3852 posse
2473 3801 2533 3838 ac
2566 3784 2783 3849 debere,
2811 3798 2933 3838 cum
2982 3800 3085 3837 non
3138 3784 3310 3838 solum
3360 3786 3515 3853 ﬁdes,
3552 3789 3643 3843 sed
3676 3787 3828 3842 omnis

2282 3856 2503 3928 virtutis,
2522 3867 2672 3908 actus
2698 3870 2820 3908 cum
2846 3870 2971 3909 vera
3018 3854 3122 3928 fide
3161 3865 3214 3909 et
3232 3856 3504 3928 religione
3531 3859 3828 3928 conjunctus

2284 3926 2526 3997 martyrii
2559 3941 2718 3979 causa
2749 3940 2869 3997 esse
2901 3926 3075 3992 possit
3101 3944 3111 3977 :
3139 3926 3278 3980 unde
3301 3926 3645 3996 consequens
3660 3940 3755 3994 est,
3782 3935 3831 3979 ut

2286 4012 2381 4065 pro
2410 3996 2745 4065 quacumque
2772 3996 2970 4049 virtute
2999 4005 3224 4051 mortem
3256 3999 3374 4065 quis
3404 4003 3684 4065 sustineat,
3708 4014 3829 4053 mar-

2286 4079 2370 4137 tyr
2396 4068 2618 4120 omnino
2660 4067 2964 4137 censendus
3004 4068 3092 4120 sit.
3125 4068 3279 4132 Quod
3306 4078 3358 4122 et
3391 4072 3584 4137 probat
3629 4073 3686 4125 D.
3710 4071 3832 4124 'l‘ho-

2286 4138 2677 4213 masnexetnplo
2794 4136 3018 4190 Joannis
3062 4138 3337 4213 Baptistae,
3364 4136 3513 4212 cujus
3552 4143 3832 4213 martyrium

2284 4211 2337 4259 in
2380 4206 2613 4286 Ecclesia
2648 4207 2950 4286 celebratur,
2980 4211 3233 4286 quamvis,
3265 4206 3595 4286 inquii,uou
3642 4206 3728 4286 pro
3759 4227 3831 4263 ne-

2285 4278 2455 4348 ganda
2507 4278 2628 4345 ﬁde,
2655 4280 2745 4331 sed
2781 4294 2873 4345 pro
2904 4282 3297 4349 reprehensione
3345 4278 3598 4336 adulterii
3642 4278 3831 4339 mortem

2286 4348 2517 4423 subierit.
2554 4348 2616 4423 Et
2642 4349 2781 4423 apud
2823 4348 3219 4423 Theodorctum
3256 4351 3485 4423 (Hister.
3510 4354 3549 4409 ι.
3592 4372 3624 4409 v
3666 4372 3710 4409 c.
3739 4355 3829 4415 26;

2286 4418 2627 4496 iuMartyrot.
2648 4422 2673 4474 1
2699 4419 2965 4491 Januarii)
2985 4418 3278 4496 monachus
3303 4426 3541 4493 quidam,
3558 4428 3646 4495 qui
3665 4425 3833 4496 gladia-

2288 4489 2490 4544 toribus
2509 4489 3030 4560 seinterponcns,ab
3049 4494 3152 4547 illis
3175 4489 3396 4549 necatus
3416 4489 3535 4561 fuit,
3563 4489 3614 4551 in
3636 4489 3833 4552 numero

2286 4562 2838 4637 martyt'um__ltab_i_tus
2864 4573 2981 4637 est:
3000 4565 3065 4637 Et
3186 4566 3606 4637 ChryStistomus
3638 4569 3688 4623 in
3718 4581 3830 4637 qua-

2283 4631 2404 4684 dam
2435 4632 2653 4685 homilia
2689 4632 2918 4704 (Homil.
2952 4635 2985 4689 3
3026 4635 3079 4688 in
3110 4636 3130 4689 Ι
3167 4637 3233 4688 ad
3271 4631 3473 4708 Thess.)
3504 4644 3697 4695 asserit
3726 4631 3833 4691 vere

2285 4712 2577 4780 martyrem
2610 4719 2727 4780 csse
2755 4720 2875 4758 eum
2901 4708 2989 4780 qui
3015 4722 3135 4760 cum
3164 4708 3333 4780 possit
3355 4712 3576 4780 magicis
3604 4712 3831 4765 artibusa

2284 4776 2476 4826 morbo
2507 4777 2714 4849 curari,
2747 4778 2946 4849 mavult
2980 4776 3324 4832 tamen’mori
3366 4776 3528 4849 quam
3558 4783 3717 4837 Deum
3749 4780 3833 4833 hoc

2285 4856 2440 4967 {Iacto
2464 4844 2758 4900 oifcudcre.
2784 4846 3026 4917 Denique
3073 4851 3229 4901 etiam
3281 4844 3582 4914 martyrum
3616 4854 3728 4907 loco
3757 4851 3835 4902 ha-

2323 4916 2381 4967 ἱιὶ
2410 4915 2682 4967 letzuntur.
2711 4918 2798 4967 (lui
2826 4931 2977 4967 ueste
3005 4920 3282 4967 amiclalis
3307 4924 3677 4967 ministrante:
3704 4936 3833 4967 mnr-

2323 4916 2381 4968 iti
2410 4915 2682 4984 leguntur,
2711 4918 2798 4986 qui
2826 4915 2977 4986 peste
3005 4920 3282 4972 afﬂictalis
3307 4924 3677 4979 ministrantes
3704 4936 3833 4976 mor-

2287 4996 2390 5058 tem
2424 4987 2657 5041 libenter
2683 4992 3029 5057 oppetivere;
3064 4993 3129 5043 de
3156 4988 3347 5058 quibus
3380 4996 3643 5049 Eusebius
3670 4995 3755 5048 lib.
3772 5005 3833 5046 ru

2285 5056 2423 5134 Hist.
2478 5058 2636 5134 Eccl.»
2668 5056 2788 5129 cap.
2818 5060 2932 5134 A16}
2965 5056 3190 5134 Quidni:
3216 5064 3376 5134 igitur
3430 5068 3703 5134 przeclaris
3745 5064 3835 5117 illis

2283 5128 2749 5203 adolescentibus,
2779 5132 3104 5185 obedientiae
3146 5128 3288 5197 ﬁliis,
3317 5136 3407 5203 qui
3433 5128 3574 5192 'vita:
3613 5153 3719 5191 sua:
3757 5148 3836 5203 νου

2286 5199 2390 5277 tius
2414 5215 2575 5277 quam
2620 5202 3302 5277 obedientitediSpendiutn
3335 5199 3650 5277 elegerunt,
3674 5217 3725 5263 et
3754 5199 3835 5274 pro

2286 5270 2385 5323 hac
2414 5270 2669 5325 inviolate
2711 5272 2987 5325 retinenda
3031 5285 3132 5325 tam
3186 5270 3461 5331 constanti
3503 5270 3680 5333 animo
3711 5270 3838 5332 mor-

2284 5351 2391 5418 tem
2422 5343 3052 5418 pertulerunt,_ma_rt_yrii
3080 5345 3291 5418 Iaudem
3340 5360 3395 5401 et
3423 5351 3653 5418 palmam
3686 5349 3839 5403 ascri—

2284 5414 2583 5491 barnus,_et
2624 5412 3094 5491 illttthavidicu_ni
3130 5414 3304 5485 (Paul.
3331 5412 3456 5491 cxv)
3503 5419 3839 5491 gratulatorie

2283 5483 2706 5557 applandamus:
2740 5481 2979 5557 Pretiosa
3031 5486 3081 5535 in
3106 5481 3401 5557 _consprctit
3440 5481 3666 5547 [Donini
3717 5505 3840 5545 mars

2282 5556 2735 5627 sanctorumfjus
2770 5550 2988 5627 (Barea.
3019 5558 3071 5606 in
3097 5550 3368 5627 Μαντὼ-οι.
3406 5563 3427 5616 1
3464 5562 3685 5617 Ianuar.
3710 5574 3754 5618 et
3777 5559 3839 5612 23

2282 5622 2546 5703 Februar;
2594 5624 2721 5703 _Vide
2741 5625 2861 5675 colt.
2892 5624 2946 5687 2,
2973 5640 3021 5677 c.
3047 5627 3124 5703 6)_.
3152 5622 3417 5703 Caeterum
3452 5635 3609 5703 hujus
3633 5636 3707 5689 rei
3732 5647 3841 5703 cer-

2282 5705 2395 5749 tam
2445 5695 2826 5762 deﬁnitamque
2880 5697 3201 5753 sententiam
3259 5701 3316 5757 S.
3370 5695 3553 5761 Matris
3599 5702 3847 5764 Ecclesia:

2220 5824 2227 5831 ,
2278 5766 2482 5839 judicio
2510 5765 2776 5838 relinquo.
