3994 6202
534 346 643 413 867

1872 332 2153 394 JOANNIS
2186 335 2506 393 CASSIANI

3694 322 3794 387 38

535 458 830 525 devictum,
863 467 891 497 ει
931 415 1167 512 immane
1208 453 1435 519 bellum,
1466 458 1521 506 et
1555 448 1698 521 quod
1728 463 1852 504 cum
1883 465 1909 502 a
1948 450 2123 518 primo
2150 452 2199 509 Α
2225 448 2468 517 utrisque
2499 447 2696 514 pariter
2724 441 3129 509 dimicantibus,
3180 440 3366 511 nequit
3386 438 3661 494 debellari.
3692 437 3795 496 Nec

536 558 783 621 tempore
805 549 1105 621 pubertatis
1129 549 1443 615 impugnare
1473 544 1690 611 incipiat
1714 542 1990 596 hominum
2027 558 2123 611 ge-

537 659 663 707 nus,
680 659 810 705 non,
828 641 925 696 nisi
944 642 1092 709 prius
1108 648 1299 692 cmtera
1316 637 1810 703 vitiasupereutur,
1828 635 2123 703 exstingui-

536 745 646 790 tur.
670 733 700 771 δ
736 734 938 803 Duplex
966 745 1191 799 namque
1216 737 1299 784 est.
1336 727 1665 796 oppugnatio
1687 727 1905 795 gemino
1946 740 2123 779 arma-

537 836 589 880 ta
616 825 749 878 vitio
776 837 1108 892 consurgens
1133 820 1197 874 ad
1249 820 1491 889 praelium
1511 859 1525 883 ,
1556 828 1613 874 et
1640 818 1841 872 idcirco
1872 818 2123 872 similiter

533 920 583 971 ei
609 916 818 986 gemina
842 924 926 969 est
956 913 1074 968 acie
1104 912 1487 968 resistendum.
1539 911 1817 980 Siquidem
1848 920 1906 965 ut
1930 911 2123 965 morbo

537 1009 713 1064 carnis
740 1008 1046 1076 anima-que
1094 1014 1407 1060 concretum
1448 1004 1589 1059 vires
1615 1003 1866 1072 acquirit,
1893 1002 1989 1069 ita,
2020 1002 2121 1056 nisi

2226 540 2371 597 enim
2404 539 2601 593 sufficit
2619 538 2790 592 solum
2805 537 3086 605 corporale
3105 534 3367 604 jejunium
3395 533 3461 586 ad
3484 531 3794 601 conquiren-

2230 632 2351 686 dam
2380 631 2463 685 vel
2504 630 2883 699 possidendam
2929 627 3183 697 perfectio
3231 626 3565 680 castimonia
3609 625 3797 694 purius-

2229 734 2375 789 tem,
2421 724 2521 778 nisi
2574 721 2921 792 praecesserit
2963 719 3216 777 contritio
3268 720 3487 788 spiritus
3536 726 3591 773 et
3635 717 3798 774 oratio

2229 829 2414 874 contra
2448 816 2593 869 hunc
2625 814 3119 869 immundissimum
3152 813 3400 881 spiritum
3431 826 3796 881 perseverans,

2229 909 2352 964 dein
2402 907 2718 962 continuata
2772 906 3049 960 meditatio
3097 904 3529 974 Scripturarum,
3583 902 3800 972 huicque

2228 1003 2392 1058 fuerit
2414 1001 2639 1057 scientia
2666 1000 2929 1077 spiritalis
2957 998 3237 1069 adjuncta,
3274 997 3428 1053 labor
3452 997 3615 1053 etiam
3643 1010 3800 1067 opus-

1607 1165 1865 1220 ALABDI
1904 1166 2137 1223 ΟΑΖᾹΞΙ
2175 1164 2745 1224 COMMENTARIUS.

529 1306 780 1372 corruptis
808 1300 1054 1355 mentibus
1081 1302 1276 1353 semina
1304 1302 1568 1369 pravitatis
1602 1301 1904 1369 infundunt.
1934 1300 2119 1355 Mulie-

529 1391 608 1427 res
636 1384 753 1427 sunt
787 1376 965 1425 mentis
993 1373 1438 1438 concupiscentiis,
1465 1388 1580 1439 qua:
1620 1373 1879 1435 pradictis
1901 1374 2118 1426 motibus

526 1446 593 1496 ad
622 1449 751 1512 fetus
780 1445 961 1511 impios
998 1442 1409 1493 substrrnuntur.
1442 1441 1657 1494 Parvuli
1682 1451 1729 1494 et
1759 1442 2002 1495 lactentes
2025 1444 2114 1512 qui

524 1525 663 1577 sunt,
696 1515 793 1565 nisi
821 1514 904 1579 qui
932 1513 995 1563 de
1034 1512 1467 1564 Amalec/lituram
1500 1514 1724 1565 uirorum
1756 1522 1801 1564 et
1840 1515 2115 1565 mulierum

524 1585 883 1637 commixtione
906 1584 1256 1654 generantur?
1294 1581 1433 1633 Nam
1459 1584 1501 1633 si
1522 1594 1700 1654 motus
1738 1583 1887 1634 multo
1934 1598 2117 1651 sugge-

524 1656 707 1707 stionis
730 1654 874 1720 quasi
904 1651 1128 1704 adulteri
1172 1662 1335 1705 mente
1374 1653 1619 1720 recipitur
1646 1694 1679 1723 ,ἡ
1702 1654 2117 1723 concupiscentia

521 1726 673 1794 quasi
700 1726 940 1775 meretrix
970 1724 1370 1791 imprtegnatur:
1400 1738 1513 1794 qua:
1542 1723 1586 1794 si
1610 1722 1874 1787 effundere
1909 1735 2112 1794 partum

523 1792 732 1855 sinitur,
754 1794 1027 1845 libidinum
1048 1802 1214 1845 motus
1238 1809 1341 1844 non
1364 1792 1533 1844 solum
1557 1793 1608 1845 in
1635 1804 1820 1854 mente,
1842 1792 1933 1845 sed
1960 1796 2112 1847 etiam

524 1866 577 1917 in
607 1880 757 1917 carne
782 1872 1125 1930 generantur;
1153 1864 1240 1931 qui
1264 1863 1384 1914 dum
1417 1871 1717 1925 nascuntur,
1744 1863 1944 1934 parvuli
1971 1874 2110 1930 sunt,

524 1936 648 2004 quia
694 1936 863 1986 adhuc
891 1936 1035 1986 carni
1082 1934 1376 1987 violentiam
1419 1933 1666 1986 movendo
1709 1950 1808 1984 non
1862 1935 2109 2002 inferunt.

523 2006 793 2057 Lactantes
824 2015 965 2068 sunt,
991 2020 1103 2057 cum
1134 2004 1271 2056 tenui
1294 2012 1342 2056 et
1369 2004 1651 2074 negligenti
1683 2004 1992 2069 cogitatione
2017 2022 2113 2057 nu-

523 2076 771 2128 triuntur.
800 2075 905 2128 Lac
932 2091 1051 2145 ergo
1080 2076 1413 2143 parvulorum
1448 2086 1522 2127 est
1551 2076 1791 2142 cogitatio
1835 2076 2115 2128 immundi-

525 2147 629 2210 tioe,
662 2148 785 2216 quia
813 2149 857 2197 si
888 2157 1053 2198 motus
1086 2146 1250 2216 turpis
1299 2161 1388 2214 per
1416 2146 1777 2216 cogitationem
1804 2162 1907 2197 non
1948 2149 2117 2213 pasci-

526 2162 629 2210 ttoe,
662 2162 785 2216 quia
813 2163 857 2197 si
888 2162 1053 2198 mows
1086 2162 1250 2266 turpis
1299 2162 1388 2214 per
1416 2162 1777 2214 cogitationem
1804 2162 1907 2197 non
1948 2162 2115 2213 pasci-

526 2226 628 2279 tur,
652 2218 798 2283 quasi
827 2225 1007 2286 negato
1039 2216 1134 2268 sibi
1185 2226 1294 2267 acte
1318 2214 1518 2286 parvuli
1546 2226 1816 2268 necantur.
1854 2216 2005 2279 Quod
2036 2218 2115 2270 lac

527 2290 768 2341 meretrix
798 2285 961 2339 muter
992 2286 1229 2355 porrigit,
1266 2286 1386 2352 quia
1418 2285 1541 2337 dum
1566 2286 1725 2337 ardor
1755 2288 2117 2354 concupiscen-

526 2358 610 2410 tia:
636 2369 852 2410 mentem
878 2358 1143 2426 prtevenit,
1171 2357 1317 2423 quasi
1339 2372 1401 2408 ea:
1438 2357 1659 2426 pessima
1684 2357 1855 2408 cordis
1887 2358 2117 2411 ubertate

525 2430 773 2496 agitatur,
808 2425 1085 2494 utpejores
1127 2435 1358 2478 motuum
1382 2425 1583 2478 soboles
1618 2428 1673 2479 in
1700 2442 1851 2479 carne
1880 2430 2118 2481 nun-ian-

528 2509 633 2552 tur.
660 2498 798 2561 Quid
825 2514 937 2549 vero
957 2498 1009 2549 in
1038 2496 1158 2549 boue
1190 2496 1289 2548 nisi
1312 2496 1586 2549 consilium
1609 2496 2001 2565 fraudulentum
2027 2515 2118 2551 ac—

528 2570 743 2638 cipitur,
777 2568 912 2634 quod
940 2568 1173 2633 exemplo
1200 2575 1421 2619 veterum
1456 2568 1625 2618 carnis
1649 2567 1959 2638 voluptatem
1989 2586 2115 2637 sug-

528 2635 676 2708 gerit,
710 2639 796 2705 qui
822 2641 953 2689 inter
976 2638 1149 2689 carnis
1178 2652 1332 2706 opera
1363 2638 1696 2705 omnipotenti
1720 2635 1829 2688 Deo
1845 2635 2117 2706 placuere?

533 2709 653 2763 Ovis
692 2720 858 2762 autem
882 2711 1083 2759 nomine
1122 2709 1452 2759 innocentum
1477 2710 1580 2759 vita
1602 2708 1856 2777 signatur,
1892 2715 1987 2760 hoc
2009 2719 2112 2771 est,

528 2781 786 2833 simulatio
809 2779 1145 2841 innocentite;
1174 2778 1385 2844 quidam
1403 2778 1538 2828 enim
1551 2777 1672 2828 dum
1694 2780 1915 2845 formam
1936 2778 2117 2831 Imma-

530 2852 584 2903 ni
615 2851 849 2914 corporis
876 2894 889 2915 ,
927 2850 1262 2918 proprietates
1310 2848 1576 2914 utriusque
1622 2864 1795 2910 sexus,
1830 2860 1876 2900 et
1908 2850 2117 2901 insitam

531 2921 769 2973 membris
800 2920 1064 2971 libidinem
1096 2919 1446 2979 considerant,
1486 2918 1637 2985 quasi
1661 2918 1885 2970 naturali
1911 2919 2040 2970 bono
2067 2936 2120 2973 se

531 2992 625 3044 hoc
653 3006 797 3057 posse
820 2992 894 3042 uti
922 2991 1129 3042 licenter
1159 2998 1360 3057 putant.
1388 2988 1549 3050 Quasi
1576 3004 1697 3055 ergo
1726 2990 1832 3039 ovis
1863 2998 1958 3051 est,
1995 2990 2118 3057 quia

532 3062 961 3114 incontinentibus
994 3059 1125 3110 illud
1148 3060 1294 3125 quasi
1321 3058 1505 3110 bonum
1523 3058 1831 3126 suggeritur,
1859 3059 1993 3126 quod
2010 3076 2119 3112 vere

2228 1311 2274 1357 et
2320 1304 2577 1357 inclusum
2608 1302 2801 1354 hostem
2825 1342 2838 1361 ,
2887 1300 3029 1370 Argi,
3086 1308 3139 1351 ut
3171 1300 3361 1369 fabulae
3386 1298 3576 1367 ferunt,
3612 1302 3800 1356 centum

2226 1375 2386 1427 oculis
2414 1375 2699 1427 observare.
2732 1370 2846 1425 Hoc
2872 1380 2965 1435 est,
3012 1370 3152 1439 quod
3197 1370 3471 1441 Apostolus
3505 1373 3669 1425 verbis
3694 1374 3802 1427 alii!

2218 1446 2548 1514 loquebatur:
2578 1445 2740 1496 ()mne
2769 1452 3053 1514 peccatum,
3082 1443 3218 1503 quod
3229 1443 3422 1514 fecerit
3454 1443 3626 1505 homo,
3661 1454 3804 1497 eam

2217 1512 2401 1582 corpus
2427 1524 2538 1578 est;
2568 1516 2657 1582 qui
2680 1523 2849 1583 autem
2878 1512 3272 1583 fornicatur,‘in
3298 1528 3487 1583 corpus
3513 1531 3661 1583 suum
3694 1532 3806 1583 pec-

2219 1576 2371 1649 cat'(l
2398 1576 2525 1639 Cori
2552 1576 2646 1654 ri).
2682 1582 2747 1636 Et
2777 1576 2901 1636 alibi
2928 1582 3116 1650 (Epist.
3151 1579 3305 1654 Eliad
3328 1576 3569 1651 Eusto.):
3597 1576 3716 1637 Non
3736 1586 3805 1638 sic

2217 1658 2437 1709 avaritia
2465 1659 2651 1723 quatit,
2682 1657 2827 1721 inﬂat
2853 1654 3111 1724 superbia,
3142 1653 3359 1724 delectat
3386 1655 3629 1716 ambitio;
3660 1656 3805 1724 facile

2218 1728 2336 1779 aliis
2367 1743 2594 1778 caremus
2636 1725 2807 1777 vitiis:
2856 1722 2940 1775 hic
2986 1722 3146 1775 hostis
3175 1724 3227 1775 in
3261 1723 3403 1777 nobis
3445 1722 3675 1778 inclusus
3699 1735 3805 1788 est;

2218 1812 2537 1864 quocumque
2578 1794 3163 1867 pergintus,_nobiscttm
3209 1802 3473 1867 portamus
3518 1796 3802 1852 inimicum.

2221 1868 2426 1920 Rursus
2455 1863 2680 1931 ibidem,
2729 1864 2973 1919 eamdem
3027 1863 3397 1918 difficultatem
3432 1880 3531 1919 suo
3560 1868 3806 1933 exemplo

2220 1946 2273 1990 et
2298 1940 2681 2004 experimento
2706 1946 3040 2004 exaggerans
3061 1977 3074 1997 ,
3101 1945 3153 1986 et
3180 1945 3407 2002 quantas
3435 1938 3501 1987 ab
3528 1935 3629 1989 hoc
3658 1939 3807 1992 ilOSle

2218 2008 2519 2062 dOmeslico
2543 2007 2818 2059 molestias
2848 2006 3005 2058 etiam
3028 2006 3077 2057 in
3103 2019 3307 2055 summa
3338 2008 3659 2060 austeritate
3689 2004 3804 2071 vita;

2220 2090 2475 2145 ρχρρπιιιις
2498 2087 2663 2141 ρςξθῐ,
2696 2088 3125 2147 commemorans
3153 2090 3165 2127 :
3207 2072 3250 2127 0
3275 2078 3492 2140 quoties,
3524 2076 3720 2145 inquit.
3744 2080 3806 2147 in

2220 2165 2388 2202 eremo
2419 2151 2741 2203 constitutus.
2773 2154 2817 2199 et
2849 2147 2899 2198 in
2933 2146 3025 2197 illa
3051 2147 3511 2215 vastasolitudine.
3539 2164 3659 2215 qua:
3686 2146 3807 2203 solis

2221 2228 2401 2273 exusta
2425 2219 2695 2271 artioribus
2718 2216 2986 2268 horridum
3007 2214 3270 2269 monachis
3301 2228 3513 2282 prtestat
3536 2214 3807 2271 habitacu-

2221 2292 2345 2351 lum,
2378 2290 2617 2359 putabam
2645 2305 2722 2339 me
2754 2288 3003 2359 Romanis
3028 2287 3266 2359 interesse
3291 2286 3486 2359 deliciis
3507 2287 3533 2359 .'7
3553 2285 3808 2351 Sedebam

2221 2357 2385 2415 solus.
2415 2362 2540 2420 quia
2564 2358 2911 2410 amaritudine
2929 2358 3146 2426 repletus
3166 2372 3337 2419 cram;
3363 2357 3641 2410 horrebant
3664 2373 3808 2412 sacco

2220 2433 2444 2482 membra
2487 2430 2745 2499 deformia
2769 2472 2781 2491 ,
2819 2439 2863 2480 et
2889 2428 3123 2499 squalida
3147 2428 3275 2480 cutis
3312 2428 3808 2499 situmfli‘tltiofii'cie

2221 2502 2391 2553 carnis
2419 2498 2721 2553 obduxerat.
2755 2498 2994 2563 Quotidie
3017 2499 3277 2566 lacrymte,
3311 2498 3534 2565 quotidie
3558 2501 3809 2568 gemitus:

2220 2579 2267 2624 et
2299 2573 2342 2623 si
2367 2573 2572 2641 quando
2598 2578 2971 2641 repugnantem
2994 2584 3202 2641 somnus
3234 2569 3501 2641 imminens
3524 2572 3811 2641 oppressis-

2221 2649 2317 2706 set,
2347 2638 2485 2694 n‘uda
2514 2638 2665 2693 humo
2698 2638 2783 2693 vix
2810 2655 2927 2691 ossa
2953 2638 3199 2691 luet-entia
3231 2640 3555 2692 collidebam.
3582 2638 3688 2693 Ille
3717 2641 3810 2710 igi-

2223 2721 2305 2764 tur
2350 2728 2473 2782 ego,
2506 2712 2594 2779 qui
2625 2712 2683 2763 ob
2717 2710 2958 2779 gehennae
2992 2720 3177 2761 metum
3227 2711 3319 2761 tali
3345 2726 3440 2782 me
3468 2725 3680 2762 carcere
3704 2713 3809 2781 ipse

2225 2780 2614 2839 dauinaveram.
2659 2782 2987 2848 scorpionum
3019 2788 3217 2831 tantum
3247 2780 3417 2833 socius
3456 2789 3502 2834 et
3544 2783 3806 2847 ferarum,

2222 2867 2356 2921 δίκερε
2385 2852 2551 2905 charis
2584 2853 2857 2923 intereram
2900 2848 3209 2923 puellarum.
3242 2849 3520 2923 Pallebant
3552 2866 3647 2903 ora
3666 2854 3812 2923 jeju—

2222 2919 2341 2985 niis,
2373 2931 2419 2975 et
2446 2936 2585 2977 mens
2612 2922 2884 2974 desideriis
2914 2919 3165 2972 testuabat
3187 2922 3237 2973 in
3267 2921 3459 2991 frigido
3497 2919 3736 2986 carpare,
3766 2928 3811 2975 et

2223 3002 2338 3044 ante
2354 2992 2611 3045 hominem
2642 3009 2737 3044 sua
2757 2994 2872 3062 jam
2900 3006 3053 3062 car_ne
3078 3002 3459 3055 prtentortuum,
3489 2991 3602 3044 sola
3630 2993 3808 3046 libidi-

2224 3078 2344 3113 num
2373 3063 2615 3115 incendia
2643 3056 2938 3114 bulliebant.
2973 3056 3157 3130 Itaque
3199 3062 3338 3113 omni
3363 3062 3559 3114 auxilio
3591 3063 3810 3116 destitu-

534 3133 723 3185 bonum
745 3147 847 3203 non
874 3146 979 3203 esse
994 3130 1187 3203 liquido
1201 3129 1586 3203 comprobatur.
1610 3125 1845 3203 Camelus
1866 3132 2114 3203 ruminat,
2146 3132 2192 3195 C
2225 3140 2305 3184 tus
2330 3133 2397 3183 ad
2424 3131 2551 3185 Jesu
2591 3132 2829 3203 jacebam
2869 3125 3327 3203 pedesfrigabam
3359 3132 3623 3200 lacrymis,
3674 3135 3811 3187 crine

535 3204 621 3255 sed
650 3219 749 3255 nou
778 3200 927 3269 ﬁndit
954 3196 1197 3268 ungulam
1222 3215 1238 3252 :
1265 3209 1309 3252 et
1335 3209 1410 3251 est
1436 3197 1671 3264 quadam
1701 3200 1939 3265 cogitatio
1968 3200 2119 3252 luscu-

533 3281 659 3335 rlte,
689 3268 802 3341 qua:
822 3270 969 3340 quasi
1000 3286 1031 3321 a
1051 3270 1249 3341 ratione
1297 3269 1497 3341 incipit,
1528 3270 1614 3341 sed
1644 3283 1733 3341 per
1764 3268 2119 3322 discretionem

534 3360 637 3397 non
663 3338 878 3411 ﬁnitur;
932 3339 1173 3411 nonnulli
1205 3340 1391 3411 etenim
1444 3338 1809 3411 continentiam
1860 3341 2079 3408 professi
2101 3380 2116 3404 ,

536 3408 672 3467 dum
692 3430 721 3465 a
749 3412 915 3465 carnis
959 3409 1373 3477 concupiscentia
1401 3418 1729 3480 superantur,
1777 3408 1829 3460 in
1858 3411 2120 3480 coniugali

536 3487 639 3538 rita
682 3484 869 3539 salvari
899 3498 1047 3551 posse
1078 3480 1365 3551 conﬁdunt.
1417 3478 1555 3551 Quid
1597 3481 1771 3551 asinus
1806 3480 1910 3551 nisi
1938 3478 2122 3551 aperta

536 3555 760 3619 nequitia
788 3549 1143 3623 fornicationis
1181 3549 1469 3623 accipitur?
1496 3549 1757 3623 Quosdam
1781 3549 2118 3623 enimdiabo-a

539 3628 621 3679 lus
644 3628 696 3678 in
727 3620 962 3695 apertum
993 3621 1167 3695 cliuos‘
1179 3620 1533 3695 fornicationis
1564 3620 1773 3695 inre/tit,
1800 3620 2123 3695 quibusdam

542 3714 631 3763 per
657 3688 865 3765 fraudes
896 3692 1093 3765 illudit.
1129 3690 1321 3744 Omnia
1350 3706 1472 3760 ergo
1499 3688 1749 3765 Amalecb
1776 3689 2124 3765 demoliriju-

540 3759 743 3825 bentur.
775 3766 892 3831 quia
914 3764 1001 3831 qui
1030 3772 1168 3815 caste
1191 3766 1355 3816 vivere
1378 3769 1683 3827 proponunt.
1718 3760 1781 3813 de
1802 3759 2127 3831 blandimen-

543 3850 593 3891 to
620 3830 791 3889 carnis
819 3837 871 3888 in
895 3830 947 3886 se
976 3834 1175 3899 aliquid
1202 3835 1417 3884 retinere
1448 3848 1551 3883 non
1583 3830 1783 3883 debent.
1810 3830 1953 3884 Alibi
1994 3832 2121 3886 item

544 3906 837 3971 Gregorius
863 3904 1001 3973 (Lib.
1036 3900 1358 3973 xxtMoral.
1380 3901 1499 3973 c._9)
1524 3918 1541 3973 :7
1567 3900 1776 3966 Beatus,
1811 3902 1999 3973 inquit,
2024 3901 2127 3957 Job

542 3969 731 4029 crimen
756 3969 978 4027 luxuria?
1001 3972 1249 4036 definiens
1278 3972 1350 4022 ait
1372 3986 1390 4022 :
1423 3969 1569 4037 Ignis
1593 3981 1663 4022 est
1685 3986 1841 4041 usque
1956 3973 2127 4041 perdi-

543 4048 730 4101 tionem
760 4046 1025 4097 deuorans.
1056 4043 1191 4105 Quia
1235 4041 1480 4092 nimirum
1506 4049 1677 4090 reatus
1710 4040 1859 4105 hujus
1881 4040 2128 4105 facinoris

543 4135 644 4172 non
664 4117 829 4169 solum
860 4128 1015 4181 usque
1046 4111 1112 4162 ad
1138 4111 1575 4181 inquinamentum
1602 4108 1949 4181 amputatised
1972 4127 2128 4178 usque

544 4189 613 4241 ad
643 4177 1165 4256 perditionemrorat.
1212 4178 1439 4256 Et_quia
1487 4178 1758 4256 quamlibet
1800 4177 1909 4256 alia
1939 4177 2128 4256 fuerint

546 4247 680 4311 bona
707 4271 885 4321 Opera,
909 4254 952 4305 si
976 4252 1192 4304 luxuria:
1208 4250 1372 4301 scelus
1399 4265 1499 4302 non
1520 4247 1765 4314 abluitur,
1792 4247 2129 4321 immensitate

547 4328 704 4395 hujus
735 4320 960 4377 criminis
984 4322 1289 4395 obruuntur,
1316 4320 1820 4395 secutusadjunxit:
1850 4320 1914 4395 Et
1954 4327 2128 4379 omnia

546 4390 811 4451 eradicans
844 4394 1120 4465 genimina.
1154 4390 1426 4465 Genimina
1447 4391 1632 4460 quippe
1656 4402 1774 4465 sunt
1802 4394 1987 4446 anith
2007 4411 2130 4463 ope-

546 4468 769 4521 rutiones
790 4462 947 4517 boote.
975 4462 1069 4516 Cui
1094 4472 1261 4515 tamen
1283 4463 1326 4513 si
1352 4477 1581 4523 perverso
1605 4464 1782 4515 ordine
1811 4478 1932 4515 caro
1960 4462 2127 4520 domi-

548 4546 721 4601 natur,
752 4538 867 4606 igne
898 4534 1118 4587 luxuria:
1139 4534 1309 4585 omnia
1339 4531 1463 4585 bene
1492 4534 1694 4606 prolata
1720 4549 2123 4592 concremantur.
2157 4510 2206 4568 D

548 4607 723 4688 Nulla.
762 4604 950 4676 quippe
991 4612 1109 4657 ante
1156 4606 1521 4672 omnipotentis
1548 4604 1669 4688 per:
1716 4606 1889 4659 oculos
1911 4609 2131 4688 justitice

548 4678 847 4751 pietatisque
872 4686 987 4727 sunt
1012 4692 1186 4751 opera,
1212 4690 1325 4741 quae
1351 4676 1693 4751 corruptionis
1720 4676 1957 4751 contagio
1981 4690 2132 4751 mon-

548 4744 781 4804 strantur
810 4748 1092 4799 immunda.
1130 4746 1254 4799 llmc
1282 4754 1333 4798 et
1372 4746 1476 4798 alia
1513 4747 1572 4798 D.
1604 4744 1934 4815 Gregorius,
1963 4748 2128 4804 vitio-

547 4836 667 4876 rum
698 4835 759 4871 ae
790 4834 998 4871 lllttl‘llm
1032 4832 1227 4870 censor
1255 4827 1308 4869 et
1329 4817 1642 4884 explorator
1662 4819 2027 4872 acutissimus.

623 4900 649 4927 α
689 4891 857 4955 Quam
902 4889 1153 4950 difficile,
1208 4886 1518 4940 diuturnum
1548 4897 1601 4942 et
1646 4889 2005 4955 periculosum
2059 4892 2131 4946 sit

498 5004 499 5007 η
550 4972 823 5018 certamen
858 4960 997 5027 quod
1052 4959 1309 5011 adversus
1353 4958 1598 5025 spiritum
1648 4960 2043 5026 fornicationis,
2080 4964 2131 5017 id

549 5045 655 5095 est,
688 5031 971 5091 luxuriam,
1007 5044 1098 5083 seu
1130 5028 1308 5081 carnis
1338 5033 1828 5097 concupiscentiam
1860 5031 2012 5085 nobis
2044 5048 2131 5089 as-

550 5104 704 5157 sidue
752 5102 1043 5173 gerendum
1075 5099 1288 5173 (ξξιεΑΙ).Δ
1331 5100 1692 5173 Hieronymus
1735 5104 1999 5170 expressit
2047 5104 2132 5159 his

549 5174 729 5246 verbis
750 5170 944 5241 (Epist.
978 5170 1035 5227 10
1060 5170 1129 5222 ad
1164 5169 1400 5246 (furiam)
1425 5189 1444 5246 :_
1466 5169 1697 5246 Avaritia
1720 5169 1949 5246 calcatur
1977 5188 2007 5223 a
2024 5177 2134 5246 ple-

546 5245 742 5309 risque,
768 5254 943 5296 etcum
974 5242 1236 5313 marsupii)
1250 5242 1553 5313 deponitur.
1573 5241 1883 5295 Maledicam
1906 5241 2133 5313 linguam

550 5315 798 5367 indictum
828 5312 1061 5366 emendat
1089 5309 1365 5365 silentium.
1393 5309 1574 5365 Cultus
1604 5316 1833 5381 corporis
1858 5322 1904 5366 et
1932 5309 2132 5369 habitus

551 5386 767 5439 vestiunt
808 5386 961 5436 unius
1019 5386 1160 5437 liora:
1204 5384 1370 5449 spatio
1410 5393 1771 5435 commutatur.
1818 5384 2001 5437 Omnia
2028 5387 2135 5440 alia

553 5464 761 5523 peccata
782 5455 1097 5507 extrinsecus
1121 5461 1273 5518 sunt;
1300 5464 1347 5506 et
1375 5455 1510 5521 quod
1534 5454 1662 5522 foris
1692 5463 1785 5521 est,
1818 5455 1970 5523 facile
1994 5456 2133 5524 abji-

552 5527 707 5579 citur.
742 5524 874 5581 Sola
903 5525 1062 5578 libido
1092 5526 1247 5578 insita
1272 5543 1303 5578 a
1333 5524 1438 5577 Deo
1466 5526 1526 5579 ob
1572 5526 1845 5579 liberorum
1889 5542 2130 5592 procrea-

554 5596 743 5651 tionem
775 5596 904 5664 ﬁnes
924 5611 1042 5649 suos
1061 5597 1337 5665 egreditur,
1363 5598 1617 5650 redundat
1643 5599 1694 5649 in
1718 5598 1911 5662 ritium,
1932 5608 1977 5651 et
2007 5614 2134 5668 qua-

470 5666 473 5671 “
555 5667 677 5719 dam
706 5668 1138 5738 legehnaturagin
1169 5668 1333 5738 scelus
1386 5669 1621 5738 erumpit.
1669 5668 1890 5723 Grandis
1936 5666 2136 5725 viriutis

557 5746 653 5796 est,
680 5744 729 5787 et
752 5731 988 5788 sollicitis
1008 5735 1290 5808 diligentia:
1318 5731 1562 5805 superare
1588 5741 1725 5808 quod
1753 5750 1906 5794 natus
1935 5742 2035 5805 sis;
2081 5742 2135 5796 in

564 5818 719 5863 me
748 5818 852 5860 non
877 5804 1153 5861 carnaliter
1189 5804 1389 5875 vivere,
1409 5818 1571 5864 tecum
1600 5804 1837 5882 pugnare
1872 5814 2130 5885 quotidie,

2224 3203 2497 3271 tergebam,
2529 3213 2577 3254 et
2593 3201 2978 3272 repugnantem
3008 3216 3213 3272 carnem
3242 3201 3681 3256 hebdomadarum
3705 3206 3811 3255 ine-

2225 3268 2313 3348 dia
2354 3268 2678 3348 superqbam'.
2715 3270 2924 3324 Memini
2968 3287 3045 3348 me
3087 3268 3412 3335 clamantem,
3465 3274 3600 3325 diem
3631 3275 3805 3327 crebro

2213 3342 2455 3411 junxisse
2481 3342 2593 3395 cum
2626 3351 2785 3403 nocte,
2821 3343 3085 3411 necAprius
3124 3358 3154 3393 a
3185 3344 3402 3408 pectoris
3440 3359 3665 3397 cessasse
3696 3359 3806 3396 rer-

2226 3412 2448 3476 beribus,
2479 3428 2631 3480 quam
2660 3412 2866 3477 rediret,
2899 3408 3121 3462 Domino
3152 3412 3478 3482 increpante,
3518 3414 3816 3482 tranquilli-

2226 3489 2326 3545 tas,
2360 3492 2465 3537 etc.
2490 3478 2833 3553 fllieronymo
2862 3483 3208 3553 consentiens
3252 3478 3611 3553 Augustinus:
3646 3478 3809 3542 'Inter

2227 3554 2418 3618 omnia,
2454 3552 2556 3615 ait,
2587 3548 2863 3605 certamina
2898 3548 3482 3617 Christianorumfsola
3511 3554 3642 3606 dura
3694 3560 3816 3607 sunt

2229 3623 2411 3704 pratia
2432 3624 2702 3704 castitatis,
2740 3622 2824 3675 ubi
2851 3623 3155 3704 quotidiana
3184 3633 3258 3676 est
3284 3638 3474 3704 pugna,
3504 3634 3712 3704 etram
3739 3624 3818 3677 vi-

2226 3694 2406 3747 ctoria.
2438 3693 2657 3747 Gravem
2679 3710 2894 3760 namque
2921 3695 3103 3745 sortita
3129 3703 3199 3746 est
3240 3693 3452 3748 castitas
3496 3695 3771 3747 inimicum
3797 3735 3810 3759 ,

2227 3766 2311 3815 cui
2335 3766 2563 3831 quotidie
2583 3766 2866 3828 resistitur,
2896 3773 2943 3816 et
2968 3779 3165 3832 semper
3201 3765 3405 3817 timetur
3435 3762 3570 3833 (Lib.
3599 3766 3668 3818 de
3700 3764 3813 3818 Hau

2228 3846 2372 3887 uesta
2398 3837 2603 3890 mulier.
2630 3852 2675 3887 c.
2700 3834 2779 3899 2i.
2805 3834 3071 3888 Palladius
3095 3849 3305 3903 quoque
3331 3835 3384 3889 in
3414 3835 3642 3889 Historia
3678 3836 3818 3890 Latio

2230 3903 2374 3958 siaca
2400 3946 2413 3963 .
2459 3908 2643 3959 scribit
2674 3907 2921 3959 abbatem
2972 3904 3275 3958 Paclionem
3330 3906 3446 3960 sive
3473 3906 3813 3959 Pachonium

2230 3974 2358 4040 (non
2395 3976 2737 4030 Pachomium
2785 3975 3220 4044 Tabennensem)
3267 3984 3479 4044 optasse
3512 3975 3814 4030 bestiarum

2229 4044 2475 4100 dentibus
2504 4048 2715 4107 laniari,
2741 4061 2805 4100 eo
2837 4046 2975 4111 quod
3004 4046 3358 4116 quadraginta
3383 4062 3647 4101 annorum
3684 4046 3818 4101 soli-

2231 4116 2431 4181 tudine,
2460 4118 2788 4184 jejuniorum
2814 4116 3147 4183 aliarumque
3177 4130 3353 4172 rerum
3380 4117 3674 4184 aSperitate
3707 4126 3814 4170 non

2232 4190 2462 4251 potuerit
2492 4191 2629 4239 hunc
2662 4188 2868 4239 hostem
2884 4200 3233 4257 expugnare,
3270 4189 3394 4243 licet
3425 4189 3473 4243 ei
3519 4201 3815 4257 numquam

2230 4258 2600 4327 succubuisset
2625 4257 2829 4323 (Lausi.
2877 4254 2990 4326 29).
3028 4257 3187 4327 (Idem
3227 4259 3393 4314 refert
3419 4269 3469 4312 et
3510 4254 3754 4327 Moysem
3782 4270 3815 4313 e

2232 4326 2439 4381 latrone
2466 4330 2767 4389 cremitam,
2798 4327 2948 4393 cujus
2984 4326 3091 4381 vita
3121 4330 3390 4397 quondam
3420 4326 3614 4397 parum
3634 4327 3815 4383 conti-

2232 4412 2366 4469 nens
2406 4398 2595 4461 fuerat,
2642 4398 2782 4451 nulla
2809 4397 2999 4467 jejunii
3036 4396 3327 4452 severitate
3375 4400 3612 4469 potuisse
3654 4396 3818 4454 lasci-

2233 4468 2371 4539 viam
2390 4470 2571 4539 carnis
2598 4469 2845 4534 domare;
2874 4471 3038 4522 immo
3057 4484 3175 4523 cum
3202 4468 3652 4539 postsexeunium
3675 4470 3818 4539 jeju-

2234 4538 2325 4591 nio
2349 4538 2556 4610 vigilias
2584 4539 2883 4602 dtuturnas,
2936 4540 3121 4606 longas
3164 4556 3373 4609 preces,
3405 4538 3709 4610 multasque
3733 4540 3814 4591 la-

2235 4622 2448 4679 erymas
2491 4609 2788 4677 junxisset,
2842 4609 2973 4663 nihil
3020 4620 3199 4665 tamen
3252 4613 3587 4677 obtinuisse,
3625 4609 3817 4665 donec

2236 4680 2449 4734 tandem
2484 4690 2603 4748 post
2634 4681 2943 4733 exantlatos
2980 4682 3116 4735 alios
3142 4684 3341 4735 multos
3374 4683 3614 4746 labores,
3646 4681 3817 4749 bene—

2233 4750 2469 4805 dictione
2520 4750 2689 4804 Patris
2735 4750 3027 4818 spiritualis
3076 4755 3245 4806 sancti
3297 4752 3518 4819 lsidori,
3571 4751 3817 4821 quietem

2234 4820 2494 4891 aliquam,
2526 4822 2790 4875 fremente
2816 4823 2943 4876 licet
2970 4824 3187 4890 Sataua,
3222 4824 3581 4877 meruisset.

2306 4890 2341 4929 δέ
2371 4894 2457 4947 Sic
2485 4893 2649 4945 abbas
2691 4892 2949 4961 Serapion
2978 4894 3157 4949 collat.
3192 4895 3247 4958 5,
3275 4910 3397 4960 cap.
3430 4895 3462 4947 4
3488 4910 3499 4945 :
3535 4890 3820 4957 Spiritalia

2234 4963 2359 5015 vitia
2407 4963 2625 5032 simplici
2662 4962 2831 5016 cordis
2882 4965 3111 5032 indigent
3160 4964 3455 5017 medicina:
3484 4978 3595 5033 qua:
3640 4973 3823 5015 autem

2234 5034 2468 5085 carnalia
2498 5044 2636 5104 sunt,
2668 5050 2768 5087 non
2799 5036 2897 5087 nisi
2929 5035 3124 5104 duplici
3153 5034 3220 5086 ad
3250 5032 3525 5088 sanitatem
3554 5032 3823 5085 curatione

2234 5105 2544 5172 perveniunt.
2586 5103 2733 5157 Unde
2760 5107 2973 5171 puritati
3018 5105 3338 5159 studentibus
3369 5106 3649 5173 plurimum
3691 5116 3823 5173 conj

2234 5169 2333 5243 fert
2363 5184 2419 5247 ut
2440 5173 2625 5227 harum
2655 5169 2936 5247 carnalium
2963 5176 3254 5240 passionum
3280 5169 3419 5247 ipsas
3451 5169 3825 5247 mat_erias_sibi

2236 5246 2472 5313 primitus
2500 5246 2821 5307 subtrahunt,
2865 5247 3044 5307 quibus
3090 5255 3250 5313 potest
3279 5243 3354 5298 vel
3386 5245 3587 5299 occasio
3628 5243 3707 5295 uel
3734 5255 3825 5293 re-

2234 5316 2460 5369 cordatio
2492 5318 2781 5369 earumdem
2812 5317 3109 5382 passionum
3135 5317 3404 5385 (egrotanti
3432 5314 3603 5385 adhuc
3627 5313 3829 5385 anima

2234 5388 2487 5455 generari.
2521 5386 2740 5439 Necesse
2764 5379 3002 5456 estrenim
3047 5397 3102 5437 ut
3146 5379 3320 5439 uiorbo
3376 5384 3573 5456 duplici
3616 5379 3830 5456 duplex

2235 5451 2536 5512 adhibeatur
2564 5456 2781 5510 curatio.
2815 5455 2951 5507 Nam
2980 5457 3204 5525 corpori,
3234 5473 3297 5510 ne
3320 5451 3736 5525 concupiscentia
3770 5451 3830 5503 in

2236 5527 2469 5596 effectum
2491 5536 2641 5582 tentet
2668 5542 3017 5598 prorumpere,
3048 5529 3335 5580 necessario
3361 5526 3559 5598 effigies
3581 5533 3627 5598 et
3653 5530 3833 5575 mate-

2235 5603 2315 5653 ria
2342 5600 2560 5655 illiciens
2588 5596 2932 5652 subtrahendo
2959 5608 3063 5663 est;
3090 5608 3137 5651 ct
3163 5600 3347 5651 anima:
3372 5596 3735 5663 nihilominus,
3764 5606 3834 5646 ne

2236 5688 2344 5725 eam
2374 5672 2454 5724 vel
2484 5670 2788 5742 cogitatione
2817 5661 3092 5742 concipiat,
3116 5667 3370 5742 attentior
3387 5666 3650 5742 meditatio
3672 5661 3835 5742 scti-

2238 5753 2523 5809 pturaram,
2544 5733 2594 5796 'et
2622 5740 2913 5796 sollicitudo
2933 5733 3166 5812 pervigil,
3195 5754 3255 5793 ac
3280 5739 3495 5795 remotio
3519 5733 3837 5793 solitudinis

2238 5815 2547 5883 appetenda.
3810 5842 3813 5847 ν
