3994 6202
493 323 593 383 271

1812 306 2096 365 JOANNIS
2133 305 2449 363 cassum
2496 286 2497 295 ‘

3664 306 3764 362 372

493 449 634 495 stum
659 477 674 500 ,
705 444 759 490 et
784 478 798 503 ,
839 440 898 487 ut
927 432 998 488 ita
1028 432 1202 486 dicam
1225 469 1240 495 ,
1284 429 1335 481 in
1367 426 1614 481 affectum
1641 424 1967 491 integritatis
1990 422 2077 477 vel
2106 428 2162 487 Α
2184 436 2335 477 cesse
2363 430 2446 476 est
2474 422 2618 499 enim
2649 434 3089 492 unumquemque
3128 422 3182 476 in
3212 420 3598 479 colluctatione
3626 426 3766 491 posi-

493 526 917 595 incorruptionis
968 522 1229 585 transire,
1268 531 1293 556 κ
1332 519 1474 588 quod
1518 517 1711 570 dicitur
1739 515 1885 588 ἁγνόν
1916 532 1928 567 :
1961 530 2083 584 qua:

496 623 669 675 virtus
699 619 805 675 illis
837 617 968 670 solis
1000 612 1251 669 tribuitur
1280 610 1519 665 maxime
1538 650 1554 674 ,
1586 608 1678 679 qui
1708 607 1966 677 virgines,
1995 607 2082 661 vel

497 723 701 774 mente,
733 710 815 763 vel
846 721 1006 761 carne
1035 703 1349 773 perdurant,
1375 698 1405 739 ι’
1431 711 1489 755 ut
1514 710 1740 769 uterque
1767 698 2002 754 Joannes
2026 697 2082 752 in

493 820 641 859 novo
663 804 1037 862 Testamento;
1064 807 1086 835 ο
1111 796 1164 850 in
1188 795 1354 850 veteri
1376 807 1586 863 quoque
1607 792 1773 857 Elias,
1797 789 2081 855 Jeremias,

492 896 682 951 Daniel
709 893 875 947 fuisse
902 897 1221 944 noscuntur.
1249 887 1309 942 In
1337 899 1567 955 quorum
1596 882 1764 952 gradu
1793 882 1846 936 hi
1873 896 2085 952 quoque

494 1002 603 1040 non
652 984 922 1037 immerito
956 981 1379 1050 reputabuntur,
1420 976 1511 1046 qui
1553 984 1671 1044 post
1708 973 2084 1043 experimenta

407 1069 411 1073 ζ
496 1073 857 1144 corruptionis
880 1071 948 1126 ad
970 1071 1200 1125 similem
1227 1068 1478 1139 puritatis
1499 1074 1694 1121 statum
1723 1079 1817 1133 per
1845 1063 2087 1117 laborem

499 1167 716 1234 longum
746 1174 800 1218 et
844 1162 1165 1216 industriam
1205 1160 1514 1227 integritate
1557 1157 1757 1210 mentis
1796 1162 1852 1208 et
1897 1168 2090 1221 corpo-

499 1260 579 1313 ris
608 1263 990 1327 pervenerunt,
1020 1263 1075 1307 et
1099 1252 1318 1306 aculeos
1343 1250 1523 1304 carnis
1547 1262 1653 1301 non
1682 1258 1787 1299 tam
1810 1249 2088 1314 impugna-

498 1349 649 1404 tione
690 1344 1148 1413 concupiscentia:
1181 1343 1371 1411 turpis,
1415 1354 1574 1409 quam
1606 1346 1812 1391 natura:
1844 1347 2087 1390 tantum-

498 1442 844 1509 modomotu
875 1438 1133 1491 sentiunt.
1178 1436 1346 1502 Quem
1376 1442 1577 1487 statum
1609 1430 1841 1484 dicimus
1870 1427 2089 1482 difﬁcil-

498 1534 629 1587 lime
650 1545 806 1599 posse
828 1530 968 1582 inter
992 1528 1273 1582 hominum
1299 1526 1485 1579 turbas
1511 1521 1878 1593 apprehendi;
1912 1530 2089 1574 utrum

498 1640 630 1680 vero
653 1632 707 1678 et
735 1622 1077 1691 impossibile
1100 1620 1188 1682 sit,
1213 1619 1583 1687 unusquisque
1614 1630 1721 1669 non
1753 1623 1937 1668 nostra
1965 1627 2093 1667 sen-

502 1718 669 1772 tentia
698 1723 976 1787 exspectet
1004 1726 1332 1783 agnoscere,
1364 1710 1460 1765 sed
1496 1710 1846 1765 conscientia:
1874 1722 1986 1761 sua:
2013 1706 2091 1759 ri-

2186 524 2337 580 tum,
2389 513 2631 583 quamvis
2680 515 2995 584 frequenter
3052 515 3423 571 adversarium
3481 520 3661 574 vincat
3707 534 3764 574 ac

2184 615 2420 677 superet,
2452 616 2510 662 et
2532 608 2708 676 ipsum
2737 615 2915 661 tamen
2941 608 3233 677 aliquando
3264 610 3496 665 turbari.

2814 716 3044 773 CAPUT
3085 718 3149 772 ν.

2190 810 2342 877 Quod
2388 810 2711 881 impugnatio
2755 810 3113 892 fornicationis
3174 812 3283 892 solo
3338 811 3562 867 humano
3604 804 3772 869 studio

2686 897 2789 933 non
2838 891 2999 952 possit
3025 891 3207 935 evinci.

2261 974 2602 1044 Quapropter
2640 973 2685 1027 si
2719 973 2875 1027 nobis
2917 972 3070 1028 cordi
3106 980 3193 1028 est
3221 988 3451 1042 agonem
3480 976 3771 1044 spiritalem

2191 1082 2314 1121 cum
2361 1067 2620 1134 Apostolo
2656 1065 2893 1135 legitime
2933 1066 3214 1120 decertare
3253 1065 3297 1136 (Ι
3321 1065 3456 1121 Tim.
3486 1069 3593 1138 tv),
3638 1068 3776 1123 hunc

2191 1158 2679 1213 immundissimum
2710 1159 2958 1227 spiritum
2997 1172 3256 1227 superare
3284 1160 3433 1212 omni
3463 1162 3668 1215 mentis
3701 1163 3775 1216 in—

2194 1249 2461 1317 tentione,
2483 1246 2509 1284 ἀ
2535 1263 2638 1302 ηοη
2670 1248 2871 1302 nostris
2894 1247 3099 1302 viribus
3125 1248 3463 1303 conﬁdentes
3489 1249 3615 1321 (hoc
3636 1252 3774 1304 enim

2194 1342 2457 1395 industria
2485 1342 2717 1395 humana
2748 1342 3010 1409 perlicere
3042 1356 3149 1395 non
3185 1341 3499 1412 praevalet),
3542 1343 3637 1397 sed
3668 1344 3781 1411 opi-

2194 1435 2452 1490 tulatione
2490 1434 2705 1489 Domini
2744 1434 3082 1488 festinemus.
3132 1434 3355 1489 Tamdiu
3403 1436 3780 1505 namque-hoc

2195 1526 2324 1580 vitio
2348 1527 2585 1580 animam
2610 1540 2832 1580 necesse
2852 1534 2939 1581 est
2961 1526 3285 1595 impugnari,
3311 1526 3481 1581 donec
3502 1542 3561 1583 se
3581 1528 3778 1583 bellum

2193 1632 2383 1685 gerere
2412 1633 2571 1685 supra
2603 1618 2749 1672 vires
2775 1633 2901 1672 suas
2934 1628 3226 1687 agnoscat;
3270 1626 3294 1654 ε
3332 1632 3432 1673 nec
3461 1618 3669 1685 labore,
3698 1622 3781 1675 vel

2197 1708 2373 1762 studio
2403 1710 2622 1777 proprio
2652 1710 2933 1763 victoriam
2965 1709 3213 1763 obtinere
3247 1723 3307 1761 se
3334 1724 3518 1779 posse,
3552 1712 3658 1766 nisi
3686 1712 3783 1767 Do-

505 1818 682 1862 metur
704 1807 972 1861 examine.
993 1805 1256 1859 Caeterum
1274 1803 1613 1857 continentes
1631 1800 1830 1853 multos
1848 1799 2083 1853 existere
2113 1809 2162 1869 B
2186 1802 2315 1857 mini
2344 1800 2510 1856 fuerit
2530 1802 2733 1857 auxilio
2759 1817 2823 1856 ac
2859 1802 3195 1869 protectione
3224 1801 3464 1856 suffulta.

506 1915 615 1955 non
657 1900 968 1954 dubitamus
994 1942 1007 1965 ,
1054 1898 1155 1966 qui
1194 1895 1649 1964 impugnationem
1681 1892 1878 1954 carnis,
1908 1905 2090 1958 quam,

507 1993 591 2047 vel
618 2005 760 2053 raro,
792 1990 877 2043 vel
905 1987 1166 2058 quotidie,
1194 1988 1481 2046 sustinent,
1512 1998 1606 2039 seu
1632 1992 1775 2037 metu
1805 1981 2088 2051 gehennae,

504 2100 601 2142 seu
630 2082 902 2138 desiderio
925 2081 1074 2150 regni
1098 2080 1359 2135 ccelorum
1387 2077 1735 2148 exstinguunt
1761 2083 1920 2144 atque
1946 2089 2094 2129 com-

507 2183 756 2246 pescunt.
786 2175 933 2239 Quos
960 2172 1227 2234 seniores,
1256 2172 1397 2225 sicut
1425 2170 1773 2239 pronuntiant
1800 2183 1959 2235 posse
1989 2183 2097 2223 non

508 2269 721 2338 penitus
758 2265 1045 2319 inccntivis
1074 2264 1231 2317 obrui
1259 2264 1511 2317 vitiorum
1532 2303 1546 2327 ,
1579 2264 1652 2315 ita
1682 2276 1903 2315 securos
1931 2269 1987 2315 et
2016 2260 2099 2314 in-

506 2362 775 2416 sauciatos
808 2369 1023 2424 semper
1049 2355 1283 2410 existere
1322 2369 1428 2410 non
1462 2368 1622 2423 posse
1661 2354 1945 2407 deﬁniunt.
1994 2351 2098 2407 Ne-

2796 1913 3026 1970 CAPUT
3072 1913 3161 1969 VI.

2196 2007 2273 2062 De
2316 2007 2565 2078 peculiari
2606 2007 2774 2077 gratia
2822 2006 2921 2060 Dei
2966 2008 3034 2059 ad
3077 2008 3331 2089 castitatis
3378 2012 3786 2066 consecutionem

2847 2093 3156 2131 ηεεεεεαηα.

2270 2169 2339 2223 Et
2377 2184 2567 2223 revera
2611 2183 2733 2223 cum
2764 2169 2817 2223 in
2849 2168 3099 2223 omnibus
3127 2170 3384 2225 virtutum
3431 2171 3782 2239 profectibus,

2200 2272 2254 2316 et
2275 2271 2590 2333 cunctorqm
2614 2263 3009 2331 expugnatione
3030 2263 3304 2328 vitiorum.
3332 2264 3545 2319 Domini
3573 2267 3643 2320 sit
3664 2282 3789 2336 gra-

2200 2354 2271 2407 tia
2294 2363 2455 2423 atque
2478 2353 2727 2418 victoria,
2758 2355 2810 2408 in
2838 2353 2940 2409 hoc
2967 2356 3239 2425 praecipue
3266 2355 3287 2393 ί
3322 2358 3591 2426 peculiare
3620 2360 3788 2417 bene-

1580 2477 1832 2533 ALABDI
1871 2475 2103 2533 GAZIEI
2140 2475 2703 2534 COMMENTARIUS.

581 2604 608 2633 ι
641 2595 824 2665 ’Δγ-δός,
849 2601 1048 2665 castus,
1082 2605 1267 2665 purus,
1290 2590 1667 2665 intemeratus.
1698 2604 1792 2657 pro
1808 2604 1923 2665 quo
1953 2586 2090 2665 (Ζυγ-

508 2666 662 2720 chius
692 2661 849 2718 habet
878 2661 1039 2723 ἅκιον,
1082 2662 1132 2714 id
1156 2669 1259 2724 est,
1289 2661 1654 2728 incorruptum
1690 2678 1701 2712 :
1730 2661 1820 2714 sed
1849 2662 1948 2715 hoc
1973 2661 2084 2729 epi-

509 2737 691 2789 theton
722 2735 885 2803 magis
908 2735 1052 2801 ligno
1075 2730 1501 2803 congruitqnam
1528 2732 1753 2803 homini,
1778 2732 1821 2785 si
1851 2732 2086 2784 nominis

508 2800 855 2876 etymologia
873 2800 1169 2876 spectetur.
1192 2800 1400 2876 ⁸ςὶοὼωζ
1437 2817 1570 2876 vero
1600 2802 1917 2876 _Basiliensi_s
1948 2804 2080 2876 ᾁκόν,

508 2870 815 2929 mendosius
840 2872 999 2943 (Vide
1032 2873 1152 2925 coll.
1186 2870 1252 2926 12
1280 2888 1394 2939 cap.
1420 2872 1487 2943 All
1514 2889 1528 2936 ;
1576 2873 1729 2925 Arist.
1764 2889 1831 2926 vn
1866 2871 2039 2926 Ethic.
2068 2890 2087 2939 ,'

510 2947 569 2999 S.
614 2946 796 2998 Thom.
835 2941 962 3001 ‘1-2.
995 2960 1043 3009 q.
1082 2943 1214 3008 155,
1248 2952 1349 2997 art.
1382 2941 1456 3011 l).
1506 2944 1672 2995 Porro
1702 2944 1840 3011 quod
1875 2945 1939 2997 ad
1973 2961 2085 2999 rem

507 3018 720 3079 attinet,
745 3014 1019 3083 distinguit
1045 3012 1131 3065 hic
1150 3013 1439 3083 Cassianus
1472 3014 1605 3066 inter
1629 3015 2009 3067 continentiam
2034 3024 2088 3068 et

508 3087 832 3150 castitatem,
864 3082 931 3138 eti
946 3085 1140 3136 multos
1169 3082 1381 3149 quidem
1415 3083 1543 3136 dicit
1574 3099 1692 3137 esse
1720 3085 2084 3150 continentes,

507 3171 804 3222 perpaucos
845 3169 972 3209 vero
1002 3163 1180 3222 castos
1205 3193 1219 3213 ,
1262 3153 1599 3220 incorruptos
1626 3197 1638 3214 ,
1674 3169 1766 3206 seu
1818 3155 2085 3222 virgines;

510 3221 1009 3296 ubicontinentimn
1030 3263 1050 3296 ,_
1079 3221 1192 3276 sive
1220 3224 1514 3296 ἐγκράτειαν
1549 3224 1772 3296 accipit,
1804 3221 1939 3278 sicut
1970 3226 2087 3279 Phi-

508 3299 765 3363 losophus
799 3296 851 3349 in
882 3293 1105 3353 Ethicis,
1156 3293 1256 3360 pro
1297 3293 1546 3346 ﬁrmitate
1582 3294 1780 3355 animi,
1814 3310 1905 3347 seu
1935 3296 2088 3350 ﬁrmo

509 3368 785 3435 proposito
811 3408 824 3429 ,
867 3379 969 3432 quo
1000 3364 1120 3432 quis
1154 3378 1213 3417 se
1260 3365 1501 3435 continet
1552 3364 1617 3435 in
1649 3365 1790 3417 bono
1838 3368 2085 3432 rationis,

512 3434 699 3490 eontra
732 3436 989 3503 impulsus
1019 3434 1500 3503 concupiscentiae,
1533 3434 1726 3502 quibus
1756 3434 1819 3488 ad
1850 3437 2090 3502 volupta-

511 3516 591 3561 tes
614 3522 868 3560 venereas
887 3503 1196 3570 impellitur.
1212 3502 1367 3575 Unde
1384 3512 1435 3555 et
1452 3504 1792 3558 continentes
1809 3506 2084 3575 desvribit,

510 3578 597 3638 qui
620 3577 1050 3645 impugnationem
1072 3574 1265 3645 carnis.
1299 3589 1449 3644 quam
1477 3575 1551 3627 vel
1584 3590 1724 3634 raro.
1759 3577 1835 3628 vel
1862 3578 2090 3645 quotidie

506 3643 777 3701 sustinent.
812 3662 900 3698 seu
925 3654 1057 3697 metu
1078 3643 1341 3715 gehenme.
1370 3659 1457 3697 seu
1482 3644 1740 3698 desiderio
1760 3643 1903 3715 regni
1931 3649 2089 3703 caelo-

511 3734 624 3771 rum
654 3717 977 3786 exslinguunl
1019 3724 1169 3779 atque
1206 3723 1553 3785 compescunt.
1600 3717 1911 3771 Castitatem
1960 3734 2089 3774 vero

510 3790 727 3855 exponit
773 3787 1132 3852 integritatem
1174 3794 1229 3838 et
1267 3786 1717 3849 incorruptionem
1765 3805 1776 3839 :
1819 3797 1865 3840 et
1894 3801 2088 3843 castum

510 3854 639 3919 esse,
661 3858 715 3908 in
736 3854 976 3919 affectum
1001 3856 1311 3925 integritatis
1336 3866 1382 3908 et
1409 3858 1804 3923 incorruptionis
1832 3862 2088 3925 transire;

510 3942 627 3998 qua:
652 3927 829 3998 virtus,
858 3925 1047 3992 inquit,
1079 3925 1182 3998 illis
1214 3926 1349 3998 solis
1366 3925 1626 3998 tribuitur,
1651 3928 1739 3998 qui
1766 3929 1986 3998 (virgines
2015 3931 2091 3984 vel

511 3994 665 4049 carne
693 3995 770 4048 vel
797 4004 958 4046 mente
988 3994 1284 4059 perdurant.
1317 3994 1520 4059 Quibus
1550 3996 1729 4048 verbis
1761 3996 1961 4051 indicat
1989 4001 2089 4055 sub

511 4066 774 4120 castitatis
798 4064 1014 4117 nomine
1040 4072 1093 4115 et
1117 4072 1259 4115 statu
1283 4062 1667 4129 comprehendi
1687 4064 1792 4118 duo
1814 4066 2087 4125 hominum

511 4151 739 4205 genera,
770 4135 1005 4205 alterum
1019 4146 1213 4205 eorum
1244 4133 1333 4199 qui
1372 4141 1549 4185 mente
1576 4142 1629 4205 et
1654 4148 1883 4205 corpore
1916 4138 2090 4193 incor-

511 4194 677 4277 Eiipti,
701 4194 951 4277 nullaque
977 4194 1194 4277 libidine
1215 4194 1337 4254 sunt
1363 4203 1737 4277 contaminati,
1754 4194 1849 4274 'qui
1876 4211 2089 4277 preprie

514 4276 765 4347 dicuntur
792 4274 1055 4347 virgines;
1088 4272 1316 4347 alterum
1345 4286 1532 4326 eorum
1563 4274 1672 4347 qui,
1707 4272 1830 4331 licet
1854 4272 2085 4347 aliquam

512 4344 873 4418 corruptionis
894 4383 912 4418 ,
959 4358 1073 4418 seu_
1096 4342 1332 4418 libidinis
1358 4383 1372 4407 ,
1414 4342 1674 4418 maculam
1706 4348 1815 4400 sint
1851 4342 2086 4418 experti,

513 4428 728 4494 tamen,
762 4414 932 4482 inquit
956 4452 980 4494 ,ο
1006 4414 1073 4494 αεὶ
1108 4411 1326 4494 similem
1360 4414 1597 4481 puritatis
1627 4425 1813 4470 statum
1853 4411 1943 4494 per
1970 4411 2089 4475 lonL
2116 4437 2166 4494 ι)

512 4502 631 4555 gum
653 4485 877 4538 laborem
897 4496 943 4537 et
962 4482 1269 4555 industriam
1291 4496 1643 4552 pervenerunt,
1673 4497 1719 4539 et
1744 4482 1947 4544 aculeos
1969 4507 2087 4543 car-

513 4554 591 4606 nis
621 4571 721 4607 non
752 4565 858 4605 tam
893 4554 1270 4629 impugnatione
1299 4558 1718 4629 concupiscentiw
1744 4561 1911 4626 turpis
1937 4578 2091 4629 quam

513 4636 714 4698 natura:
740 4624 1089 4698 tantummodo
1115 4631 1266 4698 motui
1280 4624 1527 4698 sentiunt.
1562 4627 1652 4698 Sic
1678 4629 1789 4697 ipse
1822 4624 1980 4698 (Vide
2006 4633 2089 4685 in-

515 4697 601 4766 fra
623 4696 689 4766 ad
719 4711 764 4766 c.
796 4695 863 4766 l8
892 4695 1048 4763 hujus
1076 4692 1296 4766 φησι).
1325 4696 1493 4762 Quam
1524 4697 1595 4751 ob
1621 4692 1842 4753 causam
1858 4717 1986 4755 usus
2009 4713 2093 4757 est

512 4764 603 4838 illa
625 4764 976 4838 distinctione
1004 4765 1081 4816 vel
1104 4780 1275 4827 carne,
1307 4766 1383 4819 vel
1416 4778 1577 4820 mente
1606 4770 1845 4838 virgines.
1877 4772 2005 4826 Nam
2036 4773 2091 4828 hi

511 4836 725 4910 quidem
760 4836 893 4910 casti
922 4835 1276 4910 dicunturpet
1298 4848 1476 4910 mente
1497 4835 1751 4910 virgines,
1783 4841 1905 4910 quia
1937 4859 2089 4899 men-

514 4907 581 4959 tis
630 4907 889 4959 maculam
930 4905 1241 4973 poenitentia
1282 4906 1556 4963 diluerunt
1585 4905 1659 4964 'e't
1702 4905 2085 4969 detersernnt:

512 4991 619 5031 non
653 4983 829 5051 tamen
860 4976 1075 5045 proprie
1112 4976 1549 5051 virgines,7quia
1581 4980 1855 5051 virginitas
1888 4984 2093 5051 perfec-

511 5056 619 5099 tam
649 5048 922 5123 mentis_et
948 5046 1189 5123 corporis
1202 5046 1578 5123 integritétem
1610 5046 2091 5123 incorruptionem—

512 5132 616 5185 que
644 5118 899 5185 supponit
927 5131 991 5169 ac
1016 5117 1263 5184 requirit,
1293 5129 1349 5173 ut
1375 5119 1511 5174 infra
1542 5122 1769 5176 dicetur.

579 5186 606 5265 ις
665 5185 741 5265 De
784 5187 990 5241 Joanne
1035 5186 1271 5265 Baptista
1321 5205 1479 5245 nemo
1524 5193 1816 5247 catholicus
1862 5195 2086 5265 dubitat,

510 5257 637 5321 quin
664 5258 821 5336 _virg_o
864 5258 1221 5336 permanserit
1246 5300 1260 5323 ,
1284 5273 1664 5336 _cum_constet
1694 5280 1758 5318 ex
1800 5257 2089 5336 Evangelia

510 5340 630 5379 eum
664 5328 716 5380 in
763 5328 979 5401 deserto
1008 5327 1076 5381 ab
1109 5327 1329 5382 infantia
1378 5331 1440 5383 ad
1490 5332 1646 5384 ﬁnem
1679 5349 1849 5401 usque
1879 5327 2003 5389 vitii:
2035 5339 2088 5394 in

414 5436 421 5439 ν
510 5410 718 5475 summa
770 5399 1090 5475 austeritate
1128 5409 1181 5453 et
1205 5401 1574 5475 sanctimonia
1614 5399 1813 5459 vixisse
1859 5406 2088 5475 (Matth.

512 5479 600 5529 in;
634 5465 759 5520 Luc.
793 5466 851 5537 t).
891 5467 1043 5523 Unde
1078 5468 1131 5521 in
1168 5469 1285 5536 ejus
1312 5469 1523 5525 laudem
1554 5475 1697 5528 canit
1728 5465 1968 5531 Ecclesia
2004 5497 2016 5530 :

699 5566 738 5633 ρ
767 5568 911 5633 nimis
934 5552 1081 5633 felix,
1100 5570 1366 5631 meritique
1396 5571 1533 5633 celsi,

696 5625 936 5675 Nesciens
961 5625 1122 5677 labem
1148 5625 1519 5692 nivei-pudoris.

579 5714 843 5769 Joannem
889 5720 1051 5775 etiam
1082 5725 1472 5793 evangelistam
1504 5730 1766 5807 virginem
1810 5736 1973 5795 fuisse
2013 5750 2093 5799 te-

2198 2595 2410 2665 stantur
2437 2588 2498 2640 D.
2533 2587 2912 2665 Hieronymus
2938 2591 3031 2665 lib.
3075 2608 3111 2646 lt
3155 2595 3205 2647 in
3246 2594 3607 2665 Jovinianum,
3631 2611 3693 2655 et
3724 2600 3786 2656 D.

2187 2658 2518 2725 Augustinus
2566 2658 2862 2716 Iractfult.
2899 2662 2951 2715 in
2983 2662 3247 2718 Joannem
3272 2707 3286 2729 ,
3332 2668 3418 2720 ubi
3452 2658 3689 2724 dicit'ea
3722 2672 3789 2725 de

2188 2742 2349 2781 causa
2372 2730 2632 2807 Joannem
2664 2746 2691 2782 a
2722 2730 2933 2784 Christo
2956 2748 3067 2801 prie
3090 2739 3311 2807 caneris
3337 2740 3596 2807 aposmlis
3617 2741 3791 2796 dilec-

2189 2807 2341 2872 tum,
2372 2799 2532 2872 quod
2576 2815 2751 2872 neque
2801 2799 3022 2857 uxorem
3072 2804 3326 2872 duxerit,
3372 2799 3434 2863 ἐι
3462 2811 3529 2864 ab
3559 2812 3788 2867 ineunte

2191 2868 2418 2936 pueritia
2454 2871 2793 2924 castissimus
2821 2873 3036 2928 vixerit.

2265 2950 2286 3021 ξε
2319 2939 2610 3021 DemElian,
2651 2940 2884 3021 Jeremia
2936 2944 3159 3021 ctualiis
3183 2947 3275 3021 sic
3319 2948 3788 3021 D._llieronymus

2192 3009 2351 3089 epist.
2378 3008 2535 3093 223d
2563 3010 2912 3093 Eustochium
2942 3032 2953 3065 :
2991 3013 3150 3093 Virgo
3174 3014 3597 3093 Elias,__Elisteus
3617 3008 3787 3093 virgo.

2192 3079 2414 3148 virgines
2438 3077 2534 3147 ﬁlii
2556 3083 2952 3148 prOpItelarum;
2981 3096 3027 3137 et
3056 3077 3293 3141 JEremiaz
3319 3077 3527 3149 dicitur,
3555 3090 3619 3143 Et
3640 3077 3788 3146 tuane

2191 3150 2419 3212 accipias
2455 3165 2662 3227 uxorem
2702 3151 3005 3227 (Jer._xvl).
3032 3155 3122 3227 _Et
3160 3159 3378 3227 prologo
3410 3160 3461 3211 in
3494 3160 3785 3216 Jeremiam

2194 3228 2423 3291 testatur
2451 3220 2991 3291 eumdem’virginem
3024 3220 3210 3280 fuisse.
3270 3220 3342 3281 De
3370 3229 3589 3283 Dnniele
3616 3233 3789 3287 Joan-

2194 3303 2286 3363 nes
2322 3290 2680 3363 Damascenus
2710 3290 2947 3347 afﬁrmat
2977 3308 3201 3363 propter
3229 3301 3587 3355 excellentem
3617 3306 3760 3357 casti

2194 3361 2316 3412 tatis
2358 3362 2651 3437 virtutem3
2686 3372 2739 3437 et
2770 3364 2941 3437 ipsum
2983 3380 3011 3419 a
3047 3361 3262 3437 leonum
3291 3371 3499 3425 saevitia
3526 3413 3539 3437 ,
3574 3383 3630 3425 et
3676 3388 3787 3428 tres

2193 3432 2673 3510 puerosl'uisseab
2701 3434 2953 3490 incendio
2977 3436 3314 3494 inviolabiles
3344 3440 3483 3510 (Lib.
3506 3432 3557 3496 tv
3592 3441 3788 3497 Ortho-

2192 3497 2477 3571 doathid.
2511 3517 2555 3553 ι’.
2588 3500 2703 3571 25).

2261 3568 2287 3605 ά
2316 3570 2499 3654 _Pieet
2529 3568 2797 3654 catholice
2827 3575 2881 3629 in
2910 3574 3015 3630 hoc
3038 3581 3361 3654 eisequenti
3393 3583 3568 3647 capite
3600 3584 3786 3654 loqui-

2193 3651 2277 3693 tur
2307 3643 2504 3695 Auctor
2534 3641 2823 3719 degratize
2852 3656 2905 3719 et
2931 3646 3118 3719 auxilii
3148 3641 3316 3704 divini
3351 3641 3697 3719 necessitate:
3733 3666 3788 3710 et

2192 3720 2397 3794 natura:
2446 3727 2541 3767 seu
2586 3714 2735 3768 liberi
2787 3716 2995 3794 arbitrii
3042 3718 3418 3794 iii-becillitate
3459 3724 3526 3776 ad
3555 3714 3784 3794 compa-

2191 3781 2412 3834 randam
2451 3792 2505 3858 et
2543 3787 2965 3858 conservandam
3012 3790 3361 3845 continentiae
3409 3781 3697 3858 virtutem:
3732 3806 3787 3850 et

2190 3853 2528 3925 superandas
2549 3856 2726 3909 carnis
2758 3858 3187 3925 impugnationes
3228 3861 3391 3923 (Vide
3420 3863 3509 3916 lib.
3539 3881 3611 3918 xtt
3642 3853 3783 3919 Inst.

2191 3937 2237 3973 c.
2270 3924 2333 3995 9,_
2353 3932 2401 3975 et
2427 3923 2621 3995 aliquot
2652 3924 2805 3994 seq.).
2838 3923 2989 3981 Unde
3017 3939 3244 3995 apparet
3264 3947 3387 3986 eum
3423 3936 3591 3989 sicubi
3621 3939 3786 3989 aliter

2191 3992 2431 4070 sensisse
2461 3992 2732 4070 videatur,
2767 3992 2874 4050 non
2904 3992 3108 4070 tamex
3136 4014 3228 4052 sita
3253 4018 3419 4070 quam
3455 4020 3518 4058 ex
3550 4006 3784 4060 aliorum

2191 4061 2442 4139 opinione
2474 4067 2885 4139 esselocutum.
2926 4067 2993 4139 In,
3017 4067 3101 4123 his
3130 4061 3397 4139 siquidem
3424 4074 3785 4129 lnstitutioni-

2192 4131 2678 4202 b_us_monasticis,
2710 4136 2848 4188 sicut
2888 4145 2942 4189 et
2982 4138 3034 4191 in
3090 4131 3241 4195 libris
3286 4144 3354 4197 de
3403 4145 3785 4202 lncarnatione

2192 4199 2376 4276 _Verbi,
2402 4203 2673 4276 propriam
2703 4206 3023 4276 sententiam
3062 4213 3332 4276 exposuit.
3372 4214 3422 4267 ln
3455 4199 3785 4271 Collationi;

2193 4269 2291 4357 bus
2330 4281 2547 4357 autem,
2592 4273 2808 4357 illorum
2842 4275 3056 4357 Pa-trum
3091 4269 3253 4357 refert
3281 4269 3605 4352 opiniones,
3636 4269 3780 4357 quos

2192 4339 2478 4420 inquentes
2515 4341 2851 4420 introduxit.
2900 4346 2977 4420 Ita
3023 4351 3236 4417 quidem
3278 4339 3525 4420 opinatus
3563 4339 3780 4412 est'Do.

2192 4408 2483 4491 Cuychius.
2513 4411 2614 4491 Sed
2648 4428 2928 4491 an_revera
2962 4408 3164 4487 ita-sit,
3196 4437 3258 4476 ex
3293 4408 3423 4491 ipsis
3454 4408 3782 4481 cenationi;

2197 4479 2396 4562 bns,_et
2426 4497 2488 4562 ex
2524 4482 2664 4537 libro
2700 4485 2760 4538 D.
2795 4486 3041 4562 Prosperi
3087 4479 3269 4546 eontra
3300 4479 3648 4562 Collatorem,
3671 4479 3782 4551 ex}

2195 4550 2546 4635 pendendum.
2571 4563 2625 4607 et
2664 4550 3080 4635 examinandum
3121 4564 3368 4634 relinquo
3416 4566 3593 4635 (Vide
3614 4550 3780 4622 ctiam

2194 4628 2369 4695 notata
2392 4623 2462 4695 ad
2492 4623 2578 4695 lib.
2609 4640 2703 4688 xit,
2733 4642 2778 4678 c.
2817 4628 2927 4695 M).

2268 4700 2291 4762 ﬁ
2350 4690 2403 4745 ld
2444 4694 2605 4746 etiam
2656 4690 2898 4762 pluribus
2943 4700 3179 4756 inculcat
3232 4704 3399 4762 abbas
3448 4707 3775 4762 Chaeremon

2192 4760 2376 4849 collati.
2507 4776 2623 4849 cap.
2653 4760 2705 4817 4.
2734 4766 2812 4849 ,ιᾷι
2840 4769 3076 4849 Joannes
3106 4760 3601 4849 Cilmacnsitx'radu
3620 4760 3724 4849 Vl5)
3744 4760 3777 4831 vi

2195 4829 2379 4915 Nemo,
2410 4832 2605 4915 inquit,
2639 4850 2702 4915 es:
2727 4835 2805 4891 his
2832 4841 2998 4915 quise
3023 4844 3190 4898 studio
3233 4829 3483 4901 castitutis
3505 4829 3777 4909 'ee’érbélu.

2191 4903 2301 4955 suis
2331 4903 2757 4986 [lanculaboribus
2800 4903 2888 4963 aut
2917 4913 3170 4986 industria
3197 4931 3249 4968 se
3284 4921 3558 4986 acquisisse
3595 4903 3779 4986 putet;

2193 4987 2309 5053 nam
2339 4974 2581 5053 possibile
2605 4991 2704 5029 non
2734 4987 2806 5031 est
2842 4989 2897 5032 ut
2933 4984 3188 5051 quispiam
3223 4974 3461 5041 notitiam
3492 4974 3635 5041 suam
3660 4974 3781 5041 vin:

2301 5058 2319 5097 :
2348 5042 2434 5094 ubi
2462 5044 2678 5130 denique
2704 5060 2888 5129 natura
2909 5042 3148 5130 superata
3179 5066 3281 5130 est_._
3303 5059 3411 5111 illic
3440 5060 3482 5112 is
3505 5060 3592 5130 qui
3614 5075 3781 5126 supra

2193 5119 2429 5193 naturam
2453 5124 2551 5193 est,
2579 5118 2838 5193 advenisse
2852 5124 3198 5193 cognoscitur.
3225 5126 3366 5180 Nam
3389 5132 3499 5182 sine
3517 5118 3625 5182 ulla
3647 5118 3783 5182 con-

2191 5186 2516 5263 tro‘versiajd
2538 5189 2676 5255 quod
2704 5186 3020 5263 deterius—cst
3043 5211 3073 5245 a
3102 5200 3378 5263 potentiore
3399 5201 3697 5253 destruitur.

2267 5248 2289 5288 ί
2338 5252 2413 5308 De
2444 5248 2559 5309 hoc'
2581 5260 2837 5334 peculiari
2861 5260 3022 5334 dono.
3055 5248 3117 5318 ac
3146 5248 3372 5334 speciali
3402 5248 3776 5333 "néi'éiiiiiiio,

2193 5336 2299 5390 quo
2330 5333 2474 5405 recte
2504 5329 2857 5405 et_catholice
2892 5329 3223 5405 intelligatur
3247 5379 3262 5401 ,
3312 5350 3437 5393 sunt
3479 5342 3592 5394 hmc
3628 5329 3781 5394 scitu

2194 5398 2520 5475 necessaria.
2553 5396 2732 5475 Primo
2750 5396 3145 5475 continentiam
3179 5396 3468 5463 et'donum
3504 5411 3596 5465 Dei
3621 5424 3777 5475 esse,

2193 5472 2250 5551 et
2276 5471 2448 5551 iamen
2480 5468 2535 5551 in
2576 5469 2799 5523 arbitrio
2832 5481 2886 5551 et
2922 5484 3203 5551 potestate
3226 5479 3457 5535 hominis
3487 5468 3777 5551 positum}

2192 5546 2421 5621 quorum
2441 5536 2871 5621 _alterutu_npstri
2899 5536 3154 5621 temporis
3191 5546 3429 5606 haeretici
3467 5536 3777 5619 a'l‘lirmant,

2194 5618 2386 5690 nempe
2421 5608 2623 5690 donum
2664 5610 2755 5664 Dei
2787 5626 2947 5690 esse;
2998 5608 3224 5672 alterum
3270 5634 3467 5690 negant
3498 5638 3511 5675 :
3547 5622 3689 5675 unde
3717 5608 3783 5679 ei

2192 5675 2449 5761 coiligunt
2514 5675 3045 5761 neminem_debere
3098 5704 3287 5745 vovere
3339 5675 3782 5761 'continentiaui;

2193 5746 2315 5817 quia
2337 5760 2494 5823 nemo
2516 5751 2617 5805 scit
2640 5766 2708 5815 an
2733 5751 2933 5812 habeat
2951 5754 3151 5815 donum
3169 5746 3515 5821 continentiae
3541 5746 3779 5835 (Bella:
