4016 6202
269 280 376 339 2⁵1⁸1

781 277 868 335 ne
903 274 1378 336 C(ENOBIORUM
1416 273 1667 331 tNSTtT.
1709 273 1839 332 ua.
1880 271 2056 332 VL-e
2081 273 2169 332 os
2209 271 2482 329 smmru
2522 246 3069 346 FORNtCATIONIS.

3420 239 3554 356 πω

271 405 533 448 somnum
588 399 850 445 nocturna
897 388 1070 447 delusi
1118 389 1364 453 fallacia,
1422 387 1563 443 vires
1616 386 1868 452 minuant
1885 391 1940 451 Α
1963 386 2162 456 peribit
2190 401 2378 448 coram
2420 387 2666 458 Domino.
2701 388 2970 456 Quantum
3016 391 3178 462 igitur
3227 399 3557 472 mpm“,

276 483 454 538 multo
509 492 756 552 tempore
816 481 1190 550 conquisitas,
1244 489 1271 517 ι
1321 479 1534 533 laminis
1592 479 1866 549 plumbeis

280 586 478 629 renum
530 581 818 643 contegant
853 573 994 641 loca,
1041 587 1154 640 quo
1204 571 1406 627 scilicet
1451 573 1656 628 metalli
1688 571 1868 640 rigore

283 663 615 733 genitalibus
653 661 902 717 membris
943 662 1241 732 applicito,
1286 662 1548 716 obscenos
1611 661 1867 716 humores

286 757 504 822 valeant
532 755 776 830 inhibere
810 772 822 806 :
855 755 1222 824 intelligentes
1257 768 1317 809 se
1347 753 1705 827 proculdubio
1743 768 1867 808 esse

159 1118 206 1198 ii

285 847 620 916 vincendos,
675 861 774 914 nec
818 847 931 918 jam
988 862 1151 918 posse
1203 848 1544 918 propositum
1593 854 1865 912 certamen

286 939 519 1009 demptis
563 939 767 1010 viribus
809 939 1144 1010 adimplere,
1193 941 1240 995 si
1273 939 1548 1008 provisam
1597 938 1868 1008 pudicitia:

283 1029 614 1088 soliditatem
660 1029 826 1096 fallax
875 1030 1052 1094 norim
1095 1031 1389 1100 voluptatis
1438 1029 1620 1099 imago
1676 1044 1864 1092 corru-

280 1122 439 1190 perit.

869 1215 1098 1273 CAPUT
1137 1215 1272 1272 VIII.

279 1302 363 1380 Qa
403 1305 789 1376 comparatione
823 1308 1424 1380 puriﬁcationiscorum
1460 1307 1550 1377 qui
1583 1306 1639 1362 in
1667 1316 1867 1372 terreno

637 1393 804 1448 agone
833 1387 1088 1434 certamen
1116 1379 1340 1436 habituri
1366 1388 1510 1440 sunt.

352 1489 538 1561 Itaque
578 1491 624 1545 si
668 1492 863 1562 agonis
889 1492 1180 1547 mundialis
1227 1491 1598 1548 intelleximus
1637 1492 1868 1564 discipli-

269 1600 427 1652 nam,
473 1586 634 1655 cujus
677 1586 930 1655 exemplo
977 1587 1170 1643 beatus
1215 1586 1509 1654 Apostolus
1552 1601 1648 1654 nos
1696 1586 1867 1650 voluit

267 1679 523 1746 erudire,
550 1678 762 1735 docens
786 1687 985 1749 quanta
1016 1679 1072 1732 in
1099 1679 1186 1733 illa
1213 1679 1286 1734 sit
1311 1678 1632 1745 observatio,
1665 1688 1863 1748 quanta

1971 486 2056 536 est
2084 494 2317 546 munus,
2351 479 2469 540 sine
2498 495 2602 550 qua
2643 482 2805 548 etiam
2836 482 2914 540 illi
2943 483 3035 553 qui
3065 495 3218 546 erant
3261 488 3362 549 sub
3387 492 3562 554 veteri

1971 579 2313 637 testamento,
2335 566 2618 630 sacriﬁciis
2639 575 2837 645 typicis
2859 591 2965 631 non
2989 586 3239 647 poterant
3261 578 3561 650 interesse;

1969 675 2023 722 et
2054 667 2145 736 qui
2173 666 2332 736 hujus
2368 667 2552 724 mundi
2582 671 2993 738 corruptibilem
3033 686 3292 732 coronam
3329 675 3553 744 cupiunt

1967 757 2212 828 adipisci,
2244 769 2515 829 nequeunt
2545 761 2800 817 coronari
2825 762 2840 816 ι

2571 874 2800 931 CAPUT
2838 875 2929 931 IX.

1972 967 2235 1034 Quantam
2265 981 2466 1037 semper
2505 969 2676 1021 cordis
2714 970 2989 1040 puritatem
3023 985 3213 1038 parare
3248 988 3424 1028 coram
3464 972 3566 1030 Dei

2504 1040 2668 1092 oculis
2715 1039 3014 1092 debeamus.

2041 1129 2232 1198 Itaque
2260 1129 2408 1194 omni
2447 1128 2693 1183 custodia
2723 1129 2904 1183 cordis
2952 1130 3125 1185 nostri
3167 1141 3293 1186 sunt
3330 1133 3561 1191 latebras

1968 1223 2219 1292 primitus
2247 1223 2549 1300 expiandae.
2584 1220 2735 1288 Quod
2769 1223 2911 1280 enim
2941 1224 3016 1286 illi
3049 1223 3103 1278 in
3135 1226 3381 1296 corporis
3410 1227 3561 1296 puri-

1970 1324 2076 1371 tate
2118 1315 2345 1383 cupiunt
2369 1314 2616 1382 assequi,
2653 1329 2752 1370 nos
2778 1315 3038 1370 debemus
3066 1303 3314 1376 etiamin
3339 1318 3555 1374 areanis

1969 1407 2317 1462 conscientiae
2363 1405 2644 1475 possidere
2687 1424 2698 1458 :
2746 1407 2800 1460 in
2841 1422 2944 1474 qua
2985 1407 3246 1463 Dominus
3291 1406 3318 1446 α
3349 1409 3559 1466 arbiter

1969 1510 2130 1570 atque
2153 1498 2482 1570 agonotheta
2515 1498 2778 1565 residens,
2807 1515 3046 1568 pugnam
3075 1515 3265 1556 cursus
3296 1509 3350 1554 et
3379 1511 3561 1555 certa-

1973 1592 2136 1646 minis
2168 1591 2340 1646 nostri
2367 1590 2568 1658 jugiter
2597 1600 2873 1660 exspectat
2907 1589 3182 1663 [spectat],
3228 1602 3285 1646 ut
3321 1608 3383 1647 ea
3431 1607 3557 1663 qua:

1968 1681 2021 1735 in
2080 1681 2371 1752 propatulo
2401 1681 2686 1736 horremus
2733 1682 3057 1745 admittere,
3109 1697 3179 1738 ne
3225 1682 3557 1741 intrinsecus

271 1772 593 1843 diligentia,
650 1779 854 1843 quanta
906 1770 1150 1827 custodia
1190 1789 1203 1823 :
1255 1770 1380 1842 quid
1427 1784 1524 1825 nos
1576 1772 1862 1828 conveniet
1893 1776 1940 1836 B
1967 1773 2187 1843 quidem
2231 1772 2544 1828 coalescere
2573 1773 2786 1827 incauta
2817 1773 3143 1846 Cogitatione
3174 1776 3472 1843 patiamur;
3500 1783 3558 1832 et

272 1862 500 1933 facere,
533 1879 637 1935 qua
668 1864 902 1940 puritate
930 1863 1198 1934 oportebit
1235 1863 1506 1932 custodire
1537 1866 1708 1938 nostri
1739 1880 1861 1922 cor-

269 1959 436 2026 poris
460 1967 626 2027 atque
663 1959 858 2012 animae
904 1960 1227 2024 castitatem,
1270 1954 1302 2006 ἓ
1342 1970 1480 2026 quos
1523 1971 1752 2012 necesse
1779 1967 1864 2012 est

263 2049 521 2121 quotidie
571 2048 933 2104 sacrosanctis
985 2048 1126 2117 Agni
1176 2049 1429 2104 carnibus
1481 2050 1668 2118 vesci,
1727 2065 1860 2120 quas

263 2143 550 2210 neminem
581 2140 918 2206 immundum
948 2141 1266 2212 contingere
1291 2143 1454 2195 etiam
1498 2143 1697 2197 veteris
1726 2142 1861 2215 legis

263 2245 542 2308 praecepta
573 2236 930 2305 permittunt!
958 2246 982 2274 α
1012 2235 1071 2290 In
1097 2235 1337 2291 Levitieo
1361 2250 1594 2306 namque
1621 2237 1693 2291 ita
1723 2252 1861 2306 prae—

262 2331 472 2400 cipitur
522 2346 538 2384 ι
585 2329 773 2385 Omnis
823 2329 1058 2384 mundus
1109 2329 1458 2386 manducabit
1505 2343 1717 2385 carnes.
1769 2329 1857 2397 Et,

266 2421 471 2480 Anima
498 2435 843 2491 quaecumque
881 2420 1182 2476 comederit
1207 2421 1276 2475 de
1319 2420 1572 2476 carnibus
1611 2420 1862 2475 sacrificii

263 2511 530 2565 salutaris
569 2511 707 2580 quod
738 2519 824 2568 est
853 2510 1099 2576 Domini,
1140 2511 1195 2566 in
1237 2525 1339 2580 qua
1369 2521 1450 2567 est
1499 2511 1860 2577 immunditia,

1971 1866 2024 1921 in
2056 1866 2250 1935 quibus
2290 1866 2525 1920 humana
2568 1866 2876 1934 cognitione
2905 1865 3325 1935 confundimur,
3359 1884 3428 1930 ne
3456 1883 3556 1924 oc-

1967 1960 2111 2014 culta
2135 1960 2355 2028 quidem
2373 1959 2717 2014 conniventia
2743 1960 3068 2028 polluamur.
3090 1961 3363 2028 Quaelicet
3382 1961 3556 2031 possit

1968 2049 2246 2106 hominum
2279 2051 2561 2121 praeterire
2591 2051 2866 2116 notitiam,
2899 2060 3210 2106 sanctorum
3245 2059 3428 2107 tamen
3456 2066 3554 2108 an-

1963 2145 2230 2215 gelorum,
2293 2144 2575 2214 ipsiusque
2638 2144 3026 2212 omnipotentis
3087 2145 3179 2198 Dei
3239 2145 3549 2213 scientiam,

1964 2251 2123 2304 quam
2147 2235 2294 2290 nulla
2320 2234 2973 2303 subterfugiuntsecreta,
2998 2235 3170 2288 latere
3196 2249 3304 2289 non
3329 2237 3550 2304 poterit.

2591 2325 2818 2381 CAPUT
2860 2326 2926 2380 Χ.
3644 2319 3646 2322 ’

2037 2419 2189 2488 Quod
2216 2420 2279 2474 sit
2310 2420 2563 2474 indicium
2603 2424 2846 2490 perfectae
2881 2428 2930 2473 et
2969 2419 3181 2490 integra:
3209 2420 3478 2490 puritatis.

2038 2522 2060 2550 ε
2091 2511 2256 2582 Cujus
2311 2513 2564 2581 puritatis
2610 2513 2716 2568 hoc
2759 2513 2864 2576 erit
2898 2513 3124 2568 evidens
3167 2512 3456 2582 indicium,
3485 2527 3553 2571 ac

1335 2623 1591 2681 ALARDI
1631 2626 1864 2681 GAZIEI
1903 2625 2469 2686 COMMENTARIUS.

331 2727 363 2756 ι
400 2717 480 2773 De
506 2717 672 2774 variis
711 2719 1032 2775 athletarum
1073 2719 1283 2787 legibus
1326 2728 1383 2775 et
1409 2721 1674 2786 moribus,
1706 2720 1854 2786 vide,

258 2789 305 2846 si
342 2788 517 2854 lubet,
551 2790 918 2846 Alexandrum
951 2793 1018 2846 ab
1046 2791 1373 2855 Alexandro,
1402 2800 1459 2846 et
1506 2792 1672 2844 multa
1717 2791 1857 2858 apud

257 2859 529 2928 Budmttm
564 2861 620 2914 in
651 2859 906 2916 Pandect.
938 2861 1016 2916 De
1044 2861 1246 2928 plumbi
1300 2877 1397 2916 usu
1442 2871 1494 2915 et
1523 2861 1758 2916 efﬁcacia
1790 2862 1860 2916 ad

257 2927 500 2986 Veneris
528 2932 756 2999 impetus
779 2931 834 2986 e't
856 2927 1412 2997 ﬂuxus’coliibendos,
1444 2931 1631 2986 auctor
1653 2931 1860 2987 Plinius

257 3000 504 3072 natural.
538 3001 673 3072 Hist.
705 3001 799 3056 lib.
833 3017 1020 3058 xxxrv.
1053 3003 1228 3072 capite
1253 3002 1467 3072 decimo
1495 3011 1690 3072 octavo
1718 3000 1856 3070 (Lib.

256 3084 313 3143 t_n
344 3070 567 3137 Genial.
616 3087 732 3143 cap.
781 3073 836 3136 9,
887 3079 937 3125 et
985 3073 1078 3143 lib.
1118 3070 1151 3126 ν
1179 3090 1296 3143 cap.
1331 3074 1396 3139 8;
1426 3071 1619 3134 Caelius
1665 3071 1859 3141 Rodio.

254 3139 414 3212 Lect.
447 3144 614 3211 antiq.
647 3142 736 3195 lib.
765 3158 832 3200 xv
861 3158 977 3210 cap.
1015 3141 1092 3212 6).

325 3212 358 3252 ι’
393 3211 518 3266 Non
551 3214 874 3270 necessitate
901 3215 1066 3267 credo
1095 3213 1362 3279 absoluta,
1387 3213 1485 3272 sed
1507 3216 1854 3282 congruenti,

256 3285 486 3340 ratione
529 3281 693 3337 ofﬁcii
718 3292 774 3337 et
802 3284 1125 3352 praelaturos.
1153 3285 1290 3338 Cum
1322 3286 1466 3342 enim
1506 3285 1557 3339 id
1593 3281 1852 3354 temporis

257 3355 524 3424 plerique
558 3355 840 3419 monachi,
877 3362 1104 3420 excepto
1121 3355 1339 3420 abbate,
1371 3366 1556 3411 essent
1585 3355 1728 3419 laici,
1763 3365 1855 3411 aut

257 3425 424 3495 pauci
455 3434 610 3480 certe
636 3438 704 3478 ex
735 3425 798 3478 iis
827 3425 1205 3480 ordinarentur
1241 3428 1574 3497 presbyteri,
1616 3436 1678 3480 ut
1719 3427 1855 3482 alias

256 3497 475 3553 dictum
505 3502 612 3558 est,
641 3505 1066 3550 cOnsentaneum
1112 3497 1212 3551 fuit
1245 3505 1304 3552 ut
1345 3501 1436 3565 qui
1463 3497 1586 3552 aliis
1625 3508 1855 3564 praeerat

258 3567 461 3630 abbas,
492 3565 734 3634 quotidie
758 3579 941 3620 coram
983 3565 1236 3620 fratribus
1270 3566 1558 3622 Missarum
1591 3567 1854 3622 solemnia

257 3633 601 3705 celebraret,
633 3643 692 3688 et
718 3633 819 3690 hoc
847 3636 1119 3704 praecipuo
1140 3637 1418 3705 religionis
1445 3637 1626 3692 ofﬁcio
1658 3639 1712 3692 in
1741 3653 1856 3692 mo-

260 3708 516 3766 nasterio
545 3703 863 3774 fungeretur
895 3723 910 3759 :
943 3721 1046 3773 qua
1075 3707 1140 3758 de
1167 3722 1226 3760 re
1250 3703 1420 3772 'plura
1463 3707 1589 3760 alibi
1628 3707 1854 3763 dicenda

259 3789 394 3842 sunt
428 3780 447 3847 (
478 3775 606 3829 Vide
635 3776 812 3832 collat.
837 3776 909 3832 25
937 3792 1062 3847 cap.
1090 3776 1220 3847 20).
1249 3775 1404 3830 Unde
1428 3777 1622 3847 colligo
1643 3785 1696 3831 et
1727 3780 1854 3834 Cas-

259 3845 483 3904 sianum
521 3847 898 3917 presbyterum
928 3845 1229 3916 exstitisse,
1281 3847 1422 3917 quod
1452 3859 1506 3901 et
1547 3846 1856 3902 Gennadius

261 3929 315 3976 et
336 3915 1060 3988 Trithemius'attestantur;
1081 3927 1134 3972 et
1156 3915 1554 3988 quotidianum,
1574 3927 1634 3971 ut
1651 3919 1851 3988 decuit,

263 3990 453 4052 Missa:
481 3987 806 4042 sacriﬁcium
833 3987 1160 4051 celebrasse,
1191 3987 1245 4040 in
1274 4002 1380 4054 quo
1409 3990 1594 4056 Agnus
1631 3989 1720 4043 ille
1751 3987 1853 4043 im;

262 4060 576 4118 maculatus
618 4056 862 4120 offertur,
916 4057 1244 4122 immolatur,
1279 4066 1336 4113 et
1376 4059 1624 4113 sumitur.
1659 4060 1856 4126 Quam.

262 4146 427 4200 quam
473 4129 780 4200 existiment
824 4128 998 4200 ipsum
1031 4143 1135 4183 non
1168 4129 1220 4182 in
1261 4143 1360 4184 sua
1391 4137 1594 4184 tantum
1628 4144 1852 4198 persona

265 4197 340 4256 ita
367 4202 634 4261 locutum,
669 4197 764 4253 sed
792 4199 1020 4252 aliorum
1062 4200 1223 4254 etiam
1256 4197 1637 4264 sacerdotum,
1661 4202 1854 4267 quibus

267 4287 333 4327 ex
377 4270 561 4327 ofﬁcio
596 4269 688 4326 vel
731 4278 859 4324 voto
903 4269 1238 4325 incumberet
1294 4271 1536 4340 quoridie
1561 4285 1853 4325 sacrosan-

267 4343 371 4396 etis
396 4341 544 4465 ᾂδειὶ
569 4340 806 4400 emissus
831 4340 1088 4395 carnibus
1119 4341 1288 4407 vesci,
1323 4341 1468 4412 quod
1508 4342 1644 4396 litin
1679 4343 1852 4396 Μίδεω

267 4426 408 4465 sacri
433 4426 559 4465 lClO.

266 4426 559 4467 εδετιιιοιο.

343 4479 621 4537 ειθνίιίεἰ
672 4495 767 4544 vn,
811 4481 1104 4538 secundum
1161 4480 1326 4536 LXX.
1383 4482 1852 4548 Quemadmodum

269 4553 398 4607 citat
421 4566 609 4608 rursus
651 4550 902 4607 eumdem
949 4553 1126 4606 locum
1154 4553 1338 4608 collat.
1367 4555 1459 4618 22,
1491 4568 1614 4618 cap.
1645 4551 1699 4606 5.
1735 4553 1857 4608 Vul-

270 4633 427 4690 gatus
478 4632 661 4678 textus
687 4622 932 4676 nonnihil
960 4623 1210 4678 diversus
1241 4639 1252 4675 :
1278 4623 1465 4677 Anima
1492 4624 1708 4690 polluta,
1743 4641 1858 4693 quin

270 4693 429 4746 ederit
450 4693 514 4747 de
539 4693 780 4762 carnibus
813 4693 995 4747 hostia:
1037 4693 1388 4762 paciﬁcorum,
1431 4709 1545 4758 qua:
1574 4693 1745 4746 oblata
1784 4705 1856 4748 est

269 4763 516 4834 Domino,
548 4761 732 4831 peribit
773 4765 836 4818 de
861 4761 1066 4832 populis
1100 4761 1204 4818 suis
1224 4805 1239 4831 ,
1284 4773 1390 4819 etc.
1424 4763 1526 4820 Ubi
1551 4765 1728 4818 anima
1758 4780 1856 4834 pro

270 4832 491 4888 homine
511 4834 794 4900 accipitur.

339 4901 365 4940 ά
387 4904 781 4976 Agonotbetes,
806 4905 922 4960 sive
943 4905 1290 4975 agenotlieta,
1321 4905 1514 4976 estqui
1538 4905 1718 4976 agoni.
1745 4907 1852 4963 hoc

269 4984 374 5040 est,
407 4974 691 5029 certamini
733 4984 963 5043 praeest,
990 4974 1079 5046 vel
1120 4977 1211 5045 qui
1251 4974 1593 5032 certantibus
1629 4980 1849 5046 praemia

268 5048 542 5114 proponit.
578 5045 732 5114 I’lunc
758 5049 973 5102 titulum
999 5045 1220 5106 Christo
1245 5048 1429 5102 tribuit
1451 5045 1701 5103 etiam’D.
1732 5049 1851 5104 Hic—
1877 5081 1880 5084 ι

269 5112 532 5187 ronymus
576 5112 717 5187 (Lib.
759 5131 854 5171 tc.
883 5115 959 5184 7),
995 5132 1160 5186 agens
1191 5117 1260 5172 de
1304 5119 1611 5184 virginitate
1659 5129 1847 5174 contra

268 5182 617 5256 Jovinianum
647 5204 658 5238 :
681 5182 958 5256 Proponit,
983 5182 1176 5256 inquit,
1198 5182 1534 5256 agonotbetes
1559 5193 1846 5254 prannium,

269 5254 444 5310 invitat
465 5259 535 5311 ad
554 5254 800 5320 cursum,
820 5266 955 5312 tenet
979 5258 1031 5310 in
1058 5254 1217 5312 manu
1235 5254 1553 5327 uirginitatis
1584 5259 1814 5313 bravium
1831 5300 1846 5326 ,

269 5328 486 5380 ostendit
537 5329 872 5399 purissimum
912 5330 1126 5398 fontem,
1171 5337 1220 5382 et
1265 5327 1672 5399 clamitatrQui
1710 5333 1845 5394 sitit,

267 5399 432 5469 ueniat
461 5409 509 5452 et
538 5397 700 5452 bibat.
735 5399 837 5465 Qui
877 5407 1037 5468 potest
1065 5415 1269 5469 capere,
1306 5399 1476 5468 capiat
1499 5397 1677 5469 (Mign.
1710 5407 1844 5465 xu).

268 5463 468 5523 Eodem
490 5463 1166 5538 respexitApos'tolusloco
1187 5463 1527 5540 prieall'ega'to
1545 5467 1696 5539 (Heb.
1724 5463 1846 5540 xu),

269 5550 492 5610 monens
518 5548 579 5593 ut
601 5541 921 5608 aspiciamus
942 5542 997 5594 in
1025 5553 1288 5594 auctorem
1308 5539 1430 5610 ﬁdei
1453 5550 1498 5591 et
1526 5539 1848 5596 consumma-

268 5616 424 5680 torem
443 5609 649 5673 Iesum,
667 5625 866 5680 nempe
888 5621 1160 5680 tamquam
1183 5611 1494 5665 certsuninis
1519 5616 1683 5662 nostri
1712 5626 1846 5677 prte-

269 5677 434 5734 sidem
470 5696 535 5736 ac
579 5677 1034 5764 prmmiaZtoremt'
1065 5683 1205 5736 sicut
1235 5682 1428 5764 solent.
1458 5689 1736 5734 currentes
1783 5699 1846 5738 ac

271 5759 542 5808 certantes
581 5749 636 5818 in
676 5752 855 5808 stadio
886 5753 1158 5820 respicere
1192 5753 1258 5807 ad
1287 5749 1600 5820 praefectum
1631 5761 1686 5804 et
1719 5767 1846 5822 ago-

1963 2721 2240 2794 notlietam
2270 2761 2284 2784 ,
2339 2721 2428 2788 qui
2460 2734 2698 2794 prmsens
2730 2730 2942 2794 spectat
2972 2760 2989 2786 ,
3037 2728 3092 2775 et
3117 2721 3328 2778 animos
3367 2722 3548 2794 addit,

1964 2793 2188 2857 praemio
2218 2794 2497 2857 proposito
2531 2808 2546 2842 :
2584 2792 2736 2857 cujus
2769 2791 2844 2845 rei
2879 2791 3093 2846 illustre
3118 2795 3423 2854 exemplum
3454 2791 3552 2851 hai-

1961 2860 2119 2914 betur
2140 2861 2190 2914 in
2217 2861 2332 2914 Vita
2352 2860 2410 2918 S.
2443 2861 2665 2914 Antonii
2690 2861 2759 2916 ab
2783 2861 3079 2914 Athanasio
3097 2863 3391 2930 descripta.
3414 2865 3548 2923 Cum

1963 2931 2106 2984 enim
2247 2931 2516 3005 Antonius
2541 2930 2634 2984 diu
2663 2947 2782 3005 cum
2809 2931 3162 3005 ‘dtemOnibus
3199 2935 3547 3005 colluctatus,

1965 3007 2022 3054 et
2047 3002 2282 3066 graviter
2309 3001 2376 3054 ab
2397 3001 2477 3056 eis
2498 3008 2719 3055 vexatus
2749 3001 2959 3064 fuisset,
2995 3004 3210 3057 tandem
3235 3007 3385 3059 radio
3411 3001 3548 3062 lucis

1968 3070 2262 3140 effulgente
2283 3082 2560 3126 recreatus
2586 3073 2931 3138 praesentiam
2956 3073 3166 3128 Domini
3191 3077 3472 3137 intellexit.
3497 3088 3553 3136 et

1966 3155 2030 3196 ex
2063 3142 2253 3196 intimo
2287 3154 2503 3205 peCtore
2535 3143 2692 3212 longa
2725 3144 2946 3200 trahens
2972 3145 3202 3209 suspiria
3223 3187 3236 3208 ,
3269 3147 3334 3198 ad
3381 3149 3550 3204 visio-

1961 3227 2106 3284 nem,
2129 3228 2256 3284 _qu:e
2279 3214 2325 3267 ei
2348 3227 2688 3282 apparuerat,
2710 3215 3026 3282 loquebatur
3050 3215 3270 3270 dicens:
3296 3215 3394 3270 Ubi
3412 3235 3546 3284 eras,

1960 3282 2088 3336 bone
2114 3281 2284 3357 Jesu?
2310 3284 2394 3337 ubi
2416 3281 2525 3340 eras
2541 3285 2764 3357 ?_Quaro
2786 3281 2890 3342 non
2912 3302 2943 3338 a
2965 3287 3219 3357 principio
3243 3287 3462 3354 aﬂ‘uisti,
3492 3281 3551 3344 ut
3622 3327 3627 3332 -

1959 3370 2172 3424 sanares
2203 3356 2413 3412 vulnera
2439 3355 2587 3409 mea?
2611 3355 2680 3408 Et
2710 3373 2807 3411 vos
2832 3362 2974 3424 facta
2999 3355 3159 3410 estad
3184 3374 3298 3411 eum
3325 3360 3504 3412 dicens
3527 3377 3548 3414 :

1958 3423 2174 3491 Antoni,
2223 3425 2308 3478 hic
2337 3442 2513 3491 erant;
2560 3427 2647 3480 sed
2685 3423 3050 3496 exspectabant
3093 3431 3263 3482 uidere
3292 3440 3547 3485 certamen

1958 3503 2102 3548 tuum
2133 3511 2151 3548 .'
2186 3513 2324 3550 nunc
2366 3507 2534 3550 autent
2563 3499 2686 3562 quia
2725 3498 3036 3551 decertando
3060 3500 3274 3552 viriliter
3302 3515 3404 3552 non
3434 3515 3550 3553 ces-

1958 3566 2109 3638 sisti,
2133 3582 2331 3636 smper
2359 3567 2653 3638 au.r.iliabor
2692 3567 2805 3621 tibi.
2836 3568 2904 3622 Et
2933 3582 3052 3635 qua:
3102 3568 3174 3621 ibi
3225 3580 3543 3638 sequuntur.

1960 3635 2158 3706 (Verba
2185 3635 2304 3690 sunt
2338 3637 2562 3705 Athan.)

2033 3716 2056 3743 ο
2090 3708 2236 3760 lianc
2265 3707 2566 3760 doctrinam
2610 3705 2854 3772 pluribus
2883 3707 2933 3760 in
2973 3707 3106 3760 locis
3137 3706 3378 3760 inculcat
3406 3708 3545 3764 Cas-

1957 3777 2142 3830 sianus
2166 3818 2179 3839 ,
2222 3785 2274 3828 ut
2321 3791 2439 3844 cap.
2470 3775 2542 3828 20
2585 3774 2749 3844 hujus,
2784 3775 2936 3838 libri,
2973 3776 3062 3828 ubi
3095 3777 3173 3827 sic
3220 3778 3492 3832 concludit
3527 3800 3542 3834 :

1958 3846 2140 3912 Itaque
2168 3847 2249 3898 hic
2279 3855 2350 3917 est
2388 3843 2697 3917 integritatis
2711 3843 2868 3917 ﬁnis,
2906 3860 2967 3917 ac
3010 3845 3540 3917 perfecta__probatio,

1956 3918 2000 3970 si
2029 3915 2401 3984 quiescentibus
2426 3915 2572 3968 nobis
2590 3912 2826 3989 titillatio
2851 3912 3126 3989 voluptatis
3158 3914 3302 3989 nulla
3320 3912 3546 3989 subi-ep;

1955 3982 2116 4048 serit,
2161 3997 2289 4050 etc.;
2334 3995 2388 4038 et
2425 4000 2544 4052 cap.
2585 3982 2658 4038 ‘22
2701 4002 2714 4038 :
2751 3982 3030 4055 [lucusque
3071 3986 3418 4052 festinandum
3463 3982 3545 4043 est

1957 4059 2122 4124 nobis,
2150 4069 2270 4112 eteo
2295 4072 2452 4123 usque
2481 4057 2724 4109 adversus
2753 4057 2911 4109 animi
2931 4067 3117 4124 motus,
3150 4061 3226 4110 vel
3256 4062 3426 4111 carnis
3458 4060 3546 4112 in-

1957 4129 2153 4182 centiva
2192 4128 2546 4198 pugnandum,
2584 4128 2744 4184 donec
2771 4128 2871 4184 ista
2900 4128 3068 4198 carnis
3094 4130 3319 4180 conditio
3364 4144 3544 4183 neces-

1957 4200 2158 4260 sitatem
2181 4197 2381 4252 natura:
2393 4199 2617 4266 expleat,
2645 4215 2744 4252 non
2759 4198 2968 4252 suscitet
2985 4197 3315 4265 voluptatem.
3335 4198 3544 4255 Rursus

1959 4271 2250 4338 collatione
2274 4271 2340 4323 i2
2366 4285 2485 4337 cap.
2517 4270 2569 4331 7,
2601 4269 2688 4324 ubi
2712 4269 2908 4338 gradus
2923 4270 3188 4324 castitatis
3210 4284 3539 4324 recensens:

1957 4337 2180 4405 Tertius,
2211 4341 2405 4408 inquit,
2437 4356 2499 4394 ne
2535 4337 2753 4410 femineo
2774 4342 2851 4393 vel
2871 4340 3047 4393 leviter
3071 4343 3138 4393 ad
3160 4340 3541 4408 concupiscen-

1958 4411 2080 4464 tiam
2108 4424 2370 4464 moreatur
2391 4424 2634 4480 aspectu;
2673 4421 2887 4480 quartus
2907 4451 2922 4474 ,
2955 4427 3018 4464 ne
3059 4413 3276 4480 vigilans
3311 4413 3388 4464 vel
3419 4413 3543 4464 sim-

1880 4515 1935 4577 Β
1960 4482 2143 4561 plicem
2172 4482 2342 4534 carnis
2369 4483 2590 4550 per/erat
2618 4496 2839 4545 metunt;
2868 4483 3095 4577 qpintus,
3125 4500 3185 4535 ne
3207 4497 3544 4577 cum.memo-'

1960 4553 2093 4603 riam
2133 4554 2472 4618 generationis
2516 4560 2786 4614 humanae,
2835 4552 2912 4604 vel
2941 4561 3187 4606 tractatus
3239 4553 3376 4604 ratio
3401 4591 3416 4617 ,
3459 4553 3542 4606 rel

1962 4624 2237 4677 necessitas
2284 4623 2517 4676 lectionis
2567 4624 2862 4692 ingesserit,
2907 4623 3269 4676 subtilissimus
3323 4631 3542 4675 mentem

1960 4693 2260 4759 voluptaria:
2279 4695 2500 4748 actionis
2526 4695 2836 4764 perstringat
2854 4709 3112 4764 assensus,
3136 4693 3226 4746 sed
3249 4693 3383 4746 velut
3407 4709 3538 4761 apus

1958 4764 2216 4832 quoddam
2245 4767 2491 4832 simplex,
2522 4763 2583 4817 ac
2609 4765 2950 4828 ministerium
2985 4763 3208 4817 humano
3235 4764 3406 4833 generi
3446 4778 3538 4816 ue-

1958 4836 2176 4889 cessarie
2211 4836 2584 4901 contributum,
2640 4836 2917 4902 tranquillo
2959 4850 3020 4887 ac
3048 4852 3178 4903 puro
3225 4835 3393 4887 cordis
3424 4848 3541 4887 cott-

1958 4909 2239 4977 templetur
2261 4907 2447 4958 intuitu
2465 4946 2487 4977 ,_
2513 4918 2645 4971 etc.;
2680 4916 2850 4977 sextus
2878 4908 3193 4959 castimonia:
3213 4903 3406 4977 gradus
3436 4911 3532 4977 est,

1958 4993 2021 5031 ne
2061 4973 2386 5030 illecebrosis
2433 4974 2876 5042 pltantusmatibus
2927 4977 3240 5043 feminarum
3289 4975 3365 5026 vel
3413 4973 3540 5025 dor-

1955 5049 2117 5099 miens
2139 5045 2415 5110 illudatur.
2443 5044 3034 5109 HactenusCassianus,
3064 5055 3172 5098 tum
3195 5060 3262 5098 ex
3285 5058 3402 5108 sna,
3423 5052 3537 5098 tum

1955 5131 2019 5167 ex
2044 5116 2271 5167 aliorum
2303 5112 2591 5165 sententia.
2626 5113 2824 5167 Verum
2851 5113 2933 5166 liis
2958 5123 3014 5167 et
3044 5113 3350 5181 Illljll~lllttdi
3374 5113 3536 5166 dictis

1953 5197 2278 5252 repugnare
2301 5183 2516 5252 videtur
2557 5184 2606 5252 in
2638 5183 2827 5252 primis
2875 5186 3137 5252 sententia
3173 5181 3418 5236 Ai'OSlOii
3453 5181 3538 5234 di-

1951 5251 2123 5309 centis
2155 5253 2222 5324 (Il
2244 5251 2442 5324 Corint.
2477 5251 2575 5320 xu)
2612 5268 2625 5304 :
2659 5251 2824 5324 Datus
2853 5261 2925 5306 est
2952 5251 3078 5324 milii
3101 5252 3338 5324 stimulus
3362 5253 3536 5306 carnis

1954 5341 2097 5388 meat,
2128 5320 2341 5393 (angelus
2364 5323 2590 5384 Satanie,
2619 5323 2704 5392 qui
2727 5337 2808 5373 me
2831 5323 3134 5386 colupltizet.
3158 5320 3381 5393 Propter
3397 5325 3534 5393 quod

1952 5407 2026 5450 ter
2055 5391 2329 5450 Dominum
2360 5394 2567 5461 rogari,
2595 5404 2647 5445 ut
2676 5394 2952 5444 discederet
2982 5408 3014 5441 ιι
3039 5407 3133 5454 me,
3167 5400 3273 5444 etc.
3309 5391 3375 5444 Et
3403 5392 3534 5449 alibi

1953 5485 2137 5522 rursus
2169 5465 2474 5534 Illljlh‘lllOlIi
2509 5476 2684 5518 motus
2712 5464 2891 5515 carnis
2912 5462 3124 5534 rationi
3146 5471 3530 5534 repugnantes,

1949 5550 2041 5593 aut
2074 5554 2192 5592 cani
2219 5531 2638 5605 prim'cnientcs,
2675 5532 3087 5605 lamentabiliter
3114 5531 3164 5583 in
3195 5548 3252 5605 se
3282 5531 3532 5605 deplorat

1951 5611 2035 5663 Itis
2065 5600 2241 5662 mnis
2269 5608 2446 5671 (Rom.
2477 5608 2570 5674 vn)
2602 5625 2612 5657 :
2655 5605 2812 5658 Video
2840 5603 2996 5655 aliam
3023 5603 3179 5669 legem
3211 5602 3260 5674 in
3291 5600 3532 5657 membris

1950 5682 2072 5733 meis
2111 5690 2475 5748 repugnantem
2503 5673 2601 5742 legi
2630 5678 2809 5748 mentis
2838 5690 2984 5748 nti-re,
3020 5683 3063 5748 et
3093 5673 3426 5748 captivantem
3449 5687 3534 5748 mg

1948 5757 2001 5806 in
2027 5751 2135 5818 lege.
2160 5741 2378 5818 peccati.
2415 5741 2614 5817 Infelix
2641 5766 2734 5819 ego
2762 5746 2948 5802 homo!
2971 5744 3086 5814 quis
3111 5741 3188 5797 me
3208 5741 3439 5798 liberabit
3463 5745 3531 5804 ds
