4016 6202
484 494 741 553 centibus
762 493 950 559 nobis,
980 500 1038 546 et
1067 492 1120 544 in
1151 503 1404 559 soporem
1441 487 1639 541 laxatis
1674 493 1955 549 occurrat,
1984 482 2071 538 vel

490 597 645 646 certe
669 586 1019 655 interpellans
1039 584 1219 639 nullos
1231 582 1683 651 concupiscentiae
1697 591 1875 635 motus
1895 578 2074 633 valeat

490 680 752 735 excitare.
784 685 811 715 α
835 676 986 731 Licet
1006 674 1149 729 enim
1175 673 1241 727 ad
1262 672 1706 742 plenampeccati
1732 686 1924 725 noxam
1952 670 2073 724 talis

490 771 789 828 commotio
816 769 1041 823 minime
1067 774 1378 836 reputetur;
1405 773 1587 819 tamen
1614 764 1843 819 necdum
1868 761 2076 832 perlec-

490 873 563 919 tte
584 862 786 918 mentis
814 859 1074 913 indicium
1117 864 1232 923 est,
1263 871 1363 911 nec
1383 856 1448 910 ad
1482 871 1675 924 purum
1714 855 1934 911 excocti
1958 854 2074 908 vitii

496 951 862 1007 manilestatio
886 991 901 1016 ,
934 963 1058 1003 cum
1088 963 1185 1017 per
1210 947 1429 1003 fallaces
1471 947 1735 1017 imagines
1765 946 2075 1016 hujusmodi

493 1052 751 1114 operatur
779 1041 985 1097 illusio.

1828 273 2106 333 JOANNIS
2139 268 2482 355 cassum.

482 404 643 478 plena
670 401 949 473 probatio,
982 400 1029 456 si
1070 399 1155 455 vel
1198 399 1343 453 nulla
1375 396 1552 466 imago
1577 394 1857 463 decipiens
1883 391 2066 463 quies-
2089 390 2146 451 Α

2784 383 3011 442 CAPUT
3048 382 3143 439 XI.

2441 566 2560 633 Quo
2585 565 2707 619 vitio
2730 566 2906 620 illusio
2935 573 3189 620 nocturna
3222 566 3483 635 procedat.

2254 765 2281 805 ι’
2308 766 2551 835 Qualitas
2582 765 2723 821 enim
2749 764 3161 835 cogitationum,
3189 780 3310 833 quae
3336 764 3758 821 distentionibus

2181 857 2287 914 diei
2319 857 2679 927 negligentius
2718 855 3052 923 custoditur,
3112 857 3373 923 probatur
3400 856 3579 925 quiete
3627 872 3764 912 noc-

2184 958 2360 1015 turna,
2393 955 2448 1003 et
2487 948 2692 1003 idcirco
2722 958 2743 986 ε
2774 962 2894 1001 cum
2935 946 3307 1001 intercesserit
3330 946 3506 1015 aliqua
3539 946 3665 1000 talis
3707 946 3767 1001 il-

2188 1040 2350 1106 lusio,
2380 1055 2489 1094 non
2519 1040 2672 1108 culpa
2705 1039 2881 1094 somni
2910 1038 3181 1094 credenda
3212 1048 3315 1107 est,
3358 1036 3455 1092 sed
3484 1038 3765 1107 negligen-

1567 1150 1823 1206 ALARDI
1862 1148 2089 1206 GAZ/El
2130 1148 2692 1207 COMMENTARIUS.

498 1254 911 1328 corporemortis
943 1253 1097 1328 hujus
1112 1251 1216 1328 ?_ld
1247 1259 1361 1328 est,
1390 1249 1463 1328 de
1495 1263 1722 1316 corpore
1744 1290 1785 1328 ,.
1822 1249 2079 1328 mortihet

499 1318 761 1397 peccandi
789 1318 1073 1397 ati‘ectibus
1099 1324 1353 1397 obnoxio.
1390 1322 1455 1374 Et
1487 1331 1665 1397 tamen
1700 1318 1818 1397 quis
1866 1318 2075 1397 dubitet

500 1389 706 1453 iantum
751 1396 1069 1463 Apostolum
1106 1393 1505 1463 perfectionem!
1537 1389 1788 1460 puritatis
1818 1398 1871 1443 et
1909 1389 2073 1463 casti-

502 1468 701 1522 moniae
729 1460 895 1518 fuisse
934 1465 1276 1519 assecutum?
1300 1461 1545 1517 Secundo
1579 1474 1880 1528 repugnare
1916 1460 2074 1513 ctiam

502 1538 754 1592 videntur
783 1535 1114 1604 gravissima:
1140 1535 1238 1589 SS.
1267 1535 1514 1604 Patrum,
1540 1530 1824 1604 Augustini
1853 1543 2078 1604 praeser-
2119 1551 2123 1555 υ

505 1610 604 1661 tim
628 1646 642 1671 ,
676 1599 1028 1658 auctoritates
1066 1620 1127 1679 ac
1159 1602 1487 1679 testimonia,
1512 1601 1706 1669 quibus
1749 1599 1946 1666 passim
1974 1613 2080 1679 .as-

503 1684 693 1733 serunt
730 1682 908 1727 motus
939 1675 1117 1728 carnis
1165 1676 1216 1727 in
1260 1674 1359 1726 hac
1388 1674 1492 1726 vita
1524 1686 1629 1724 non
1664 1684 1820 1737 posse
1866 1674 2081 1735 penitus

2184 1246 2448 1310 membra;
2484 1246 2598 1299 licet
2627 1246 2758 1299 veris
2793 1247 3131 1300 sectatoribus
3162 1247 3400 1316 puritatis
3437 1248 3506 1301 ad
3536 1248 3771 1303 obtinen-

2179 1318 2298 1370 dam
2327 1333 2437 1369 eam
2477 1317 2610 1369 nihil
2646 1316 2951 1388 prazjudicet
2981 1318 3077 1371 ista
3113 1320 3383 1371 commotio
3409 1359 3423 1383 ,
3470 1336 3618 1386 quam
3660 1319 3770 1375 hac

2178 1388 2308 1441 solet
2332 1388 2591 1440 interdum
2619 1388 2773 1439 etiam
2800 1404 2888 1456 per
2911 1404 3148 1456 soporem
3188 1393 3465 1442 necessitas
3497 1392 3732 1443 excitare
3755 1432 3770 1456 ,

2180 1458 2442 1512 sciendum
2499 1466 2667 1511 tamen
2717 1465 2828 1525 est,
2881 1458 3020 1523 quod
3058 1459 3133 1510 ita
3178 1459 3222 1511 si
3272 1472 3520 1512 commota
3570 1460 3771 1527 fuerint

2180 1529 2434 1594 membra,
2477 1528 2545 1580 ad
2591 1528 2810 1597 quietem
2851 1530 3112 1595 propriam
3154 1528 3469 1581 reducantur
3508 1531 3772 1584 castitatis

2182 1599 2419 1668 imperio,
2448 1609 2505 1652 ut
2533 1614 2634 1651 non
2675 1599 2825 1650 modo
2861 1614 2977 1650 cum
3007 1598 3150 1651 nullo
3178 1599 3413 1667 pruritu,
3452 1601 3542 1652 sed
3565 1617 3627 1653 ne
3658 1617 3772 1654 cum

2190 1670 2401 1722 minimo
2453 1669 2660 1735 quidem
2705 1668 2930 1721 libidinis
2986 1670 3341 1722 recordatione
3385 1670 3650 1724 sedentur.
3708 1671 3775 1725 Et

506 1728 915 1814 exstingui.Sic
938 1746 1082 1798 enim
1114 1743 1449 1813 Augustinus
1480 1742 1568 1793 lib.
1595 1728 2082 1814 coiitra‘Jtilianum
2116 1728 2164 1786 B
2193 1754 2379 1793 rursus
2410 1728 2475 1793 in'
2497 1741 2601 1791 line
2630 1739 2872 1814 ejusdem
2902 1738 3404 1814 collationis-(Cap.
3458 1740 3546 1806 16)
3586 1760 3599 1793 ;
3650 1740 3776 1794 Herc

507 1832 626 1885 cap.
656 1810 711 1867 δ’
737 1832 748 1866 :
780 1810 1282 1884 Concupiscentiam,
1316 1815 1507 1885 inquit,
1539 1812 1653 1879 quis
1674 1810 1898 1885 ambigat
1922 1824 2087 1885 posse

508 1881 693 1945 minui,
718 1902 817 1937 non
840 1881 986 1953 posse
1014 1885 1351 1953 consumi?et
1372 1884 1433 1936 Ι).
1461 1882 1754 1953 Gregorius
1779 1882 1829 1953 in
1856 1881 2084 1953 primum

511 1956 715 2025 Regum
742 1949 879 2023 (Lib.
914 1970 944 2005 v
970 1970 1084 2020 cap.
1116 1955 1204 2019 Η,
1230 1964 1277 2006 et
1301 1952 1391 2006 lib.
1422 1968 1474 2025 vt
1508 1950 1693 2025 Moral.
1728 1967 1773 2003 c.
1804 1949 1897 2025 27)
1925 1968 1936 2000 :
1971 1950 2088 2003 Non

510 2020 716 2097 quidem
747 2020 864 2097 tolli
888 2035 1050 2095 potest
1073 2026 1235 2097 carni,
1261 2025 1396 2093 quod
1422 2023 1504 2075 lex-
1532 2023 1711 2097 carnis
1725 2020 1959 2097 membra
1989 2037 2089 2097 non

512 2092 742 2161 moveat;
778 2096 865 2148 sed
890 2092 1064 2147 tamen
1092 2095 1206 2148 tolli
1254 2092 1418 2160 potest
1450 2093 1594 2144 carni
1632 2092 1873 2143 violentia
1905 2095 2089 2144 motio-

514 2169 626 2232 nis,
675 2178 726 2218 ut
756 2168 1077 2236 relinquatur
1099 2169 1145 2219 ei
1174 2177 1339 2218 motus
1358 2205 1374 2229 ,
1402 2166 1491 2217 sed
1525 2162 1882 2236 eidem-motui
1925 2162 2091 2215 onmis

516 2237 865 2291 delectationis
902 2232 1192 2289 obscenitas
1238 2240 1530 2304 auferatur,
1574 2243 1620 2284 et
1670 2232 1884 2304 simplex
1925 2242 2091 2304 motus

515 2308 606 2362 ille
634 2310 728 2369 sit,
776 2309 828 2360 in
858 2324 959 2376 quo
984 2309 1162 2375 aliqua
1197 2302 1421 2359 libidinis
1450 2302 1717 2376 turpitudo
1769 2317 1870 2376 non
1899 2303 1993 2376 sit.
2026 2302 2093 2355 Et

517 2389 639 2445 post
665 2397 675 2429 :
708 2377 835 2431 Cum
863 2373 1171 2429 abstinentes
1204 2392 1429 2445 quosque
1458 2374 1637 2445 divina
1672 2373 1841 2444 gratia
1866 2373 2094 2445 perfecte

517 2442 829 2513 remunerat,
860 2464 889 2497 a
911 2442 1266 2513 corporalibus
1290 2442 1463 2497 eorum
1496 2442 1711 2496 motibus
1735 2444 1958 2496 omnium
1982 2442 2094 2496 obs-

520 2520 798 2571 cenitatum
821 2518 1027 2567 aculeos
1054 2516 1226 2580 tollit;
1258 2517 1346 2568 sed
1374 2518 1443 2567 eis
1478 2515 1619 2581 ipsos
1641 2526 1808 2565 motus
1830 2514 2094 2566 naturales

520 2587 738 2653 deserit,
778 2599 829 2637 ut
876 2587 1062 2637 tentari
1105 2602 1302 2651 semper
1348 2586 1579 2654 possint,
1636 2584 1769 2636 vinci
1821 2600 2094 2653 numquam

520 2656 741 2727 possint,
766 2656 885 2707 dum
908 2656 1170 2727 idideserit
1195 2657 1329 2724 quod
1353 2658 1423 2707 eis
1446 2655 1598 2727 valde
1615 2654 1886 2727 displicet;
1914 2655 2001 2706 sed
2022 2655 2096 2706 sic

523 2724 752 2779 debilitat
780 2728 917 2795 quod
940 2726 1147 2792 deserit,
1179 2740 1232 2779 ut
1255 2726 1529 2794 praevalere
1554 2725 1829 2778 victoribus
1853 2740 1953 2775 non
1982 2739 2097 2795 pere

522 2799 709 2848 mittat.
758 2794 845 2852 Sic
874 2796 1187 2863 Gregorius.
1224 2798 1316 2850 His
1354 2795 1562 2850 accedit
1597 2795 1839 2848 deﬁnitio
1884 2794 2099 2847 concilii

522 2865 830 2937 Tridentini
888 2866 1053 2936 (Sess.
1098 2867 1174 2935 v),
1223 2884 1327 2937 qua
1357 2866 1554 2920 dicitur
1599 2881 1804 2919 manere
1847 2868 1999 2937 etiam
2046 2866 2099 2917 in

527 2936 795 3006 baptizatis
821 2936 1308 3006 concupiscentiam,
1339 2954 1549 3007 eamque
1568 2939 1635 2989 ad
1657 2952 1891 3005 agonem,
1920 2936 1969 2988 id
1994 2944 2097 3001 est,

526 3009 892 3075 certatnen,in
923 3008 1064 3060 nobis
1082 3010 1334 3072 relictam,
1366 3010 1439 3060 sic
1464 3018 1653 3069 tamen,
1676 3017 1730 3058 ut
1762 3023 1860 3059 non
1882 3022 2099 3058 consen-

527 3076 787 3143 tientibus,
806 3078 895 3130 sed
904 3093 994 3147 per
1009 3080 1227 3145 gratiam
1244 3079 1430 3130 Christi
1442 3076 1567 3131 Jesu
1581 3078 1791 3130 viriliter
1804 3092 2100 3145 repugnan-

530 3148 662 3198 tibus
686 3163 866 3200 nocere
891 3164 991 3199 non
1017 3151 1206 3210 valeat,
1224 3150 1511 3217 quinimmo
1537 3148 1603 3199 ad
1624 3163 1868 3199 coronam
1885 3148 2101 3198 multum

528 3218 714 3282 prosit.
756 3217 833 3271 De
862 3233 965 3286 qua
994 3217 1177 3271 itidem
1205 3220 1384 3271 carnis
1423 3228 1477 3271 et
1505 3218 1723 3284 spiritus
1751 3218 2101 3285 repugnantia

528 3286 639 3340 late
661 3295 714 3340 et
739 3302 804 3340 ex
825 3288 1075 3354 professo
1098 3289 1420 3356 agitAuctor
1441 3287 1732 3341 collatione
1751 3297 1962 3356 quarta,
1985 3303 2103 3354 quae

530 3357 594 3408 de
639 3358 1059 3425 concupiscentia
1091 3358 1259 3410 carnis
1306 3368 1352 3411 et
1394 3359 1611 3423 spiritus
1659 3356 1999 3420 insciibitur;
2050 3366 2106 3411 et

530 3427 819 3498 collatione
844 3427 933 3490 Ξῖ),
964 3429 1026 3480 de
1054 3444 1114 3481 eo
1144 3428 1283 3498 quod
1313 3430 1438 3480 dicit
1466 3428 1740 3495 Apostolus
1772 3443 1789 3479 :
1822 3426 1941 3479 Non
1970 3427 2105 3497 quod

530 3497 643 3569 volo
658 3498 861 3561 bonum,
891 3501 985 3552 hoc
1001 3499 1163 3568 facio,
1190 3508 1297 3552 etc.
1324 3498 1391 3553 Ut
1414 3499 1571 3569 igitur
1595 3499 1705 3549 haec
1728 3498 2104 3569 concilientur,

535 3567 645 3632 pie,
674 3568 847 3637 quoad
877 3567 1007 3637 ejus
1025 3569 1143 3622 ﬁeri
1172 3578 1373 3637 potest,
1408 3567 1758 3637 e'xponendus
1788 3578 1869 3621 est
1896 3567 2110 3622 Cassia-

530 3652 656 3698 nus,
682 3640 771 3708 qui
801 3640 985 3707 pietati
1016 3655 1136 3693 cum
1189 3640 1375 3706 primis
1421 3639 1690 3693 SllldUlS$e
1717 3640 2062 3707 cognoscitur
2090 3655 2105 3693 :

529 3710 770 3776 primum
801 3710 1017 3778 quidem
1043 3751 1058 3773 ,
1095 3720 1149 3763 ut
1183 3710 1233 3763 id
1262 3710 1393 3764 velit
1419 3710 1630 3774 dicere,
1685 3711 1980 3777 perlectum
2013 3708 2109 3761 bo-

532 3780 766 3845 minem,
821 3779 915 3833 Dei
964 3782 1132 3850 gratia
1185 3781 1238 3834 id
1271 3780 1535 3847 faciente,
1582 3781 1649 3833 ad
1677 3796 1799 3832 eum
1848 3780 2109 3835 castitatis

534 3850 756 3921 gradum
788 3866 951 3920 posse
980 3852 1306 3920 pertingere,
1336 3852 1389 3904 in
1420 3868 1529 3921 quo
1549 3852 1874 3905 conStitutus
1901 3864 2109 3903 concu-

534 3919 815 3985 piscentiae
846 3922 1092 3975 stimulos
1142 3919 1230 3974 vix
1277 3937 1339 3975 ac
1371 3919 1448 3975 ne
1484 3923 1570 3975 vix
1617 3921 1832 3989 quidem
1881 3922 2107 3985 sentiat,

535 3992 761 4055 perinde
784 4006 845 4042 ac.
869 3994 910 4042 si
936 3992 1051 4057 ejus
1075 3991 1342 4044 incentiva
1366 3992 1587 4044 omnino
1614 4001 1789 4047 essent
1813 3993 2105 4056 exstincta;

535 4058 680 4126 quod
704 4059 1212 4129 abbas‘Chatremon
1235 4062 1499 4127 signiﬁcat
1524 4058 1832 4129 (Collat.g12
1854 4076 1967 4128 cap.
1996 4061 2109 4129 12),

537 4142 658 4180 cum
688 4130 761 4182 ait
792 4146 803 4179 :
837 4127 1028 4197 Magna
1059 4145 1117 4180 ac
1146 4128 1364 4193 miri/ica
1392 4127 1538 4188 sunt,
1562 4143 1653 4179 nec
1676 4127 1769 4178 ulli
1810 4127 2106 4197 hominum,

539 4200 642 4250 nisi
667 4198 746 4251 his
778 4196 976 4250 tantum
1004 4200 1093 4266 qui
1120 4198 1318 4264 experti
1344 4208 1484 4261 sunt,
1514 4206 1637 4250 nota
1660 4237 1673 4260 ,
1715 4214 1825 4265 quw
1860 4196 2111 4255 Dominus

540 4268 779 4335 ﬁdelibus
803 4270 906 4338 suis
930 4267 1097 4338 adhuc
1124 4268 1177 4318 in
1191 4268 1297 4338 isto
1324 4267 1897 4338 corruptionisivasculo
1922 4271 2112 4323 consti-

540 4339 698 4409 tutis,
732 4336 979 4409 ineffabili
1021 4335 1599 4409 liberalitateilargitur.
1650 4337 1725 4391 De
1768 4339 1945 4408 quibus
1977 4338 2109 4393 Pro-

539 4405 916 4479 pheta’(Psal.
968 4405 1229 4479 cxxxvnt)
1265 4425 1277 4459 :
1328 4405 1469 4461 Mira
1492 4425 1650 4477 opera
1693 4405 1803 4462 tua.
1848 4411 1912 4464 Et
1954 4416 2111 4479 paulo

2192 1818 2274 1880 est
2307 1810 2677 1880 consummatio
2708 1810 2959 1880 castitatis
2982 1851 2994 1872 ,
3041 1821 3098 1861 ut
3126 1808 3421 1880 vigilantem
3464 1814 3776 1863 monachum

2192 1879 2462 1932 oblectatio
2509 1879 2742 1951 libidinis
2785 1879 2931 1933 nulla
2976 1879 3326 1951 perstringat,
3356 1890 3403 1933 et
3434 1882 3777 1950 quiescentem

2191 1952 2507 2002 somniorum
2540 1966 2642 2001 non
2667 1949 2819 2019 fallat
2847 1949 3023 2002 illusio
3055 1967 3073 2003 :
3102 1952 3189 2004 sed
3208 1949 3327 2003 cum
3357 1949 3635 2004 dormienti
3660 1960 3777 2004 tan-

2193 2028 2302 2072 tunt
2322 2036 2409 2086 per
2435 2022 2611 2090 sopita:
2629 2022 2813 2072 mentis
2834 2021 3088 2073 incuriam
3127 2024 3395 2074 commotio
3419 2023 3587 2075 carnis
3630 2024 3780 2076 obre—

2156 2096 2159 2097 ⁷
2194 2092 2373 2156 pserit,
2418 2092 2853 2159 quemadmodum
2883 2093 2994 2144 sine
3039 2092 3151 2145 ulla
3179 2092 3475 2145 titillatione
3499 2094 3779 2161 voluptatis

2192 2162 2413 2213 excitata
2458 2170 2554 2223 est,
2581 2163 2655 2214 ita
2693 2162 2845 2214 etiam
2873 2164 2982 2214 sine
3004 2163 3114 2232 ullo
3158 2163 3360 2231 pruritu
3390 2165 3619 2232 corporis
3656 2180 3778 2217 con-

2194 2233 2445 2298 quiescat.
2482 2232 2769 2299 Hucusque
2808 2232 2974 2285 abbas
3003 2231 3323 2289 Cbzeremon
3347 2272 3361 2298 ,
3397 2233 3487 2286 vel
3538 2235 3636 2287 sub
3667 2236 3781 2300 ejus

2196 2316 2425 2370 persona
2472 2302 2777 2356 Cassianus.
2829 2302 3086 2371 Agnoscit
3134 2302 3298 2369 igitur
3346 2306 3507 2356 etiam
3538 2304 3590 2356 iu
3645 2306 3775 2358 viris

2199 2371 2473 2439 perlectis,
2510 2372 2622 2426 sive
2653 2371 3022 2439 vigilantibus,
3053 2374 3172 2427 sive
3200 2373 3622 2437 dormientibus,
3661 2391 3778 2427 mo.

2198 2452 2311 2515 tum
2339 2442 2519 2515 carnis
2554 2453 2607 2497 et
2638 2443 2999 2515 membrorum
3020 2486 3034 2508 ,
3063 2444 3156 2498 sed
3190 2452 3415 2497 exutum
3451 2455 3503 2497 et
3550 2459 3781 2515 vacuum

2197 2512 2591 2581 oblectatione,
2627 2514 2925 2581 voluptate,
2963 2528 3251 2567 consensu.

2272 2591 2297 2619 ιι
2330 2582 2718 2651 Paraphrastes
2752 2600 2764 2635 :
2801 2582 3051 2646 Quamvis
3088 2583 3210 2637 talis
3238 2584 3511 2636 commotio
3544 2584 3783 2651 (genitae

2200 2652 2332 2706 lium
2374 2655 2576 2707 scilicet
2610 2652 2665 2706 in
2709 2655 2932 2719 somnis)
2967 2670 3069 2724 non
3102 2663 3365 2724 reputetur
3396 2655 3543 2720 plene
3571 2655 3623 2706 in
3673 2656 3786 2707 cul-

2199 2740 2341 2793 pam,
2370 2732 2481 2776 etc.
2509 2724 2694 2791 Agitur
2716 2726 2855 2777 enim
2881 2723 2965 2777 ltic
2986 2723 3054 2777 de
3078 2723 3380 2792 hujusmodi
3403 2725 3661 2789 uir-tibus,
3689 2740 3785 2779 seu

2202 2795 2553 2858 motionibus,
2577 2809 2699 2862 qum
2730 2794 3137 2859 quiescentibus
3158 2839 3171 2861 ,
3220 2794 3271 2847 id
3305 2807 3419 2858 est,
3465 2794 3786 2849 dormienti-

2202 2863 2322 2934 bus,
2353 2873 2407 2917 et
2436 2864 2487 2916 in
2522 2878 2771 2931 soporem
2798 2866 2989 2918 laxatis
3020 2880 3083 2917 ex
3106 2866 3339 2934 quodam
3368 2864 3638 2918 insomnio
3659 2907 3674 2929 ,
3704 2866 3784 2919 vel

2203 2933 2488 2998 illusione,
2520 2934 2820 3003 contingit,
2877 2943 2935 2986 ut
2965 2943 3108 3002 patet
3139 2943 3249 2987 tum
3290 2951 3352 2989 ex
3378 2936 3552 2987 verbis
3583 2950 3789 3001 prazce-

2205 3004 2456 3058 deutibus
2490 3046 2504 3069 ,
2550 3015 2659 3058 tum
2710 3021 2773 3057 ex
2804 3018 2922 3072 cap.
2964 3007 3230 3072 sequenti.
3284 3004 3375 3059 Sic
3420 3005 3579 3058 etiam
3612 3006 3783 3061 abbas

2126 3097 2171 3158 ρ
2204 3072 2526 3158 Chaeremon
2554 3076 2802 3158 superius
2831 3076 3027 3158 citatus
3053 3073 3311 3158 (collum
3333 3092 3446 3158 cap.
3474 3074 3561 3145 Η)
3594 3091 3610 3128 :
3643 3075 3789 3158 Licet

2205 3146 2337 3197 veris
2368 3146 2703 3198 sectatoribus
2751 3146 2998 3212 puritatis
3038 3146 3106 3197 ad
3143 3146 3468 3198 obtinendam
3499 3162 3614 3198 eam
3654 3146 3789 3200 nihil

2208 3217 2510 3283 praiudicet
2544 3216 2647 3269 ista
2692 3216 2968 3268 commotio
2989 3256 3003 3280 ,
3042 3231 3194 3283 quam
3223 3216 3329 3269 lucc
3361 3217 3490 3269 solet
3526 3219 3788 3270 interdum

2207 3286 2363 3337 etiam
2388 3302 2482 3353 per
2504 3302 2737 3352 soporem
2765 3287 3043 3339 necessitas
3074 3288 3317 3339 excitare.
3355 3287 3418 3339 Et
3441 3287 3693 3340 similiter
3723 3288 3787 3341 de

2208 3355 2457 3409 illusione
2481 3365 2738 3409 nocturna
2771 3353 2924 3426 (Cap.
2958 3358 3010 3420 7,
3036 3356 3191 3424 ibid.)
3225 3376 3235 3409 :
3275 3356 3418 3409 Licet
3444 3356 3582 3408 hanc
3605 3357 3789 3425 ludifi-

2209 3426 2459 3478 cationem
2482 3437 2688 3491 peccato
2713 3443 2821 3479 esse
2843 3428 3120 3479 obnoxiam
3142 3444 3245 3480 non
3276 3428 3570 3490 credamus,
3600 3443 3789 3479 concu-

2210 3497 2473 3562 piscentitz
2501 3505 2671 3549 tamen
2702 3497 2878 3550 adhuc
2908 3497 3213 3551 medullitus
3254 3498 3508 3550 latitantis
3539 3498 3791 3551 indicium

2211 3578 2304 3617 est.
2341 3566 2509 3621 Porro
2535 3570 2827 3621 commotio
2859 3568 2972 3621 sive
3020 3568 3252 3621 titillatio
3276 3571 3451 3622 Carnis
3485 3568 3791 3621 involunta-

2211 3636 2285 3689 ria
2310 3678 2325 3701 ,
2375 3637 2489 3690 sive
2512 3639 2563 3690 in
2592 3637 2819 3704 somnis,
2851 3639 2965 3691 sive
3002 3638 3052 3691 iu
3080 3639 3258 3706 vigilia
3304 3640 3612 3707 contingat,
3667 3653 3788 3692 cum

2213 3721 2358 3760 mere
2389 3710 2645 3762 naturalis
2674 3709 2764 3774 sit,
2789 3718 2843 3763 et
2873 3724 2938 3763 ex
2968 3708 3211 3775 corporis
3255 3709 3567 3763 habitudine
3593 3723 3654 3762 ac
3687 3708 3794 3764 dis-

2214 3777 2504 3845 positione,
2534 3795 2628 3833 seu
2660 3794 2727 3833 ex
2773 3780 2879 3834 cibi
2912 3791 3132 3847 potusve
3160 3781 3442 3846 qualitate,
3469 3789 3560 3833 aut
3587 3787 3794 3833 natura:

2214 3861 2535 3903 necessuate
2584 3851 2902 3918 proveniat,
2934 3866 3035 3903 non
3082 3849 3241 3902 modo
3272 3851 3476 3918 peccati
3526 3850 3792 3904 rationem

2213 3932 2318 3970 non
2351 3919 2539 3985 habet,
2567 3920 2658 3974 sed
2686 3930 2739 3974 et
2768 3920 2942 3974 meriti
2971 3920 3305 3973 occasionem
3339 3919 3545 3987 prmbet
3567 3960 3581 3983 ,
3628 3920 3672 3973 si
3699 3934 3796 3973 vo-

2214 3987 2391 4059 luntas
2414 3991 2463 4043 ei
2491 3998 2780 4059 repugnet,
2812 4000 2865 4044 et
2897 3990 3046 4043 nullo
3077 3990 3235 4043 modo
3279 3991 3605 4043 consentiat.
3660 3990 3796 4045 Hinc

2215 4057 2281 4111 Ι).
2310 4057 2649 4128 Augustinus
2682 4060 2777 4112 lib.
2811 4076 2828 4113 ι
2857 4059 2923 4112 de
2972 4060 3129 4112 Civit.
3165 4074 3285 4128 cap.
3318 4060 3389 4113 25
3433 4078 3445 4112 :
3479 4059 3562 4124 Si,
3598 4062 3793 4127 inquit,

2213 4128 2308 4201 illa
2334 4132 2816 4201 concupiscentialis
2838 4129 3202 4194 inobedientia,
3227 4146 3346 4201 qua:
3371 4129 3546 4183 adhuc
3566 4132 3616 4183 in
3642 4147 3798 4184 mem-

2215 4198 2316 4252 bris
2348 4200 2665 4253 moribundis
2693 4200 2917 4262 habitat,
2964 4210 3149 4267 pi'a’ter
3174 4198 3365 4255 nostra:
3408 4202 3695 4254 voluntatis
3726 4201 3799 4255 le-

2215 4285 2361 4337 gem,
2411 4272 2555 4338 quasi
2598 4271 2706 4339 lege
2740 4286 2839 4322 sua
2875 4281 3133 4337 movetur,
3172 4281 3364 4338 quanto
3414 4274 3580 4340 magis
3610 4273 3801 4340 absque

2215 4341 2371 4412 culpa
2394 4349 2465 4392 est
2490 4342 2543 4391 in
2565 4355 2775 4412 corpore
2797 4356 2913 4412 non
2930 4343 3321 4412 consentientis,
3354 4344 3400 4395 si
3423 4343 3614 4412 absque
3634 4342 3793 4412 culpa

2214 4420 2289 4461 est
2319 4411 2369 4481 in
2394 4425 2610 4481 corpore
2624 4409 2979 4481 dormientis!
3008 4411 3080 4463 Ita
3115 4413 3456 4481 Augustinus.
3486 4409 3670 4465 Potest
3696 4409 3797 4466 avu-

540 4472 666 4551 post
692 4496 705 4531 :
733 4472 866 4551 Quis
876 4479 1013 4551 enim
1039 4494 1137 4530 non
1162 4472 1481 4549 Obstupescat
1510 4472 1665 4549 opera
1684 4479 1801 4545 Dei,
1827 4472 2109 4534 cum-illum
2137 4472 2191 4531 D
2218 4491 2321 4551 tem
2355 4472 2657 4547 hujusmodi
2690 4479 2869 4533 carnis
2899 4472 3227 4545 commotio:
3253 4498 3348 4535 seu
3375 4486 3591 4551 prurigo
3619 4524 3631 4544 ,
3676 4497 3799 4538 esse

540 4549 712 4618 ignem
741 4548 997 4619 libidinis,
1039 4565 1187 4619 quem
1217 4548 1506 4603 naturalem
1531 4548 1686 4604 antea
1719 4560 1763 4604 et
1804 4552 1937 4604 velut
1967 4553 2109 4605 inea--

542 4618 887 4691 stinguibilem
915 4636 1022 4691 esse
1044 4618 1305 4691 credebat,
1338 4622 1408 4673 ita
1443 4621 1741 4691 refriguisse
1773 4623 2072 4689 persenserit
2092 4661 2110 4685 ,

543 4699 599 4761 ut
623 4705 693 4761 ne,
708 4690 928 4761 simplici
947 4690 1155 4759 quidem
1176 4692 1403 4761 corporis
1428 4690 1641 4745 motu’se
1669 4692 1851 4761 sentiat
1868 4692 2114 4747 incitari?

544 4759 636 4815 Sic
663 4760 774 4815 ille.
813 4763 875 4813 Et
904 4761 1116 4829 quidem
1149 4759 1415 4831 aliquibus
1445 4763 1545 4815 hoc
1567 4761 1763 4815 donum
1789 4760 1955 4816 fuisse
1985 4779 2111 4817 con-

543 4845 755 4885 cessum
796 4846 954 4884 nemo
984 4830 1229 4895 dubitat,
1268 4833 1359 4901 qui
1402 4834 1482 4885 vel
1526 4833 1759 4887 tenuiter
1803 4841 2111 4887 sanctorum

542 4916 633 4956 res
683 4910 864 4970 gestas
908 4901 1147 4969 attigerit
1201 4902 1546 4969 :cujusmodi
1592 4903 1793 4956 donum
1847 4902 2007 4956 etiam
2057 4902 2110 4957 in

544 4972 755 5044 Sereno
784 4973 978 5044 abbate
1008 4972 1581 5044 praedicattlassianus
1612 4971 1829 5044 (Collat.
1858 4973 1889 5026 7
1916 4990 1963 5027 c.
1995 4976 2029 5026 9.
2064 4982 2112 5028 et

544 5042 667 5098 coll.
700 5042 766 5096 12
790 5058 838 5095 c.
869 5043 945 5111 7),
977 5051 1031 5096 et
1053 5056 1149 5113 no_s
1174 5041 1371 5097 ibidem
1401 5043 1505 5098 alia
1534 5041 1779 5113 exempla
1804 5045 2115 5100 subnotavi-

542 5129 685 5169 mus.
720 5112 918 5169 Deinde
950 5113 1075 5167 licet
1095 5111 1383 5168 Cassianus
1424 5115 1669 5170 videatur
1695 5111 1831 5171 velle
1853 5115 2115 5184 abrogare

544 5198 762 5239 omnem
809 5185 1105 5238 motionem
1136 5186 1337 5250 carnis,
1387 5186 1549 5240 etiam
1600 5186 1651 5240 in
1681 5186 2111 5249 dormientibus;

544 5256 895 5310 nihilominus
924 5256 1154 5320 ipsemet
1186 5255 1323 5309 haud
1356 5255 1588 5311 obscure
1614 5256 1880 5325 signiﬁcat
1908 5255 1962 5309 in
1992 5270 2115 5324 per-

544 5326 698 5379 fectis
725 5328 886 5380 etiam
916 5325 1047 5379 viris
1077 5340 1357 5380 remanere
1402 5340 1618 5380 sensum
1664 5326 1897 5393 aliquem
1930 5326 2115 5393 hujus-

543 5397 689 5464 modi
722 5397 1037 5457 motionum,
1068 5410 1223 5464 quem
1267 5413 1370 5449 non
1404 5406 1555 5464 putat
1595 5396 1661 5448 de
1688 5395 1949 5448 castitatis
1988 5411 2113 5462 per-

544 5463 781 5519 fectione
801 5463 1417 5535 quidquam’dett-ahere.
1443 5466 1533 5520 Sic
1557 5467 1697 5519 enim
1722 5464 1860 5516 aitin
1887 5468 2113 5532 ipsamet

544 5536 835 5591 collatione
866 5538 919 5590 in
948 5534 1049 5605 qua
1091 5536 1228 5605 adeo
1254 5549 1477 5605 severus
1520 5544 1603 5590 est
1638 5534 1895 5588 adversus
1934 5538 2113 5605 carnis

544 5606 790 5676 stimulos
835 5604 1048 5676 (Collat.
1082 5604 1149 5676 12
1180 5621 1295 5675 cap.
1339 5604 1426 5676 ll)
1473 5624 1485 5660 :
1520 5607 1671 5672 Quod
1700 5615 1867 5657 autem
1905 5621 1993 5675 per
2019 5604 2115 5658 hoc

545 5673 887 5725 inevitabilem
908 5673 1296 5727 commotionem
1312 5673 1482 5729 carnis
1510 5678 1757 5741 asseritis,
1782 5673 1915 5742 quod
1936 5675 2109 5741 urina,

549 5755 662 5791 cum
694 5743 910 5795 vesicam
938 5745 1053 5817 jugi
1084 5743 1363 5811 titillatione
1385 5748 1685 5823 repleverit,
1719 5749 1889 5819 quieta
1907 5746 2113 5815 suscitet

2219 4550 2518 4603 voluntaria
2549 4590 2564 4613 ,
2610 4551 2691 4604 vel
2725 4550 2774 4604 in
2806 4565 2886 4615 se,
2920 4552 3001 4605 vel
3034 4551 3087 4605 in
3118 4568 3211 4605 sua
3242 4566 3403 4606 cau~a
3430 4594 3445 4616 ,
3480 4550 3539 4607 et
3567 4562 3800 4607 eatenus

2220 4621 2421 4686 peccati
2446 4620 2719 4691 irationem
2754 4621 2938 4686 habet,
2969 4631 3231 4691 quatenus
3253 4632 3447 4677 contra
3482 4623 3569 4676 vel
3603 4632 3800 4691 praeter

2219 4690 2391 4759 legem
2444 4690 2740 4745 honestatis
2786 4690 2995 4746 directe
3025 4693 3111 4746 vel
3145 4694 3411 4747 indirecte
3451 4695 3796 4757 voluntaria;

2218 4774 2450 4834 cumque
2489 4762 2807 4834 plerumque
2828 4766 2897 4815 sit
2925 4764 3167 4829 quaedam
3193 4765 3464 4817 inchoatio
3485 4778 3577 4818 seu
3607 4765 3796 4834 dispo-

2217 4831 2342 4885 sitio
2388 4831 2453 4886 ad
2488 4833 2871 4901 pollutionem,
2904 4834 3027 4887 inde
3058 4835 3378 4888 sumendum
3421 4836 3489 4888 de
3544 4848 3603 4887 ea
3661 4831 3797 4887 iridi-

2216 4902 2360 4955 cium
2401 4920 2412 4953 :
2448 4903 2674 4970 proinde
2725 4904 3057 4958 consulenda
3100 4921 3215 4974 qua:
3236 4904 3305 4959 de
3353 4905 3653 4973 pollutione
3712 4905 3801 4957 di-

2216 4982 2407 5025 centur
2434 4974 2489 5025 in
2512 4974 2925 5028 Collationibus.

2288 5042 2314 5079 δ
2341 5043 2658 5115 Di0uysiana
2695 5046 3038 5113 paraphrasis
3078 5063 3090 5096 :
3134 5044 3412 5099 Nocturna
3444 5046 3614 5115 quiete
3656 5062 3808 5098 mon-

2217 5118 2415 5187 stratur
2463 5113 2706 5181 qualibus
2755 5116 3179 5187 distractionibus
3223 5113 3591 5187 cogitationum
3629 5117 3803 5185 negli-

2217 5184 2419 5255 gentius
2467 5200 2742 5254 evagemur
2777 5187 2833 5238 in
2874 5187 2975 5239 die.
3029 5184 3196 5238 Porro
3235 5184 3303 5239 de
3340 5184 3709 5239 illusiouibus’
3752 5193 3808 5239 et

2220 5254 2615 5322 pollutionibus
2668 5256 2967 5318 nocturnis,
3018 5269 3315 5322 earumque
3366 5256 3575 5322 causis,
3624 5258 3807 5324 agitur

2219 5325 2428 5391 plenius
2458 5325 2645 5378 collat.
2678 5326 2749 5377 εὶ
2779 5340 2897 5393 cap.
2931 5327 2962 5379 5
2988 5334 3043 5378 et
3070 5334 3319 5392 sequeut.

2293 5405 2314 5431 ο
2359 5395 2673 5464 Hujusmodi
2726 5402 3014 5448 nocturnas
3044 5395 3328 5449 illusiones
3369 5403 3425 5449 et
3464 5396 3807 5448 somniorum

2218 5463 2447 5517 ludibria
2481 5482 2547 5519 ex
2582 5475 2840 5519 anteactae
2871 5469 2993 5517 vita:
3039 5468 3246 5518 actibus
3286 5476 3342 5520 et
3382 5467 3809 5533 cogitationibus

2218 5536 2318 5588 sibi
2347 5537 2580 5600 residua,
2605 5548 2661 5589 et
2687 5534 2916 5587 subinde
2939 5537 3303 5600 occurrentia,
3333 5551 3451 5589 cum
3477 5538 3682 5603 gemitu
3709 5536 3810 5589 tle-

2217 5605 2415 5672 plorat,
2448 5606 2594 5659 etab
2624 5606 2686 5658 iis
2720 5604 2935 5673 liberari
2966 5608 3169 5672 expetit
3210 5607 3271 5658 D.
3299 5608 3628 5673 Augustinus
3657 5609 3706 5657 in
3738 5607 3809 5659 li-

2216 5675 2329 5729 bris
2353 5676 2765 5730 Conlessionuni
2801 5672 2940 5741 (Lib.
2990 5690 3021 5727 ι
3057 5692 3173 5742 cap.
3204 5676 3293 5744 50)
3320 5694 3330 5726 :
3365 5677 3565 5737 Adhuc,
3594 5676 3775 5744 inquit
3796 5718 3810 5738 ,

2216 5747 2383 5814 uit-unt
2407 5748 2457 5800 in
2482 5745 2725 5808 memoria
2749 5759 2859 5803 mea
2882 5744 3064 5809 talium
3092 5761 3263 5807 rerum
3288 5746 3553 5817 imagines,
3580 5761 3713 5813 quas
3735 5749 3810 5813 ibi
