4016 6202
188 264 284 321 281

670 260 759 317 DE
798 259 1276 319 C(ENOBIORUM
1316 247 1566 317 lNSTl’l‘.
1608 260 1736 320 LIB.
1780 263 1862 320 Vl.
1895 294 1964 306 —
1995 265 2086 320 DE
2126 263 2396 320 SPIRITU
2437 263 2978 323 FORNIGATIONIS.

3366 277 3472 334 282

190 379 261 433 tia
316 382 593 448 temporis
641 377 995 448 praecedentis
1029 418 1044 442 ,
1090 385 1146 431 et
1196 376 1560 432 manifestatio
1605 377 1778 432 morbi
1805 370 2244 448 Acognoscens,
2287 377 2397 433 illic
2439 392 2624 432 curam
2670 378 2918 436 adhibuit
2957 381 3269 451 medicinae,
3319 389 3465 446 unde

191 474 424 530 latentis
455 474 803 537 intrinsecus,
826 485 984 540 quem
1021 484 1132 525 non
1164 471 1416 539 primitus
1446 471 1623 525 noctis
1649 469 1782 525 hora

193 567 456 636 parturiit
485 607 502 633 ,
555 567 651 622 sed
681 565 882 620 intimis
923 564 1119 619 anima:
1148 563 1484 619 reconditum
1516 562 1666 619 fibris
1712 563 1779 618 ad

193 661 340 714 culis
362 659 708 729 superﬁciem
731 658 902 714 somni
926 656 1226 712 refectione
1251 658 1524 727 produxit,
1547 673 1780 726 arguens

196 752 446 807 occultas
467 762 688 806 aestuum
713 751 906 815 febres,
934 764 1068 819 quas
1092 765 1190 818 per
1211 759 1384 803 totum
1411 749 1521 804 diei
1547 748 1780 818 spatium

194 845 380 899 noxiis
429 824 845 914 cogitationibus
878 844 1014 912 pasti
1042 843 1420 897 contraximus
1471 860 1484 894 :
1518 854 1578 896 ut
1606 843 1782 899 solent

195 936 357 990 malae
383 950 601 1005 quoque
627 934 962 990 valetudines
993 948 1282 1002 corporum
1326 948 1434 987 non
1485 948 1548 988 ea
1603 933 1780 1003 colligi

193 1036 516 1096 tempestate
545 1028 599 1081 in
627 1043 731 1096 qua
765 1027 1016 1082 videntur
1045 1041 1362 1095 emergere,
1385 1025 1484 1080 sed
1510 1025 1783 1095 negligen-

191 1122 264 1174 tia
293 1130 418 1175 sunt
466 1121 728 1189 praeteriti
770 1121 1031 1190 temporis
1059 1121 1342 1191 acquisita:
1369 1162 1385 1186 ,
1438 1135 1545 1191 quo
1594 1131 1780 1191 pastus

189 1211 312 1281 quis
352 1212 722 1282 imprudenter
752 1213 900 1269 escis
930 1213 1090 1268 saluti
1122 1212 1418 1268 contrariis
1448 1213 1637 1274 noxios
1680 1212 1783 1267 hu-

187 1319 374 1361 mores
397 1305 636 1372 sibimet,
670 1307 1011 1377 lethalesque
1037 1309 1331 1362 contraxit.

792 1441 1024 1498 CAPUT
1063 1442 1180 1498 XII.

187 1554 346 1620 Quod
394 1554 571 1609 carnis
629 1557 828 1622 paritas
880 1558 992 1679 sine
1041 1557 1298 1680 munditia
1346 1559 1512 1614 cordis
1564 1567 1778 1629 nequeat

867 1643 896 1679 ο
932 1637 1064 1680 tiner
1088 1665 1104 1680 .

867 1637 1104 1683 obtineri.

1882 486 2072 528 causas
2102 472 2276 528 morbi
2301 473 2669 542 principaliter
2698 483 2926 529 noverat
2951 491 3209 532 emanare
3235 495 3249 531 :
3274 487 3301 516 ι
3324 479 3460 546 Qui-

1883 579 2138 634 cumque,
2160 563 2434 633 inquiens,
2458 563 2656 619 viderit
2675 565 2955 620 mulierem
2985 567 3053 621 ad
3076 570 3469 638 concupiscen-

1883 655 2010 710 dum
2059 671 2211 722 eam,
2261 656 2372 724 jam
2417 655 2716 712 moechatus
2759 665 2842 711 est
2882 672 3002 713 eam
3051 659 3108 714 in
3158 661 3323 717 corde
3370 677 3469 718 suo

1883 746 2097 818 (Matth.
2132 747 2210 818 v).
2237 745 2266 784 ι’
2294 748 2609 804 Petulantes
2629 749 2819 804 oculos
2851 760 3064 816 notans,
3097 766 3203 807 non
3233 763 3341 808 tam
3372 769 3466 810 eos

1881 838 2079 908 arguit,
2110 854 2270 908 quam
2313 839 2464 893 illum
2514 840 2830 894 interiorem
2877 854 3116 908 sensum,
3152 846 3242 912 qui
3284 845 3468 901 oflicio

1883 946 2071 986 eorum
2111 930 2252 985 male
2293 932 2462 986 utitur
2505 931 2572 986 ad
2619 931 2925 986 videndum.
2967 932 3075 988 Cor
3109 949 3341 1005 namque
3384 948 3468 993 est

1881 1038 2079 1092 aegrum
2099 1032 2154 1077 et
2172 1025 2417 1077 saucium
2441 1023 2679 1078 libidinis
2697 1024 2806 1078 telo
2827 1024 2969 1092 quod
2993 1024 3061 1080 ad
3082 1028 3467 1095 concupiscen-

1882 1114 2008 1168 dum
2058 1114 2204 1169 videt
2249 1133 2263 1168 :
2308 1116 2631 1171 beneficium
2685 1116 2915 1170 intuitus
2966 1125 3114 1171 recte
3169 1117 3387 1174 sibimet
3433 1134 3464 1175 a

1881 1214 2129 1262 creatore
2151 1220 2493 1272 concessum,
2528 1222 2627 1262 suo
2660 1208 2792 1262 vitio
2822 1205 2890 1260 ad
2925 1221 3146 1277 operum
3173 1224 3462 1278 pravorum

1881 1300 2186 1354 ministeria
2218 1311 2607 1368 contorquens,
2634 1311 2689 1356 et
2715 1302 2768 1355 in
2796 1305 3090 1372 semetipso
3127 1301 3462 1356 reconditum

1880 1392 2337 1460 concupiscentiae
2381 1394 2626 1448 morbum
2666 1395 3144 1464 contemplationis
3177 1395 3464 1450 occasione

1880 1483 2207 1552 producens.
2259 1481 2466 1538 Idcirco
2523 1499 2652 1555 ergo
2697 1485 2822 1540 huic
2869 1488 3175 1555 praecipitur
3225 1487 3464 1542 salutare

1878 1577 2218 1642 mandatum,
2248 1577 2405 1644 cujus
2429 1577 2557 1631 vitio
2589 1579 2854 1646 pessimus
2885 1578 3111 1648 languor
3139 1579 3283 1632 visus
3307 1592 3464 1633 occa-

1877 1672 2032 1727 sione
2074 1671 2336 1741 procedit.
2381 1671 2496 1726 Non
2548 1671 2691 1726 enim
2740 1672 2963 1740 dicitur,
3011 1671 3170 1726 Omni
3220 1671 3460 1727 custodia

254 1762 503 1833 locoque
525 1761 748 1816 humani
771 1762 986 1832 generis
1015 1773 1224 1818 creator
1251 1773 1306 1819 et
1334 1764 1576 1819 conditor
1599 1765 1766 1832 Deus,
1795 1777 1846 1836 ι
1873 1777 2028 1818 serva
2056 1763 2246 1818 oculos
2271 1773 2413 1828 tuos,
2437 1777 2575 1833 quos
2605 1763 2791 1834 utique
2821 1763 3065 1833 oportuit
3094 1763 3464 1833 principaliter

173 1853 395 1924 opilicii
425 1853 510 1909 sui
533 1865 778 1908 naturam
812 1869 923 1922 prae
949 1855 1198 1910 omnibus
1224 1856 1772 1926 emendationemque

1880 1858 2164 1920 custodiri,
2187 1858 2230 1910 si
2246 1873 2309 1911 ex
2335 1859 2460 1926 ipsis
2483 1857 2932 1927 concupiscentia;
2954 1857 3195 1926 prodiret
3214 1855 3459 1925 effectus;

439 1967 488 1977 κ
1270 1970 1527 2025 ALARDl
1567 1970 1800 2026 GAZASI
1838 1970 2402 2028 COMMENTARIUS.

175 2060 500 2133 consuetudo
525 2077 640 2114 mea
664 2061 796 2133 ﬁxit,
827 2069 876 2115 et
903 2071 1176 2116 occursant
1212 2063 1361 2128 mihi,
1393 2065 1627 2133 vigilanti
1651 2065 1766 2132 qui-

173 2130 301 2204 dem
322 2141 548 2204 carentes
570 2132 784 2197 viribus,
814 2134 868 2204 in
895 2134 1086 2186 somnis
1107 2143 1277 2186 autem
1299 2151 1400 2204 non
1417 2130 1584 2186 solum
1604 2130 1766 2204 usque

174 2203 246 2253 ad
301 2203 685 2256 delectationem
709 2243 723 2265 ,
755 2202 844 2255 sed
891 2204 1046 2256 etiam
1087 2220 1247 2270 usque
1275 2203 1344 2256 ad
1383 2202 1767 2257 consensionem

171 2273 490 2340 factumque
515 2273 853 2325 simillimum.
876 2272 939 2326 Et
955 2283 1153 2326 tantum
1174 2276 1304 2327 valet
1322 2275 1563 2342 imaginis
1587 2274 1766 2328 illusio
1811 2283 1815 2286 ’

171 2344 227 2395 in
255 2342 441 2413 anima
473 2358 602 2408 mea,
637 2353 680 2396 et
707 2346 759 2395 in
785 2360 935 2397 carne
961 2361 1096 2408 mea,
1123 2355 1178 2398 ut
1207 2346 1480 2398 dormienti
1504 2345 1640 2413 falsa
1659 2346 1769 2397 visa

170 2411 530 2482 persuadeant
551 2413 684 2480 quod
707 2415 938 2482 vigilanti
966 2431 1086 2466 vera
1111 2432 1213 2468 non
1235 2424 1468 2481 possunt.
1499 2411 1767 2481 Numquid

170 2491 310 2535 tunc
339 2497 430 2552 ego
457 2499 558 2536 non
586 2499 719 2549 sum,
750 2485 961 2537 Domine
983 2483 1124 2538 Deus
1153 2486 1330 2538 meus?
1353 2484 1416 2537 Et
1450 2496 1621 2538 tamen
1645 2496 1765 2538 tan-

172 2561 293 2605 tum
324 2554 530 2607 interest
559 2555 690 2606 inter
718 2556 968 2620 meipsum
998 2564 1044 2608 et
1085 2560 1342 2620 meipsum
1361 2596 1376 2621 ,
1409 2565 1462 2608 ut
1492 2559 1632 2608 intra
1659 2571 1768 2608 mo-

172 2630 416 2676 mentum
457 2640 554 2693 quo
601 2623 720 2676 hinc
759 2625 827 2676 ad
863 2641 1094 2693 soporem
1121 2637 1361 2690 transeo,
1407 2628 1486 2679 vel
1519 2627 1617 2679 huc
1646 2626 1767 2679 inde

172 2692 475 2766 retranseo.
506 2692 604 2747 Ubi
631 2705 704 2746 est
733 2704 852 2766 tunc
892 2692 986 2747 illa
1014 2699 1170 2761 ratio,
1198 2712 1312 2766 qua:
1329 2697 1521 2750 talibus
1554 2713 1766 2766 sugges-

173 2762 418 2816 tionibus
445 2766 630 2818 resistit
652 2763 910 2839 vigilans;
938 2767 1047 2839 etsi
1070 2783 1150 2839 res
1177 2762 1306 2839 ipsa
1328 2762 1664 2836 ingerantur,
1685 2769 1767 2839 in-

175 2849 467 2903 concussus
513 2837 730 2888 maneo?
771 2835 1036 2903 Numquid
1087 2835 1348 2891 clauditur
1391 2835 1512 2890 cum
1565 2838 1769 2890 oculis?

174 2902 464 2979 Numquid
480 2906 688 2979 sopitur
707 2902 1076 2979 cumsensibus
1104 2909 1372 2979 corporis?
1391 2907 1458 2960 Et
1483 2909 1616 2961 unde
1637 2923 1769 2977 stepe

174 2973 347 3028 etiam
371 2978 422 3028 in
451 2977 644 3050 somnis
671 2977 985 3050 resistimus,
1016 2973 1280 3050 nostrique
1305 2980 1551 3048 propositi
1581 2973 1769 3050 ntem'o-

175 3061 278 3117 res,
323 3054 475 3114 atque
501 3045 630 3117 ineo
652 3047 933 3099 castissime
953 3045 1326 3117 permanentes,
1354 3045 1554 3102 nullum
1578 3049 1767 3103 talibus

173 3116 448 3169 illecebris
498 3116 798 3169 adhibemus
827 3116 1128 3173 assensum?
1157 3120 1227 3173 Et
1258 3130 1425 3173 tamen
1454 3130 1652 3173 tantum
1689 3120 1770 3170 in-

176 3193 365 3260 terest,
395 3195 451 3238 ut
479 3202 596 3260 cum
614 3188 764 3240 aliter
787 3188 996 3260 accidit,
1027 3192 1329 3260 evigilantes
1346 3189 1415 3242 ad
1445 3189 1786 3244 conscientiae

175 3257 417 3328 requiem
444 3258 748 3323 redeamus,
783 3259 998 3328 ipsaque
1034 3257 1280 3316 distantia
1322 3261 1636 3328 reperiamus
1679 3276 1770 3313 nos

178 3343 284 3380 non
321 3327 528 3404 fecisse,
557 3331 896 3404 quod_tamen_
914 3327 971 3404 in
1000 3331 1145 3385 nobis
1169 3327 1546 3404 quoque'modo
1576 3335 1770 3399 factum

179 3413 290 3469 esse
336 3397 630 3453 doleamus.
665 3399 933 3466 Numquid
961 3416 1064 3453 non
1099 3397 1375 3469 pot'ens‘est
1420 3397 1602 3454 manus
1649 3410 1768 3469 tua,

175 3467 330 3523 Deus
356 3470 702 3544 omnipotens,
730 3485 919 3544 sanare
945 3467 1126 3544 omnes
1150 3475 1423 3544 languores
1451 3474 1538 3544 ani
1547 3487 1662 3534 inte,
1693 3467 1774 3544 σιξ

176 3555 279 3607 que
300 3539 694 3594 abundantiore
721 3542 891 3608 gratia
917 3551 1006 3594 tua
1041 3539 1259 3596 lascivos
1288 3553 1453 3596 motus
1477 3543 1630 3594 etiam
1672 3542 1773 3594 mei

176 3611 395 3683 soporis
419 3610 782 3681 exstinguere?
801 3610 1044 3683 Augebis,
1069 3611 1309 3676 Domine,
1333 3613 1495 3681 magis
1510 3613 1774 3682 magisque

176 3680 231 3732 in
281 3697 374 3734 me
399 3680 613 3734 munera
653 3689 770 3746 tua,
804 3691 857 3734 ut
886 3680 1064 3735 anima
1101 3699 1212 3735 mea
1238 3680 1486 3752 sequatur
1517 3680 1682 3734 mead
1726 3691 1774 3733 te

176 3753 627 3818 concupiscentia:
653 3753 789 3805 visco
816 3752 1056 3823 expedita
1073 3793 1088 3818 ,
1112 3763 1164 3804 ut
1194 3751 1384 3806 nonsit
1409 3751 1606 3806 rebellis
1645 3751 1770 3814 sibi,

175 3831 337 3889 atque
383 3833 458 3885 ut,
500 3823 554 3875 in
594 3824 786 3875 somnis
815 3826 992 3886 etiam,
1037 3839 1138 3876 non
1167 3825 1336 3876 solum
1377 3839 1479 3875 non
1525 3829 1775 3891 perpetrat

175 3892 306 3945 istas
331 3894 749 3964 corruptelarum
769 3892 1121 3964 turpitudines
1144 3909 1234 3960 per
1256 3894 1505 3964 imagines
1523 3891 1775 3964 ttnimales

177 3978 352 4031 usque
372 3963 440 4016 ad
457 3965 627 4016 carnis
639 3960 866 4032 ﬂuxum,
886 3963 1052 4016 sedne
1077 3960 1602 4031 consentiat'quidem.
1635 3960 1776 4014 Nam

176 4042 232 4083 ut
248 4033 533 4115 nihiltale
557 4031 918 4115 vel'otantillunt
938 4032 1111 4114 libeat,
1127 4033 1446 4115 quantulum
1465 4033 1626 4115 possit
1651 4040 1775 4115 nutu

174 4103 441 4166 cohiberi,
459 4105 615 4157 etiam
642 4105 694 4156 in
716 4114 857 4157 casto
881 4103 1182 4157 dormientis
1209 4103 1418 4170 alfectu,
1444 4120 1548 4156 non
1579 4111 1775 4156 tantum

173 4172 230 4244 in
263 4177 370 4226 hac
396 4175 527 4238 vita,
578 4173 668 4228 sed
695 4175 852 4244 etiam
877 4175 930 4244 in
953 4175 1046 4227 hac
1075 4183 1246 4239 celate,
1280 4191 1379 4226 non
1412 4190 1653 4244 magnum
1699 4180 1774 4227 est

175 4241 703 4316 Omnipotenti,"qui
733 4242 872 4316 vales
903 4243 1073 4316 facere
1099 4261 1256 4316 supra
1281 4262 1435 4314 quam
1480 4241 1698 4316 petimus
1729 4252 1777 4297 et

171 4315 553 4384 intelligimus.
588 4315 716 4368 Haec
765 4315 824 4366 ι).
852 4314 1217 4383 Augustinus,
1267 4331 1372 4369 non
1402 4317 1578 4368 minus
1617 4315 1775 4368 docte

173 4398 351 4454 quam
376 4385 484 4451 pie,
513 4385 581 4440 de
604 4387 887 4442 nocturnis
911 4385 1252 4442 illusionibus
1270 4397 1324 4441 et
1349 4387 1629 4440 insomniis
1656 4400 1774 4451 quae

173 4455 304 4520 pias
341 4466 552 4509 mentes
595 4471 702 4508 non
743 4468 864 4508 raro
890 4455 1152 4524 allligunt,
1196 4456 1298 4512 Ubi
1342 4465 1468 4511 nota
1519 4470 1770 4524 magnum

172 4525 484 4580 discrimen
508 4527 655 4580 inter
679 4525 954 4579 hominem
984 4526 1294 4593 vigilantem
1324 4538 1377 4582 et
1416 4527 1773 4580 dormientem

173 4594 234 4647 in
271 4597 582 4664 hujusntodi
637 4596 978 4649 illusiunibus
1005 4604 1098 4648 aut
1134 4596 1408 4651 illecebris
1437 4597 1652 4661 carnis,
1707 4595 1776 4648 de

172 4680 296 4732 quo
318 4666 478 4720 alias.
503 4667 656 4733 Quod
678 4674 855 4720 autem
877 4667 964 4736 ait
980 4666 1156 4733 initio,
1186 4667 1488 4736 hujusmodi
1513 4665 1775 4734 imagines

1869 2075 1975 2130 ut;
2006 2067 2051 2118 si
2079 2081 2195 2119 vero
2233 2065 2562 2130 consenserit,
2595 2073 2642 2118 st
2681 2066 2743 2117 de
2767 2064 3075 2134 c0gitatione
3109 2063 3352 2129 aﬂectum
3383 2065 3462 2133 fe-

1871 2139 2014 2201 cerit,
2059 2137 2123 2189 de
2163 2137 2497 2206 prapassione
2535 2136 2768 2187 transivit
2806 2135 2876 2206 ad
2914 2134 3236 2206 passionem,
3257 2145 3303 2186 et
3342 2134 3461 2188 huic

1871 2221 1973 2260 non
1999 2203 2234 2277 voluntas
2261 2203 2505 2277 peccandi
2548 2206 2705 2270 deest,
2745 2204 2834 2257 sed
2873 2204 3088 2277 occasio,
3137 2203 3456 2277 Quicumque

1869 2277 2028 2348 igitur
2061 2276 2242 2330 viderit
2266 2273 2537 2348 mulierem
2565 2276 2634 2327 ad
2661 2274 3154 2348 concupiscendum,
3194 2273 3249 2348 id
3289 2281 3381 2338 est,
3413 2276 3460 2328 si

1870 2343 2146 2417 aspexerit,
2179 2357 2230 2399 ut
2254 2347 2602 2413 concupiscat,
2635 2347 2880 2417 utfacere
2903 2345 3174 2417 disponat,
3205 2343 3298 2417 iste
3323 2353 3458 2417 recte

1871 2413 2064 2470 dicitur
2090 2433 2202 2469 eam
2229 2417 2471 2471 mowltari
2499 2417 2552 2469 in
2581 2413 2732 2470 corde
2757 2432 2870 2469 suo.
2901 2414 2966 2469 D.
3003 2429 3164 2483 porro
3193 2413 3455 2483 Augusti-

1873 2503 1970 2540 nus
2003 2488 2054 2541 in
2087 2488 2290 2556 [tegula
2325 2490 2393 2542 ita
2422 2502 2551 2540 suos
2580 2489 2810 2541 clericos
2841 2485 3135 2555 Regulares
3167 2485 3454 2556 admonet:

1874 2557 2026 2611 Oculi
2069 2555 2221 2611 vestri
2278 2561 2371 2611 etsi
2412 2558 2681 2626 jaciantur
2727 2559 2782 2610 in
2837 2556 3067 2626 aliquam
3119 2555 3451 2625 feminarum,

1871 2629 2101 2697 ﬁgantur
2123 2630 2174 2680 in
2203 2625 2420 2682 nullam.
2450 2627 2626 2695 Neque
2647 2628 2784 2681 enim
2810 2627 3018 2694 quando
3048 2625 3345 2696 proceditis,
3373 2626 3455 2694 fe-

1871 2702 2034 2750 minas
2080 2699 2249 2752 videre
2292 2698 2646 2762 prohibemini,
2686 2698 2777 2750 sed
2818 2707 3076 2762 appetere,
3105 2705 3196 2748 aut
3235 2697 3455 2766 abipsis

1871 2771 2041 2838 appeti
2069 2768 2214 2829 velle,
2241 2771 2578 2822 criminosum
2600 2777 2694 2820 est.
2731 2766 2842 2819 Nec
2867 2767 2976 2820 solo
3002 2776 3137 2819 tactu
3165 2775 3213 2818 et
3235 2764 3448 2838 uirecta,

1871 2837 1960 2892 sed
1986 2848 2194 2908 aspectu
2219 2855 2418 2907 quoque
2444 2840 2722 2908 appetitur,
2755 2847 2800 2908 et
2822 2838 3016 2903 appetit
3039 2837 3454 2908 concupiscentia

1873 2907 2207 2977 feminarum.
2244 2908 2353 2962 Nec
2382 2909 2565 2961 dicatis
2590 2924 2676 2960 vos
2696 2907 2882 2960 habere
2910 2907 3108 2960 animos
3133 2907 3370 2974 pudicos,
3400 2908 3446 2961 si

1872 2978 2103 3032 habeatis
2132 2982 2306 3032 oculos
2333 2978 2648 3046 intpudicos,
2671 2980 2792 3046 quia
2822 2978 3113 3045 impudicus
3143 2977 3322 3031 oculus
3353 2978 3454 3031 im-

1876 3051 2050 3119 pudici
2079 3050 2247 3103 cordis
2276 3057 2348 3102 est
2379 3050 2609 3115 nuntius,
2634 3059 2738 3104 etc.

1952 3119 1980 3158 ι)
2025 3120 2100 3172 De
2125 3121 2402 3174 oculorum
2429 3119 2742 3186 petulantia,
2766 3133 2861 3174 seu
2888 3118 3108 3174 lascivia
3134 3117 3456 3186 coercenda,

1881 3190 1946 3244 D.
1977 3190 2334 3260 Hieronymus
2373 3191 2458 3244 vel
2504 3192 2623 3260 quis
2663 3204 2871 3256 auctor,
2904 3191 2956 3243 in
2987 3205 3105 3258 cap.
3146 3205 3198 3243 1v
3231 3189 3460 3242 Lamen-

1881 3261 2138 3314 tationum
2166 3259 2458 3316 .Ieremiaa:
2494 3259 2622 3315 Cum
2660 3278 2751 3332 per
2791 3262 3064 3320 incuriam.
3091 3261 3184 3324 ait,
3219 3268 3458 3332 aspectus

1877 3333 2167 3398 patefactus
2198 3334 2352 3400 fuerit
2392 3330 2668 3385 tentationi‘
2689 3333 2882 3397 aditus,
2911 3333 2996 3384 vix
3032 3330 3458 3399 tranquillitatem

1876 3403 2096 3455 inveniet
2135 3406 2337 3456 animus
2377 3403 2635 3468 turbatus,
2682 3403 2782 3455 nisi
2823 3402 2901 3454 illi
2945 3401 3229 3454 subvenerit
3271 3400 3460 3453 divinae

1878 3473 2082 3540 pietatis
2126 3475 2364 3526 intuitus.
2403 3471 2535 3524 Hinc
2574 3481 2649 3526 est
2691 3473 2826 3539 quod
2871 3470 2935 3522 B.
2978 3469 3077 3522 Job
3113 3471 3234 3522 ait:
3263 3468 3454 3537 Pepigi

1875 3543 2043 3611 foedus
2089 3559 2209 3596 cum
2248 3543 2592 3611 oculismeis,
2635 3551 2688 3593 ut
2730 3557 2791 3594 ne
2837 3541 3112 3611 cogitarem
3151 3541 3352 3611 quidem
3393 3540 3457 3591 de

1876 3608 2070 3684 virgine
2107 3614 2250 3681 (Job.
2283 3610 2459 3733 xxxy.
2495 3611 2562 3666 Ut
2592 3613 2725 3664 enim
2754 3608 3088 3679 cogitationes
3117 3608 3288 3660 cordis
3315 3615 3454 3660 caste

1876 3699 2081 3733 servare
2103 3692 2289 3733 nosset-
2331 3687 2392 3733 tu!
2435 3699 2490 3733 us
2516 3697 2631 3733 cum
2666 3680 2830 3731 oculis
2860 3678 3074 3733 pepigit,
3108 3693 3168 3729 ne
3204 3678 3344 3733 prius
3373 3681 3454 3728 in-

1875 3678 2081 3736 servare
2103 3678 2290 3753 posset,
2329 3678 2490 3750 {mdus
2516 3697 2631 3734 cum
2666 3678 3074 3753 oculispepigit,
3108 3693 3168 3729 ne
3203 3678 3344 3753 prius
3373 3681 3459 3753 in-

1875 3765 2021 3806 caute
2041 3744 2308 3818 aspiceret,
2329 3744 2468 3820 quod
2488 3749 2812 3821 postmodum
2834 3744 3022 3821 invitus
3043 3744 3259 3821 amaret.
3290 3744 3460 3821 Valde

1875 3815 2204 3890 namqueest,
2230 3815 2364 3891 quod
2389 3815 2507 3891 caro
2535 3823 2775 3891 deorsum
2796 3818 2985 3891 trahit;
3016 3827 3062 3869 et
3083 3815 3238 3891 semel
3263 3816 3458 3891 species

1877 3885 2054 3964 forma:
2084 3885 2553 3964 cordi'peroculos
2582 3889 2796 3964 alligata
2833 3889 2918 3964 vix
2948 3888 3122 3964 magni
3161 3885 3456 3964 luctaminis

1877 3957 2030 4018 manu
2055 3957 2291 4018 solvitur.
2327 3961 2407 4034 Ne
2435 3977 2556 4034 ergo
2575 3957 2812 4034 quaedam
2840 3957 3044 4034 lubrica;
3063 3960 3115 4011 in
3143 3957 3458 4034 cogitatione

1875 4050 2151 4101 versemus,
2182 4026 2554 4106 providendu'm
2579 4026 2725 4106 nobis
2751 4040 2867 4106 est_;_
2883 4033 3005 4106 quia
3028 4026 3218 4083 intueri
3235 4045 3340 4106 non
3367 4026 3462 4080 de-

1876 4107 1973 4174 bet,
2003 4098 2145 4175 quod
2175 4098 2280 4158 non
2313 4108 2430 4159 licet
2466 4104 2783 4170 concupisci.
2821 4098 3288 4175 Ut'enintmunda
3308 4113 3460 4175 lineas

1876 4179 1929 4227 in
1956 4168 2263 4243 cogitatione
2287 4184 2514 4231 servetur
2537 4191 2567 4225 a
2591 4168 2803 4227 lascivia
2829 4172 3102 4243 voluptatis
3132 4186 3257 4243 suae,
3285 4168 3459 4243 depri-

1875 4241 2047 4300 mendi
2075 4257 2192 4300 sunt
2220 4250 2376 4312 oculi,
2409 4245 2558 4314 quasi
2597 4244 2799 4313 quidem
2839 4241 3076 4310 raptores
3117 4241 3185 4314 ad
3229 4241 3459 4314 culpant.

1878 4315 2061 4386 Neque
2076 4318 2212 4369 enim
2233 4315 2342 4368 Eva
2361 4310 2557 4386 lignum
2570 4310 2779 4367 vetitum
2796 4315 3089 4386 contigisset
3107 4311 3262 4380 (Gen.
3285 4310 3458 4379 χχχι),

1879 4385 1982 4456 nisi
2003 4385 2102 4438 hoc
2126 4388 2270 4456 prius
2298 4385 2497 4440 incaute
2526 4385 3114 4456 respicerehﬂScriptum
3137 4386 3460 4456 quippeest:

1885 4455 2028 4508 Vidit
2056 4454 2238 4508 mulier
2260 4457 2397 4515 quod
2428 4457 2620 4508 bonum
2645 4467 2772 4509 esset
2803 4455 2997 4522 lignum
3028 4455 3094 4505 ad
3125 4454 3457 4522 vescendum,

1875 4536 1924 4596 et
1953 4525 2228 4592 pulchrum
2271 4527 2455 4592 oculis,
2489 4535 2795 4596 aspectuque
2822 4521 3144 4587 delectabile,
3178 4534 3220 4576 et
3249 4521 3368 4596 tulit
3400 4521 3464 4575 de

1876 4591 2049 4663 fructu
2099 4597 2259 4666 illius,
2307 4607 2354 4649 et
2398 4591 2637 4650 comedit.
2684 4591 2824 4649 Hinc
2865 4610 2986 4666 ergo
3028 4591 3351 4666 pensandum
3390 4599 3465 4666 est

1875 4661 2066 4736 quanto
2088 4665 2324 4720 debemus
2347 4667 2696 4721 moderamine
2716 4681 2838 4735 erga
2857 4661 3046 4736 illicita
3070 4664 3232 4716 visunt
3252 4661 3466 4736 restrin-

173 4750 380 4789 rerum
415 4732 649 4806 turpium
699 4735 927 4790 subinde
954 4738 1004 4808 in
1030 4732 1643 4808 somnis'occurrentes'
1660 4751 1774 4808 mo-
1799 4733 1854 4792 D
1877 4732 2016 4806 gere,
2047 4754 2138 4790 nos
2165 4741 2251 4808 qui
2279 4738 2564 4791 mortaliter
2592 4732 2824 4808 vivimus,
2855 4735 2907 4788 si
2923 4745 2970 4789 et
2988 4745 3163 4808 (mater
3190 4732 3464 4808 viventium

171 4820 316 4860 vere
361 4823 464 4860 non
494 4808 662 4861 solum
700 4822 861 4875 usque
904 4806 972 4860 ad
1004 4807 1394 4861 delectationem
1423 4849 1437 4872 ,
1487 4807 1580 4860 sed
1617 4806 1777 4860 etiam

171 4892 354 4941 usque
379 4878 447 4929 ad
475 4877 864 4930 consensionem
893 4877 1183 4947 factumque
1207 4879 1560 4943 simillimum;
1586 4877 1662 4930 sic
1684 4878 1778 4933 de-

172 4947 272 4999 bet
298 4947 552 5016 intelligi,
579 4947 708 5016 quia
737 4947 944 5000 vidctur
977 4947 1138 5000 homo
1163 4949 1427 5003 interdum
1447 4949 1777 5012 consentire,

171 5033 288 5071 non
318 5018 506 5071 solum
535 5017 834 5072 secundum
863 5017 1296 5087 imaginationem
1321 5063 1334 5084 ,
1369 5021 1463 5073 sed
1488 5021 1650 5072 etiam
1697 5035 1782 5074 se-

167 5089 432 5142 cundum
458 5088 763 5142 discursum
798 5087 1098 5143 intellectus
1137 5097 1193 5142 et
1224 5088 1564 5142 ratiocinium
1593 5130 1606 5154 ,
1656 5089 1782 5144 licet

168 5172 384 5214 revera
412 5173 514 5212 non
541 5159 874 5224 consentiat,
907 5161 1030 5222 quia
1063 5171 1170 5212 non
1199 5159 1360 5212 habet
1388 5161 1608 5212 omnino
1649 5159 1782 5214 libe-

165 5247 296 5282 rum
335 5228 571 5282 rationis
597 5243 774 5295 usum,
809 5239 864 5282 et
894 5225 1224 5296 facultatem,
1262 5237 1320 5281 ut
1354 5227 1512 5282 docet
1539 5229 1602 5281 D.
1637 5228 1782 5283 Tho-

163 5315 296 5352 mas
342 5300 520 5364 prima
553 5306 704 5365 parte
730 5313 784 5366 q.
818 5299 906 5359 84,
941 5307 1043 5351 art.
1071 5299 1126 5352 8.
1281 5338 1291 5343 -

245 5382 272 5405 ιι
319 5367 484 5424 Scite
515 5369 576 5420 Ι).
613 5368 971 5434 Hieronymus
1007 5370 1060 5422 in
1104 5367 1246 5423 hunc
1281 5368 1459 5422 locum
1498 5366 1732 5423 Matthxi
1762 5386 1777 5422 :

163 5441 332 5494 Inter
361 5440 525 5499 πάθος
565 5449 611 5491 ει
637 5439 984 5511 spondeus“,
1021 5439 1074 5490 id
1116 5451 1206 5511 est:
1249 5440 1383 5491 inter
1420 5438 1707 5506 passionem
1734 5448 1780 5491 et

161 5511 590 5579 propassionem
627 5507 724 5559 huc
767 5511 990 5572 interest,
1033 5510 1167 5574 quod
1193 5511 1382 5579 passio
1429 5517 1692 5579 reputatur
1729 5510 1783 5562 in

159 5585 413 5644 vitium;
458 5579 744 5648 propassio,
780 5580 893 5631 licet
926 5579 1073 5648 iinitii
1115 5578 1323 5648 culpam
1372 5578 1576 5638 habeat,
1618 5585 1782 5634 tamen

158 5670 292 5707 ηοη.
312 5659 529 5704 tenetur
566 5652 619 5702 in
650 5649 884 5721 crimine.
915 5647 1053 5720 Ergo
1092 5651 1179 5721 qui
1205 5647 1394 5709 viderit
1426 5648 1705 5715 mulierem,
1737 5658 1784 5703 et

159 5723 370 5811 anima
416 5721 527 5792 eius
570 5719 724 5802 fuerit
765 5717 1007 5792 mittam;
1037 5717 1118 5804 ltiti
1156 5721 1486 5811 promittant
1518 5732 1783 5807 pertenui

1880 4801 1970 4876 per
2003 4801 2187 4862 oculos
2223 4809 2290 4862 ad
2322 4819 2534 4861 mortem
2564 4809 2715 4860 venit.
2757 4804 2888 4860 Hinc
2927 4807 3088 4859 etiam
3127 4804 3220 4876 sub
3263 4801 3466 4876 Juda'te

1883 4893 2022 4942 voce,
2053 4895 2168 4948 qua:
2205 4881 2459 4932 exteriora
2496 4877 3131 4948 vivendo‘concupiscens,
3160 4875 3306 4948 bona
3336 4875 3467 4948 intc-

1883 4949 2022 5002 riora
2061 4943 2372 5018 perdiderit,
2407 4945 2655 5018 propheta
2694 4945 2813 4997 dicit
2855 4943 3080 5018 (Thren1
3111 4947 3228 5012 tv):
3261 4943 3468 5018 Oculus

1885 5035 2027 5071 meus
2055 5013 2381 5084 deprwdatus
2409 5013 2496 5084 est
2535 5017 2757 5084 animum
2805 5013 2990 5068 meam.
3042 5013 3464 5084 Concupiscendo

1885 5089 2020 5141 enim
2049 5086 2293 5151 visibilia,
2327 5083 2602 5136 invisibiles
2629 5083 2833 5136 virtutes
2860 5087 3055 5137 amisit.
3091 5085 3218 5149 Qute
3241 5097 3360 5149 ergo
3392 5083 3470 5133 in-

1887 5157 2120 5212 teriorem
2167 5171 2372 5208 sensum
2420 5169 2506 5219 per
2548 5151 2848 5205 exteriorem
2887 5155 3050 5206 visum
3092 5151 3336 5222 perdidit,
3380 5166 3470 5222 per

1888 5226 2094 5282 oculum
2123 5226 2351 5297 corporis
2380 5223 2588 5297 pertulit
2629 5222 2860 5297 prtedam
2901 5219 3100 5277 cordis.
3142 5219 3290 5273 Unde
3320 5221 3467 5272 nobis

1886 5298 1955 5351 ad
1982 5292 2566 5350 custodieitdam'cordis
2608 5292 2938 5356 munditiam,
2973 5303 3300 5345 externorum
3337 5305 3471 5358 quo-

1888 5384 1984 5438 que
2011 5383 2251 5420 sensuum
2279 5367 2554 5433 disciplina
2580 5365 2831 5438 servanda
2856 5371 2948 5415 est.
2985 5361 3126 5414 Nam
3153 5359 3470 5438 quantalibet

1888 5429 2138 5508 gravitate
2157 5455 2299 5490 mens
2327 5429 2512 5508 vigeat,
2541 5433 2775 5508 carnales
2804 5443 2971 5508 tamen
3003 5429 3473 5508 sensus‘ptt‘eriliter

1889 5497 2114 5579 exterius
2140 5497 2571 5579 perstrepuntet
2598 5503 2694 5579 nisi
2735 5503 2998 5579 interioris
3039 5497 3306 5579 gravitatis
3348 5514 3475 5579 pou-

1889 5578 2008 5632 dere
2045 5587 2092 5630 et
2129 5569 2276 5646 quasi
2315 5569 2511 5645 iuranti
2544 5573 2766 5643 quodam
2805 5575 2991 5627 ardore
3026 5569 3394 5646 refrenentttn,
3410 5569 3476 5623 ad

1893 5652 2038 5732 (luxu
2077 5637 2292 5728 qu'teque
2315 5637 2377 5710 ἐι
2421 5637 2797 5708 ίανὶιιίηεητετη
2825 5661 3052 5704 enervem
3084 5637 3314 5704 trahunt.
3355 5639 3478 5735 Hlmq

1897 5733 2026 5799 ipse,
