4016 6202
145 259 227 319 ’85
602 257 705 315 DE
741 253 1230 315 C(ENOBIORUM
1267 252 1514 311 lNSTlT.
1557 251 1692 308 LIB.
1735 253 1822 311 Vl.
1853 284 1924 297 —-
1948 254 2038 310 DE
2078 254 2354 312 SPlRlTU
2391 244 2940 313 FORNICATIONIS.

3296 261 3405 322 $86

148 374 404 433 tenerrimi
427 381 580 439 sunt,
616 372 816 428 fuerint
844 370 1076 433 enecati,
1107 368 1272 423 adulti
1297 383 1395 437 per
1421 366 1721 422 conniven-
1744 370 1794 430 Α
1825 369 1982 433 tiam;
2015 370 2068 423 in
2099 369 2352 423 omnibus
2374 369 2520 424 enim
2545 370 2658 425 istis
2704 370 2994 425 virtutibus
3039 370 3276 426 creditur
3318 389 3407 429 ac-

150 469 254 523 tiatu
276 469 330 522 in
359 467 672 537 perniciem
703 470 944 519 nostram
971 461 1262 516 validiores
1291 459 1595 530 insurgent,
1625 468 1717 514 aut

145 568 273 616 certe
297 573 411 613 non
448 562 572 613 sine
606 569 801 626 magno
839 554 1044 624 gemitu
1081 567 1145 607 ac
1185 552 1371 607 labore
1405 551 1711 606 vincentur.

147 650 265 704 Dum
286 651 431 706 enim
458 649 617 704 fortis
639 648 848 703 scilicet
868 644 1090 716 spiritus
1114 653 1302 700 noster
1323 644 1540 700 domum
1562 659 1713 698 suam

147 741 367 797 custodit
409 752 679 805 armatus,
729 751 980 794 recessus
1025 737 1209 791 cordis
1247 737 1331 791 sui
1379 736 1477 790 Dei
1522 737 1713 791 timore

146 834 528 902 communiens,
573 833 625 887 in
675 845 806 902 pace
858 829 964 888 erit
1014 831 1192 885 omnis
1244 829 1549 884 substantia
1597 831 1713 897 ejus

145 921 282 991 (Luc.
320 924 438 995 x1):
469 923 526 978 id
557 931 662 988 est,
695 923 1064 979 emolumenta
1105 921 1352 977 laborum
1389 936 1455 976 ac
1489 922 1714 976 virtutes

119 1018 288 1090 longe
329 1027 567 1088 tempore
600 1017 946 1088 conquisitae.
981 1016 1038 1070 Si
1079 1023 1263 1070 autem
1300 1014 1506 1070 fortior.
1529 1029 1715 1084 super-

98 1111 336 1166 ueniens
379 1110 565 1165 vicerit
603 1125 752 1177 eum,
789 1108 848 1163 id
883 1115 989 1173 est,
1034 1107 1286 1162 diabolus
1321 1108 1710 1177 cogitationum

92 1215 404 1267 consensu,
446 1215 596 1256 arma
633 1201 752 1270 ejus
791 1201 1013 1270 diripiat
1052 1201 1106 1254 in
1147 1199 1346 1269 quibus
1384 1199 1706 1268 confidebat,

101 1292 170 1350 iii
204 1301 310 1356 est,
353 1294 666 1352 memoriam
704 1293 1132 1362 Scripturarum,
1171 1292 1266 1346 vel-
1300 1292 1554 1346 timorem
1593 1293 1710 1360 Dei,

106 1395 172 1442 et
199 1384 372 1454 spolia
411 1384 529 1453 ejus
570 1383 803 1450 dividet,
833 1383 1102 1438 vit-tutum
1139 1382 1356 1438 scilicet
1393 1383 1588 1438 merita
1621 1399 1712 1455 per

114 1478 381 1534 contraria
407 1479 541 1534 vitia
572 1493 810 1549 quasque
839 1477 1180 1548 dispergens.

717 1588 948 1646 CAPUT
975 1587 1120 1644 XIV.

1819 463 1958 532 quiri
1989 461 2382 525 sanctificatio;
2411 461 2572 516 infert
2594 470 2649 516 et
2670 462 2956 518 manifeste
2984 463 3236 534 designat
3276 467 3406 533 quid

1818 556 2040 626 pr0prie
2077 553 2560 610 sanctiﬁcationem
2607 555 2842 610 voluerit
2886 556 3180 624 appellare.
3223 555 3254 614 b.
3279 557 3406 614 Haec

1816 656 1904 702 est
1935 647 2182 702 voluntas
2213 645 2331 711 Dei,
2362 646 2717 702 sanctificatio
2742 656 2955 712 vestra;
2989 656 3045 702 ut
3086 649 3406 706 abstineatis

1818 754 1936 807 vos,
1989 739 2183 808 inquit,
2213 756 2242 792 a
2287 738 2665 805 fornicatione,
2699 749 2722 778 ο
2753 749 2811 794 ut
2853 741 2990 794 sciat
3028 742 3402 813 unusquisque

1812 829 2060 888 vestrum
2082 846 2180 887 vas
2203 835 2358 886 suum
2379 832 2657 901 possidere
2687 831 2742 886 in
2767 832 3198 900 sanctificatione
3225 844 3280 895 et
3305 833 3400 908 hoc

1815 940 1970 989 nore,
2003 939 2112 979 non
2138 926 2189 978 in
2220 925 2470 993 passione
2497 923 2776 990 desiderii,
2823 925 2968 979 sicut
2992 933 3047 979 et
3071 933 3264 994 gentes
3280 941 3403 996 qua:

1813 1022 2070 1091 ignorant
2093 1018 2268 1074 Deum
2285 1017 2498 1090 (IT/tes.
2515 1016 2762 1086 tv).Vide
2788 1017 2982 1088 quibus
3010 1032 3132 1073 eam
3153 1018 3402 1078 laudibus

1817 1121 2195 1183 prosequatur,
2221 1111 2486 1170 honorem
2513 1111 2686 1177 vasis,
2719 1110 2772 1166 id
2805 1120 2908 1178 est,
2932 1111 3174 1180 corporis
3203 1113 3399 1177 nostri,

1824 1216 1878 1264 et
1899 1205 2380 1262 sanctificationem
2401 1220 2518 1260 eam
2544 1204 2844 1274 appellans.
2858 1204 3045 1274 Igitur,
3060 1220 3094 1258 e.
3105 1205 3399 1272 contrario,

1816 1301 1907 1372 qui
1938 1301 1993 1356 in
2015 1299 2270 1369 passione
2298 1298 2555 1353 desiderii
2577 1307 2679 1365 est,
2713 1299 2768 1352 in
2819 1297 3112 1367 ignominia
3137 1306 3189 1352 et
3219 1297 3272 1352 in
3299 1295 3401 1351 im-

1813 1393 2076 1449 munditia
2106 1389 2377 1456 consistit,
2401 1398 2455 1444 et
2475 1390 2690 1445 alienus
2711 1404 2740 1444 a
2764 1389 3193 1447 sanctificatione
3214 1402 3401 1447 versa-

1813 1497 1921 1541 tur.
1956 1484 2139 1539 Tertio
2168 1497 2382 1553 quoque
2411 1491 2534 1554 post
2559 1497 2730 1551 pauca
2763 1481 2948 1550 infert,
2984 1496 3171 1536 rursus
3201 1481 3400 1536 sancti-

1811 1579 2051 1635 moniam
2108 1591 2227 1633 eam
2287 1575 2669 1645 pronuntians.
2705 1574 2821 1629 Non
2854 1575 2996 1630 enim
3041 1575 3251 1629 vocavit
3300 1589 3399 1631 nos

130 1682 265 1749 Quod
311 1697 417 1736 non
469 1683 679 1736 laudem
731 1682 1032 1735 studeamus
1077 1690 1245 1736 texere
1293 1682 1573 1749 castitatis,
1617 1684 1706 1738 sed
1809 1670 1955 1748 Βςυε
1985 1671 2038 1723 in
2071 1661 2485 1734 immunditiam,
2519 1666 2612 1720 sed
2663 1666 2713 1719 in
2749 1665 3255 1720 sanctificationem.
3286 1666 3395 1721 Ita-

566 1751 806 1820 eﬂ‘ectum
837 1754 954 1822 ejus
981 1768 1255 1822 exponere.

185 1847 254 1900 Et
283 1856 345 1900 ut
378 1855 575 1901 cuncta
613 1855 958 1916 praeteream,
994 1861 1112 1916 quae
1143 1846 1198 1899 in
1232 1847 1436 1902 sanctis
1460 1847 1701 1918 Scriptu-

126 1937 191 1991 ris
223 1936 293 1991 ob
325 1937 544 1993 laudem
573 1939 790 1993 virtutis
829 1939 987 2009 hujus
1017 1941 1216 1995 inserta
1248 1948 1374 1994 sunt
1399 1941 1533 2006 (non
1555 1943 1701 1998 enim

126 2027 242 2082 mihi
270 2029 618 2099 propositum
664 2038 749 2084 est
796 2029 1010 2085 laudem
1055 2037 1241 2086 texere
1281 2032 1568 2100 castitatis,
1603 2033 1702 2089 sed

125 2119 187 2174 de
224 2120 482 2190 qualitate
518 2120 713 2190 ipsius,
755 2121 838 2176 vel
878 2121 1335 2191 quemadmodum
1370 2123 1576 2194 acquiri
1611 2124 1701 2180 vel

125 2213 367 2268 custodiri
397 2213 615 2280 debeat,
650 2215 810 2284 quive
840 2215 912 2268 sit
941 2214 1062 2270 finis
1099 2216 1238 2285 ejus,
1272 2216 1493 2272 Patrum
1525 2218 1697 2272 tradi-

124 2307 349 2362 tionibus
373 2306 692 2377 explicare),
728 2321 888 2361 uuam
923 2308 1296 2362 tantummodo
1327 2323 1522 2379 ponam
1553 2308 1698 2385 beati

122 2396 264 2452 Pauli
290 2397 519 2466 apostoli
551 2398 896 2465 sententiam,
921 2414 1022 2469 qua
1056 2408 1235 2469 pateat
1263 2400 1497 2470 qualiter
1523 2401 1693 2467 illam,

120 2491 681 2548 Thessalonicensibus
718 2493 983 2558 scribens,
1010 2504 1034 2531 ι
1059 2495 1352 2550 virtutibus
1400 2495 1698 2564 praetulerit

120 2586 397 2651 universis,
427 2585 518 2640 tali
541 2600 660 2641 eam
690 2586 836 2642 verbi
869 2587 1152 2644 nobilitate
1181 2587 1584 2643 commendans.

713 2701 940 2759 CAPUT
971 2703 1087 2758 XV.

118 2791 260 2859 Quod
288 2795 576 2864 specialiter
606 2796 856 2849 castitatis
876 2797 1038 2850 virtus
1066 2795 1128 2848 ab
1154 2794 1398 2866 Apostolo
1428 2797 1695 2851 sanctimo-

672 2867 757 2919 nia
796 2875 1134 2937 nuncupetnr.

181 2956 304 3013 Haec
331 2966 434 3026 est,
461 2957 656 3028 inquit,
689 2957 942 3012 voluntas
976 2958 1072 3012 Dei
1101 2957 1459 3014 sanctificatio
1489 2970 1690 3028 vestra.

116 3047 180 3103 Et
209 3065 273 3105 ne
294 3049 434 3106 forte
464 3050 688 3105 dubium
719 3050 876 3104 nobis
900 3049 1237 3118 relinqueret
1265 3050 1354 3104 vel
1376 3052 1689 3117 obscurum,

1733 1753 1916 1834 Bque
1943 1762 2034 1832 qui
2064 1760 2179 1814 haec
2223 1760 2450 1828 spernit,
2500 1774 2607 1812 non
2678 1758 2952 1812 hominem
3012 1758 3240 1827 spernit,
3302 1758 3398 1813 sed

1808 1856 2002 1922 Deum,
2031 1854 2122 1923 qui
2155 1851 2317 1906 etiam
2354 1849 2504 1906 dedit
2530 1849 2790 1920 Spiritum
2841 1864 2996 1904 suum
3047 1858 3291 1904 sanctum
3343 1849 3397 1904 in

1807 1947 1962 2002 nobis
1995 1942 2270 2017 (Ibidem).
2299 1943 2690 1998 Auctoritatem
2721 1951 2994 2010 prtecepto
3027 1955 3126 1994 suo
3172 1940 3397 1996 inviola-

1808 2038 1968 2092 bilem
1989 2036 2194 2105 junxit,
2227 2034 2414 2089 dicens
2446 2049 2460 2087 :
2488 2033 2590 2099 Qui
2633 2033 2748 2086 haec
2777 2031 3006 2100 spernit,
3055 2030 3110 2084 id
3137 2040 3242 2098 est,
3274 2046 3396 2100 quas

1806 2129 1874 2184 de
1898 2126 2255 2182 sanctimonia
2279 2125 2535 2195 praefatus
2562 2138 2700 2186 sum,
2718 2137 2825 2176 non
2859 2121 3132 2175 hominem
3160 2122 3391 2188 spernit,

1807 2219 1909 2274 hoc
1935 2231 2040 2287 est,
2073 2233 2160 2273 me
2189 2219 2282 2288 qui
2315 2217 2432 2273 haec
2457 2215 2733 2285 pracipio,
2763 2211 2858 2267 sed
2879 2211 3072 2274 Deum,
3098 2210 3190 2279 qui
3217 2209 3272 2264 in
3306 2226 3393 2266 me

1805 2312 2060 2381 loquitur,
2094 2311 2183 2380 qui
2213 2311 2372 2364 etiam
2401 2306 2623 2377 Spiritui
2653 2319 2754 2360 suo
2781 2312 2970 2359 sancto
2999 2316 3092 2356 cor
3132 2309 3382 2357 nostrum

1807 2404 2168 2458 habitaculum
2199 2402 2495 2471 deputavit.
2522 2399 2712 2454 Cernis
2741 2395 3079 2460 simplicibus
3119 2393 3299 2448 verbis
3324 2408 3389 2450 ac

1804 2499 1950 2568 puris
1964 2496 2158 2566 quibus
2179 2509 2298 2549 eam
2329 2494 2620 2562 praeconiis
2649 2491 2971 2562 quantisque
2995 2487 3254 2543 extulerit
3275 2486 3393 2542 ιειιν-

1801 2591 1977 2656 dibus,
2009 2590 2241 2659 primum
2273 2589 2460 2641 virtuti
2491 2588 2616 2642 huic
2651 2583 3135 2639 sanctiﬁcationem
3170 2581 3392 2651 proprie

1801 2684 2123 2748 tribuendo;
2157 2682 2352 2737 deinde
2376 2697 2472 2751 per
2501 2681 2641 2734 hanc
2667 2692 2920 2734 asserens
2947 2691 3040 2730 vas
3069 2675 3245 2730 nostri
3270 2690 3392 2731 cor-

1799 2776 1947 2846 poris
1965 2774 2384 2829 abimmunditia
2404 2773 2743 2828 liberandum
2761 2787 2775 2836 ;
2793 2771 2956 2825 tertio
2983 2770 3148 2840 quod,
3172 2769 3388 2840 abiecta

1800 2870 2096 2941 ignominia
2129 2877 2180 2922 et
2209 2867 2565 2933 contumelia,
2591 2866 2645 2919 in
2677 2865 2888 2919 honere
2919 2864 2990 2917 sit
3016 2863 3390 2919 etsanctifica-

1801 2969 1948 3022 tione
1979 2977 2328 3025 mansurum;
2357 2971 2654 3028 postremo,
2685 2974 2806 3026 qua:
2835 2973 3042 3012 summa
3066 2965 3148 3013 est
3165 2957 3390 3026 perfecti

1799 3056 2009 3129 prmmii
2041 3069 2104 3109 ac
2132 3050 2483 3115 beatitudinis
2513 3049 2904 3114 remuneratio,
2949 3064 3042 3118 per
3069 3051 3208 3104 hanc
3235 3049 3384 3104 habi-

115 3145 358 3214 quidnam
386 3144 869 3215 sanctiﬁcationem
905 3144 1139 3199 voluerit
1168 3145 1465 3214 appellare,
1506 3155 1688 3199 utrum
1722 3159 1770 3224 ο
1799 3156 2029 3202 tatorem
2055 3145 2288 3215 pectoris
2311 3142 2480 3198 nostri
2512 3150 2759 3196 sanctum
2791 3140 2910 3197 fore
2935 3141 3192 3212 Spiritum
3239 3140 3381 3196 desi-

115 3236 389 3307 iustitiam,
411 3255 476 3295 an
503 3238 932 3308 charitatem,an
967 3238 1355 3308 humilitatem,
1386 3256 1452 3295 an
1485 3241 1692 3310 patien-

1801 3241 2013 3311 gnavit.

1171 3375 1429 3432 ALARDI
1467 3376 1698 3434 GAZ/Ei
1736 3374 2304 3449 COMMENTARIUS.

119 3496 254 3559 tract.
283 3486 355 3542 2‘3
386 3489 447 3559 in
474 3487 659 3559 Regul.
695 3486 764 3541 ι).
798 3485 994 3541 Bened.
1021 3504 1066 3541 c.
1091 3487 1209 3558 2i).
1239 3487 1413 3543 Porro
1444 3490 1527 3542 his
1557 3491 1694 3545 duo-

118 3556 206 3611 bus
228 3557 483 3615 remediis
507 3556 629 3613 addi
655 3568 827 3628 potest
845 3567 898 3612 et
922 3556 1355 3625 tertium,'immo
1379 3562 1608 3628 primum
1633 3573 1696 3616 ac

118 3629 462 3700 praecipuum,
498 3629 642 3696 quod
674 3637 730 3682 et
764 3630 1050 3684 Cassianus
1088 3629 1170 3683 his
1207 3631 1392 3686 verbis
1429 3635 1697 3698 expressit

118 3697 303 3768 (Infra,
337 3717 454 3768 cap.
487 3703 561 3755 25
583 3701 739 3770 hujus
769 3700 912 3771 libr.)
943 3719 954 3751 :
991 3700 1051 3755 Si
1086 3703 1249 3753 Deum
1283 3717 1383 3753 non
1418 3697 1585 3757 solum
1616 3718 1696 3753 se-

116 3783 355 3841 cretorum
377 3773 588 3824 actuum
613 3773 931 3834 nostrorum,
955 3787 1128 3826 verum
1151 3773 1304 3822 etiam
1327 3771 1697 3841 cogitationum

112 3840 422 3896 internarum
446 3843 693 3895 diurnum
712 3843 906 3913 pariter
928 3851 1340 3910 nocturnumque
1358 3842 1696 3913 inspectorem

109 3926 204 3964 esse
233 3923 282 3966 et
323 3915 585 3984 conscium
625 3911 926 3984 cogitemus.
966 3927 1027 3963 ac
1074 3928 1167 3978 pro
1214 3911 1448 3984 omnibus
1488 3927 1613 3984 quoe
1640 3914 1695 3966 in

108 3991 274 4036 nostro
322 3983 479 4037 corde
524 3981 819 4047 versantur,
864 3982 996 4053 sicut
1030 3998 1124 4052 pro
1167 3981 1317 4050 [actis
1363 3992 1409 4036 et
1451 3981 1689 4053 operibus

105 4055 320 4121 nostris,
375 4055 633 4107 rationem
679 4071 770 4106 nos
815 4054 860 4106 ei.
908 4052 1208 4121 reddituros
1246 4069 1353 4106 esse
1403 4054 1688 4110 credamus.

107 4119 262 4178 Plura
288 4119 390 4180 hac
418 4125 489 4180 de
517 4142 578 4178 re
605 4121 859 4188 inferius,
886 4126 950 4176 ad
976 4139 1097 4193 cap.
1127 4120 1216 4177 21.

163 4203 191 4230 ⁸·
231 4195 350 4249 Non
387 4197 707 4266 simpliciter
743 4203 796 4249 et
826 4193 1098 4260 absolute,
1137 4196 1230 4249 sed
1263 4196 1555 4250 secundum
1589 4211 1676 4252 ra-

104 4265 276 4346 tiones
301 4274 360 4321 et
385 4265 783 4346 praa’rogativas
815 4279 945 4346 quas
969 4266 1417 4346 sequenticapite
1446 4270 1686 4346 emacuit.

101 4332 313 4405 llabent
353 4332 495 4391 enim
529 4332 757 4403 singulae
777 4332 1013 4390 virtutes
1051 4332 1688 4405 pmprias'excellentias

98 4403 443 4462 diversorum
481 4422 763 4478 generum,
797 4406 994 4475 quibus
1025 4403 1085 4460 se
1128 4420 1311 4478 mutuo
1340 4407 1608 4463 excedunt
1636 4418 1690 4465 et

95 4477 623 4547 excedunturpquo
674 4477 736 4531 fit
782 4485 840 4549 ut.
887 4493 1006 4545 quae
1055 4492 1163 4549 una
1216 4477 1421 4531 ratione
1469 4480 1689 4534 videtur

96 4550 468 4618 prastantior,
502 4545 672 4603 altera
717 4545 929 4602 ratiune
961 4550 1030 4601 sit
1065 4545 1309 4618 inferior.
1344 4549 1537 4603 Posset
1569 4551 1696 4618 quia

92 4617 210 4672 dem
260 4634 327 4673 ex
370 4619 433 4673 Β.
482 4620 696 4673 Thoma
739 4619 899 4672 aliter
943 4621 1162 4687 exponi.
1209 4617 1342 4673 Nam
1391 4617 1694 4688 proposita)

91 4691 379 4751 qamstioni
416 4706 448 4762 :7
472 4689 670 4762 Utrum
707 4690 980 4762 uirginitas
1019 4690 1084 4741 sit
1129 4691 1363 4762 maxima,
1402 4693 1689 4762 uirtutum?

89 4762 381 4850 res-pendet
406 4761 553 4832 (2-2,
575 4777 626 4830 q.
652 4753 906 4844 ψίὲξςινι.
931 4753 988 4829 5)
1007 4773 1125 4842 esse
1148 4759 1681 4850 excellentissimam,
1710 4790 1764 4850 Β

89 4831 175 4882 Sed
223 4832 282 4885 in
330 4829 535 4900 genere
583 4829 882 4892 eastitatis,
933 4829 1065 4901 quia"
1097 4829 1438 4901 transcendit,
1487 4829 1682 4901 inquit,

89 4897 377 4956 vastitatem
400 4902 737 4972 vidualemhet
763 4897 1118 4972 conjugi'alem,‘
1144 4897 1242 4969 qua
1269 4903 1475 4956 ratiOne
1498 4897 1685 4972 Dnyé

85 4972 311 5044 prianus
353 4972 497 5044 (Lib.
543 4973 609 5024 de
634 4969 956 5044 AVirginitaJ)
989 4977 1146 5025 vocat
1172 4971 1288 5024 eam
1319 4975 1498 5040 ﬂorem
1523 4969 1685 5028 eccle-

86 5039 282 5117 fiastici
305 5039 581 5117 germinis,
609 5039 765 5117 decus
783 5051 828 5094 et
856 5039 1208 5117 ornamentum
1233 5039 1416 5117 gratim
1437 5045 1686 5113 spiritua-

89 5106 161 5188 iis,
198 5106 545 5188 illuitriorem
573 5113 858 5188 portionem
884 5113 1054 5183 gregis
1083 5106 1276 5166 Christi
1296 5152 1309 5176 ,
1340 5123 1394 5165 at
1427 5106 1530 5167 non
1552 5131 1682 5188 esse

88 5182 407 5253 Simpliciter
430 5182 1119 5248 excellentissimam,’cum
1151 5192 1361 5236 constet
1393 5199 1490 5237 nec
1515 5185 1682 5240 virtu-

91 5250 222 5308 tibus
264 5255 612 5326 theologicis,
655 5268 752 5308 nec
783 5254 1054 5326 religioni,
1089 5267 1187 5307 nec
1223 5255 1484 5326 martyrio
1524 5269 1683 5322 posse

88 5327 431 5394 Equiparari,
456 5323 673 5380 nedum
710 5323 971 5394 prteferri.
1011 5323 1201 5378 Verum
1235 5323 1382 5392 prior
1416 5325 1684 5392 CXpOSiliO

87 5383 200 5503 {Illic
220 5383 354 5458 ioco
383 5383 438 5454 ei.
464 5395 648 5451 menti
673 5383 923 5452 Abetoris
948 5395 1118 5466 magis
1140 5383 1413 5463 congruit,
1449 5383 1505 5447 ui
1536 5405 1686 5462 patet

105 5468 307 5503 ninam:
687 5469 690 5474 '

105 5468 332 5525 uiuenti.
687 5469 690 5474 '

109 5536 168 5610 ,ι’
223 5537 632 5610 Sanctificatio,
677 5533 1204 5610 βηεεθμᾶγιαλσμός,
1227 5550 1323 5603 pro
1357 5534 1678 5610 sanctitate,

36 5669 38 5674 τ
84 5605 185 5663 8ire
219 5605 617 5675 sanctimoma,
644 5605 1204 5672 sicutctjus'tilicatio
1231 5623 1325 5675 pro
1349 5607 1560 5674 justitia
1592 5620 1682 5659 su-

82 5679 259 5736 mitur.
285 5683 562 5748 Quamvis
593 5693 723 5732 vero
761 5680 1020 5735 sanctitas
1048 5693 1149 5746 pro
1180 5679 1323 5730 omni
1355 5677 1553 5735 virtute
1581 5691 1677 5729 seu

78 5749 466 5824 c0_rnplexione
498 5750 762 5805 virtutum
793 5749 1112 5819 plerumque
1144 5749 1459 5817 accipiatur,
1495 5756 1675 5802 tamen
1725 5783 1740 5805 .

1804 3489 1909 3545 hoc
1936 3492 2056 3544 loco
2087 3490 2154 3542 ab
2179 3489 2442 3557 Apostolo
2463 3503 2560 3558 pro
2576 3490 2788 3558 privata
2804 3497 2860 3542 et
2883 3485 3147 3558 peculiari
3164 3485 3390 3558 virtute,

1801 3561 2028 3614 luxuria:
2056 3556 2369 3622 contraria;
2395 3556 2591 3628 nempe
2616 3561 2867 3612 castitate
2901 3557 3072 3622 accipi
3094 3556 3228 3607 satis
3259 3571 3389 3628 ρῳ..

1802 3631 2053 3684 babiliter
2084 3632 2320 3705 ostendit
2342 3625 2632 3705 Cassianus
2659 3629 2860 3705 duplici
2878 3634 3206 3705 argumento
3233 3640 3244 3674 :
3278 3625 3386 3705 pri-

1800 3717 1891 3769 mo
1929 3705 2050 3769 quia
2078 3702 2256 3755 subdit
2273 3701 2569 3769 Apostolus
2593 3699 2741 3753 velut
2768 3696 3144 3769 explicationis
3174 3696 3381 3769 gratia:

1805 3767 1872 3825 Ut
1900 3765 2200 3825 abstinentia
2222 3787 2307 3823 eos
2331 3765 2364 3820 ὶι
2398 3769 2759 3835 fornicatione,
2786 3776 2840 3818 nt
2869 3765 2992 3818 sciat
3034 3765 3385 3835 unusquisque

1798 3853 2022 3896 vestrum
2052 3858 2138 3894 tias
2164 3857 2311 3895 suum
2339 3833 2603 3909 possidere
2628 3841 2677 3889 in
2710 3835 3120 3909 sanctiﬁcatione
3142 3843 3189 3886 et
3217 3833 3384 3909 Itono-

1797 3929 1873 3978 re,
1897 3924 2002 3968 etc.
2029 3930 2043 3978 ;
2092 3911 2288 3980 quibus
2309 3906 2492 3964 verbis
2521 3916 2706 3978 aperte
2745 3906 2948 3980 indicat
2980 3906 3030 3980 in
3061 3920 3169 3980 quo
3195 3907 3381 3980 cousi-

1800 3975 1906 4038 stat
1932 3975 2422 4043 illa'sanctiﬁcatio,
2449 3975 2645 4048 nempe
2673 3975 3066 4032 inabstinendo
3093 3991 3119 4029 a
3148 3975 3384 4031 fornica-

1799 4056 1970 4120 tione,
2024 4063 2155 4120 ctc.,
2191 4053 2334 4124 quod
2366 4062 2450 4108 est
2503 4051 2776 4121 proprium
2827 4064 3021 4124 munus
3079 4049 3378 4124 castitatis;

1797 4127 2038 4181 secundo
2060 4119 2181 4195 quia
2201 4119 2360 4194 paulo
2384 4119 2514 4194 post
2535 4124 2693 4178 etiam
2715 4137 2812 4195 pro
2834 4122 3044 4195 ratione
3068 4119 3379 4195 subjungit;

1798 4196 1922 4250 Non
1954 4191 2088 4250 enini
2106 4191 2299 4250 vocavit
2328 4191 2420 4250 nos
2470 4195 2611 4255 Deus
2637 4195 2688 4247 in
2732 4191 3135 4258 immunditiam,
3195 4191 3288 4242 sed
3325 4192 3382 4246 in

1794 4269 2279 4336 sanctiﬁcationem.
2333 4267 2445 4334 Qua
2501 4264 2984 4319 antithesiindicat
3040 4261 3381 4317 sanctitatem

1796 4338 1994 4406 opponi
2024 4338 2400 4405 immunditize,
2444 4336 2687 4405 nihilque
2711 4336 2854 4390 aliud
2881 4347 3002 4388 esse
3040 4348 3196 4402 quam
3222 4349 3382 4388 mun-

1795 4409 1980 4462 ditiam
2008 4407 2210 4472 cordis,
2235 4409 2299 4461 de
2325 4423 2425 4476 qua
2459 4407 2619 4462 infra.

1871 4489 1892 4516 ο
1925 4477 2150 4542 Quidam
2182 4478 2324 4532 vasis
2346 4475 2581 4534 nomine
2605 4477 2915 4546 intelligunt
2945 4489 3171 4528 uxorem
3191 4475 3379 4546 cujus-

1793 4558 1919 4622 que,
1951 4541 2052 4622 seu
2067 4563 2282 4622 corpus
2311 4552 2506 4622 nitoris
2548 4541 3148 4622 (August.-_deNupt._et
3177 4541 3380 4622 Concu-

1831 4621 1922 4673 isc.
1951 4631 1995 4672 c.
2027 4619 2084 4688 8)
2111 4637 2122 4671 :
2151 4617 2246 4688 pro
2272 4621 2465 4688 quibus
2487 4617 2611 4674 facit
2642 4617 2791 4674 locus
2815 4619 2938 4672 huic
2971 4617 3130 4669 valde
3159 4617 3375 4685 similis,

1831 4637 1922 4673 isc.
1951 4637 1995 4672 c.
2027 4637 2084 4688 δ)
2111 4637 2122 4671 :
2151 4637 2246 4688 pro
2272 4637 2465 4688 quibus
2487 4637 2611 4674 tacu
2642 4637 2791 4674 locus
2815 4637 2938 4672 IIUIC
2971 4637 3130 4669 value
3159 4637 3375 4685 SlﬂllllS,

1790 4637 1977 4762 {Petri
2006 4706 2106 4762 in:
2145 4689 2308 4762 Quasi
2346 4691 2622 4762 infirmiori
2658 4691 2866 4745 vasculo
2897 4687 3135 4762 muliebri
3184 4688 3377 4759 imper-

1793 4758 1971 4814 tientes
1995 4761 2261 4817 honorem.
2280 4758 2584 4830 Alii,’inter
2611 4777 2746 4830 quos
2769 4760 3082 4823 Cassianus,
3110 4758 3379 4830 interpre-

1792 4841 1974 4885 tantur
2002 4829 2562 4902 pmpriutuimjusqne
2591 4829 2812 4902 corpus.
2836 4832 2922 4886 Sic
2945 4830 3087 4882 enim
3113 4829 3378 4897 accipitur

1791 4902 1812 4956 Ι
1841 4902 2044 4974 Regum
2078 4901 2168 4958 xxx
2201 4923 2212 4955 :
2249 4901 2314 4955 Et
2347 4901 2553 4974 [nerunt
2578 4918 2698 4974 uasa
2723 4915 2993 4974 puerorum
3024 4909 3240 4974 satiata;
3267 4914 3377 4968 quo

1792 4968 1954 5030 etiam
1982 4974 2143 5027 modo
2173 4968 2453 5039 eXpon'unt
2481 4971 2613 5023 illud
2648 4972 2688 5025 ll
2711 4971 2960 5025 Corinth.
2992 4983 3047 5022 tv
3073 4987 3083 5020 :
3113 4968 3374 5023 Habentes

1795 5046 2083 5097 thesaurum
2114 5045 2266 5093 istum
2290 5041 2343 5091 in
2373 5041 2507 5092 vasis
2539 5041 2804 5107 fictilibus,
2837 5041 2886 5094 id
2920 5049 3025 5103 est,
3071 5039 3242 5105 fragili
3272 5040 3375 5092 hoc

1793 5129 2020 5182 corpore
2043 5129 2056 5174 ;
2081 5127 2198 5179 quae
2224 5109 2440 5182 quidem
2467 5111 2734 5182 expositio
2765 5111 3098 5182 plausibilior
3127 5119 3370 5176 apparet,

1792 5179 1904 5239 tum
1930 5183 2069 5252 quod
2093 5180 2358 5234 sententia
2381 5179 2625 5246 Apostoli
2672 5182 2939 5249 generalis
2990 5181 3079 5242 sit,
3113 5187 3366 5252 spectans

1792 5244 1985 5310 omnes
2013 5252 2218 5320 lidelcs,
2254 5267 2358 5305 non
2392 5244 2563 5304 solum
2597 5244 2873 5316 uxor-atus,
2921 5259 3031 5320 tum
3079 5246 3222 5320 quod
3257 5244 3374 5302 haec

1793 5318 2401 5394 paraphrastice'addita
2432 5320 2808 5394 videanturAad
2854 5318 3272 5394 esplicationem
3318 5331 3373 5373 et

1792 5389 2210 5450 declarationem
2246 5395 2683 5463 prmcedentium.
2718 5389 3007 5463 Possiderc
3053 5389 3196 5463 enim
3244 5402 3363 5458 vas,

1793 5467 1895 5522 hoc
1927 5475 2028 5532 est,
2061 5457 2256 5533 corpus
2281 5481 2458 5530 suum,
2493 5465 2544 5517 in
2593 5461 3020 5533 sanctificatione
3056 5466 3108 5510 et
3135 5457 3366 5533 honore,

1737 5547 1744 5564 ’
1790 5538 1922 5592 nihil
1953 5530 2094 5591 aliud
2116 5530 2197 5589 est
2226 5551 2388 5605 quam
2410 5536 2684 5589 abstinere
2713 5550 2739 5585 a
2770 5530 3128 5605 fornicatione
3145 5531 3368 5605 et__o_mni

1788 5607 1972 5661 illicita
2018 5598 2334 5673 voluptaic,
2389 5620 2713 5674 omnemque
2775 5602 2952 5656 carnis
3005 5598 3366 5674 immnditiam

1788 5679 2050 5755 devitarc,
2086 5672 2231 5748 quod
2275 5679 2536 5755 castitatis
2563 5672 2833 5754 preprium
2859 5687 2981 5728 esse
3004 5683 3166 5727 nemo
3195 5672 3366 5731 ambi~

1783 5751 1880 5820 git.
