3994 6202
520 2994 539 2999 ,
608 2955 734 2995 vero
783 2940 904 2997 esse
937 2941 1253 2996 munditiam
1303 2940 1504 3006 cordis,
1541 2941 1607 2994 de
1647 2940 1749 3008 qua

607 213 724 286 287

1202 337 1428 395 CAPUT
1463 334 1631 392 XVI.‘

615 430 699 490 De
723 431 829 487 alio
846 431 1079 504 Apostoli
1107 431 1390 485 testimonio
1440 443 1596 499 super
1628 427 1807 482 eadem
1834 426 2191 480 sanctimonia.

691 525 761 580 Et
789 524 916 580 licet
944 524 1010 578 ad
1040 524 1198 577 linem
1220 521 1387 576 libelli
1416 520 1599 575 tendat
1633 520 1827 588 oratio,
1852 519 1996 575 aliud
2022 519 2195 575 adhuc

616 618 797 674 simile
824 616 950 670 huic
978 614 1407 684 praetermissum
1437 614 1679 683 ejusdem
1702 613 1928 682 apostoli
1955 612 2196 668 testimo-

616 709 766 762 nium
798 720 1015 775 ponam.
1041 704 1123 759 Ad
1162 703 1418 758 Hebraeos
1445 718 1677 773 namque
1724 704 1970 759 scribens
1995 722 2008 756 :
2039 713 2065 741 ι
2094 703 2194 758 Pa-

616 811 754 860 cem,
790 796 981 864 inquit,
1012 792 1295 849 sectamini
1336 808 1457 848 cum
1498 795 1773 861 omnibus,
1806 805 1860 850 et
1898 796 2193 849 sanctimo-

611 886 775 954 niam,
802 885 921 940 sine
941 900 1043 954 qua
1073 900 1231 940 nemo
1260 884 1463 940 videbit
1509 886 1681 941 Deum
1722 886 1909 958 (Hebr.
1935 885 2055 959 xit).
2092 887 2192 942 Hic

610 995 826 1051 quoque
854 981 1137 1035 evidenter
1157 980 1275 1036 sine
1301 980 1678 1047 sanctimonia,
1701 996 1862 1049 quam
1887 982 2030 1037 solet
2057 981 2191 1037 inte-

610 1077 867 1147 gritatem
897 1075 1115 1140 mentis,
1149 1075 1236 1129 vel
1286 1077 1576 1144 puritatem
1622 1076 1867 1144 corporis
1896 1073 2188 1143 appellare,

612 1170 985 1239 pronuntiavit
1030 1169 1196 1223 Deum
1230 1172 1444 1238 penitus
1474 1168 1647 1223 videri
1675 1183 1781 1222 non
1810 1181 2003 1236 posse;
2026 1167 2193 1235 siqui—

608 1264 733 1319 dem
778 1271 837 1317 et
882 1262 967 1316 hic
998 1262 1255 1316 similiter
1280 1261 1461 1326 infert,
1491 1260 1741 1315 eumdem
1764 1274 1981 1313 sensum
2010 1258 2194 1328 expla-

608 1372 772 1413 nans:
800 1356 878 1411 Nc
900 1357 1023 1426 quis
1046 1355 1340 1410 fornicator
1362 1363 1453 1409 aut
1478 1354 1758 1424 profanus,
1798 1362 1858 1408 ut
1895 1353 2059 1408 Esau.

1189 1487 1418 1544 CAPUT
1457 1488 1619 1546 XVII.

614 1604 765 1672 Quod
793 1618 907 1674 spes
930 1602 1243 1656 sublimioris
1274 1603 1490 1683 praemii
1519 1604 1695 1657 debeat
1717 1603 2006 1657 custodiam
2033 1604 2189 1659 casti-

1210 1682 1330 1727 tatis
1366 1690 1572 1743 augere.

675 1808 862 1878 Itaque
883 1814 1145 1877 Quantum
1167 1806 1397 1863 sublime
1420 1806 1755 1876 coelesteque
1786 1788 1870 1861 est
1899 1806 2184 1877 praemium

607 1901 893 1965 castitatis,
942 1909 1090 1953 tanto
1115 1898 1454 1968 gravioribus
1480 1899 1916 1953 adversariorum
1973 1899 2186 1953 insidiis

608 1992 912 2048 lacessitur.
941 1992 1007 2045 Et
1056 1991 1255 2046 idcirco
1301 1992 1620 2061 pr0pensius
1647 1991 1802 2045 nobis
1824 1999 2069 2073 esu/non
2097 2006 2186 2045 so-

607 2086 715 2139 lum
746 2085 1075 2140 continentia
1101 2084 1369 2153 corporis,
1396 2100 1583 2139 verum
1598 2086 1758 2139 etiam
1782 2084 2037 2139 contritio
2065 2098 2187 2139 cor-

606 2177 689 2232 dis
732 2178 965 2234 assiduis
1020 2178 1330 2233 orationum
1381 2178 1669 2247 gemitibus
1705 2176 2036 2243 adhibenda,
2069 2176 2096 2215 δ
2129 2185 2189 2233 ιιι

1945 214 2222 279 JOANNIS
2256 216 2572 276 CASSIANI

2220 338 2275 397 Α
2300 334 2546 389 clibanus
2566 334 2747 388 carnis
2770 343 2993 401 nostrae,
3015 350 3177 407 quem
3207 348 3315 405 rex,
3330 337 3655 409 Babylonius
3687 338 3880 397 incen-

2298 428 2421 482 tivis
2466 427 2871 496 suggestionum
2900 428 3195 483 carnalium
3226 430 3557 486 succendere
3601 445 3709 488 non
3735 432 3878 490 desi-

2294 520 2409 585 stit,
2437 518 2796 574 descendente
2824 519 2878 574 in
2905 520 3069 576 corda
3096 529 3275 577 nostra
3309 537 3441 578 rore
3481 525 3655 579 sancti
3696 523 3874 592 Spiri-

2297 620 2402 677 tus,
2432 610 2831 679 exstinguatur.

2852 700 3080 761 CAPUT
3119 703 3307 760 XVIII.

2368 798 2663 854 Castitatem
2683 798 2779 852 niti
2808 799 3118 864 humilitate,
3151 809 3196 853 et
3234 800 3502 855 scientiam
3545 803 3798 857 castitate.

2367 890 2437 946 Ut
2457 892 2601 945 enim
2626 891 2762 946 hanc
2781 892 3025 947 seniores
3044 892 3193 946 aiunt
3213 892 3547 961 apprehendi
3564 908 3671 947 non
3693 908 3873 959 posse,

2298 994 2321 1022 ο
2349 984 2451 1040 nisi
2479 986 2624 1054 prius
2664 984 2984 1040 humilitatis
3014 986 3070 1040 in
3105 986 3273 1040 corde
3295 987 3642 1041 fundamenta
3672 987 3877 1041 fuerint

2292 1075 2582 1139 collocata;
2631 1075 2708 1129 ita
2760 1090 2862 1130 nec
2885 1076 2953 1129 ad
2982 1076 3184 1130 fontem
3213 1076 3428 1147 quidem
3459 1090 3601 1129 verae
3626 1076 3876 1131 scientia

2292 1167 2564 1235 perveniri
2592 1182 2746 1235 posse
2766 1166 3054 1233 deﬁniunt,
3090 1166 3265 1222 donec
3292 1166 3651 1236 penetralibus
3680 1168 3880 1223 anima:

2289 1268 2493 1314 nostra:
2522 1259 2673 1312 radix
2709 1260 2821 1312 vitii
2854 1259 3015 1327 hujus
3042 1258 3334 1313 insederit:
3364 1268 3419 1312 et
3448 1258 3709 1326 possibile
3744 1260 3879 1328 qui-

2291 1349 2413 1405 dem
2444 1365 2565 1405 esse
2608 1350 2972 1419 integritatem
2998 1350 3118 1404 sine
3145 1350 3388 1404 scientiae
3416 1350 3586 1417 gratia
3618 1351 3880 1419 reperiri,

2290 1441 2318 1479 ἀ
2346 1443 2687 1512 impossibile
2718 1457 2846 1497 vero
2872 1444 3152 1497 scientiam
3174 1442 3470 1510 Spiritalem
3499 1440 3617 1497 sine
3646 1443 3884 1511 integri-

2290 1536 2416 1589 tatis
2438 1535 2760 1590 castimonia
2785 1534 3072 1604 possideri.
3100 1534 3235 1601 Quia.
3254 1543 3307 1588 et
3325 1534 3537 1588 diversa
3554 1543 3679 1587 sunt
3703 1533 3878 1599 dona,
3970 1578 3981 1601 ,

2291 1636 2345 1683 et
2382 1642 2490 1681 non
2521 1626 2771 1681 omnibus
2801 1641 2904 1681 una
2930 1626 3099 1696 gratia
3130 1624 3363 1694 Spiritus
3388 1625 3557 1679 sancti
3585 1623 3875 1687 tribuitur,

2215 1721 2264 1782 B
2291 1719 2386 1775 sed
2411 1730 2433 1757 ο
2457 1719 2522 1773 ad
2551 1733 2712 1789 quam
2740 1733 2800 1775 se
2839 1717 3206 1791 unusquisque
3234 1715 3415 1771 studio
3464 1715 3549 1769 vel
3602 1714 3880 1769 industria

2289 1827 2383 1866 sua
2409 1810 2628 1882 dignum
2656 1820 2945 1879 aptumque
2998 1809 3312 1876 prtebuerit.
3360 1806 3601 1874 Denique
3644 1821 3766 1859 cum
3817 1806 3881 1859 in

2289 1903 2539 1957 omnibus
2560 1901 2826 1972 apostolis
2849 1899 3049 1953 sanctis
3070 1898 3239 1955 virtus
3270 1896 3603 1966 integritatis
3634 1896 3882 1965 perfecta

2288 1993 2453 2048 fuisse
2486 1992 2760 2055 credatur,
2784 1990 3146 2045 abundantius
3174 1997 3351 2043 tamen
3396 1987 3640 2041 scientiae
3666 1986 3881 2041 donum

2287 2088 2611 2142 exuberavit
2640 2087 2693 2140 in
2717 2085 2904 2151 Paulo,
2942 2084 3066 2153 quia
3112 2098 3171 2138 se
3195 2082 3261 2135 ad
3293 2083 3428 2136 hanc
3472 2089 3653 2150 aptum
3683 2081 3881 2137 solerti

2287 2179 2469 2234 studio
2497 2187 2663 2249 atque
2702 2176 2963 2233 industria
2988 2175 3333 2245 praeparavit.

1662 2338 1917 2393 ALARDI
1957 2337 2192 2394 GAZAEI
2228 2337 2793 2395 COMMENTARIUS.

676 2459 701 2486 ἰ
733 2447 932 2502 Probat
956 2446 1246 2503 Cassianus
1273 2448 1382 2503 alio
1407 2447 1649 2518 Apostoli
1678 2450 1986 2503 testimonio
2012 2451 2175 2503 casti-

608 2520 732 2574 tatis
773 2520 1201 2587 praarogativam,
1251 2519 1318 2573 de
1365 2534 1467 2641 (lina
1500 2520 1769 2587 superiori
1800 2520 2001 2587 capite;
2032 2520 2173 2587 quod

608 2591 813 2641 scilicet
841 2591 1099 2641 sanctitas
1125 2599 1178 2641 et
1195 2590 1363 2641 sancti
1389 2591 1547 2641 tcatio
1568 2591 1615 2641 ei
1644 2590 1861 2641 oronrie
1879 2591 2169 2641 tribuatur:

608 2591 813 2644 scilicet
841 2591 1099 2643 sanctitas
1125 2599 1178 2643 et
1195 2590 1547 2643 sanctificatio
1568 2591 1615 2642 ei
1644 2590 1861 2657 proprie
1879 2591 2169 2654 tribuatur;

608 2671 657 2715 ct
682 2663 791 2728 ipsa
824 2660 926 2714 hoc
955 2661 1107 2712 titulo
1132 2660 1505 2714 sanctimonia:
1558 2660 1901 2728 peculiariter
1945 2669 1999 2713 et
2063 2675 2175 2729 prae

607 2733 818 2785 steteris
840 2731 1128 2784 virtutibus
1152 2741 1394 2783 ornetur.
1429 2729 1847 2784 Sanctimoniam
1878 2744 2055 2785 autem
2087 2730 2175 2787 hic

608 2812 759 2857 vocat
805 2801 1097 2871 Apostolus
1140 2816 1310 2871 quam
1354 2814 1513 2867 supra
1564 2800 2064 2871 sanctificationem,
2119 2810 2175 2855 et

608 2874 891 2942 utrobique
906 2872 1096 2925 eodem
1120 2870 1309 2926 Graeco
1325 2872 1605 2942 vocabulo,
1634 2870 1887 2942 ἁγιασμόν
1902 2888 1916 2936 ;
1932 2872 2177 2926 eamdem

1836 2942 2048 2995 cunnus
2106 2943 2180 2996 an

609 3013 843 3065 Matthxi
872 3030 903 3063 v
938 3031 951 3065 :
987 3012 1129 3065 Beati
1160 3013 1348 3064 mundo
1374 3013 1550 3075 corde,
1580 3013 1823 3077 quoniam
1862 3014 1962 3079 ipsi
2014 3012 2179 3066 Deum

610 3083 866 3147 videbunt,
916 3084 1048 3137 satis
1078 3082 1279 3136 indicat
1308 3082 1543 3135 clausula
1566 3082 1657 3134 illa
1694 3100 1706 3135 :
1741 3082 1866 3135 Sine
1893 3099 1996 3149 qua
2027 3098 2177 3146 nemo

611 3151 774 3206 Deum
796 3152 1003 3219 videbit,
1036 3167 1194 3220 quam
1218 3152 1540 3205 sententiam
1567 3152 1773 3205 Domini
1800 3154 2064 3219 spectavit
2108 3156 2180 3206 A-

611 3224 869 3292 postolus.
906 3222 1059 3278 Unde
1090 3232 1144 3275 et
1178 3222 1299 3275 aliis
1351 3222 1645 3289 Scriptum
1685 3222 1840 3287 locis,
1876 3223 2178 3291 praesertim

611 3293 944 3362 apostolicis,
978 3295 1259 3356 sanctitas,
1293 3292 1404 3345 sive
1434 3292 1811 3358 sanctimonia,
1867 3307 1967 3361 pro
2018 3295 2181 3347 casti-

610 3376 718 3417 tate
767 3378 861 3417 seu
912 3363 1147 3429 puritate
1194 3362 1388 3416 mentis
1413 3371 1467 3416 et
1506 3362 1747 3428 Corporis
1767 3364 2048 3430 accipitur,
2076 3363 2180 3417 utI

611 3435 735 3489 Cor.
766 3450 837 3487 vn
869 3451 881 3487 :
915 3433 982 3488 Ut
1003 3435 1067 3487 sit
1097 3442 1277 3487 sancta
1304 3448 1519 3499 corpore
1544 3442 1591 3484 et
1615 3433 1820 3501 spiritu.
1847 3440 1916 3485 At
1974 3433 2172 3500 Ephes.

611 3520 660 3559 tv
696 3524 707 3557 :
746 3504 811 3560 Ut
839 3505 903 3558 sit
936 3514 1114 3558 sancta
1146 3513 1192 3558 et
1222 3504 1569 3556 immaculata.
1600 3501 1666 3556 At
1708 3502 1863 3556 Rom.
1888 3520 1937 3556 vn
1971 3522 1982 3557 :
2018 3504 2179 3558 Exhi-

609 3576 719 3629 bete
740 3577 964 3630 membra
993 3587 1156 3629 vestra
1178 3577 1362 3628 servire
1374 3574 1595 3644 justitia:
1623 3576 1675 3625 in
1698 3576 2175 3640 sancti/irationem.

608 3646 860 3702 Continet
913 3662 1077 3716 porro
1126 3645 1316 3700 eadem
1355 3643 1596 3698 clausula
1619 3643 1777 3716 aliam
1808 3647 2073 3698 castitatis
2125 3655 2180 3699 et

610 3720 887 3773 munditiae
915 3712 1349 3785 praerogativam,
1378 3717 1534 3783 eique
1577 3712 1898 3783 peculiarem
1941 3723 1995 3768 et
2026 3716 2180 3771 valde

608 3798 1019 3858 congruentem,
1086 3802 1278 3855 nempe
1336 3786 1642 3839 facultatem
1675 3787 2177 3858 _seu_aptitudinem

615 3854 780 3912 Deu'm
840 3858 1055 3911 videndi
1109 3869 1272 3924 atque
1314 3854 1731 3924 contemplandi.
1767 3855 1895 3909 Nam
1943 3866 2003 3910 ut
2047 3857 2180 3911 nihil

611 3943 766 3997 aeque
795 3927 1075 3980 obnubilat
1098 3926 1421 3997 hebetatque
1445 3928 1641 3980 mentis
1672 3927 1859 3997 oculos
1881 3935 2040 3994 atque
2070 3937 2180 3981 tur-

614 3996 802 4065 pitudo
832 4007 885 4049 et
912 3996 1187 4050 immunda
1208 3999 1385 4050 Carnis
1413 3997 1721 4059 delectatio,
1757 3996 1835 4048 sic
1879 4011 1974 4049 eos
2017 4014 2047 4050 e
2097 3997 2179 4050 di-

612 4084 770 4125 verso
790 4069 1035 4135 castitas,
1062 4066 1332 4135 praecipue
1357 4065 1617 4133 virginea,
1648 4080 1805 4131 quam
1830 4067 2067 4121 maxime.
2086 4083 2182 4133 pu-

612 4141 787 4196 rificat
810 4134 1075 4208 aptosque
1092 4134 1267 4191 reddit
1290 4135 1728 4208 contemplationi
1747 4154 1758 4187 :
1781 4136 1964 4208 quoin
1982 4151 2179 4203 genere

611 4214 747 4267 visio
771 4206 861 4265 Dei
897 4206 1189 4279 principem
1217 4207 1424 4279 obtinet
1451 4206 1757 4279 locum,_ea_
1786 4206 2033 4258 nimirum
2073 4222 2179 4279 qua

610 4284 753 4337 Deus
779 4299 871 4351 per
898 4275 1192 4335 essentiam
1220 4275 2180 4351 Avidetur,Aquod_Sc‘riptura_appellat

608 4344 956 4407 videre-sicuti
987 4361 1077 4413 est,
1113 4359 1156 4403 et
1182 4349 1352 4402 videre
1373 4348 1503 4416 facie
1521 4349 1589 4399 ad
1618 4346 1800 4415 faciem
1821 4344 1863 4416 ρ
1896 4346 2014 4399 Cor.
2039 4348 2174 4416 xm).

680 4424 707 4461 ι)
741 4426 963 4479 Pulchra
992 4422 1251 4490 allegoria
1278 4420 1513 4490 historiae
1536 4419 1775 4471 Danielis
1797 4419 1959 4490 (Dan.
1987 4427 2088 4486 ιιι),
2111 4419 2180 4472 de

609 4494 785 4548 tribus
817 4495 994 4562 pueris
1027 4496 1079 4545 in
1104 4486 1384 4546 Tornacetn
1410 4489 1699 4562 ardentem
1731 4486 1991 4554 conjectis
2017 4504 2028 4538 :
2059 4490 2179 4562 qui:-

607 4565 710 4619 bus
741 4557 955 4618 intactis
982 4572 1037 4617 et
1056 4563 1256 4625 illaesis,
1287 4576 1347 4613 ac
1370 4558 1534 4612 veluti
1558 4557 1789 4626 quodam
1819 4572 1943 4611 rore
1969 4558 2177 4613 C(Itlesli

610 4637 863 4702 perfusis,
902 4635 1200 4702 Deumque
1234 4628 1577 4702 laudantibus
1624 4638 1678 4680 et
1702 4626 2169 4702 benediceutibus,
2200 4638 2258 4698 ])

2283 2453 2527 2513 amittere,
2561 2460 2609 2504 et
2630 2451 2774 2504 aliud
2805 2450 2964 2502 oculis
2992 2449 3316 2515 comminari,
3349 2449 3494 2501 aliud
3524 2448 3752 2515 praebere
3786 2459 3881 2503 ta-

2282 2522 2512 2574 clui:sic
2532 2522 2584 2573 in
2625 2522 2800 2573 animo
2827 2521 3089 2591 virginali,
3120 2535 3236 2572 rore
3263 2520 3451 2572 caelesti
3471 2528 3519 2591 et
3533 2521 3873 2589 jejuniorunt

2281 2591 2479 2660 frigore
2506 2591 2651 2645 calor
2681 2591 2925 2660 puellaris
2954 2592 3315 2659 exstinguitur,
3343 2598 3389 2641 et
3420 2590 3727 2660 inhumano
3756 2607 3880 2643 cor-

2279 2659 2404 2726 pore
2430 2659 2732 2730 angelorum
2758 2664 3060 2724 impetratur
3100 2661 3436 2712 conversatio.
3471 2659 3594 2712 Haec
3641 2661 3880 2729 elegano

2284 2739 2366 2785 ter
2391 2742 2445 2785 et
2467 2734 2741 2799 aptissime
2763 2730 2829 2785 ad
2860 2730 3001 2783 hunc
3044 2730 3220 2783 locum
3254 2730 3409 2783 divus
3438 2730 3833 2799 Hieronymus.

2359 2812 2381 2839 ο
2418 2798 2702 2866 Virtutum,
2729 2799 2898 2870 inquit
2926 2800 2989 2870 D.
3024 2800 3333 2853 Bernardus
3365 2800 3478 2867 (lib.
3530 2815 3558 2850 v
3584 2798 3879 2853 de’Consi-

2284 2873 2501 2942 derat.),
2534 2873 2725 2926 bonum
2750 2869 2814 2924 ac
2834 2869 3016 2942 stabile
3040 2871 3429 2942 fundamentum
3458 2878 3529 2942 est
3570 2870 3875 2942 humilitas.

2282 2942 2351 2997 Et
2376 2943 2437 2996 D.
2465 2939 2792 3011 Augustinus
2825 2940 2939 3011 (lib.
2967 2957 2983 2994 ι
3008 2942 3070 2993 de
3100 2940 3251 2995 Verb.
3285 2939 3515 3001 Domini,
3542 2956 3698 2992 serm.
3732 2940 3824 3011 10)
3858 2961 3869 2995 :

2285 3015 2490 3082 Cogitas
2512 3010 2754 3083 magnam
2781 3012 3365 3083 fabricant‘constituere
3398 3010 3778 3083 _celsitudinis.’
3802 3013 3876 3065 de

2284 3080 2626 3151 fundamento
2657 3080 2801 3153 prius
2833 3083 3001 3152 cegita
3027 3080 3353 3153 humilitatis.
3389 3080 3752 3153 Peculiariter
3780 3090 3873 3133 αις

2285 3170 2409 3208 men
2466 3166 2519 3208 et
2566 3150 2783 3222 speciali
2815 3150 3055 3218 ratione;
3081 3167 3250 3219 eaque
3276 3151 3500 3218 duplici,
3532 3150 3637 3222 dici
3685 3158 3878 3222 potest

2286 3220 2687 3281 fundamentum
2724 3222 2987 3278 castitatis
3025 3240 3035 3272 :
3066 3223 3241 3291 primo
3271 3223 3394 3290 quia
3429 3236 3549 3275 vera
3579 3220 3870 3277 humilitas

2286 3293 2413 3348 facit
2445 3306 2500 3348 ut
2530 3296 2594 3347 ad
2619 3294 2784 3348 Deum
2814 3307 3157 3348 recurramus
3181 3307 3275 3361 pro
3304 3291 3650 3346 continentiae
3675 3300 3733 3344 et
3771 3307 3877 3345 ca-

2285 3366 2484 3418 stitatis
2510 3365 2653 3418 dono
2681 3363 2977 3419 obtinendo
3006 3372 3061 3418 et
3106 3362 3496 3421 conservando.
3540 3361 3693 3429 juxta
3725 3361 3871 3416 illud

2285 3435 2413 3506 Sap.
2431 3451 2521 3489 vm
2547 3454 2558 3487 :
2580 3435 2958 3506 Cognoviquod
2976 3450 3079 3487 non
3098 3450 3297 3503 possem
3321 3450 3428 3487 esse
3454 3432 3743 3506 continens,
3763 3434 3874 3506 nisi

2284 3501 2423 3558 Deus
2454 3508 2573 3571 det;
2592 3501 2701 3559 adii
2728 3501 3032 3571 Dominum,
3063 3501 3107 3557 et
3133 3507 3435 3573 deprecatus
3457 3519 3581 3555 sum
3608 3501 3875 3558 Secundo

2283 3577 2407 3644 quia
2437 3577 2710 3630 humilitas
2738 3577 2894 3630 docet
2919 3591 3022 3628 non
3050 3590 3169 3629 esse
3199 3574 3266 3628 de
3292 3576 3537 3644 castitate
3578 3583 3667 3644 aut
3696 3575 3873 3640 virgi-

2283 3643 2452 3702 nitate
2476 3646 2835 3715 gloriandum,
2870 3646 2973 3699 nisi
2998 3645 3047 3697 in
3083 3646 3343 3709 Doinino;
3374 3660 3441 3698 ne
3463 3643 3668 3697 similes
3691 3645 3875 3715 simus

2286 3716 2448 3772 fatuis
2472 3718 2577 3771 illis
2607 3717 2906 3786 virginibus
2934 3715 3146 3783 (Matth.
3177 3715 3309 3785 xxv)
3339 3731 3473 3784 quae.
3508 3724 3561 3767 ut
3594 3716 3665 3786 ait
3688 3714 3872 3786 divus

2284 3786 2580 3856 Gregorius
2606 3784 2829 3858 (Homil.
2866 3786 2926 3839 12
2945 3788 2995 3838 in
3016 3786 3306 3858 Et'angel.),
3340 3786 3461 3836 dum
3476 3785 3545 3858 de
3566 3784 3875 3858 virginitate

2281 3874 2377 3911 sua
2392 3853 2627 3929 gloriam
2657 3858 2782 3929 foris
2804 3866 3067 3925 expetunt,
3094 3853 3261 3929 oleum
3292 3857 3344 3908 in
3378 3856 3510 3929 vasis
3538 3853 3877 3929 suis‘habere

2284 3925 2913 3998 neglexeruntpideoque
2966 3944 2993 3980 a
3028 3928 3235 3998 nuptiis
3259 3925 3441 3998 sponsi
3483 3925 3723 3998 caelestis
3757 3936 3872 3978 ex-

2283 3995 2422 4053 cludi
2449 4010 2779 4053 meruerunt.
2815 3997 2962 4052 Unde
2991 3995 3181 4051 merito
3209 3996 3339 4050 dicit
3364 3996 3500 4049 idem
3554 3995 3874 4061 Gregorius

2284 4067 2463 4137 (lib.v1
2491 4068 2710 4135 Moral.,
2738 4066 2986 4135 cap.25),
3013 4068 3211 4119 nullam
3226 4083 3334 4120 esse
3360 4066 3653 4137 castitatem
3676 4068 3872 4119 carnis

2283 4134 2437 4205 gnam
2488 4155 2591 4192 non
2640 4134 2958 4193 commendat
3010 4136 3272 4190 humilitas
3302 4137 3499 4189 mentis.
3536 4134 3779 4195 Nullam,
3816 4138 3877 4190 id

2283 4220 2386 4273 εει,
2416 4209 2614 4263 nullius
2637 4210 2813 4263 meriti
2836 4218 2887 4261 et
2911 4207 3063 4275 pretii
3087 4209 3224 4275 apud
3252 4209 3439 4260 Deum.
3461 4206 3527 4258 Et
3550 4205 3709 4257 divus
3737 4206 3878 4260 Ber-

2283 4278 2484 4332 nardns
2513 4300 2526 4334 :
2551 4279 2872 4346 Laudabilis,
2898 4277 3090 4346 inquit,
3123 4277 3427 4346 virginitas;
3456 4276 3546 4327 sed
3578 4278 3748 4345 magis
3772 4293 3877 4328 ne—

2283 4351 2512 4401 cessaria
2560 4336 2997 4402 Immilitasflllit
3040 4336 3346 4409 consulitur,
3386 4336 3482 4398 ista
3508 4336 3820 4416 preccipitur
3856 4365 3877 4400 :

2282 4418 2389 4471 sine
2420 4421 2725 4481 humilitate,
2743 4420 2906 4472 audeo
2930 4420 3115 4481 dicere,
3137 4434 3224 4471 nec
3244 4418 3511 4485 virginitas
3540 4415 3729 4468 Mariis
3753 4417 3877 4483 pla-

2281 4489 2489 4543 cuisset.
2523 4491 2586 4544 Et
2617 4490 2749 4544 infra
2774 4487 3010 4560 (Serani
3044 4504 3195 4560 super
3224 4488 3413 4541 Missus
3441 4490 3545 4551 est)
3568 4502 3586 4538 :
3614 4487 3727 4560 Etsi
3755 4489 3876 4552 pla‘

2283 4559 2392 4630 cuit
2421 4577 2483 4613 ea:
2502 4557 2810 4630 virginitate,
2837 4570 3004 4612 tamen
3025 4574 3088 4611 ea:
3108 4557 3400 4611 humilitate
3421 4557 3675 4630 concepit.

2351 4626 2375 4665 δ
2404 4626 2694 4685 δεὶθιιῐίειιιι
2720 4631 3017 4697 spiritalem
3050 4638 3231 4694 vocat,
3268 4643 3444 4680 rerum
3494 4627 3872 4693 spiritualium

610 4694 833 4758 'Involvit
854 4694 1284 4771 ﬂamma-multos
1304 4699 1561 4771 ministros
1605 4697 1737 4771 regis
1764 4694 2071 4771 Babylonii,
2089 4703 2178 4767 qui
2201 4694 2245 4765 ί
2279 4708 2333 4753 et
2358 4702 2672 4755 salutarium
2704 4694 3074 4771 cognitionem
3103 4714 3222 4753 cum
3247 4700 3449 4771 pietate
3478 4698 3866 4771 cii‘njunctam,

608 4791 725 4829 eam
748 4767 1291 4835 incendebant.Quam
1305 4769 1618 4836 allegoriam
1641 4768 1800 4821 etiam
1826 4767 1999 4835 attigit
2021 4768 2176 4825 divus

609 4846 974 4910 Hieronymus
996 4842 1156 4908 epist.
1182 4843 1236 4905 8,
1264 4842 1333 4892 ita
1362 4838 1605 4910 scribens
1627 4853 1639 4888 :
1660 4837 1940 4910 Adversum
1961 4841 2175 4910 juvenes

608 4926 657 4969 et
686 4908 883 4982 puellas
912 4913 1076 4968 (etatis
1120 4912 1305 4982 ardore
1351 4909 1504 4962 hostis
1530 4918 1698 4982 noster
1725 4908 2049 4982 abutit‘ut',_et
2085 4911 2173 4963 in-

606 4977 838 5057 ﬂammat
869 4995 1034 5057 rotam
1053 4981 1625 5057 nativitatisnostrwwt
1654 4980 1829 5057 implet
1854 4978 1985 5031 illud
2012 4977 2130 5057 Ose.
2153 4996 2174 5035 :

609 5050 796 5112 Omnes
816 5056 1187 5113 adulterantes,
1214 5052 1360 5122 quasi
1385 5050 1615 5104 clibanus
1641 5053 1795 5103 corda
1816 5067 1990 5103 eorum
2024 5052 2165 5120 (οδε.

603 5129 723 5199 vn),
751 5143 868 5199 qua:
888 5126 982 5199 Qei
1009 5123 1362 5199 misericordia
1386 5123 1761 5199 etjejuniorum
1790 5123 1979 5199 frigore
1996 5123 2180 5199 restin-

604 5190 854 5273 guunlur.
884 5193 1161 5273 Hazc‘sttnt
1190 5195 1352 5265 ignita
1374 5190 1566 5273 diaboli
1581 5190 1912 5273 joco-{mgnas
1928 5190 2108 5273 simul,
2130 5202 2177 5245 et

603 5261 899 5334 vulnerant,
927 5278 972 5321 et
1014 5261 1363 5337 inﬂammant,
1394 5272 1439 5315 et
1465 5279 1495 5313 a
1528 5278 1645 5337 rege
1676 5261 1973 5337 ‘Babylonio
2014 5264 2180 5337 tribus

606 5344 776 5408 pueris
829 5331 1209 5408 prteparantur,
1254 5331 1641 5408 qui‘succendit
1665 5331 1922 5408 fornacem
1950 5333 2177 5408 quadra-

603 5402 744 5480 ginta
761 5402 1472 5480 novem'cubitorum,habfns
1486 5414 1530 5480 et
1552 5406 1658 5474 ipse
1681 5411 1869 5480 septem
1894 5402 2142 5480 hebdoma
2159 5435 2171 5480 ς

604 5473 698 5535 das
724 5483 790 5534 ad
826 5484 1181 5545 perditionem,
1211 5494 1335 5546 quas
1368 5473 1618 5529 Dominus
1648 5473 1905 5546 obaervari
1922 5473 2077 5541 jussit
2104 5475 2174 5529 ad

605 5553 842 5622 salutem.
862 5554 968 5605 Sed
980 5544 1317 5622 quomodoibi
1337 5556 1547 5622 quartus
1572 5546 1789 5622 speciem
1807 5544 1994 5622 habens
2020 5547 2170 5610 quasi

607 5621 707 5685 ﬁlii
728 5621 970 5692 hominis,
993 5615 1274 5683 immensos
1306 5619 1548 5692 mitigavit
1575 5618 1808 5692 ardores,
1856 5623 1899 5669 et
1924 5615 2060 5692 inter
2086 5630 2165 5678 ca:

607 5692 733 5760 mini
776 5686 1032 5757 wstuantis
1081 5691 1377 5751 incendium
1418 5686 1606 5757 docuit
1659 5690 1893 5773 ﬂammas
1937 5686 2156 5769 calorem

2279 4780 2336 4823 ut
2362 4772 2486 4825 alibi
2510 4771 2709 4825 dictum
2735 4780 2817 4824 est
2840 4770 2951 4894 (lib.
2983 4785 3039 4834 v,
3071 4784 3183 4838 cap.
3217 4768 3329 4835 33),
3377 4782 3496 4837 quae
3538 4767 3681 4820 inter
3714 4769 3871 4821 dona

2279 4839 2513 4894 Spiritus
2543 4842 2713 4894 sancti
2742 4844 2809 4894 ab
2874 4840 2979 4894 saia
3005 4852 3059 4893 et
3086 4840 3345 4894 Anostolo
3376 4848 3689 4891 numeratur
3713 4836 3871 4894 (Isa.

2278 4839 2513 4907 Spiritus
2543 4842 2713 4895 sancti
2742 4844 2809 4895 ab
2848 4836 2979 4894 Isaia
3005 4852 3059 4893 et
3086 4836 3345 4907 Apostolo
3376 4836 3689 4891 numeratur
3713 4836 3873 4903 (Isa.

2277 4926 2335 4973 ιι,
2370 4922 2415 4964 et
2446 4909 2607 4964 ICor.
2633 4907 2721 4977 12)
2752 4928 2764 4964 :
2793 4927 2952 4979 quam
2977 4919 3136 4977 negat
3163 4910 3409 4977 Sapiens,
3429 4908 3481 4960 in
3500 4909 3727 4959 animam
3751 4924 3875 4961 ma-

2276 4980 2490 5034 levolam
2510 4982 2724 5048 intrare,
2754 4992 2795 5035 et
2814 4978 3042 5035 habitare
3073 4983 3125 5033 in
3154 4994 3362 5049 corpore
3391 4978 3596 5031 subdito
3636 4982 3878 5046 peccatis

2279 5049 2541 5122 (Sapient.
2574 5052 2633 5122 ι).
2661 5052 2953 5107 Scientiatn
2980 5052 3120 5105 enim
3146 5050 3458 5122 humanam.
3488 5059 3544 5122 et
3571 5063 3599 5100 a
3635 5051 3880 5122 rectitn~

2281 5119 2407 5175 dine
2427 5134 2480 5177 et
2504 5119 2735 5191 puritate
2761 5124 2957 5175 mentis
2996 5131 3299 5189 separatam
3342 5121 3391 5172 in
3420 5119 3573 5191 malis
3596 5130 3651 5171 et
3682 5121 3878 5191 pessi-

2280 5195 2384 5245 mis
2415 5187 2534 5246 esse
2569 5207 2724 5255 posse
2754 5202 2957 5245 certum
2982 5187 3092 5245 est:
3121 5192 3187 5246 de
3208 5206 3312 5259 qua
3342 5189 3629 5256 Apostolus
3675 5192 3695 5243 ι
3722 5187 3880 5244 Cor.

2279 5277 2373 5317 vm
2402 5279 2417 5316 :
2446 5263 2674 5317 Scientia
2698 5264 2870 5329 inﬂat,
2915 5263 3139 5315 charitas
3171 5271 3341 5314 autem
3359 5260 3601 5328 (adiﬁcat.

2352 5344 2375 5371 ε
2401 5334 2575 5388 Locus
2607 5342 2895 5402 utcumque
2928 5332 3188 5397 difficilis,
3219 5339 3277 5385 et
3300 5331 3365 5384 ad
3394 5329 3881 5402 Pelagianismum

2277 5406 2550 5473 proclivis,
2586 5404 2687 5457 nisi
2724 5400 2854 5457 sane
2884 5402 3303 5473 intelligatur.l_n
3329 5415 3488 5473 quem
3523 5400 3754 5473 proinde
3780 5403 3879 5455 vi-

2278 5470 2453 5539 debis,
2487 5475 2675 5541 lector,
2718 5470 3093 5528 annotationes
3116 5482 3223 5526 tam
3244 5470 3447 5525 Cuichii
3471 5486 3629 5539 quam
3665 5472 3885 5525 (Εἰλεο-

2277 5548 2352 5605 nii
2403 5548 2468 5601 ad
2522 5548 2685 5620 ﬁnem
2734 5547 2911 5613 operis
2946 5543 3166 5613 positas,
3200 5541 3395 5611 quibus
3425 5541 3625 5612 aliquid
3655 5542 3889 5609 adderg

2272 5617 2726 5697 supervacaneum
2752 5626 2897 5697 puto.
3872 5626 3875 5627 '
