  <div class='ocr_page' id='page_1' title='image "/cluster/home/n/w/nwhite01/storage/ocr_20150623/49/uva.x000827093/152.png"; bbox 0 0 4016 6202; ppageno 0'>
   <div class='ocr_carea' id='block_1_1' title="bbox 767 429 1175 487">
    <p class='ocr_par' dir='ltr' id='par_1_1' title="bbox 767 429 1175 487">
     <span class='ocr_line' id='line_1_1' title="bbox 767 429 1175 487; baseline -0.012 0"><span class='ocrx_word' id='word_1_1' title='bbox 767 429 993 487; x_wconf 84' lang='lat' dir='ltr'><strong>CAPUT</strong></span> <span class='ocrx_word' id='word_1_2' title='bbox 1034 429 1175 483; x_wconf 82' lang='lat' dir='ltr'><strong>XIX.</strong></span> 
     </span>
    </p>
   </div>
   <div class='ocr_carea' id='block_1_2' title="bbox 148 544 1759 671">
    <p class='ocr_par' dir='ltr' id='par_1_2' title="bbox 148 544 1759 671">
     <span class='ocr_line' id='line_1_2' title="bbox 148 544 1759 627; baseline -0.006 -21"><span class='ocrx_word' id='word_1_3' title='bbox 148 548 454 607; x_wconf 73' lang='lat' dir='ltr'><strong><em>Sententia</em></strong></span> <span class='ocrx_word' id='word_1_4' title='bbox 481 550 648 604; x_wconf 82' lang='lat' dir='ltr'><strong>sancti</strong></span> <span class='ocrx_word' id='word_1_5' title='bbox 669 546 850 601; x_wconf 87' lang='lat' dir='ltr'><strong>Basilii</strong></span> <span class='ocrx_word' id='word_1_6' title='bbox 898 547 1125 627; x_wconf 80' lang='lat' dir='ltr'><strong>episcopi</strong></span> <span class='ocrx_word' id='word_1_7' title='bbox 1163 545 1227 598; x_wconf 93' lang='lat' dir='ltr'><strong>de</strong></span> <span class='ocrx_word' id='word_1_8' title='bbox 1268 545 1517 615; x_wconf 75' lang='lat' dir='ltr'><strong>qualitate</strong></span> <span class='ocrx_word' id='word_1_9' title='bbox 1542 544 1759 615; x_wconf 81' lang='lat' dir='ltr'><strong>virgini-</strong></span> 
     </span>
     <span class='ocr_line' id='line_1_3' title="bbox 842 628 1754 671; baseline 0 0"><span class='ocrx_word' id='word_1_10' title='bbox 842 628 957 671; x_wconf 83' lang='lat' dir='ltr'><strong>tatis</strong></span> <span class='ocrx_word' id='word_1_11' title='bbox 983 632 1113 671; x_wconf 63' lang='lat' dir='ltr'><strong>suat.</strong></span> <span class='ocrx_word' id='word_1_12' title='bbox 1722 662 1754 671; x_wconf 56' lang='grc' dir='ltr'>μ</span> 
     </span>
    </p>
   </div>
   <div class='ocr_carea' id='block_1_3' title="bbox 863 632 1754 678">
    <p class='ocr_par' dir='ltr' id='par_1_3' title="bbox 863 632 1754 678">
     <span class='ocr_line' id='line_1_4' title="bbox 863 632 1754 678; baseline 0.002 -8"><span class='ocrx_word' id='word_1_13' title='bbox 863 632 957 671; x_wconf 74' lang='grc' dir='ltr'><strong>αιιε</strong></span> <span class='ocrx_word' id='word_1_14' title='bbox 983 632 1113 671; x_wconf 65' lang='lat' dir='ltr'><strong>suat.</strong></span> <span class='ocrx_word' id='word_1_15' title='bbox 1722 662 1754 678; x_wconf 61' lang='grc' dir='ltr'><strong><em>μ</em></strong></span> 
     </span>
    </p>
   </div>
   <div class='ocr_carea' id='block_1_4' title="bbox 242 732 1758 801">
    <p class='ocr_par' dir='ltr' id='par_1_4' title="bbox 242 732 1758 801">
     <span class='ocr_line' id='line_1_5' title="bbox 242 732 1758 801; baseline -0.003 -12"><span class='ocrx_word' id='word_1_16' title='bbox 242 734 451 789; x_wconf 88' lang='lat' dir='ltr'><strong>Fertur</strong></span> <span class='ocrx_word' id='word_1_17' title='bbox 478 733 650 789; x_wconf 79' lang='lat' dir='ltr'><strong>sancti</strong></span> <span class='ocrx_word' id='word_1_18' title='bbox 675 732 850 788; x_wconf 86' lang='lat' dir='ltr'><strong>Basilii</strong></span> <span class='ocrx_word' id='word_1_19' title='bbox 873 732 1234 787; x_wconf 61' lang='lat' dir='ltr'><strong>Caesariensis</strong></span> <span class='ocrx_word' id='word_1_20' title='bbox 1255 732 1497 801; x_wconf 87' lang='lat' dir='ltr'><strong>episcopi</strong></span> <span class='ocrx_word' id='word_1_21' title='bbox 1518 732 1758 786; x_wconf 86' lang='lat' dir='ltr'><strong>districta</strong></span> 
     </span>
    </p>
   </div>
   <div class='ocr_carea' id='block_1_5' title="bbox 147 824 1761 893">
    <p class='ocr_par' dir='ltr' id='par_1_5' title="bbox 147 824 1761 893">
     <span class='ocr_line' id='line_1_6' title="bbox 147 824 1761 893; baseline -0.002 -12"><span class='ocrx_word' id='word_1_22' title='bbox 147 828 453 883; x_wconf 73' lang='lat' dir='ltr'><strong>sententia</strong></span> <span class='ocrx_word' id='word_1_23' title='bbox 485 843 500 881; x_wconf 90' lang='lat'>:</span> <span class='ocrx_word' id='word_1_24' title='bbox 530 837 556 863; x_wconf 77' lang='grc' dir='ltr'>ιι</span> <span class='ocrx_word' id='word_1_25' title='bbox 597 827 660 880; x_wconf 85' lang='lat' dir='ltr'><strong>Et</strong></span> <span class='ocrx_word' id='word_1_26' title='bbox 706 826 1010 889; x_wconf 87' lang='lat' dir='ltr'><strong>mulierem,</strong></span> <span class='ocrx_word' id='word_1_27' title='bbox 1045 824 1239 893; x_wconf 92' lang='lat' dir='ltr'><strong>inquit,</strong></span> <span class='ocrx_word' id='word_1_28' title='bbox 1266 824 1481 893; x_wconf 90' lang='lat' dir='ltr'><strong>ignoro,</strong></span> <span class='ocrx_word' id='word_1_29' title='bbox 1531 832 1585 877; x_wconf 90' lang='lat' dir='ltr'><strong>et</strong></span> <span class='ocrx_word' id='word_1_30' title='bbox 1612 824 1761 892; x_wconf 88' lang='lat' dir='ltr'><strong>virgo</strong></span> 
     </span>
    </p>
   </div>
   <div class='ocr_carea' id='block_1_6' title="bbox 148 916 1760 986">
    <p class='ocr_par' dir='ltr' id='par_1_6' title="bbox 148 916 1760 986">
     <span class='ocr_line' id='line_1_7' title="bbox 148 916 1760 986; baseline -0.002 -13"><span class='ocrx_word' id='word_1_31' title='bbox 148 934 282 973; x_wconf 89' lang='lat' dir='ltr'><strong>non</strong></span> <span class='ocrx_word' id='word_1_32' title='bbox 316 935 460 974; x_wconf 87' lang='lat' dir='ltr'><strong>sum.</strong></span> <span class='ocrx_word' id='word_1_33' title='bbox 489 918 543 972; x_wconf 91' lang='lat' dir='ltr'><strong>lu</strong></span> <span class='ocrx_word' id='word_1_34' title='bbox 573 928 771 972; x_wconf 89' lang='lat' dir='ltr'><strong>tantum</strong></span> <span class='ocrx_word' id='word_1_35' title='bbox 789 918 1059 972; x_wconf 91' lang='lat' dir='ltr'><strong>intellexit</strong></span> <span class='ocrx_word' id='word_1_36' title='bbox 1090 917 1560 986; x_wconf 76' lang='lat' dir='ltr'><strong>incorruptionem</strong></span> <span class='ocrx_word' id='word_1_37' title='bbox 1585 916 1760 971; x_wconf 86' lang='lat' dir='ltr'><strong>carnis</strong></span> 
     </span>
    </p>
   </div>
   <div class='ocr_carea' id='block_1_7' title="bbox 156 1006 1762 1078">
    <p class='ocr_par' dir='ltr' id='par_1_7' title="bbox 156 1006 1762 1078">
     <span class='ocr_line' id='line_1_8' title="bbox 156 1006 1762 1078; baseline 0 -16"><span class='ocrx_word' id='word_1_38' title='bbox 156 1025 291 1064; x_wconf 88' lang='lat' dir='ltr'><strong>non</strong></span> <span class='ocrx_word' id='word_1_39' title='bbox 324 1020 429 1065; x_wconf 84' lang='lat' dir='ltr'><strong>tam</strong></span> <span class='ocrx_word' id='word_1_40' title='bbox 460 1011 512 1063; x_wconf 91' lang='lat' dir='ltr'><strong>in</strong></span> <span class='ocrx_word' id='word_1_41' title='bbox 545 1010 788 1065; x_wconf 85' lang='lat' dir='ltr'><strong>mulieris</strong></span> <span class='ocrx_word' id='word_1_42' title='bbox 815 1024 938 1065; x_wconf 89' lang='lat' dir='ltr'><strong>esse</strong></span> <span class='ocrx_word' id='word_1_43' title='bbox 975 1009 1324 1073; x_wconf 87' lang='lat' dir='ltr'><strong>abstinentia,</strong></span> <span class='ocrx_word' id='word_1_44' title='bbox 1357 1023 1521 1078; x_wconf 88' lang='lat' dir='ltr'><strong>quam</strong></span> <span class='ocrx_word' id='word_1_45' title='bbox 1546 1009 1598 1061; x_wconf 92' lang='lat' dir='ltr'><strong>in</strong></span> <span class='ocrx_word' id='word_1_46' title='bbox 1626 1006 1762 1062; x_wconf 86' lang='lat' dir='ltr'><strong>inte-</strong></span> 
     </span>
    </p>
   </div>
   <div class='ocr_carea' id='block_1_8' title="bbox 145 1102 1760 1171">
    <p class='ocr_par' dir='ltr' id='par_1_8' title="bbox 145 1102 1760 1171">
     <span class='ocr_line' id='line_1_9' title="bbox 145 1102 1760 1171; baseline 0.002 -18"><span class='ocrx_word' id='word_1_47' title='bbox 145 1102 365 1170; x_wconf 73' lang='lat' dir='ltr'><strong>gritate</strong></span> <span class='ocrx_word' id='word_1_48' title='bbox 390 1103 594 1165; x_wconf 88' lang='lat' dir='ltr'><strong>cordis,</strong></span> <span class='ocrx_word' id='word_1_49' title='bbox 619 1118 739 1171; x_wconf 75' lang='lat' dir='ltr'><strong>quae</strong></span> <span class='ocrx_word' id='word_1_50' title='bbox 764 1118 895 1156; x_wconf 86' lang='lat' dir='ltr'><strong>vere</strong></span> <span class='ocrx_word' id='word_1_51' title='bbox 916 1103 1287 1171; x_wconf 83' lang='lat' dir='ltr'><strong>incorruptam</strong></span> <span class='ocrx_word' id='word_1_52' title='bbox 1314 1113 1578 1171; x_wconf 88' lang='lat' dir='ltr'><strong>perpetuo</strong></span> <span class='ocrx_word' id='word_1_53' title='bbox 1606 1116 1760 1156; x_wconf 91' lang='lat' dir='ltr'><strong>sanc-</strong></span> 
     </span>
    </p>
   </div>
   <div class='ocr_carea' id='block_1_9' title="bbox 147 1193 1757 1265">
    <p class='ocr_par' dir='ltr' id='par_1_9' title="bbox 147 1193 1757 1265">
     <span class='ocr_line' id='line_1_10' title="bbox 147 1193 1757 1265; baseline 0.002 -20"><span class='ocrx_word' id='word_1_54' title='bbox 147 1193 446 1247; x_wconf 87' lang='lat' dir='ltr'><strong>timoniam</strong></span> <span class='ocrx_word' id='word_1_55' title='bbox 471 1196 739 1265; x_wconf 87' lang='lat' dir='ltr'><strong>corporis,</strong></span> <span class='ocrx_word' id='word_1_56' title='bbox 758 1197 841 1250; x_wconf 89' lang='lat' dir='ltr'><strong>vel</strong></span> <span class='ocrx_word' id='word_1_57' title='bbox 865 1195 1059 1251; x_wconf 87' lang='lat' dir='ltr'><strong>timore</strong></span> <span class='ocrx_word' id='word_1_58' title='bbox 1083 1194 1200 1264; x_wconf 85' lang='lat' dir='ltr'><strong>Dei,</strong></span> <span class='ocrx_word' id='word_1_59' title='bbox 1216 1195 1303 1250; x_wconf 88' lang='lat' dir='ltr'><strong>vel</strong></span> <span class='ocrx_word' id='word_1_60' title='bbox 1326 1209 1516 1250; x_wconf 86' lang='lat' dir='ltr'><strong>amore</strong></span> <span class='ocrx_word' id='word_1_61' title='bbox 1535 1194 1757 1249; x_wconf 88' lang='lat' dir='ltr'><strong>castita-</strong></span> 
     </span>
    </p>
   </div>
   <div class='ocr_carea' id='block_1_10' title="bbox 147 1285 530 1341">
    <p class='ocr_par' dir='ltr' id='par_1_10' title="bbox 147 1285 530 1341">
     <span class='ocr_line' id='line_1_11' title="bbox 147 1285 530 1341; baseline 0.005 -3"><span class='ocrx_word' id='word_1_62' title='bbox 147 1285 228 1340; x_wconf 87' lang='lat' dir='ltr'><strong>tis</strong></span> <span class='ocrx_word' id='word_1_63' title='bbox 270 1286 530 1341; x_wconf 86' lang='lat' dir='ltr'><strong>custodit.</strong></span> 
     </span>
    </p>
   </div>
   <div class='ocr_carea' id='block_1_11' title="bbox 554 1377 1155 1443">
    <p class='ocr_par' dir='ltr' id='par_1_11' title="bbox 554 1377 1155 1443">
     <span class='ocr_line' id='line_1_12' title="bbox 554 1377 1155 1443; baseline -0.003 -11"><span class='ocrx_word' id='word_1_64' title='bbox 554 1440 557 1443; x_wconf 27' lang='grc' dir='ltr'><strong>λ</strong></span> <span class='ocrx_word' id='word_1_65' title='bbox 778 1377 1007 1433; x_wconf 82' lang='lat' dir='ltr'><strong>CAPUT</strong></span> <span class='ocrx_word' id='word_1_66' title='bbox 1035 1378 1155 1432; x_wconf 77' lang='lat' dir='ltr'><strong>XX.</strong></span> 
     </span>
    </p>
   </div>
   <div class='ocr_carea' id='block_1_12' title="bbox 313 1468 1618 1540">
    <p class='ocr_par' dir='ltr' id='par_1_12' title="bbox 313 1468 1618 1540">
     <span class='ocr_line' id='line_1_13' title="bbox 313 1468 1618 1540; baseline 0 -17"><span class='ocrx_word' id='word_1_67' title='bbox 313 1468 460 1523; x_wconf 84' lang='lat' dir='ltr'><strong>Unde</strong></span> <span class='ocrx_word' id='word_1_68' title='bbox 480 1470 708 1539; x_wconf 75' lang='lat' dir='ltr'><strong>perfecta</strong></span> <span class='ocrx_word' id='word_1_69' title='bbox 749 1471 1023 1540; x_wconf 77' lang='lat' dir='ltr'><strong>integritas</strong></span> <span class='ocrx_word' id='word_1_70' title='bbox 1052 1470 1215 1523; x_wconf 86' lang='lat' dir='ltr'><strong>animi</strong></span> <span class='ocrx_word' id='word_1_71' title='bbox 1258 1470 1618 1539; x_wconf 82' lang='lat' dir='ltr'><strong>dignoscatur.</strong></span> 
     </span>
    </p>
   </div>
   <div class='ocr_carea' id='block_1_13' title="bbox 224 1559 1753 1630">
    <p class='ocr_par' dir='ltr' id='par_1_13' title="bbox 224 1559 1753 1630">
     <span class='ocr_line' id='line_1_14' title="bbox 224 1559 1753 1630; baseline 0 -16"><span class='ocrx_word' id='word_1_72' title='bbox 224 1560 419 1630; x_wconf 82' lang='lat' dir='ltr'><strong>Itaque</strong></span> <span class='ocrx_word' id='word_1_73' title='bbox 442 1560 531 1614; x_wconf 89' lang='lat' dir='ltr'><strong>hic</strong></span> <span class='ocrx_word' id='word_1_74' title='bbox 552 1561 974 1630; x_wconf 82' lang='lat' dir='ltr'><strong>estintegritatis</strong></span> <span class='ocrx_word' id='word_1_75' title='bbox 997 1561 1120 1615; x_wconf 84' lang='lat' dir='ltr'><strong>ﬁnis</strong></span> <span class='ocrx_word' id='word_1_76' title='bbox 1140 1575 1204 1615; x_wconf 89' lang='lat' dir='ltr'><strong>ac</strong></span> <span class='ocrx_word' id='word_1_77' title='bbox 1222 1559 1468 1630; x_wconf 79' lang='lat' dir='ltr'><strong>perfecta</strong></span> <span class='ocrx_word' id='word_1_78' title='bbox 1494 1560 1753 1627; x_wconf 86' lang='lat' dir='ltr'><strong>probatio,</strong></span> 
     </span>
    </p>
   </div>
   <div class='ocr_carea' id='block_1_14' title="bbox 134 1651 1753 1723">
    <p class='ocr_par' dir='ltr' id='par_1_14' title="bbox 134 1651 1753 1723">
     <span class='ocr_line' id='line_1_15' title="bbox 134 1651 1753 1723; baseline -0.001 -16"><span class='ocrx_word' id='word_1_79' title='bbox 134 1652 169 1692; x_wconf 69' lang='grc' dir='ltr'><strong>ιτ</strong></span> <span class='ocrx_word' id='word_1_80' title='bbox 201 1653 256 1707; x_wconf 89' lang='lat' dir='ltr'><strong>si</strong></span> <span class='ocrx_word' id='word_1_81' title='bbox 326 1654 736 1723; x_wconf 86' lang='lat' dir='ltr'><strong>quiescentibus</strong></span> <span class='ocrx_word' id='word_1_82' title='bbox 776 1655 932 1708; x_wconf 87' lang='lat' dir='ltr'><strong>nobis</strong></span> <span class='ocrx_word' id='word_1_83' title='bbox 976 1654 1215 1708; x_wconf 85' lang='lat' dir='ltr'><strong>titillatio</strong></span> <span class='ocrx_word' id='word_1_84' title='bbox 1269 1652 1555 1722; x_wconf 83' lang='lat' dir='ltr'><strong>voluptatis</strong></span> <span class='ocrx_word' id='word_1_85' title='bbox 1610 1651 1753 1705; x_wconf 78' lang='lat' dir='ltr'><strong>nulla</strong></span> 
     </span>
    </p>
   </div>
   <div class='ocr_carea' id='block_1_15' title="bbox 131 1746 1753 1815">
    <p class='ocr_par' dir='ltr' id='par_1_15' title="bbox 131 1746 1753 1815">
     <span class='ocr_line' id='line_1_16' title="bbox 131 1746 1753 1815; baseline 0 -15"><span class='ocrx_word' id='word_1_86' title='bbox 131 1746 525 1815; x_wconf 88' lang='lat' dir='ltr'><strong>subrepserit,</strong></span> <span class='ocrx_word' id='word_1_87' title='bbox 559 1760 623 1801; x_wconf 89' lang='lat' dir='ltr'><strong>ac</strong></span> <span class='ocrx_word' id='word_1_88' title='bbox 651 1762 751 1815; x_wconf 91' lang='lat' dir='ltr'><strong>pro</strong></span> <span class='ocrx_word' id='word_1_89' title='bbox 792 1748 1117 1802; x_wconf 80' lang='lat' dir='ltr'><strong>necessitate</strong></span> <span class='ocrx_word' id='word_1_90' title='bbox 1148 1755 1351 1802; x_wconf 73' lang='lat' dir='ltr'><strong>natura:</strong></span> <span class='ocrx_word' id='word_1_91' title='bbox 1387 1746 1538 1801; x_wconf 88' lang='lat' dir='ltr'><strong>nobis</strong></span> <span class='ocrx_word' id='word_1_92' title='bbox 1567 1747 1753 1801; x_wconf 90' lang='lat' dir='ltr'><strong>incon-</strong></span> 
     </span>
    </p>
   </div>
   <div class='ocr_carea' id='block_1_16' title="bbox 662 308 2979 375">
    <p class='ocr_par' dir='ltr' id='par_1_16' title="bbox 662 308 2979 375">
     <span class='ocr_line' id='line_1_17' title="bbox 662 308 2979 375; baseline -0.002 -1"><span class='ocrx_word' id='word_1_93' title='bbox 662 317 759 374; x_wconf 72' lang='grc' dir='ltr'><strong>ΒΕ</strong></span> <span class='ocrx_word' id='word_1_94' title='bbox 798 314 1277 375; x_wconf 73' lang='lat' dir='ltr'><strong>C(ENOBIORUM</strong></span> <span class='ocrx_word' id='word_1_95' title='bbox 1311 308 1563 371; x_wconf 82' lang='lat' dir='ltr'><strong>lNSTlT.</strong></span> <span class='ocrx_word' id='word_1_96' title='bbox 1602 311 1737 368; x_wconf 84' lang='lat' dir='ltr'><strong>LIB.</strong></span> <span class='ocrx_word' id='word_1_97' title='bbox 1778 311 1867 369; x_wconf 81' lang='lat' dir='ltr'><strong>VI.</strong></span> <span class='ocrx_word' id='word_1_98' title='bbox 1890 339 1961 355; x_wconf 83' lang='lat'><strong>--</strong></span> <span class='ocrx_word' id='word_1_99' title='bbox 1986 312 2078 367; x_wconf 86' lang='lat' dir='ltr'><strong>DE</strong></span> <span class='ocrx_word' id='word_1_100' title='bbox 2115 310 2389 368; x_wconf 80' lang='lat' dir='ltr'><strong>SPIRITU</strong></span> <span class='ocrx_word' id='word_1_101' title='bbox 2430 310 2979 370; x_wconf 81' lang='lat' dir='ltr'><strong>FORNICATIONIS.</strong></span> 
     </span>
    </p>
   </div>
   <div class='ocr_carea' id='block_1_17' title="bbox 3330 323 3443 380">
    <p class='ocr_par' dir='ltr' id='par_1_17' title="bbox 3330 323 3443 380">
     <span class='ocr_line' id='line_1_18' title="bbox 3330 323 3443 380; baseline 0 -3"><span class='ocrx_word' id='word_1_102' title='bbox 3330 323 3443 380; x_wconf 71' lang='lat'><strong>290</strong></span> 
     </span>
    </p>
   </div>
   <div class='ocr_carea' id='block_1_18' title="bbox 1786 428 3443 499">
    <p class='ocr_par' dir='ltr' id='par_1_18' title="bbox 1786 428 3443 499">
     <span class='ocr_line' id='line_1_19' title="bbox 1786 428 3443 499; baseline 0.005 -17"><span class='ocrx_word' id='word_1_103' title='bbox 1786 435 1840 493; x_wconf 80' lang='grc' dir='ltr'>Α</span> <span class='ocrx_word' id='word_1_104' title='bbox 1863 428 2301 499; x_wconf 86' lang='lat' dir='ltr'><strong>rarissimamque</strong></span> <span class='ocrx_word' id='word_1_105' title='bbox 2326 436 2530 484; x_wconf 71' lang='lat' dir='ltr'><strong>naturae</strong></span> <span class='ocrx_word' id='word_1_106' title='bbox 2568 430 2939 484; x_wconf 88' lang='lat' dir='ltr'><strong>necessitatem</strong></span> <span class='ocrx_word' id='word_1_107' title='bbox 2969 445 3195 487; x_wconf 70' lang='lat' dir='ltr'><strong>summae</strong></span> <span class='ocrx_word' id='word_1_108' title='bbox 3232 435 3443 492; x_wconf 88' lang='lat' dir='ltr'><strong>virtutis</strong></span> 
     </span>
    </p>
   </div>
   <div class='ocr_carea' id='block_1_19' title="bbox 1863 521 3443 595">
    <p class='ocr_par' dir='ltr' id='par_1_19' title="bbox 1863 521 3443 595">
     <span class='ocr_line' id='line_1_20' title="bbox 1863 521 3443 595; baseline 0.004 -19"><span class='ocrx_word' id='word_1_109' title='bbox 1863 531 1943 576; x_wconf 91' lang='lat' dir='ltr'><strong>est</strong></span> <span class='ocrx_word' id='word_1_110' title='bbox 1974 562 1989 587; x_wconf 93' lang='lat'><strong>,</strong></span> <span class='ocrx_word' id='word_1_111' title='bbox 2047 537 2168 590; x_wconf 80' lang='lat' dir='ltr'><strong>qua:</strong></span> <span class='ocrx_word' id='word_1_112' title='bbox 2218 522 2433 590; x_wconf 88' lang='lat' dir='ltr'><strong>pulsare</strong></span> <span class='ocrx_word' id='word_1_113' title='bbox 2483 521 2803 575; x_wconf 89' lang='lat' dir='ltr'><strong>monachum</strong></span> <span class='ocrx_word' id='word_1_114' title='bbox 2861 522 3068 578; x_wconf 85' lang='lat' dir='ltr'><strong>duobus</strong></span> <span class='ocrx_word' id='word_1_115' title='bbox 3112 524 3443 595; x_wconf 82' lang='lat' dir='ltr'><strong>interpositis</strong></span> 
     </span>
    </p>
   </div>
   <div class='ocr_carea' id='block_1_20' title="bbox 1859 612 3442 680">
    <p class='ocr_par' dir='ltr' id='par_1_20' title="bbox 1859 612 3442 680">
     <span class='ocr_line' id='line_1_21' title="bbox 1859 612 3442 680; baseline 0.003 -12"><span class='ocrx_word' id='word_1_116' title='bbox 1859 614 2143 669; x_wconf 86' lang='lat' dir='ltr'><strong>mensibus</strong></span> <span class='ocrx_word' id='word_1_117' title='bbox 2173 614 2329 669; x_wconf 91' lang='lat' dir='ltr'><strong>solet.</strong></span> <span class='ocrx_word' id='word_1_118' title='bbox 2362 612 2515 680; x_wconf 86' lang='lat' dir='ltr'><strong>Quod</strong></span> <span class='ocrx_word' id='word_1_119' title='bbox 2557 622 2737 668; x_wconf 88' lang='lat' dir='ltr'><strong>tamen</strong></span> <span class='ocrx_word' id='word_1_120' title='bbox 2790 614 2994 669; x_wconf 90' lang='lat' dir='ltr'><strong>dictum</strong></span> <span class='ocrx_word' id='word_1_121' title='bbox 3032 616 3102 670; x_wconf 86' lang='lat' dir='ltr'><strong>sit</strong></span> <span class='ocrx_word' id='word_1_122' title='bbox 3149 618 3442 672; x_wconf 87' lang='lat' dir='ltr'><strong>secundum</strong></span> 
     </span>
    </p>
   </div>
   <div class='ocr_carea' id='block_1_21' title="bbox 1861 706 3444 777">
    <p class='ocr_par' dir='ltr' id='par_1_21' title="bbox 1861 706 3444 777">
     <span class='ocr_line' id='line_1_22' title="bbox 1861 706 3444 777; baseline 0.005 -17"><span class='ocrx_word' id='word_1_123' title='bbox 1861 716 2100 761; x_wconf 89' lang='lat' dir='ltr'><strong>nostram</strong></span> <span class='ocrx_word' id='word_1_124' title='bbox 2156 706 2570 777; x_wconf 82' lang='lat' dir='ltr'><strong>experientiam,</strong></span> <span class='ocrx_word' id='word_1_125' title='bbox 2610 721 2718 761; x_wconf 91' lang='lat' dir='ltr'><strong>non</strong></span> <span class='ocrx_word' id='word_1_126' title='bbox 2771 710 3067 763; x_wconf 88' lang='lat' dir='ltr'><strong>secundum</strong></span> <span class='ocrx_word' id='word_1_127' title='bbox 3123 713 3444 768; x_wconf 88' lang='lat' dir='ltr'><strong>sententiam</strong></span> 
     </span>
    </p>
   </div>
   <div class='ocr_carea' id='block_1_22' title="bbox 1858 799 3448 874">
    <p class='ocr_par' dir='ltr' id='par_1_22' title="bbox 1858 799 3448 874">
     <span class='ocr_line' id='line_1_23' title="bbox 1858 799 3448 874; baseline 0.006 -21"><span class='ocrx_word' id='word_1_128' title='bbox 1858 800 2171 865; x_wconf 89' lang='lat' dir='ltr'><strong>seniorum,</strong></span> <span class='ocrx_word' id='word_1_129' title='bbox 2210 814 2238 853; x_wconf 88' lang='lat' dir='ltr'><strong>a</strong></span> <span class='ocrx_word' id='word_1_130' title='bbox 2289 800 2487 869; x_wconf 89' lang='lat' dir='ltr'><strong>quibus</strong></span> <span class='ocrx_word' id='word_1_131' title='bbox 2511 802 2673 854; x_wconf 87' lang='lat' dir='ltr'><strong>etiam</strong></span> <span class='ocrx_word' id='word_1_132' title='bbox 2719 799 2803 855; x_wconf 61' lang='lat' dir='ltr'><strong>bas</strong></span> <span class='ocrx_word' id='word_1_133' title='bbox 2849 804 3138 857; x_wconf 87' lang='lat' dir='ltr'><strong>memorati</strong></span> <span class='ocrx_word' id='word_1_134' title='bbox 3184 807 3448 874; x_wconf 89' lang='lat' dir='ltr'><strong>temporis</strong></span> 
     </span>
    </p>
   </div>
   <div class='ocr_carea' id='block_1_23' title="bbox 1858 890 3447 963">
    <p class='ocr_par' dir='ltr' id='par_1_23' title="bbox 1858 890 3447 963">
     <span class='ocr_line' id='line_1_24' title="bbox 1858 890 3447 963; baseline 0.003 -16"><span class='ocrx_word' id='word_1_135' title='bbox 1858 892 2093 947; x_wconf 67' lang='lat' dir='ltr'><strong>induciae</strong></span> <span class='ocrx_word' id='word_1_136' title='bbox 2122 890 2408 946; x_wconf 82' lang='lat' dir='ltr'><strong>admodum</strong></span> <span class='ocrx_word' id='word_1_137' title='bbox 2436 891 2826 959; x_wconf 74' lang='lat' dir='ltr'><strong>iudicabantur</strong></span> <span class='ocrx_word' id='word_1_138' title='bbox 2854 902 3114 963; x_wconf 63' lang='lat' dir='ltr'><strong>angustae,</strong></span> <span class='ocrx_word' id='word_1_139' title='bbox 3147 910 3215 949; x_wconf 92' lang='lat' dir='ltr'><strong>ne</strong></span> <span class='ocrx_word' id='word_1_140' title='bbox 3256 897 3301 949; x_wconf 91' lang='lat' dir='ltr'><strong>si</strong></span> <span class='ocrx_word' id='word_1_141' title='bbox 3344 898 3447 952; x_wconf 92' lang='lat' dir='ltr'><strong>hoc</strong></span> 
     </span>
    </p>
   </div>
   <div class='ocr_carea' id='block_1_24' title="bbox 1857 984 3442 1057">
    <p class='ocr_par' dir='ltr' id='par_1_24' title="bbox 1857 984 3442 1057">
     <span class='ocr_line' id='line_1_25' title="bbox 1857 984 3442 1057; baseline 0.001 -17"><span class='ocrx_word' id='word_1_142' title='bbox 1857 986 2020 1040; x_wconf 92' lang='lat' dir='ltr'><strong>modo</strong></span> <span class='ocrx_word' id='word_1_143' title='bbox 2048 1000 2157 1054; x_wconf 89' lang='lat' dir='ltr'><strong>quo</strong></span> <span class='ocrx_word' id='word_1_144' title='bbox 2184 984 2251 1038; x_wconf 91' lang='lat' dir='ltr'><strong>ab</strong></span> <span class='ocrx_word' id='word_1_145' title='bbox 2277 985 2411 1055; x_wconf 90' lang='lat' dir='ltr'><strong>ipsis</strong></span> <span class='ocrx_word' id='word_1_146' title='bbox 2439 987 2777 1055; x_wconf 86' lang='lat' dir='ltr'><strong>percepimus</strong></span> <span class='ocrx_word' id='word_1_147' title='bbox 2800 986 3127 1041; x_wconf 86' lang='lat' dir='ltr'><strong>voluerimus</strong></span> <span class='ocrx_word' id='word_1_148' title='bbox 3148 1002 3442 1057; x_wconf 77' lang='lat' dir='ltr'><strong>exponere,</strong></span> 
     </span>
    </p>
   </div>
   <div class='ocr_carea' id='block_1_25' title="bbox 1859 1076 3445 1147">
    <p class='ocr_par' dir='ltr' id='par_1_25' title="bbox 1859 1076 3445 1147">
     <span class='ocr_line' id='line_1_26' title="bbox 1859 1076 3445 1147; baseline 0.002 -16"><span class='ocrx_word' id='word_1_149' title='bbox 1859 1079 1945 1131; x_wconf 88' lang='lat' dir='ltr'><strong>his</strong></span> <span class='ocrx_word' id='word_1_150' title='bbox 1974 1076 2140 1141; x_wconf 89' lang='lat' dir='ltr'><strong>forte,</strong></span> <span class='ocrx_word' id='word_1_151' title='bbox 2186 1078 2278 1147; x_wconf 92' lang='lat' dir='ltr'><strong>qui</strong></span> <span class='ocrx_word' id='word_1_152' title='bbox 2332 1092 2427 1145; x_wconf 90' lang='lat' dir='ltr'><strong>pro</strong></span> <span class='ocrx_word' id='word_1_153' title='bbox 2477 1078 2799 1146; x_wconf 81' lang='lat' dir='ltr'><strong>negligentia</strong></span> <span class='ocrx_word' id='word_1_154' title='bbox 2841 1092 2957 1141; x_wconf 89' lang='lat' dir='ltr'><strong>sua,</strong></span> <span class='ocrx_word' id='word_1_155' title='bbox 2990 1078 3076 1133; x_wconf 90' lang='lat' dir='ltr'><strong>vel</strong></span> <span class='ocrx_word' id='word_1_156' title='bbox 3129 1079 3445 1134; x_wconf 84' lang='lat' dir='ltr'><strong>remissiore</strong></span> 
     </span>
    </p>
   </div>
   <div class='ocr_carea' id='block_1_26' title="bbox 1857 1169 3445 1239">
    <p class='ocr_par' dir='ltr' id='par_1_26' title="bbox 1857 1169 3445 1239">
     <span class='ocr_line' id='line_1_27' title="bbox 1857 1169 3445 1239; baseline 0.001 -16"><span class='ocrx_word' id='word_1_157' title='bbox 1857 1170 2035 1225; x_wconf 87' lang='lat' dir='ltr'><strong>studio</strong></span> <span class='ocrx_word' id='word_1_158' title='bbox 2067 1169 2358 1237; x_wconf 86' lang='lat' dir='ltr'><strong>puritatem</strong></span> <span class='ocrx_word' id='word_1_159' title='bbox 2404 1170 2543 1224; x_wconf 87' lang='lat' dir='ltr'><strong>hanc</strong></span> <span class='ocrx_word' id='word_1_160' title='bbox 2572 1170 2748 1223; x_wconf 91' lang='lat' dir='ltr'><strong>minus</strong></span> <span class='ocrx_word' id='word_1_161' title='bbox 2779 1170 2988 1239; x_wconf 79' lang='lat' dir='ltr'><strong>experti</strong></span> <span class='ocrx_word' id='word_1_162' title='bbox 3018 1180 3163 1234; x_wconf 89' lang='lat' dir='ltr'><strong>sunt,</strong></span> <span class='ocrx_word' id='word_1_163' title='bbox 3208 1170 3445 1225; x_wconf 87' lang='lat' dir='ltr'><strong>incredi-</strong></span> 
     </span>
    </p>
   </div>
   <div class='ocr_carea' id='block_1_27' title="bbox 1855 1262 3193 1332">
    <p class='ocr_par' dir='ltr' id='par_1_27' title="bbox 1855 1262 3193 1332">
     <span class='ocr_line' id='line_1_28' title="bbox 1855 1262 3193 1332; baseline -0.001 -13"><span class='ocrx_word' id='word_1_164' title='bbox 1855 1263 1986 1319; x_wconf 85' lang='lat' dir='ltr'><strong>bilia</strong></span> <span class='ocrx_word' id='word_1_165' title='bbox 2012 1263 2103 1318; x_wconf 90' lang='lat' dir='ltr'><strong>vel</strong></span> <span class='ocrx_word' id='word_1_166' title='bbox 2127 1262 2480 1332; x_wconf 88' lang='lat' dir='ltr'><strong>impossibilia</strong></span> <span class='ocrx_word' id='word_1_167' title='bbox 2508 1262 2861 1332; x_wconf 88' lang='lat' dir='ltr'><strong>descripsisse</strong></span> <span class='ocrx_word' id='word_1_168' title='bbox 2889 1262 3193 1318; x_wconf 87' lang='lat' dir='ltr'><strong>credamur.</strong></span> 
     </span>
    </p>
   </div>
   <div class='ocr_carea' id='block_1_28' title="bbox 2421 1395 2823 1451">
    <p class='ocr_par' dir='ltr' id='par_1_28' title="bbox 2421 1395 2823 1451">
     <span class='ocr_line' id='line_1_29' title="bbox 2421 1395 2823 1451; baseline -0.002 0"><span class='ocrx_word' id='word_1_169' title='bbox 2421 1395 2649 1451; x_wconf 81' lang='lat' dir='ltr'><strong>CAPUT</strong></span> <span class='ocrx_word' id='word_1_170' title='bbox 2677 1396 2823 1451; x_wconf 81' lang='lat' dir='ltr'><strong>XXI.</strong></span> 
     </span>
    </p>
   </div>
   <div class='ocr_carea' id='block_1_29' title="bbox 1931 1487 3369 1569">
    <p class='ocr_par' dir='ltr' id='par_1_29' title="bbox 1931 1487 3369 1569">
     <span class='ocr_line' id='line_1_30' title="bbox 1931 1487 3369 1569; baseline 0 -28"><span class='ocrx_word' id='word_1_171' title='bbox 1931 1487 2380 1555; x_wconf 72' lang='lat' dir='ltr'><strong>Quemadmodum</strong></span> <span class='ocrx_word' id='word_1_172' title='bbox 2402 1489 2646 1569; x_wconf 62' lang='lat' dir='ltr'><strong>perfecta;</strong></span> <span class='ocrx_word' id='word_1_173' title='bbox 2674 1489 2913 1555; x_wconf 76' lang='lat' dir='ltr'><strong>puritatis</strong></span> <span class='ocrx_word' id='word_1_174' title='bbox 2938 1495 3131 1542; x_wconf 86' lang='lat' dir='ltr'><strong>statum</strong></span> <span class='ocrx_word' id='word_1_175' title='bbox 3153 1487 3369 1542; x_wconf 88' lang='lat' dir='ltr'><strong>retinere</strong></span> 
     </span>
    </p>
   </div>
   <div class='ocr_carea' id='block_1_30' title="bbox 2494 1575 2772 1630">
    <p class='ocr_par' dir='ltr' id='par_1_30' title="bbox 2494 1575 2772 1630">
     <span class='ocr_line' id='line_1_31' title="bbox 2494 1575 2772 1630; baseline 0.004 -19"><span class='ocrx_word' id='word_1_176' title='bbox 2494 1575 2772 1630; x_wconf 82' lang='lat' dir='ltr'><strong>possimus.</strong></span> 
     </span>
    </p>
   </div>
   <div class='ocr_carea' id='block_1_31' title="bbox 1926 1652 3440 1721">
    <p class='ocr_par' dir='ltr' id='par_1_31' title="bbox 1926 1652 3440 1721">
     <span class='ocr_line' id='line_1_32' title="bbox 1926 1652 3440 1721; baseline 0 -16"><span class='ocrx_word' id='word_1_177' title='bbox 1926 1652 2097 1718; x_wconf 87' lang='lat' dir='ltr'><strong>Quem</strong></span> <span class='ocrx_word' id='word_1_178' title='bbox 2125 1661 2327 1710; x_wconf 86' lang='lat' dir='ltr'><strong>statum</strong></span> <span class='ocrx_word' id='word_1_179' title='bbox 2379 1652 2452 1706; x_wconf 88' lang='lat' dir='ltr'><strong>ita</strong></span> <span class='ocrx_word' id='word_1_180' title='bbox 2497 1659 2683 1707; x_wconf 89' lang='lat' dir='ltr'><strong>tenere</strong></span> <span class='ocrx_word' id='word_1_181' title='bbox 2727 1660 2990 1721; x_wconf 90' lang='lat' dir='ltr'><strong>perpetuo</strong></span> <span class='ocrx_word' id='word_1_182' title='bbox 3020 1652 3335 1720; x_wconf 84' lang='lat' dir='ltr'><strong>poterimus,</strong></span> <span class='ocrx_word' id='word_1_183' title='bbox 3376 1667 3440 1705; x_wconf 84' lang='lat' dir='ltr'><strong>ac</strong></span> 
     </span>
    </p>
   </div>
   <div class='ocr_carea' id='block_1_32' title="bbox 1854 1744 3441 1814">
    <p class='ocr_par' dir='ltr' id='par_1_32' title="bbox 1854 1744 3441 1814">
     <span class='ocr_line' id='line_1_33' title="bbox 1854 1744 3441 1814; baseline 0 -16"><span class='ocrx_word' id='word_1_184' title='bbox 1854 1760 2149 1814; x_wconf 90' lang='lat' dir='ltr'><strong>numquam</strong></span> <span class='ocrx_word' id='word_1_185' title='bbox 2175 1744 2478 1799; x_wconf 84' lang='lat' dir='ltr'><strong>naturalem</strong></span> <span class='ocrx_word' id='word_1_186' title='bbox 2507 1744 2745 1809; x_wconf 91' lang='lat' dir='ltr'><strong>modum,</strong></span> <span class='ocrx_word' id='word_1_187' title='bbox 2774 1755 2795 1782; x_wconf 82' lang='grc' dir='ltr'><strong>ο</strong></span> <span class='ocrx_word' id='word_1_188' title='bbox 2815 1759 2916 1798; x_wconf 89' lang='lat' dir='ltr'><strong>nec</strong></span> <span class='ocrx_word' id='word_1_189' title='bbox 2938 1752 3152 1813; x_wconf 88' lang='lat' dir='ltr'><strong>tempus</strong></span> <span class='ocrx_word' id='word_1_190' title='bbox 3177 1744 3441 1799; x_wconf 83' lang='lat' dir='ltr'><strong>excedere</strong></span> 
     </span>
    </p>
   </div>
   <div class='ocr_carea' id='block_1_33' title="bbox 129 1809 3441 1909">
    <p class='ocr_par' dir='ltr' id='par_1_33' title="bbox 129 1809 3441 1909">
     <span class='ocr_line' id='line_1_34' title="bbox 129 1809 3441 1909; baseline -0.001 -18"><span class='ocrx_word' id='word_1_191' title='bbox 129 1832 313 1891; x_wconf 52' lang='lat' dir='ltr'><strong>sciis&#39;</strong></span> <span class='ocrx_word' id='word_1_192' title='bbox 343 1838 731 1892; x_wconf 88' lang='lat' dir='ltr'><strong>concretiones</strong></span> <span class='ocrx_word' id='word_1_193' title='bbox 779 1846 1063 1908; x_wconf 89' lang='lat' dir='ltr'><strong>egerautur</strong></span> <span class='ocrx_word' id='word_1_194' title='bbox 1108 1839 1375 1894; x_wconf 57' lang='lat' dir='ltr'><strong>obscenas.</strong></span> <span class='ocrx_word' id='word_1_195' title='bbox 1423 1838 1565 1905; x_wconf 87' lang='lat' dir='ltr'><strong>Quas</strong></span> <span class='ocrx_word' id='word_1_196' title='bbox 1607 1839 1751 1892; x_wconf 91' lang='lat' dir='ltr'><strong>sicut</strong></span> <span class='ocrx_word' id='word_1_197' title='bbox 1779 1809 1827 1870; x_wconf 75' lang='grc' dir='ltr'><strong>Β</strong></span> <span class='ocrx_word' id='word_1_198' title='bbox 1855 1840 2104 1909; x_wconf 88' lang='lat' dir='ltr'><strong>superius</strong></span> <span class='ocrx_word' id='word_1_199' title='bbox 2152 1838 2630 1907; x_wconf 89' lang='lat' dir='ltr'><strong>comprehensum,</strong></span> <span class='ocrx_word' id='word_1_200' title='bbox 2666 1836 2712 1890; x_wconf 91' lang='lat' dir='ltr'><strong>si</strong></span> <span class='ocrx_word' id='word_1_201' title='bbox 2743 1833 2771 1873; x_wconf 66' lang='grc' dir='ltr'>ἀ</span> <span class='ocrx_word' id='word_1_202' title='bbox 2812 1836 2980 1891; x_wconf 90' lang='lat' dir='ltr'><strong>Deum</strong></span> <span class='ocrx_word' id='word_1_203' title='bbox 3013 1850 3119 1891; x_wconf 91' lang='lat' dir='ltr'><strong>non</strong></span> <span class='ocrx_word' id='word_1_204' title='bbox 3152 1838 3322 1891; x_wconf 92' lang='lat' dir='ltr'><strong>solum</strong></span> <span class='ocrx_word' id='word_1_205' title='bbox 3354 1850 3441 1889; x_wconf 85' lang='lat' dir='ltr'><strong>se-</strong></span> 
     </span>
    </p>
   </div>
   <div class='ocr_carea' id='block_1_34' title="bbox 127 1927 1754 1999">
    <p class='ocr_par' dir='ltr' id='par_1_34' title="bbox 127 1927 1754 1999">
     <span class='ocr_line' id='line_1_35' title="bbox 127 1927 1754 1999; baseline 0.002 -18"><span class='ocrx_word' id='word_1_206' title='bbox 127 1927 493 1983; x_wconf 84' lang='lat' dir='ltr'><strong>abscindere</strong></span> <span class='ocrx_word' id='word_1_207' title='bbox 544 1943 639 1997; x_wconf 91' lang='lat' dir='ltr'><strong>per</strong></span> <span class='ocrx_word' id='word_1_208' title='bbox 669 1930 849 1983; x_wconf 91' lang='lat' dir='ltr'><strong>omnia</strong></span> <span class='ocrx_word' id='word_1_209' title='bbox 899 1938 953 1984; x_wconf 90' lang='lat' dir='ltr'><strong>et</strong></span> <span class='ocrx_word' id='word_1_210' title='bbox 1008 1931 1059 1984; x_wconf 93' lang='lat' dir='ltr'><strong>in</strong></span> <span class='ocrx_word' id='word_1_211' title='bbox 1108 1940 1421 1999; x_wconf 89' lang='lat' dir='ltr'><strong>perpetuum</strong></span> <span class='ocrx_word' id='word_1_212' title='bbox 1475 1939 1754 1999; x_wconf 85' lang='lat' dir='ltr'><strong>amputare</strong></span> 
     </span>
    </p>
   </div>
   <div class='ocr_carea' id='block_1_35' title="bbox 130 2022 1755 2089">
    <p class='ocr_par' dir='ltr' id='par_1_35' title="bbox 130 2022 1755 2089">
     <span class='ocr_line' id='line_1_36' title="bbox 130 2022 1755 2089; baseline 0.002 -16"><span class='ocrx_word' id='word_1_213' title='bbox 130 2032 325 2089; x_wconf 83' lang='lat' dir='ltr'><strong>super</strong></span> <span class='ocrx_word' id='word_1_214' title='bbox 370 2029 620 2075; x_wconf 89' lang='lat' dir='ltr'><strong>naturam</strong></span> <span class='ocrx_word' id='word_1_215' title='bbox 671 2032 755 2077; x_wconf 88' lang='lat' dir='ltr'><strong>est</strong></span> <span class='ocrx_word' id='word_1_216' title='bbox 791 2039 803 2074; x_wconf 90' lang='lat'><strong>:</strong></span> <span class='ocrx_word' id='word_1_217' title='bbox 838 2022 911 2077; x_wconf 91' lang='lat' dir='ltr'><strong>ita</strong></span> <span class='ocrx_word' id='word_1_218' title='bbox 954 2036 1209 2079; x_wconf 85' lang='lat' dir='ltr'><strong>revocare</strong></span> <span class='ocrx_word' id='word_1_219' title='bbox 1252 2022 1320 2077; x_wconf 86' lang='lat' dir='ltr'><strong>ad</strong></span> <span class='ocrx_word' id='word_1_220' title='bbox 1383 2022 1755 2078; x_wconf 78' lang='lat' dir='ltr'><strong>inevitabilem</strong></span> 
     </span>
    </p>
   </div>
   <div class='ocr_carea' id='block_1_36' title="bbox 1856 1928 3439 1999">
    <p class='ocr_par' dir='ltr' id='par_1_36' title="bbox 1856 1928 3439 1999">
     <span class='ocr_line' id='line_1_37' title="bbox 1856 1928 3439 1999; baseline -0.003 -13"><span class='ocrx_word' id='word_1_221' title='bbox 1856 1940 2132 1987; x_wconf 89' lang='lat' dir='ltr'><strong>cretorum</strong></span> <span class='ocrx_word' id='word_1_222' title='bbox 2181 1941 2397 1985; x_wconf 91' lang='lat' dir='ltr'><strong>actuum</strong></span> <span class='ocrx_word' id='word_1_223' title='bbox 2428 1938 2763 1997; x_wconf 90' lang='lat' dir='ltr'><strong>nostrorum,</strong></span> <span class='ocrx_word' id='word_1_224' title='bbox 2794 1944 2982 1984; x_wconf 90' lang='lat' dir='ltr'><strong>verum</strong></span> <span class='ocrx_word' id='word_1_225' title='bbox 3030 1928 3193 1983; x_wconf 89' lang='lat' dir='ltr'><strong>etiam</strong></span> <span class='ocrx_word' id='word_1_226' title='bbox 3235 1930 3439 1999; x_wconf 86' lang='lat' dir='ltr'><strong>cogita-</strong></span> 
     </span>
    </p>
   </div>
   <div class='ocr_carea' id='block_1_37' title="bbox 1855 2022 3436 2094">
    <p class='ocr_par' dir='ltr' id='par_1_37' title="bbox 1855 2022 3436 2094">
     <span class='ocr_line' id='line_1_38' title="bbox 1855 2022 3436 2094; baseline 0.001 -16"><span class='ocrx_word' id='word_1_227' title='bbox 1855 2025 2066 2078; x_wconf 88' lang='lat' dir='ltr'><strong>tionum</strong></span> <span class='ocrx_word' id='word_1_228' title='bbox 2094 2033 2415 2078; x_wconf 91' lang='lat' dir='ltr'><strong>cunctarum</strong></span> <span class='ocrx_word' id='word_1_229' title='bbox 2442 2023 2695 2078; x_wconf 90' lang='lat' dir='ltr'><strong>diurnum</strong></span> <span class='ocrx_word' id='word_1_230' title='bbox 2752 2022 2955 2092; x_wconf 85' lang='lat' dir='ltr'><strong>pariter</strong></span> <span class='ocrx_word' id='word_1_231' title='bbox 3001 2032 3436 2094; x_wconf 88' lang='lat' dir='ltr'><strong>nocturnumque</strong></span> 
     </span>
    </p>
   </div>
   <div class='ocr_carea' id='block_1_38' title="bbox 1232 2153 2369 2213">
    <p class='ocr_par' dir='ltr' id='par_1_38' title="bbox 1232 2153 2369 2213">
     <span class='ocr_line' id='line_1_39' title="bbox 1232 2153 2369 2213; baseline 0.003 -4"><span class='ocrx_word' id='word_1_232' title='bbox 1232 2153 1492 2210; x_wconf 77' lang='lat' dir='ltr'><strong>ALARDI</strong></span> <span class='ocrx_word' id='word_1_233' title='bbox 1531 2153 1769 2210; x_wconf 64' lang='lat' dir='ltr'><strong>CAZIEI</strong></span> <span class='ocrx_word' id='word_1_234' title='bbox 1808 2155 2369 2213; x_wconf 77' lang='lat' dir='ltr'><strong>COMMENTARIUS.</strong></span> 
     </span>
    </p>
   </div>
   <div class='ocr_carea' id='block_1_39' title="bbox 215 2244 1746 2312">
    <p class='ocr_par' dir='ltr' id='par_1_39' title="bbox 215 2244 1746 2312">
     <span class='ocr_line' id='line_1_40' title="bbox 215 2244 1746 2312; baseline 0.001 -14"><span class='ocrx_word' id='word_1_235' title='bbox 215 2254 245 2283; x_wconf 73' lang='grc' dir='ltr'>ι</span> <span class='ocrx_word' id='word_1_236' title='bbox 286 2244 445 2298; x_wconf 87' lang='lat' dir='ltr'><strong>Hanc</strong></span> <span class='ocrx_word' id='word_1_237' title='bbox 476 2245 799 2299; x_wconf 80' lang='lat' dir='ltr'><strong>sententiam</strong></span> <span class='ocrx_word' id='word_1_238' title='bbox 833 2246 893 2299; x_wconf 81' lang='grc' dir='ltr'><strong>ι).</strong></span> <span class='ocrx_word' id='word_1_239' title='bbox 932 2246 1111 2299; x_wconf 90' lang='lat' dir='ltr'><strong>Basilii</strong></span> <span class='ocrx_word' id='word_1_240' title='bbox 1144 2246 1286 2300; x_wconf 91' lang='lat' dir='ltr'><strong>unde</strong></span> <span class='ocrx_word' id='word_1_241' title='bbox 1317 2247 1587 2312; x_wconf 89' lang='lat' dir='ltr'><strong>acceperit</strong></span> <span class='ocrx_word' id='word_1_242' title='bbox 1630 2249 1746 2300; x_wconf 82' lang='lat' dir='ltr'><strong>Au-</strong></span> 
     </span>
    </p>
   </div>
   <div class='ocr_carea' id='block_1_40' title="bbox 132 2316 1748 2385">
    <p class='ocr_par' dir='ltr' id='par_1_40' title="bbox 132 2316 1748 2385">
     <span class='ocr_line' id='line_1_41' title="bbox 132 2316 1748 2385; baseline 0.001 -15"><span class='ocrx_word' id='word_1_243' title='bbox 132 2325 297 2377; x_wconf 88' lang='lat' dir='ltr'><strong>ctor,</strong></span> <span class='ocrx_word' id='word_1_244' title='bbox 337 2316 573 2385; x_wconf 77' lang='lat' dir='ltr'><strong>nondum</strong></span> <span class='ocrx_word' id='word_1_245' title='bbox 597 2317 743 2381; x_wconf 92' lang='lat' dir='ltr'><strong>potui</strong></span> <span class='ocrx_word' id='word_1_246' title='bbox 772 2316 1039 2383; x_wconf 75' lang='lat' dir='ltr'><strong>invenire.</strong></span> <span class='ocrx_word' id='word_1_247' title='bbox 1061 2316 1305 2371; x_wconf 75' lang='lat' dir='ltr'><strong>[labetur</strong></span> <span class='ocrx_word' id='word_1_248' title='bbox 1336 2326 1514 2370; x_wconf 90' lang='lat' dir='ltr'><strong>tamen</strong></span> <span class='ocrx_word' id='word_1_249' title='bbox 1546 2316 1748 2385; x_wconf 88' lang='lat' dir='ltr'><strong>aliquid</strong></span> 
     </span>
    </p>
   </div>
   <div class='ocr_carea' id='block_1_41' title="bbox 130 2384 1747 2459">
    <p class='ocr_par' dir='ltr' id='par_1_41' title="bbox 130 2384 1747 2459">
     <span class='ocr_line' id='line_1_42' title="bbox 130 2384 1747 2459; baseline 0.001 -18"><span class='ocrx_word' id='word_1_250' title='bbox 130 2386 345 2459; x_wconf 65' lang='lat' dir='ltr'><strong>siinjle</strong></span> <span class='ocrx_word' id='word_1_251' title='bbox 369 2386 431 2459; x_wconf 73' lang='lat' dir='ltr'><strong>in</strong></span> <span class='ocrx_word' id='word_1_252' title='bbox 449 2384 846 2459; x_wconf 71' lang='lat' dir='ltr'><strong>Commentario</strong></span> <span class='ocrx_word' id='word_1_253' title='bbox 876 2386 1119 2459; x_wconf 79' lang='lat' dir='ltr'><strong>ejusdem</strong></span> <span class='ocrx_word' id='word_1_254' title='bbox 1153 2389 1219 2440; x_wconf 91' lang='lat' dir='ltr'><strong>de</strong></span> <span class='ocrx_word' id='word_1_255' title='bbox 1253 2386 1391 2441; x_wconf 78' lang='lat' dir='ltr'><strong>Vera</strong></span> <span class='ocrx_word' id='word_1_256' title='bbox 1425 2384 1747 2459; x_wconf 75' lang='lat' dir='ltr'><strong>Virgipitate</strong></span> 
     </span>
    </p>
   </div>
   <div class='ocr_carea' id='block_1_42' title="bbox 129 2454 1746 2525">
    <p class='ocr_par' dir='ltr' id='par_1_42' title="bbox 129 2454 1746 2525">
     <span class='ocr_line' id='line_1_43' title="bbox 129 2454 1746 2525; baseline 0.001 -15"><span class='ocrx_word' id='word_1_257' title='bbox 129 2456 206 2510; x_wconf 87' lang='lat' dir='ltr'><strong>ad</strong></span> <span class='ocrx_word' id='word_1_258' title='bbox 244 2454 524 2509; x_wconf 67' lang='lat' dir='ltr'><strong>Lmtoiuni</strong></span> <span class='ocrx_word' id='word_1_259' title='bbox 558 2454 887 2510; x_wconf 76' lang='lat' dir='ltr'><strong>Melitensem</strong></span> <span class='ocrx_word' id='word_1_260' title='bbox 916 2458 1251 2525; x_wconf 82' lang='lat' dir='ltr'><strong>episcOpum.</strong></span> <span class='ocrx_word' id='word_1_261' title='bbox 1277 2459 1391 2523; x_wconf 89' lang='lat' dir='ltr'><strong>Qua</strong></span> <span class='ocrx_word' id='word_1_262' title='bbox 1419 2454 1550 2511; x_wconf 75' lang='lat' dir='ltr'><strong>vero</strong></span> <span class='ocrx_word' id='word_1_263' title='bbox 1581 2454 1746 2511; x_wconf 85' lang='lat' dir='ltr'><strong>occa-</strong></span> 
     </span>
    </p>
   </div>
   <div class='ocr_carea' id='block_1_43' title="bbox 129 2527 1749 2595">
    <p class='ocr_par' dir='ltr' id='par_1_43' title="bbox 129 2527 1749 2595">
     <span class='ocr_line' id='line_1_44' title="bbox 129 2527 1749 2595; baseline 0.001 -15"><span class='ocrx_word' id='word_1_264' title='bbox 129 2531 315 2581; x_wconf 88' lang='lat' dir='ltr'><strong>sione</strong></span> <span class='ocrx_word' id='word_1_265' title='bbox 342 2540 524 2595; x_wconf 90' lang='lat' dir='ltr'><strong>quove</strong></span> <span class='ocrx_word' id='word_1_266' title='bbox 544 2540 697 2579; x_wconf 88' lang='lat' dir='ltr'><strong>sensu</strong></span> <span class='ocrx_word' id='word_1_267' title='bbox 722 2542 843 2581; x_wconf 91' lang='lat' dir='ltr'><strong>eam</strong></span> <span class='ocrx_word' id='word_1_268' title='bbox 870 2529 1115 2593; x_wconf 77' lang='lat' dir='ltr'><strong>proferre</strong></span> <span class='ocrx_word' id='word_1_269' title='bbox 1145 2529 1380 2595; x_wconf 87' lang='lat' dir='ltr'><strong>potuerit</strong></span> <span class='ocrx_word' id='word_1_270' title='bbox 1408 2529 1490 2581; x_wconf 89' lang='lat' dir='ltr'><strong>vir</strong></span> <span class='ocrx_word' id='word_1_271' title='bbox 1518 2527 1609 2582; x_wconf 93' lang='lat' dir='ltr'><strong>ille</strong></span> <span class='ocrx_word' id='word_1_272' title='bbox 1623 2543 1749 2582; x_wconf 77' lang='lat' dir='ltr'><strong>san-</strong></span> 
     </span>
    </p>
   </div>
   <div class='ocr_carea' id='block_1_44' title="bbox 130 2597 1745 2666">
    <p class='ocr_par' dir='ltr' id='par_1_44' title="bbox 130 2597 1745 2666">
     <span class='ocr_line' id='line_1_45' title="bbox 130 2597 1745 2666; baseline 0.002 -14"><span class='ocrx_word' id='word_1_273' title='bbox 130 2597 441 2652; x_wconf 82' lang='lat' dir='ltr'><strong>ctissimns</strong></span> <span class='ocrx_word' id='word_1_274' title='bbox 492 2607 541 2649; x_wconf 90' lang='lat' dir='ltr'><strong>et</strong></span> <span class='ocrx_word' id='word_1_275' title='bbox 596 2598 952 2661; x_wconf 83' lang='lat' dir='ltr'><strong>caSIissimus,</strong></span> <span class='ocrx_word' id='word_1_276' title='bbox 1002 2598 1180 2665; x_wconf 77' lang='lat' dir='ltr'><strong>colligi</strong></span> <span class='ocrx_word' id='word_1_277' title='bbox 1224 2612 1385 2666; x_wconf 90' lang='lat' dir='ltr'><strong>posse</strong></span> <span class='ocrx_word' id='word_1_278' title='bbox 1416 2598 1628 2652; x_wconf 88' lang='lat' dir='ltr'><strong>videtur</strong></span> <span class='ocrx_word' id='word_1_279' title='bbox 1678 2615 1745 2655; x_wconf 79' lang='lat' dir='ltr'><strong>ex</strong></span> 
     </span>
    </p>
   </div>
   <div class='ocr_carea' id='block_1_45' title="bbox 133 2667 1744 2739">
    <p class='ocr_par' dir='ltr' id='par_1_45' title="bbox 133 2667 1744 2739">
     <span class='ocr_line' id='line_1_46' title="bbox 133 2667 1744 2739; baseline 0.001 -17"><span class='ocrx_word' id='word_1_280' title='bbox 133 2667 408 2737; x_wconf 85' lang='lat' dir='ltr'><strong>ejusdem</strong></span> <span class='ocrx_word' id='word_1_281' title='bbox 432 2667 659 2739; x_wconf 80' lang='lat' dir='ltr'><strong>epistola</strong></span> <span class='ocrx_word' id='word_1_282' title='bbox 692 2668 757 2720; x_wconf 92' lang='lat' dir='ltr'><strong>ad</strong></span> <span class='ocrx_word' id='word_1_283' title='bbox 784 2667 1066 2722; x_wconf 84' lang='lat' dir='ltr'><strong>Chilonem</strong></span> <span class='ocrx_word' id='word_1_284' title='bbox 1098 2669 1441 2736; x_wconf 86' lang='lat' dir='ltr'><strong>discipulum,</strong></span> <span class='ocrx_word' id='word_1_285' title='bbox 1460 2669 1510 2722; x_wconf 89' lang='lat' dir='ltr'><strong>in</strong></span> <span class='ocrx_word' id='word_1_286' title='bbox 1539 2685 1641 2739; x_wconf 82' lang='lat' dir='ltr'><strong>qua</strong></span> <span class='ocrx_word' id='word_1_287' title='bbox 1669 2668 1744 2723; x_wconf 84' lang='lat' dir='ltr'><strong>la-</strong></span> 
     </span>
    </p>
   </div>
   <div class='ocr_carea' id='block_1_46' title="bbox 133 2737 1745 2806">
    <p class='ocr_par' dir='ltr' id='par_1_46' title="bbox 133 2737 1745 2806">
     <span class='ocr_line' id='line_1_47' title="bbox 133 2737 1745 2806; baseline 0.001 -15"><span class='ocrx_word' id='word_1_288' title='bbox 133 2747 299 2792; x_wconf 86' lang='lat' dir='ltr'><strong>tetur</strong></span> <span class='ocrx_word' id='word_1_289' title='bbox 341 2737 564 2806; x_wconf 91' lang='lat' dir='ltr'><strong>quidem</strong></span> <span class='ocrx_word' id='word_1_290' title='bbox 594 2751 654 2790; x_wconf 88' lang='lat' dir='ltr'><strong>se</strong></span> <span class='ocrx_word' id='word_1_291' title='bbox 678 2741 923 2803; x_wconf 88' lang='lat' dir='ltr'><strong>corporis</strong></span> <span class='ocrx_word' id='word_1_292' title='bbox 952 2740 1313 2806; x_wconf 78' lang='lat' dir='ltr'><strong>integritatem</strong></span> <span class='ocrx_word' id='word_1_293' title='bbox 1347 2739 1413 2792; x_wconf 89' lang='lat' dir='ltr'><strong>ab</strong></span> <span class='ocrx_word' id='word_1_294' title='bbox 1439 2737 1584 2793; x_wconf 83' lang='lat' dir='ltr'><strong>omni</strong></span> <span class='ocrx_word' id='word_1_295' title='bbox 1625 2740 1745 2794; x_wconf 91' lang='lat' dir='ltr'><strong>libi-</strong></span> 
     </span>
    </p>
   </div>
   <div class='ocr_carea' id='block_1_47' title="bbox 135 2808 1744 2880">
    <p class='ocr_par' dir='ltr' id='par_1_47' title="bbox 135 2808 1744 2880">
     <span class='ocr_line' id='line_1_48' title="bbox 135 2808 1744 2880; baseline 0.001 -18"><span class='ocrx_word' id='word_1_296' title='bbox 135 2810 281 2864; x_wconf 86' lang='lat' dir='ltr'><strong>dine</strong></span> <span class='ocrx_word' id='word_1_297' title='bbox 317 2822 576 2880; x_wconf 85' lang='lat' dir='ltr'><strong>servasse</strong></span> <span class='ocrx_word' id='word_1_298' title='bbox 606 2808 1026 2873; x_wconf 87' lang='lat' dir='ltr'><strong>immaculatam,</strong></span> <span class='ocrx_word' id='word_1_299' title='bbox 1055 2818 1109 2861; x_wconf 90' lang='lat' dir='ltr'><strong>at</strong></span> <span class='ocrx_word' id='word_1_300' title='bbox 1135 2826 1239 2862; x_wconf 90' lang='lat' dir='ltr'><strong>non</strong></span> <span class='ocrx_word' id='word_1_301' title='bbox 1276 2810 1345 2861; x_wconf 86' lang='lat' dir='ltr'><strong>ita</strong></span> <span class='ocrx_word' id='word_1_302' title='bbox 1374 2812 1567 2863; x_wconf 91' lang='lat' dir='ltr'><strong>mentis</strong></span> <span class='ocrx_word' id='word_1_303' title='bbox 1598 2811 1744 2880; x_wconf 92' lang='lat' dir='ltr'><strong>puri-</strong></span> 
     </span>
    </p>
   </div>
   <div class='ocr_carea' id='block_1_48' title="bbox 138 2879 1743 2948">
    <p class='ocr_par' dir='ltr' id='par_1_48' title="bbox 138 2879 1743 2948">
     <span class='ocr_line' id='line_1_49' title="bbox 138 2879 1743 2948; baseline 0.002 -15"><span class='ocrx_word' id='word_1_304' title='bbox 138 2889 323 2933; x_wconf 87' lang='lat' dir='ltr'><strong>tatem</strong></span> <span class='ocrx_word' id='word_1_305' title='bbox 358 2880 411 2931; x_wconf 89' lang='lat' dir='ltr'><strong>in</strong></span> <span class='ocrx_word' id='word_1_306' title='bbox 438 2879 722 2948; x_wconf 72' lang='lat' dir='ltr'><strong>iuventute</strong></span> <span class='ocrx_word' id='word_1_307' title='bbox 761 2880 1021 2932; x_wconf 82' lang='lat' dir='ltr'><strong>illibatam</strong></span> <span class='ocrx_word' id='word_1_308' title='bbox 1047 2881 1283 2933; x_wconf 89' lang='lat' dir='ltr'><strong>tenuisse</strong></span> <span class='ocrx_word' id='word_1_309' title='bbox 1318 2894 1456 2948; x_wconf 83' lang='lat' dir='ltr'><strong>:qua</strong></span> <span class='ocrx_word' id='word_1_310' title='bbox 1482 2880 1547 2933; x_wconf 91' lang='lat' dir='ltr'><strong>de</strong></span> <span class='ocrx_word' id='word_1_311' title='bbox 1576 2897 1634 2934; x_wconf 89' lang='lat' dir='ltr'><strong>re</strong></span> <span class='ocrx_word' id='word_1_312' title='bbox 1666 2882 1743 2936; x_wconf 90' lang='lat' dir='ltr'><strong>sic</strong></span> 
     </span>
    </p>
   </div>
   <div class='ocr_carea' id='block_1_49' title="bbox 139 2947 1740 3018">
    <p class='ocr_par' dir='ltr' id='par_1_49' title="bbox 139 2947 1740 3018">
     <span class='ocr_line' id='line_1_50' title="bbox 139 2947 1740 3018; baseline 0.001 -15"><span class='ocrx_word' id='word_1_313' title='bbox 139 2950 429 3004; x_wconf 89' lang='lat' dir='ltr'><strong>adversus</strong></span> <span class='ocrx_word' id='word_1_314' title='bbox 462 2947 695 3015; x_wconf 86' lang='lat' dir='ltr'><strong>seipsum</strong></span> <span class='ocrx_word' id='word_1_315' title='bbox 727 2951 983 3018; x_wconf 90' lang='lat' dir='ltr'><strong>conqueri</strong></span> <span class='ocrx_word' id='word_1_316' title='bbox 1030 2950 1263 3008; x_wconf 87' lang='lat' dir='ltr'><strong>videtur.</strong></span> <span class='ocrx_word' id='word_1_317' title='bbox 1298 2947 1417 3004; x_wconf 80' lang='lat' dir='ltr'><strong>cuin</strong></span> <span class='ocrx_word' id='word_1_318' title='bbox 1455 2956 1567 3006; x_wconf 88' lang='lat' dir='ltr'><strong>ait:</strong></span> <span class='ocrx_word' id='word_1_319' title='bbox 1600 2952 1740 3017; x_wconf 72' lang='lat' dir='ltr'><strong>Quin</strong></span> 
     </span>
    </p>
   </div>
   <div class='ocr_carea' id='block_1_50' title="bbox 139 3019 1739 3089">
    <p class='ocr_par' dir='ltr' id='par_1_50' title="bbox 139 3019 1739 3089">
     <span class='ocr_line' id='line_1_51' title="bbox 139 3019 1739 3089; baseline 0 -16"><span class='ocrx_word' id='word_1_320' title='bbox 139 3031 191 3073; x_wconf 86' lang='lat' dir='ltr'><strong>et</strong></span> <span class='ocrx_word' id='word_1_321' title='bbox 222 3020 483 3072; x_wconf 82' lang='lat' dir='ltr'><strong>mulieres</strong></span> <span class='ocrx_word' id='word_1_322' title='bbox 511 3035 564 3071; x_wconf 84' lang='lat' dir='ltr'><strong>se</strong></span> <span class='ocrx_word' id='word_1_323' title='bbox 612 3020 740 3089; x_wconf 82' lang='lat' dir='ltr'><strong>meis</strong></span> <span class='ocrx_word' id='word_1_324' title='bbox 787 3021 924 3072; x_wconf 88' lang='lat' dir='ltr'><strong>hisce</strong></span> <span class='ocrx_word' id='word_1_325' title='bbox 976 3019 1140 3074; x_wconf 89' lang='lat' dir='ltr'><strong>oculis</strong></span> <span class='ocrx_word' id='word_1_326' title='bbox 1171 3022 1406 3073; x_wconf 85' lang='lat' dir='ltr'><strong>visendas</strong></span> <span class='ocrx_word' id='word_1_327' title='bbox 1436 3021 1739 3089; x_wconf 62' lang='lat' dir='ltr'><strong>offerebant,</strong></span> 
     </span>
    </p>
   </div>
   <div class='ocr_carea' id='block_1_51' title="bbox 1923 2248 3437 2319">
    <p class='ocr_par' dir='ltr' id='par_1_51' title="bbox 1923 2248 3437 2319">
     <span class='ocr_line' id='line_1_52' title="bbox 1923 2248 3437 2319; baseline 0.003 -18"><span class='ocrx_word' id='word_1_328' title='bbox 1923 2260 1945 2287; x_wconf 76' lang='grc' dir='ltr'><strong>ο</strong></span> <span class='ocrx_word' id='word_1_329' title='bbox 1983 2249 2220 2303; x_wconf 90' lang='lat' dir='ltr'><strong>Duorum</strong></span> <span class='ocrx_word' id='word_1_330' title='bbox 2259 2250 2471 2303; x_wconf 87' lang='lat' dir='ltr'><strong>scilicet</strong></span> <span class='ocrx_word' id='word_1_331' title='bbox 2514 2248 2781 2301; x_wconf 91' lang='lat' dir='ltr'><strong>mensium</strong></span> <span class='ocrx_word' id='word_1_332' title='bbox 2813 2248 3081 2316; x_wconf 88' lang='lat' dir='ltr'><strong>superiori</strong></span> <span class='ocrx_word' id='word_1_333' title='bbox 3116 2250 3295 2319; x_wconf 88' lang='lat' dir='ltr'><strong>capite</strong></span> <span class='ocrx_word' id='word_1_334' title='bbox 3323 2268 3437 2307; x_wconf 90' lang='lat' dir='ltr'><strong>me-</strong></span> 
     </span>
    </p>
   </div>
   <div class='ocr_carea' id='block_1_52' title="bbox 1850 2319 3437 2390">
    <p class='ocr_par' dir='ltr' id='par_1_52' title="bbox 1850 2319 3437 2390">
     <span class='ocr_line' id='line_1_53' title="bbox 1850 2319 3437 2390; baseline 0.002 -18"><span class='ocrx_word' id='word_1_335' title='bbox 1850 2329 2144 2384; x_wconf 90' lang='lat' dir='ltr'><strong>moratum,</strong></span> <span class='ocrx_word' id='word_1_336' title='bbox 2176 2335 2247 2375; x_wconf 88' lang='lat' dir='ltr'><strong>ne</strong></span> <span class='ocrx_word' id='word_1_337' title='bbox 2266 2319 2495 2390; x_wconf 91' lang='lat' dir='ltr'><strong>pollutio</strong></span> <span class='ocrx_word' id='word_1_338' title='bbox 2518 2319 2742 2390; x_wconf 72' lang='lat' dir='ltr'><strong>smpius,</strong></span> <span class='ocrx_word' id='word_1_339' title='bbox 2770 2332 2928 2390; x_wconf 87' lang='lat' dir='ltr'><strong>quam</strong></span> <span class='ocrx_word' id='word_1_340' title='bbox 2960 2319 3131 2373; x_wconf 91' lang='lat' dir='ltr'><strong>semel</strong></span> <span class='ocrx_word' id='word_1_341' title='bbox 3154 2320 3437 2375; x_wconf 79' lang='lat' dir='ltr'><strong>dumtaxat</strong></span> 
     </span>
    </p>
   </div>
   <div class='ocr_carea' id='block_1_53' title="bbox 1848 2388 3436 2460">
    <p class='ocr_par' dir='ltr' id='par_1_53' title="bbox 1848 2388 3436 2460">
     <span class='ocr_line' id='line_1_54' title="bbox 1848 2388 3436 2460; baseline -0.003 -17"><span class='ocrx_word' id='word_1_342' title='bbox 1848 2390 1902 2444; x_wconf 91' lang='lat' dir='ltr'><strong>in</strong></span> <span class='ocrx_word' id='word_1_343' title='bbox 1933 2390 2142 2444; x_wconf 88' lang='lat' dir='ltr'><strong>duobus</strong></span> <span class='ocrx_word' id='word_1_344' title='bbox 2200 2388 2503 2453; x_wconf 81' lang='lat' dir='ltr'><strong>mensibus,</strong></span> <span class='ocrx_word' id='word_1_345' title='bbox 2537 2400 2587 2443; x_wconf 88' lang='lat' dir='ltr'><strong>et</strong></span> <span class='ocrx_word' id='word_1_346' title='bbox 2622 2388 2826 2460; x_wconf 83' lang='lat' dir='ltr'><strong>absque</strong></span> <span class='ocrx_word' id='word_1_347' title='bbox 2866 2388 3150 2455; x_wconf 90' lang='lat' dir='ltr'><strong>illusione,</strong></span> <span class='ocrx_word' id='word_1_348' title='bbox 3189 2400 3242 2444; x_wconf 89' lang='lat' dir='ltr'><strong>et</strong></span> <span class='ocrx_word' id='word_1_349' title='bbox 3293 2392 3436 2460; x_wconf 76' lang='lat' dir='ltr'><strong>turpi</strong></span> 
     </span>
    </p>
   </div>
   <div class='ocr_carea' id='block_1_54' title="bbox 1848 2459 3429 2523">
    <p class='ocr_par' dir='ltr' id='par_1_54' title="bbox 1848 2459 3429 2523">
     <span class='ocr_line' id='line_1_55' title="bbox 1848 2459 3429 2523; baseline 0.001 -10"><span class='ocrx_word' id='word_1_350' title='bbox 1848 2461 2086 2523; x_wconf 89' lang='lat' dir='ltr'><strong>somnio,</strong></span> <span class='ocrx_word' id='word_1_351' title='bbox 2121 2476 2186 2516; x_wconf 86' lang='lat' dir='ltr'><strong>ac</strong></span> <span class='ocrx_word' id='word_1_352' title='bbox 2218 2462 2533 2515; x_wconf 82' lang='lat' dir='ltr'><strong>titillatione</strong></span> <span class='ocrx_word' id='word_1_353' title='bbox 2576 2460 2757 2513; x_wconf 81' lang='lat' dir='ltr'><strong>carnis</strong></span> <span class='ocrx_word' id='word_1_354' title='bbox 2786 2459 3181 2514; x_wconf 85' lang='lat' dir='ltr'><strong>dormientibus</strong></span> <span class='ocrx_word' id='word_1_355' title='bbox 3216 2465 3429 2515; x_wconf 88' lang='lat' dir='ltr'><strong>conlin-</strong></span> 
     </span>
    </p>
   </div>
   <div class='ocr_carea' id='block_1_55' title="bbox 1847 2530 3437 2600">
    <p class='ocr_par' dir='ltr' id='par_1_55' title="bbox 1847 2530 3437 2600">
     <span class='ocr_line' id='line_1_56' title="bbox 1847 2530 3437 2600; baseline 0.003 -15"><span class='ocrx_word' id='word_1_356' title='bbox 1847 2539 1968 2600; x_wconf 86' lang='lat' dir='ltr'><strong>gat:</strong></span> <span class='ocrx_word' id='word_1_357' title='bbox 2003 2548 2160 2600; x_wconf 89' lang='lat' dir='ltr'><strong>quem</strong></span> <span class='ocrx_word' id='word_1_358' title='bbox 2207 2532 2345 2585; x_wconf 74' lang='lat' dir='ltr'><strong>dixit</strong></span> <span class='ocrx_word' id='word_1_359' title='bbox 2384 2545 2505 2584; x_wconf 89' lang='lat' dir='ltr'><strong>esse</strong></span> <span class='ocrx_word' id='word_1_360' title='bbox 2546 2532 2801 2599; x_wconf 83' lang='lat' dir='ltr'><strong>perfectae</strong></span> <span class='ocrx_word' id='word_1_361' title='bbox 2856 2530 3105 2600; x_wconf 89' lang='lat' dir='ltr'><strong>puritatis</strong></span> <span class='ocrx_word' id='word_1_362' title='bbox 3150 2541 3349 2587; x_wconf 88' lang='lat' dir='ltr'><strong>statum</strong></span> <span class='ocrx_word' id='word_1_363' title='bbox 3381 2542 3437 2590; x_wconf 87' lang='lat' dir='ltr'><strong>et</strong></span> 
     </span>
    </p>
   </div>
   <div class='ocr_carea' id='block_1_56' title="bbox 1849 2600 3341 2671">
    <p class='ocr_par' dir='ltr' id='par_1_56' title="bbox 1849 2600 3341 2671">
     <span class='ocr_line' id='line_1_57' title="bbox 1849 2600 3341 2671; baseline -0.003 -15"><span class='ocrx_word' id='word_1_364' title='bbox 1849 2602 2256 2671; x_wconf 84' lang='lat' dir='ltr'><strong>probationem,</strong></span> <span class='ocrx_word' id='word_1_365' title='bbox 2289 2602 2405 2655; x_wconf 83' lang='lat' dir='ltr'><strong>sive</strong></span> <span class='ocrx_word' id='word_1_366' title='bbox 2436 2600 2717 2655; x_wconf 89' lang='lat' dir='ltr'><strong>indicium.</strong></span> <span class='ocrx_word' id='word_1_367' title='bbox 3338 2610 3341 2615; x_wconf 79' lang='lat'><strong>‘</strong></span> 
     </span>
    </p>
   </div>
   <div class='ocr_carea' id='block_1_57' title="bbox 1917 2669 3435 2743">
    <p class='ocr_par' dir='ltr' id='par_1_57' title="bbox 1917 2669 3435 2743">
     <span class='ocr_line' id='line_1_58' title="bbox 1917 2669 3435 2743; baseline 0 -16"><span class='ocrx_word' id='word_1_368' title='bbox 1917 2669 1943 2708; x_wconf 74' lang='grc' dir='ltr'><em>ά</em></span> <span class='ocrx_word' id='word_1_369' title='bbox 1966 2672 2057 2727; x_wconf 91' lang='lat' dir='ltr'><strong>Sic</strong></span> <span class='ocrx_word' id='word_1_370' title='bbox 2088 2674 2148 2743; x_wconf 10' lang='lat' dir='ltr'><strong>Dr.</strong></span> <span class='ocrx_word' id='word_1_371' title='bbox 2178 2672 2503 2743; x_wconf 80' lang='lat' dir='ltr'><strong>Benedi_ctus</strong></span> <span class='ocrx_word' id='word_1_372' title='bbox 2523 2684 2644 2738; x_wconf 86' lang='lat' dir='ltr'><strong>cap.</strong></span> <span class='ocrx_word' id='word_1_373' title='bbox 2670 2671 2707 2743; x_wconf 17' lang='grc'><strong>74</strong></span> <span class='ocrx_word' id='word_1_374' title='bbox 2729 2671 2948 2743; x_wconf 80' lang='lat' dir='ltr'><strong>Regulae</strong></span> <span class='ocrx_word' id='word_1_375' title='bbox 2988 2670 3040 2743; x_wconf 83' lang='lat' dir='ltr'><strong>in</strong></span> <span class='ocrx_word' id='word_1_376' title='bbox 3064 2673 3237 2743; x_wconf 89' lang='lat' dir='ltr'><strong>primo</strong></span> <span class='ocrx_word' id='word_1_377' title='bbox 3261 2676 3435 2743; x_wconf 86' lang='lat' dir='ltr'><strong>gradu</strong></span> 
     </span>
    </p>
   </div>
   <div class='ocr_carea' id='block_1_58' title="bbox 1848 2739 3433 2797">
    <p class='ocr_par' dir='ltr' id='par_1_58' title="bbox 1848 2739 3433 2797">
     <span class='ocr_line' id='line_1_59' title="bbox 1848 2739 3433 2797; baseline 0.001 -4"><span class='ocrx_word' id='word_1_378' title='bbox 1848 2739 2170 2795; x_wconf 86' lang='lat' dir='ltr'><strong>humilitatis</strong></span> <span class='ocrx_word' id='word_1_379' title='bbox 2196 2743 2270 2795; x_wconf 88' lang='lat' dir='ltr'><strong>ait</strong></span> <span class='ocrx_word' id='word_1_380' title='bbox 2298 2761 2308 2794; x_wconf 93' lang='lat'>:</span> <span class='ocrx_word' id='word_1_381' title='bbox 2334 2740 2578 2794; x_wconf 65' lang='lat' dir='ltr'><strong>xEstimet</strong></span> <span class='ocrx_word' id='word_1_382' title='bbox 2610 2757 2664 2793; x_wconf 83' lang='lat' dir='ltr'><strong>se</strong></span> <span class='ocrx_word' id='word_1_383' title='bbox 2688 2741 2839 2793; x_wconf 90' lang='lat' dir='ltr'><strong>homo</strong></span> <span class='ocrx_word' id='word_1_384' title='bbox 2858 2741 2920 2792; x_wconf 85' lang='lat' dir='ltr'><strong>de</strong></span> <span class='ocrx_word' id='word_1_385' title='bbox 2947 2739 3085 2794; x_wconf 65' lang='lat' dir='ltr'><strong>caelis</strong></span> <span class='ocrx_word' id='word_1_386' title='bbox 3104 2759 3135 2794; x_wconf 90' lang='lat' dir='ltr'><strong>a</strong></span> <span class='ocrx_word' id='word_1_387' title='bbox 3164 2739 3433 2797; x_wconf 42' lang='lat' dir='ltr'><strong>Deo&#39;sem-</strong></span> 
     </span>
    </p>
   </div>
   <div class='ocr_carea' id='block_1_59' title="bbox 1846 2798 3435 2883">
    <p class='ocr_par' dir='ltr' id='par_1_59' title="bbox 1846 2798 3435 2883">
     <span class='ocr_line' id='line_1_60' title="bbox 1846 2798 3435 2883; baseline 0.003 -19"><span class='ocrx_word' id='word_1_388' title='bbox 1846 2828 1937 2879; x_wconf 86' lang='lat' dir='ltr'><strong>per</strong></span> <span class='ocrx_word' id='word_1_389' title='bbox 1955 2812 2157 2883; x_wconf 79' lang='lat' dir='ltr'><strong>respici,</strong></span> <span class='ocrx_word' id='word_1_390' title='bbox 2184 2820 2229 2864; x_wconf 91' lang='lat' dir='ltr'><strong>et</strong></span> <span class='ocrx_word' id='word_1_391' title='bbox 2264 2813 2400 2883; x_wconf 75' lang='lat' dir='ltr'><strong>facta</strong></span> <span class='ocrx_word' id='word_1_392' title='bbox 2430 2826 2524 2864; x_wconf 92' lang='lat' dir='ltr'><strong>sua</strong></span> <span class='ocrx_word' id='word_1_393' title='bbox 2552 2811 2607 2883; x_wconf 77' lang='lat' dir='ltr'><strong>in</strong></span> <span class='ocrx_word' id='word_1_394' title='bbox 2637 2812 2775 2883; x_wconf 73' lang='lat' dir='ltr'><strong>omni</strong></span> <span class='ocrx_word' id='word_1_395' title='bbox 2821 2812 2933 2863; x_wconf 90' lang='lat' dir='ltr'><strong>loco</strong></span> <span class='ocrx_word' id='word_1_396' title='bbox 2961 2798 3025 2883; x_wconf 86' lang='lat' dir='ltr'><strong>ab</strong></span> <span class='ocrx_word' id='word_1_397' title='bbox 3065 2823 3279 2883; x_wconf 84' lang='lat' dir='ltr'><strong>aspectu</strong></span> <span class='ocrx_word' id='word_1_398' title='bbox 3309 2815 3435 2870; x_wconf 82' lang='lat' dir='ltr'><strong>divi-</strong></span> 
     </span>
    </p>
   </div>
   <div class='ocr_carea' id='block_1_60' title="bbox 1845 2879 3429 2950">
    <p class='ocr_par' dir='ltr' id='par_1_60' title="bbox 1845 2879 3429 2950">
     <span class='ocr_line' id='line_1_61' title="bbox 1845 2879 3429 2950; baseline 0.003 -17"><span class='ocrx_word' id='word_1_399' title='bbox 1845 2879 2227 2950; x_wconf 72' lang='lat' dir='ltr'><strong>nitatisvideri,</strong></span> <span class='ocrx_word' id='word_1_400' title='bbox 2256 2879 2301 2934; x_wconf 88' lang='lat' dir='ltr'><strong>et</strong></span> <span class='ocrx_word' id='word_1_401' title='bbox 2342 2881 2403 2933; x_wconf 93' lang='lat' dir='ltr'><strong>ab</strong></span> <span class='ocrx_word' id='word_1_402' title='bbox 2436 2881 2633 2950; x_wconf 81' lang='lat' dir='ltr'><strong>angelis</strong></span> <span class='ocrx_word' id='word_1_403' title='bbox 2658 2879 2767 2933; x_wconf 90' lang='lat' dir='ltr'><strong>Deo</strong></span> <span class='ocrx_word' id='word_1_404' title='bbox 2800 2883 2938 2933; x_wconf 89' lang='lat' dir='ltr'><strong>omni</strong></span> <span class='ocrx_word' id='word_1_405' title='bbox 2964 2881 3095 2935; x_wconf 86' lang='lat' dir='ltr'><strong>hora</strong></span> <span class='ocrx_word' id='word_1_406' title='bbox 3116 2879 3429 2943; x_wconf 84' lang='lat' dir='ltr'><strong>renuntiari.</strong></span> 
     </span>
    </p>
   </div>
   <div class='ocr_carea' id='block_1_61' title="bbox 1843 2948 3434 3026">
    <p class='ocr_par' dir='ltr' id='par_1_61' title="bbox 1843 2948 3434 3026">
     <span class='ocr_line' id='line_1_62' title="bbox 1843 2948 3434 3026; baseline 0.004 -22"><span class='ocrx_word' id='word_1_407' title='bbox 1843 2948 2177 3026; x_wconf 64' lang='lat' dir='ltr'><strong>Demonstrat</strong></span> <span class='ocrx_word' id='word_1_408' title='bbox 2220 2951 2366 3026; x_wconf 72' lang='lat' dir='ltr'><strong>nobis</strong></span> <span class='ocrx_word' id='word_1_409' title='bbox 2392 2948 2809 3020; x_wconf 26' lang='lat' dir='ltr'><strong>hoc‘propheta,</strong></span> <span class='ocrx_word' id='word_1_410' title='bbox 2856 2967 2971 3003; x_wconf 91' lang='lat' dir='ltr'><strong>cum</strong></span> <span class='ocrx_word' id='word_1_411' title='bbox 3013 2955 3067 3006; x_wconf 90' lang='lat' dir='ltr'><strong>in</strong></span> <span class='ocrx_word' id='word_1_412' title='bbox 3116 2956 3434 3026; x_wconf 85' lang='lat' dir='ltr'><strong>cogitationi-</strong></span> 
     </span>
    </p>
   </div>
   <div class='ocr_carea' id='block_1_62' title="bbox 1844 3021 3429 3091">
    <p class='ocr_par' dir='ltr' id='par_1_62' title="bbox 1844 3021 3429 3091">
     <span class='ocr_line' id='line_1_63' title="bbox 1844 3021 3429 3091; baseline 0.004 -16"><span class='ocrx_word' id='word_1_413' title='bbox 1844 3022 1937 3076; x_wconf 91' lang='lat' dir='ltr'><strong>bus</strong></span> <span class='ocrx_word' id='word_1_414' title='bbox 1952 3023 2138 3075; x_wconf 83' lang='lat' dir='ltr'><strong>nostris</strong></span> <span class='ocrx_word' id='word_1_415' title='bbox 2154 3023 2223 3075; x_wconf 91' lang='lat' dir='ltr'><strong>ita</strong></span> <span class='ocrx_word' id='word_1_416' title='bbox 2244 3021 2405 3073; x_wconf 86' lang='lat' dir='ltr'><strong>Deum</strong></span> <span class='ocrx_word' id='word_1_417' title='bbox 2426 3035 2621 3091; x_wconf 78' lang='lat' dir='ltr'><strong>semper</strong></span> <span class='ocrx_word' id='word_1_418' title='bbox 2643 3030 2945 3091; x_wconf 76' lang='lat' dir='ltr'><strong>prtcsentem</strong></span> <span class='ocrx_word' id='word_1_419' title='bbox 2964 3021 3208 3091; x_wconf 68' lang='lat' dir='ltr'><strong>ostendii,</strong></span> <span class='ocrx_word' id='word_1_420' title='bbox 3225 3026 3429 3082; x_wconf 85' lang='lat' dir='ltr'><strong>dicens:</strong></span> 
     </span>
    </p>
   </div>
   <div class='ocr_carea' id='block_1_63' title="bbox 140 3087 3431 3162">
    <p class='ocr_par' dir='ltr' id='par_1_63' title="bbox 140 3087 3431 3162">
     <span class='ocr_line' id='line_1_64' title="bbox 140 3087 3431 3162; baseline 0.002 -19"><span class='ocrx_word' id='word_1_421' title='bbox 140 3107 379 3155; x_wconf 83' lang='lat' dir='ltr'><strong>quarum</strong></span> <span class='ocrx_word' id='word_1_422' title='bbox 414 3087 726 3162; x_wconf 75' lang='lat' dir='ltr'><strong>prtecellenti</strong></span> <span class='ocrx_word' id='word_1_423' title='bbox 751 3090 1004 3162; x_wconf 65' lang='lat' dir='ltr'><strong>elegantia</strong></span> <span class='ocrx_word' id='word_1_424' title='bbox 1029 3099 1076 3144; x_wconf 89' lang='lat' dir='ltr'><strong>et</strong></span> <span class='ocrx_word' id='word_1_425' title='bbox 1099 3092 1285 3144; x_wconf 83' lang='lat' dir='ltr'><strong>decore</strong></span> <span class='ocrx_word' id='word_1_426' title='bbox 1310 3107 1433 3145; x_wconf 73' lang='lat' dir='ltr'><strong>mea:</strong></span> <span class='ocrx_word' id='word_1_427' title='bbox 1459 3087 1741 3145; x_wconf 74' lang='lat' dir='ltr'><strong>tentaretur</strong></span> <span class='ocrx_word' id='word_1_428' title='bbox 1768 3096 1815 3159; x_wconf 75' lang='grc' dir='ltr'><strong>ί]</strong></span> <span class='ocrx_word' id='word_1_429' title='bbox 1848 3092 2101 3145; x_wconf 75' lang='lat' dir='ltr'><strong>Scrutaris</strong></span> <span class='ocrx_word' id='word_1_430' title='bbox 2123 3093 2281 3145; x_wconf 89' lang='lat' dir='ltr'><strong>corda</strong></span> <span class='ocrx_word' id='word_1_431' title='bbox 2304 3102 2351 3145; x_wconf 89' lang='lat' dir='ltr'><strong>et</strong></span> <span class='ocrx_word' id='word_1_432' title='bbox 2372 3087 2686 3145; x_wconf 32' lang='lat' dir='ltr'><strong>renes-Deus</strong></span> <span class='ocrx_word' id='word_1_433' title='bbox 2715 3090 2941 3162; x_wconf 82' lang='lat' dir='ltr'><strong>(Psalm.</strong></span> <span class='ocrx_word' id='word_1_434' title='bbox 2969 3093 3080 3162; x_wconf 81' lang='lat' dir='ltr'><strong>VII).</strong></span> <span class='ocrx_word' id='word_1_435' title='bbox 3119 3095 3183 3147; x_wconf 76' lang='lat' dir='ltr'><strong>Et</strong></span> <span class='ocrx_word' id='word_1_436' title='bbox 3196 3087 3387 3151; x_wconf 76' lang='lat' dir='ltr'><strong>iterum</strong></span> <span class='ocrx_word' id='word_1_437' title='bbox 3412 3119 3431 3153; x_wconf 86' lang='lat'><strong>.-</strong></span> 
     </span>
    </p>
   </div>
   <div class='ocr_carea' id='block_1_64' title="bbox 140 3160 1743 3234">
    <p class='ocr_par' dir='ltr' id='par_1_64' title="bbox 140 3160 1743 3234">
     <span class='ocr_line' id='line_1_65' title="bbox 140 3160 1743 3234; baseline 0.001 -21"><span class='ocrx_word' id='word_1_438' title='bbox 140 3163 435 3234; x_wconf 81' lang='lat' dir='ltr'><strong>integritas</strong></span> <span class='ocrx_word' id='word_1_439' title='bbox 466 3161 760 3234; x_wconf 70' lang='lat' dir='ltr'><strong>pudicitite._</strong></span> <span class='ocrx_word' id='word_1_440' title='bbox 785 3160 849 3213; x_wconf 84' lang='lat' dir='ltr'><strong>Et</strong></span> <span class='ocrx_word' id='word_1_441' title='bbox 877 3162 1079 3234; x_wconf 82' lang='lat' dir='ltr'><strong>quidem</strong></span> <span class='ocrx_word' id='word_1_442' title='bbox 1110 3163 1362 3229; x_wconf 84' lang='lat' dir='ltr'><strong>ﬂagitium</strong></span> <span class='ocrx_word' id='word_1_443' title='bbox 1390 3165 1547 3215; x_wconf 85' lang='lat' dir='ltr'><strong>vitavi</strong></span> <span class='ocrx_word' id='word_1_444' title='bbox 1576 3165 1743 3233; x_wconf 77' lang='lat' dir='ltr'><strong>forni-</strong></span> 
     </span>
    </p>
   </div>
   <div class='ocr_carea' id='block_1_65' title="bbox 141 3232 1741 3302">
    <p class='ocr_par' dir='ltr' id='par_1_65' title="bbox 141 3232 1741 3302">
     <span class='ocr_line' id='line_1_66' title="bbox 141 3232 1741 3302; baseline 0.001 -17"><span class='ocrx_word' id='word_1_445' title='bbox 141 3232 404 3293; x_wconf 75' lang='lat' dir='ltr'><strong>cationis,</strong></span> <span class='ocrx_word' id='word_1_446' title='bbox 439 3239 494 3282; x_wconf 90' lang='lat' dir='ltr'><strong>at</strong></span> <span class='ocrx_word' id='word_1_447' title='bbox 521 3232 809 3302; x_wconf 72' lang='lat' dir='ltr'><strong>munditia:</strong></span> <span class='ocrx_word' id='word_1_448' title='bbox 844 3233 1109 3302; x_wconf 86' lang='lat' dir='ltr'><strong>virginalis</strong></span> <span class='ocrx_word' id='word_1_449' title='bbox 1136 3235 1320 3301; x_wconf 79' lang='lat' dir='ltr'><strong>[larem</strong></span> <span class='ocrx_word' id='word_1_450' title='bbox 1349 3250 1539 3286; x_wconf 88' lang='lat' dir='ltr'><strong>arcana</strong></span> <span class='ocrx_word' id='word_1_451' title='bbox 1568 3234 1741 3287; x_wconf 82' lang='lat' dir='ltr'><strong>cordis</strong></span> 
     </span>
    </p>
   </div>
   <div class='ocr_carea' id='block_1_66' title="bbox 144 3301 1739 3374">
    <p class='ocr_par' dir='ltr' id='par_1_66' title="bbox 144 3301 1739 3374">
     <span class='ocr_line' id='line_1_67' title="bbox 144 3301 1739 3374; baseline 0.003 -20"><span class='ocrx_word' id='word_1_452' title='bbox 144 3303 479 3374; x_wconf 75' lang='lat' dir='ltr'><strong>coyitatione</strong></span> <span class='ocrx_word' id='word_1_453' title='bbox 499 3301 704 3369; x_wconf 70' lang='lat' dir='ltr'><strong>faedavi.</strong></span> <span class='ocrx_word' id='word_1_454' title='bbox 739 3303 861 3355; x_wconf 68' lang='lat' dir='ltr'><strong>llaec</strong></span> <span class='ocrx_word' id='word_1_455' title='bbox 883 3301 997 3374; x_wconf 80' lang='lat' dir='ltr'><strong>ipse</strong></span> <span class='ocrx_word' id='word_1_456' title='bbox 1021 3304 1087 3357; x_wconf 93' lang='lat' dir='ltr'><strong>de</strong></span> <span class='ocrx_word' id='word_1_457' title='bbox 1116 3318 1172 3355; x_wconf 90' lang='lat' dir='ltr'><strong>se</strong></span> <span class='ocrx_word' id='word_1_458' title='bbox 1192 3322 1203 3355; x_wconf 90' lang='lat'><strong>:</strong></span> <span class='ocrx_word' id='word_1_459' title='bbox 1223 3304 1417 3370; x_wconf 87' lang='lat' dir='ltr'><strong>quibus</strong></span> <span class='ocrx_word' id='word_1_460' title='bbox 1448 3306 1623 3357; x_wconf 83' lang='lat' dir='ltr'><strong>verbis</strong></span> <span class='ocrx_word' id='word_1_461' title='bbox 1647 3320 1739 3359; x_wconf 77' lang='lat' dir='ltr'><strong>ve-</strong></span> 
     </span>
    </p>
   </div>
   <div class='ocr_carea' id='block_1_67' title="bbox 145 3371 1743 3443">
    <p class='ocr_par' dir='ltr' id='par_1_67' title="bbox 145 3371 1743 3443">
     <span class='ocr_line' id='line_1_68' title="bbox 145 3371 1743 3443; baseline 0.001 -17"><span class='ocrx_word' id='word_1_462' title='bbox 145 3371 265 3428; x_wconf 74' lang='lat' dir='ltr'><strong>rum</strong></span> <span class='ocrx_word' id='word_1_463' title='bbox 305 3371 684 3440; x_wconf 83' lang='lat' dir='ltr'><strong>virginitatem</strong></span> <span class='ocrx_word' id='word_1_464' title='bbox 717 3387 783 3425; x_wconf 80' lang='lat' dir='ltr'><strong>ex</strong></span> <span class='ocrx_word' id='word_1_465' title='bbox 809 3372 1045 3440; x_wconf 83' lang='lat' dir='ltr'><strong>perfecta</strong></span> <span class='ocrx_word' id='word_1_466' title='bbox 1075 3374 1269 3428; x_wconf 90' lang='lat' dir='ltr'><strong>mentis</strong></span> <span class='ocrx_word' id='word_1_467' title='bbox 1294 3382 1346 3426; x_wconf 81' lang='lat' dir='ltr'><strong>et</strong></span> <span class='ocrx_word' id='word_1_468' title='bbox 1372 3376 1615 3443; x_wconf 89' lang='lat' dir='ltr'><strong>corporis</strong></span> <span class='ocrx_word' id='word_1_469' title='bbox 1665 3376 1743 3428; x_wconf 88' lang='lat' dir='ltr'><strong>in-</strong></span> 
     </span>
    </p>
   </div>
   <div class='ocr_carea' id='block_1_68' title="bbox 146 3442 1743 3513">
    <p class='ocr_par' dir='ltr' id='par_1_68' title="bbox 146 3442 1743 3513">
     <span class='ocr_line' id='line_1_69' title="bbox 146 3442 1743 3513; baseline 0.003 -16"><span class='ocrx_word' id='word_1_470' title='bbox 146 3445 418 3513; x_wconf 84' lang='lat' dir='ltr'><strong>tegritate</strong></span> <span class='ocrx_word' id='word_1_471' title='bbox 470 3450 545 3513; x_wconf 13' lang='lat' dir='ltr'><strong>et!</strong></span> <span class='ocrx_word' id='word_1_472' title='bbox 576 3442 979 3509; x_wconf 78' lang='lat' dir='ltr'><strong>incorruptione</strong></span> <span class='ocrx_word' id='word_1_473' title='bbox 1018 3445 1257 3497; x_wconf 74' lang='lat' dir='ltr'><strong>(listricte</strong></span> <span class='ocrx_word' id='word_1_474' title='bbox 1286 3442 1524 3513; x_wconf 87' lang='lat' dir='ltr'><strong>quidem,</strong></span> <span class='ocrx_word' id='word_1_475' title='bbox 1573 3455 1631 3499; x_wconf 91' lang='lat' dir='ltr'><strong>ut</strong></span> <span class='ocrx_word' id='word_1_476' title='bbox 1657 3445 1743 3501; x_wconf 82' lang='lat' dir='ltr'><strong>hic</strong></span> 
     </span>
    </p>
   </div>
   <div class='ocr_carea' id='block_1_69' title="bbox 146 3511 1742 3585">
    <p class='ocr_par' dir='ltr' id='par_1_69' title="bbox 146 3511 1742 3585">
     <span class='ocr_line' id='line_1_70' title="bbox 146 3511 1742 3585; baseline 0.002 -18"><span class='ocrx_word' id='word_1_477' title='bbox 146 3511 418 3577; x_wconf 66' lang='lat' dir='ltr'><strong>habetur,</strong></span> <span class='ocrx_word' id='word_1_478' title='bbox 453 3511 547 3566; x_wconf 83' lang='lat' dir='ltr'><strong>sed</strong></span> <span class='ocrx_word' id='word_1_479' title='bbox 578 3523 757 3585; x_wconf 86' lang='lat' dir='ltr'><strong>tamen</strong></span> <span class='ocrx_word' id='word_1_480' title='bbox 804 3529 931 3568; x_wconf 88' lang='lat' dir='ltr'><strong>vere</strong></span> <span class='ocrx_word' id='word_1_481' title='bbox 977 3511 1419 3582; x_wconf 84' lang='lat' dir='ltr'><strong>circumscripsit,</strong></span> <span class='ocrx_word' id='word_1_482' title='bbox 1450 3527 1610 3585; x_wconf 84' lang='lat' dir='ltr'><strong>atque</strong></span> <span class='ocrx_word' id='word_1_483' title='bbox 1643 3518 1742 3570; x_wconf 90' lang='lat' dir='ltr'><strong>hoc</strong></span> 
     </span>
    </p>
   </div>
   <div class='ocr_carea' id='block_1_70' title="bbox 148 3583 1745 3652">
    <p class='ocr_par' dir='ltr' id='par_1_70' title="bbox 148 3583 1745 3652">
     <span class='ocr_line' id='line_1_71' title="bbox 148 3583 1745 3652; baseline 0.003 -15"><span class='ocrx_word' id='word_1_484' title='bbox 148 3594 487 3652; x_wconf 81' lang='lat' dir='ltr'><strong>argumento</strong></span> <span class='ocrx_word' id='word_1_485' title='bbox 534 3583 851 3650; x_wconf 64' lang='lat' dir='ltr'><strong>praeclarum</strong></span> <span class='ocrx_word' id='word_1_486' title='bbox 885 3585 1032 3638; x_wconf 93' lang='lat' dir='ltr'><strong>illum</strong></span> <span class='ocrx_word' id='word_1_487' title='bbox 1065 3586 1131 3639; x_wconf 89' lang='lat' dir='ltr'><strong>de</strong></span> <span class='ocrx_word' id='word_1_488' title='bbox 1159 3585 1479 3652; x_wconf 83' lang='lat' dir='ltr'><strong>Virginitate</strong></span> <span class='ocrx_word' id='word_1_489' title='bbox 1524 3583 1745 3652; x_wconf 82' lang='lat' dir='ltr'><strong>scripsit</strong></span> 
     </span>
    </p>
   </div>
   <div class='ocr_carea' id='block_1_71' title="bbox 148 3652 1745 3723">
    <p class='ocr_par' dir='ltr' id='par_1_71' title="bbox 148 3652 1745 3723">
     <span class='ocr_line' id='line_1_72' title="bbox 148 3652 1745 3723; baseline 0.002 -14"><span class='ocrx_word' id='word_1_490' title='bbox 148 3652 934 3723; x_wconf 13' lang='lat' dir='ltr'><strong>commentarium.VC:eterum</strong></span> <span class='ocrx_word' id='word_1_491' title='bbox 962 3655 1025 3708; x_wconf 90' lang='lat' dir='ltr'><strong>D.</strong></span> <span class='ocrx_word' id='word_1_492' title='bbox 1054 3654 1349 3723; x_wconf 81' lang='lat' dir='ltr'><strong>Gregorius</strong></span> <span class='ocrx_word' id='word_1_493' title='bbox 1374 3656 1745 3713; x_wconf 84' lang='lat' dir='ltr'><strong>Nazianzenus</strong></span> 
     </span>
    </p>
   </div>
   <div class='ocr_carea' id='block_1_72' title="bbox 147 3722 1742 3794">
    <p class='ocr_par' dir='ltr' id='par_1_72' title="bbox 147 3722 1742 3794">
     <span class='ocr_line' id='line_1_73' title="bbox 147 3722 1742 3794; baseline 0.001 -14"><span class='ocrx_word' id='word_1_494' title='bbox 147 3726 203 3780; x_wconf 88' lang='lat' dir='ltr'><strong>in</strong></span> <span class='ocrx_word' id='word_1_495' title='bbox 233 3726 501 3779; x_wconf 81' lang='lat' dir='ltr'><strong>oratione</strong></span> <span class='ocrx_word' id='word_1_496' title='bbox 531 3722 738 3794; x_wconf 79' lang='lat' dir='ltr'><strong>funebri</strong></span> <span class='ocrx_word' id='word_1_497' title='bbox 765 3725 814 3777; x_wconf 91' lang='lat' dir='ltr'><strong>in</strong></span> <span class='ocrx_word' id='word_1_498' title='bbox 836 3725 1047 3778; x_wconf 87' lang='lat' dir='ltr'><strong>laudem</strong></span> <span class='ocrx_word' id='word_1_499' title='bbox 1073 3722 1311 3792; x_wconf 80' lang='lat' dir='ltr'><strong>ejusdem</strong></span> <span class='ocrx_word' id='word_1_500' title='bbox 1343 3726 1742 3794; x_wconf 84' lang='lat' dir='ltr'><strong>Basilii,ipsum</strong></span> 
     </span>
    </p>
   </div>
   <div class='ocr_carea' id='block_1_73' title="bbox 150 3793 1746 3863">
    <p class='ocr_par' dir='ltr' id='par_1_73' title="bbox 150 3793 1746 3863">
     <span class='ocr_line' id='line_1_74' title="bbox 150 3793 1746 3863; baseline 0 -13"><span class='ocrx_word' id='word_1_501' title='bbox 150 3795 625 3863; x_wconf 84' lang='lat' dir='ltr'><strong>perfectissimum</strong></span> <span class='ocrx_word' id='word_1_502' title='bbox 658 3793 979 3863; x_wconf 85' lang='lat' dir='ltr'><strong>virginitatis</strong></span> <span class='ocrx_word' id='word_1_503' title='bbox 1005 3797 1268 3849; x_wconf 90' lang='lat' dir='ltr'><strong>cultorem</strong></span> <span class='ocrx_word' id='word_1_504' title='bbox 1302 3795 1467 3849; x_wconf 79' lang='lat' dir='ltr'><strong>fuisse</strong></span> <span class='ocrx_word' id='word_1_505' title='bbox 1508 3793 1746 3850; x_wconf 80' lang='lat' dir='ltr'><strong>deelarat</strong></span> 
     </span>
    </p>
   </div>
   <div class='ocr_carea' id='block_1_74' title="bbox 148 3863 1747 3936">
    <p class='ocr_par' dir='ltr' id='par_1_74' title="bbox 148 3863 1747 3936">
     <span class='ocr_line' id='line_1_75' title="bbox 148 3863 1747 3936; baseline -0.001 -15"><span class='ocrx_word' id='word_1_506' title='bbox 148 3865 237 3921; x_wconf 83' lang='lat' dir='ltr'><strong>his</strong></span> <span class='ocrx_word' id='word_1_507' title='bbox 268 3866 461 3936; x_wconf 64' lang='lat' dir='ltr'><strong>verbis</strong></span> <span class='ocrx_word' id='word_1_508' title='bbox 493 3880 505 3936; x_wconf 67' lang='grc' dir='ltr'>ξ</span> <span class='ocrx_word' id='word_1_509' title='bbox 546 3863 669 3930; x_wconf 80' lang='lat' dir='ltr'><strong>Quis</strong></span> <span class='ocrx_word' id='word_1_510' title='bbox 695 3866 856 3934; x_wconf 80' lang='lat' dir='ltr'><strong>igitur</strong></span> <span class='ocrx_word' id='word_1_511' title='bbox 897 3867 1243 3935; x_wconf 86' lang='lat' dir='ltr'><strong>virginitatem</strong></span> <span class='ocrx_word' id='word_1_512' title='bbox 1271 3867 1431 3936; x_wconf 83' lang='lat' dir='ltr'><strong>magis</strong></span> <span class='ocrx_word' id='word_1_513' title='bbox 1479 3866 1747 3920; x_wconf 88' lang='lat' dir='ltr'><strong>honoravit</strong></span> 
     </span>
    </p>
   </div>
   <div class='ocr_carea' id='block_1_75' title="bbox 151 3934 1741 4006">
    <p class='ocr_par' dir='ltr' id='par_1_75' title="bbox 151 3934 1741 4006">
     <span class='ocr_line' id='line_1_76' title="bbox 151 3934 1741 4006; baseline -0.001 -15"><span class='ocrx_word' id='word_1_514' title='bbox 151 3955 311 4006; x_wconf 84' lang='lat' dir='ltr'><strong>quam</strong></span> <span class='ocrx_word' id='word_1_515' title='bbox 330 3934 591 4006; x_wconf 82' lang='lat' dir='ltr'><strong>Basilius,</strong></span> <span class='ocrx_word' id='word_1_516' title='bbox 611 3947 696 3986; x_wconf 88' lang='lat' dir='ltr'><strong>aut</strong></span> <span class='ocrx_word' id='word_1_517' title='bbox 714 3937 887 3987; x_wconf 86' lang='lat' dir='ltr'><strong>carnis</strong></span> <span class='ocrx_word' id='word_1_518' title='bbox 918 3934 1189 4006; x_wconf 84' lang='lat' dir='ltr'><strong>puritatem</strong></span> <span class='ocrx_word' id='word_1_519' title='bbox 1210 3934 1483 4004; x_wconf 53' lang='lat' dir='ltr'><strong>quasi&#39;lege</strong></span> <span class='ocrx_word' id='word_1_520' title='bbox 1505 3938 1741 4006; x_wconf 88' lang='lat' dir='ltr'><strong>sancivit,</strong></span> 
     </span>
    </p>
   </div>
   <div class='ocr_carea' id='block_1_76' title="bbox 150 4005 1746 4076">
    <p class='ocr_par' dir='ltr' id='par_1_76' title="bbox 150 4005 1746 4076">
     <span class='ocr_line' id='line_1_77' title="bbox 150 4005 1746 4076; baseline 0.001 -16"><span class='ocrx_word' id='word_1_521' title='bbox 150 4005 253 4062; x_wconf 80' lang='lat' dir='ltr'><strong>non</strong></span> <span class='ocrx_word' id='word_1_522' title='bbox 289 4005 472 4061; x_wconf 84' lang='lat' dir='ltr'><strong>solum</strong></span> <span class='ocrx_word' id='word_1_523' title='bbox 503 4006 716 4074; x_wconf 89' lang='lat' dir='ltr'><strong>proprio</strong></span> <span class='ocrx_word' id='word_1_524' title='bbox 744 4008 1000 4076; x_wconf 69' lang='lat' dir='ltr'><strong>exemplo,</strong></span> <span class='ocrx_word' id='word_1_525' title='bbox 1023 4005 1112 4059; x_wconf 85' lang='lat' dir='ltr'><strong>sed</strong></span> <span class='ocrx_word' id='word_1_526' title='bbox 1134 4021 1310 4058; x_wconf 87' lang='lat' dir='ltr'><strong>eorum</strong></span> <span class='ocrx_word' id='word_1_527' title='bbox 1356 4006 1537 4076; x_wconf 82' lang='lat' dir='ltr'><strong>quibus</strong></span> <span class='ocrx_word' id='word_1_528' title='bbox 1566 4005 1746 4063; x_wconf 56' lang='lat' dir='ltr'><strong>stude?-</strong></span> 
     </span>
    </p>
   </div>
   <div class='ocr_carea' id='block_1_77' title="bbox 153 4078 428 4132">
    <p class='ocr_par' dir='ltr' id='par_1_77' title="bbox 153 4078 428 4132">
     <span class='ocr_line' id='line_1_78' title="bbox 153 4078 428 4132; baseline -0.007 -1"><span class='ocrx_word' id='word_1_529' title='bbox 153 4078 236 4131; x_wconf 85' lang='lat' dir='ltr'><strong>bat</strong></span> <span class='ocrx_word' id='word_1_530' title='bbox 261 4080 288 4132; x_wconf 87' lang='lat'><strong><em>?</em></strong></span> <span class='ocrx_word' id='word_1_531' title='bbox 315 4086 428 4130; x_wconf 76' lang='lat' dir='ltr'><strong>etc.</strong></span> 
     </span>
    </p>
   </div>
   <div class='ocr_carea' id='block_1_78' title="bbox 222 4144 1745 4217">
    <p class='ocr_par' dir='ltr' id='par_1_78' title="bbox 222 4144 1745 4217">
     <span class='ocr_line' id='line_1_79' title="bbox 222 4144 1745 4217; baseline 0.001 -16"><span class='ocrx_word' id='word_1_532' title='bbox 222 4148 255 4187; x_wconf 70' lang='grc' dir='ltr'>δ</span> <span class='ocrx_word' id='word_1_533' title='bbox 280 4148 499 4215; x_wconf 75' lang='lat' dir='ltr'><strong>Magna:</strong></span> <span class='ocrx_word' id='word_1_534' title='bbox 552 4144 867 4217; x_wconf 80' lang='lat' dir='ltr'><strong>perfectioni</strong></span> <span class='ocrx_word' id='word_1_535' title='bbox 897 4145 1153 4201; x_wconf 78' lang='lat' dir='ltr'><strong>&#39;Iribuere</strong></span> <span class='ocrx_word' id='word_1_536' title='bbox 1196 4146 1408 4202; x_wconf 89' lang='lat' dir='ltr'><strong>videtur</strong></span> <span class='ocrx_word' id='word_1_537' title='bbox 1452 4158 1665 4217; x_wconf 87' lang='lat' dir='ltr'><strong>auctor,</strong></span> <span class='ocrx_word' id='word_1_538' title='bbox 1700 4149 1745 4203; x_wconf 92' lang='lat' dir='ltr'><strong>si</strong></span> 
     </span>
    </p>
   </div>
   <div class='ocr_carea' id='block_1_79' title="bbox 156 4215 1746 4289">
    <p class='ocr_par' dir='ltr' id='par_1_79' title="bbox 156 4215 1746 4289">
     <span class='ocr_line' id='line_1_80' title="bbox 156 4215 1746 4289; baseline 0 -15"><span class='ocrx_word' id='word_1_539' title='bbox 156 4220 402 4289; x_wconf 89' lang='lat' dir='ltr'><strong>pollutio</strong></span> <span class='ocrx_word' id='word_1_540' title='bbox 425 4218 541 4289; x_wconf 83' lang='lat' dir='ltr'><strong>sine</strong></span> <span class='ocrx_word' id='word_1_541' title='bbox 572 4215 679 4268; x_wconf 91' lang='lat' dir='ltr'><strong>ulla</strong></span> <span class='ocrx_word' id='word_1_542' title='bbox 709 4220 886 4289; x_wconf 61' lang='lat' dir='ltr'><strong>carnis</strong></span> <span class='ocrx_word' id='word_1_543' title='bbox 912 4216 1244 4282; x_wconf 90' lang='lat' dir='ltr'><strong>titillatione,</strong></span> <span class='ocrx_word' id='word_1_544' title='bbox 1274 4218 1367 4272; x_wconf 84' lang='lat' dir='ltr'><strong>sed</strong></span> <span class='ocrx_word' id='word_1_545' title='bbox 1392 4228 1598 4273; x_wconf 74' lang='lat' dir='ltr'><strong>natura:</strong></span> <span class='ocrx_word' id='word_1_546' title='bbox 1628 4215 1746 4274; x_wconf 73' lang='lat' dir='ltr'><strong>ton-</strong></span> 
     </span>
    </p>
   </div>
   <div class='ocr_carea' id='block_1_80' title="bbox 154 4286 1741 4359">
    <p class='ocr_par' dir='ltr' id='par_1_80' title="bbox 154 4286 1741 4359">
     <span class='ocr_line' id='line_1_81' title="bbox 154 4286 1741 4359; baseline 0 -16"><span class='ocrx_word' id='word_1_547' title='bbox 154 4286 273 4343; x_wconf 74' lang='lat' dir='ltr'><strong>ium</strong></span> <span class='ocrx_word' id='word_1_548' title='bbox 303 4286 639 4359; x_wconf 85' lang='lat' dir='ltr'><strong>necessitate</strong></span> <span class='ocrx_word' id='word_1_549' title='bbox 668 4287 753 4341; x_wconf 87' lang='lat' dir='ltr'><strong>vel</strong></span> <span class='ocrx_word' id='word_1_550' title='bbox 784 4287 1093 4359; x_wconf 80' lang='lat' dir='ltr'><strong>inﬁrmitate</strong></span> <span class='ocrx_word' id='word_1_551' title='bbox 1134 4291 1185 4341; x_wconf 91' lang='lat' dir='ltr'><strong>in</strong></span> <span class='ocrx_word' id='word_1_552' title='bbox 1208 4289 1415 4359; x_wconf 79' lang='lat' dir='ltr'><strong>somnis</strong></span> <span class='ocrx_word' id='word_1_553' title='bbox 1443 4292 1741 4359; x_wconf 84' lang='lat' dir='ltr'><strong>Contingat.</strong></span> 
     </span>
    </p>
   </div>
   <div class='ocr_carea' id='block_1_81' title="bbox 155 4358 1747 4427">
    <p class='ocr_par' dir='ltr' id='par_1_81' title="bbox 155 4358 1747 4427">
     <span class='ocr_line' id='line_1_82' title="bbox 155 4358 1747 4427; baseline 0 -14"><span class='ocrx_word' id='word_1_554' title='bbox 155 4360 277 4426; x_wconf 86' lang='lat' dir='ltr'><strong>Qua</strong></span> <span class='ocrx_word' id='word_1_555' title='bbox 311 4359 385 4411; x_wconf 88' lang='lat' dir='ltr'><strong>de</strong></span> <span class='ocrx_word' id='word_1_556' title='bbox 407 4372 468 4410; x_wconf 90' lang='lat' dir='ltr'><strong>re</strong></span> <span class='ocrx_word' id='word_1_557' title='bbox 489 4358 614 4411; x_wconf 87' lang='lat' dir='ltr'><strong>vide</strong></span> <span class='ocrx_word' id='word_1_558' title='bbox 650 4360 797 4424; x_wconf 86' lang='lat' dir='ltr'><strong>plura</strong></span> <span class='ocrx_word' id='word_1_559' title='bbox 830 4358 1131 4412; x_wconf 79' lang='lat' dir='ltr'><strong>Collatione</strong></span> <span class='ocrx_word' id='word_1_560' title='bbox 1169 4358 1252 4420; x_wconf 72' lang='lat' dir='ltr'><strong>l2,</strong></span> <span class='ocrx_word' id='word_1_561' title='bbox 1290 4376 1407 4427; x_wconf 70' lang='lat' dir='ltr'><strong>qua:</strong></span> <span class='ocrx_word' id='word_1_562' title='bbox 1438 4374 1519 4414; x_wconf 91' lang='lat' dir='ltr'><strong>est</strong></span> <span class='ocrx_word' id='word_1_563' title='bbox 1550 4358 1747 4415; x_wconf 16' lang='lat' dir='ltr'><strong>deﬁca-</strong></span> 
     </span>
    </p>
   </div>
   <div class='ocr_carea' id='block_1_82' title="bbox 156 4427 1746 4496">
    <p class='ocr_par' dir='ltr' id='par_1_82' title="bbox 156 4427 1746 4496">
     <span class='ocr_line' id='line_1_83' title="bbox 156 4427 1746 4496; baseline 0.001 -13"><span class='ocrx_word' id='word_1_564' title='bbox 156 4433 390 4493; x_wconf 85' lang='lat' dir='ltr'><strong>stitate;</strong></span> <span class='ocrx_word' id='word_1_565' title='bbox 424 4440 477 4480; x_wconf 90' lang='lat' dir='ltr'><strong>et</strong></span> <span class='ocrx_word' id='word_1_566' title='bbox 506 4428 794 4482; x_wconf 83' lang='lat' dir='ltr'><strong>collatione</strong></span> <span class='ocrx_word' id='word_1_567' title='bbox 824 4427 914 4491; x_wconf 74' lang='lat'><strong>22,</strong></span> <span class='ocrx_word' id='word_1_568' title='bbox 946 4444 1064 4496; x_wconf 69' lang='lat' dir='ltr'><strong>qua:</strong></span> <span class='ocrx_word' id='word_1_569' title='bbox 1104 4431 1170 4482; x_wconf 91' lang='lat' dir='ltr'><strong>de</strong></span> <span class='ocrx_word' id='word_1_570' title='bbox 1210 4432 1487 4484; x_wconf 85' lang='lat' dir='ltr'><strong>nocturnis</strong></span> <span class='ocrx_word' id='word_1_571' title='bbox 1538 4432 1746 4485; x_wconf 87' lang='lat' dir='ltr'><strong>illusio-</strong></span> 
     </span>
    </p>
   </div>
   <div class='ocr_carea' id='block_1_83' title="bbox 157 4475 1823 4568">
    <p class='ocr_par' dir='ltr' id='par_1_83' title="bbox 157 4475 1823 4568">
     <span class='ocr_line' id='line_1_84' title="bbox 157 4475 1823 4568; baseline 0.001 -15"><span class='ocrx_word' id='word_1_572' title='bbox 157 4475 355 4553; x_wconf 63' lang='grc' dir='ltr'><strong>ἷιῆᾆῖᾡῖ</strong></span> <span class='ocrx_word' id='word_1_573' title='bbox 376 4475 624 4564; x_wconf 52' lang='lat' dir='ltr'><strong>bilibris&quot;</strong></span> <span class='ocrx_word' id='word_1_574' title='bbox 638 4475 1168 4553; x_wconf 58' lang='grc' dir='ltr'><strong>άὶῐάὶῖιῖιῖυὶῗιιόἑ</strong></span> <span class='ocrx_word' id='word_1_575' title='bbox 1210 4475 1740 4568; x_wconf 51' lang='grc' dir='ltr'><strong>’ρῐἷιῖἱιίὐῖὶῖωἻΒΞῆ</strong></span> <span class='ocrx_word' id='word_1_576' title='bbox 1772 4475 1823 4534; x_wconf 80' lang='grc' dir='ltr'><strong>Ι)</strong></span> 
     </span>
    </p>
   </div>
   <div class='ocr_carea' id='block_1_84' title="bbox 158 4568 1746 4641">
    <p class='ocr_par' dir='ltr' id='par_1_84' title="bbox 158 4568 1746 4641">
     <span class='ocr_line' id='line_1_85' title="bbox 158 4568 1746 4641; baseline 0.003 -20"><span class='ocrx_word' id='word_1_577' title='bbox 158 4570 433 4641; x_wconf 79' lang='lat' dir='ltr'><strong>Climacbi</strong></span> <span class='ocrx_word' id='word_1_578' title='bbox 466 4568 533 4621; x_wconf 92' lang='lat' dir='ltr'><strong>de</strong></span> <span class='ocrx_word' id='word_1_579' title='bbox 565 4568 799 4637; x_wconf 83' lang='lat' dir='ltr'><strong>perfecta</strong></span> <span class='ocrx_word' id='word_1_580' title='bbox 845 4572 1090 4641; x_wconf 63' lang='lat' dir='ltr'><strong>castitate</strong></span> <span class='ocrx_word' id='word_1_581' title='bbox 1132 4579 1186 4623; x_wconf 92' lang='lat' dir='ltr'><strong>et</strong></span> <span class='ocrx_word' id='word_1_582' title='bbox 1234 4572 1466 4635; x_wconf 79' lang='lat' dir='ltr'><strong>puritate</strong></span> <span class='ocrx_word' id='word_1_583' title='bbox 1513 4574 1746 4641; x_wconf 82' lang='lat' dir='ltr'><strong>elogium</strong></span> 
     </span>
    </p>
   </div>
   <div class='ocr_carea' id='block_1_85' title="bbox 160 4637 1749 4707">
    <p class='ocr_par' dir='ltr' id='par_1_85' title="bbox 160 4637 1749 4707">
     <span class='ocr_line' id='line_1_86' title="bbox 160 4637 1749 4707; baseline 0.001 -14"><span class='ocrx_word' id='word_1_584' title='bbox 160 4640 293 4693; x_wconf 76' lang='lat' dir='ltr'><strong>huic</strong></span> <span class='ocrx_word' id='word_1_585' title='bbox 324 4640 445 4691; x_wconf 86' lang='lat' dir='ltr'><strong>loco</strong></span> <span class='ocrx_word' id='word_1_586' title='bbox 470 4651 889 4693; x_wconf 86' lang='lat' dir='ltr'><strong>consentaneum</strong></span> <span class='ocrx_word' id='word_1_587' title='bbox 926 4657 937 4691; x_wconf 92' lang='lat'>:</span> <span class='ocrx_word' id='word_1_588' title='bbox 963 4637 1184 4693; x_wconf 87' lang='lat' dir='ltr'><strong>Castitas</strong></span> <span class='ocrx_word' id='word_1_589' title='bbox 1204 4652 1273 4694; x_wconf 87' lang='lat' dir='ltr'><strong>est</strong></span> <span class='ocrx_word' id='word_1_590' title='bbox 1310 4637 1626 4707; x_wconf 60' lang='lat' dir='ltr'><strong>incorporea?</strong></span> <span class='ocrx_word' id='word_1_591' title='bbox 1657 4660 1749 4695; x_wconf 90' lang='lat' dir='ltr'><strong>na-</strong></span> 
     </span>
    </p>
   </div>
   <div class='ocr_carea' id='block_1_86' title="bbox 160 4708 1750 4777">
    <p class='ocr_par' dir='ltr' id='par_1_86' title="bbox 160 4708 1750 4777">
     <span class='ocr_line' id='line_1_87' title="bbox 160 4708 1750 4777; baseline 0.003 -17"><span class='ocrx_word' id='word_1_592' title='bbox 160 4720 298 4764; x_wconf 69' lang='lat' dir='ltr'><strong>tura!</strong></span> <span class='ocrx_word' id='word_1_593' title='bbox 318 4710 673 4777; x_wconf 82' lang='lat' dir='ltr'><strong>familiaritas.</strong></span> <span class='ocrx_word' id='word_1_594' title='bbox 701 4708 922 4763; x_wconf 86' lang='lat' dir='ltr'><strong>Castitas</strong></span> <span class='ocrx_word' id='word_1_595' title='bbox 948 4719 1019 4762; x_wconf 84' lang='lat' dir='ltr'><strong>est</strong></span> <span class='ocrx_word' id='word_1_596' title='bbox 1052 4708 1241 4763; x_wconf 82' lang='lat' dir='ltr'><strong>Christi</strong></span> <span class='ocrx_word' id='word_1_597' title='bbox 1260 4714 1555 4777; x_wconf 85' lang='lat' dir='ltr'><strong>jucundum</strong></span> <span class='ocrx_word' id='word_1_598' title='bbox 1584 4713 1750 4765; x_wconf 89' lang='lat' dir='ltr'><strong>diver-</strong></span> 
     </span>
    </p>
   </div>
   <div class='ocr_carea' id='block_1_87' title="bbox 161 4782 1749 4851">
    <p class='ocr_par' dir='ltr' id='par_1_87' title="bbox 161 4782 1749 4851">
     <span class='ocr_line' id='line_1_88' title="bbox 161 4782 1749 4851; baseline 0.002 -18"><span class='ocrx_word' id='word_1_599' title='bbox 161 4784 387 4846; x_wconf 85' lang='lat' dir='ltr'><strong>sorium,</strong></span> <span class='ocrx_word' id='word_1_600' title='bbox 416 4782 765 4851; x_wconf 83' lang='lat' dir='ltr'><strong>terrestrisque</strong></span> <span class='ocrx_word' id='word_1_601' title='bbox 790 4782 994 4851; x_wconf 83' lang='lat' dir='ltr'><strong>clypeus</strong></span> <span class='ocrx_word' id='word_1_602' title='bbox 1025 4782 1213 4834; x_wconf 83' lang='lat' dir='ltr'><strong>cordis.</strong></span> <span class='ocrx_word' id='word_1_603' title='bbox 1244 4782 1464 4836; x_wconf 85' lang='lat' dir='ltr'><strong>Castitas</strong></span> <span class='ocrx_word' id='word_1_604' title='bbox 1495 4783 1749 4837; x_wconf 73' lang='lat' dir='ltr'><strong>excessiva</strong></span> 
     </span>
    </p>
   </div>
   <div class='ocr_carea' id='block_1_88' title="bbox 162 4850 1751 4921">
    <p class='ocr_par' dir='ltr' id='par_1_88' title="bbox 162 4850 1751 4921">
     <span class='ocr_line' id='line_1_89' title="bbox 162 4850 1751 4921; baseline 0.003 -19"><span class='ocrx_word' id='word_1_605' title='bbox 162 4862 373 4904; x_wconf 62' lang='lat' dir='ltr'><strong>natura?</strong></span> <span class='ocrx_word' id='word_1_606' title='bbox 394 4850 685 4920; x_wconf 86' lang='lat' dir='ltr'><strong>abnegatio,</strong></span> <span class='ocrx_word' id='word_1_607' title='bbox 734 4850 1063 4920; x_wconf 79' lang='lat' dir='ltr'><strong>corporisque</strong></span> <span class='ocrx_word' id='word_1_608' title='bbox 1109 4855 1336 4907; x_wconf 84' lang='lat' dir='ltr'><strong>mortalis</strong></span> <span class='ocrx_word' id='word_1_609' title='bbox 1380 4862 1533 4921; x_wconf 84' lang='lat' dir='ltr'><strong>atque</strong></span> <span class='ocrx_word' id='word_1_610' title='bbox 1578 4868 1751 4906; x_wconf 86' lang='lat' dir='ltr'><strong>corru-</strong></span> 
     </span>
    </p>
   </div>
   <div class='ocr_carea' id='block_1_89' title="bbox 166 4921 1749 4990">
    <p class='ocr_par' dir='ltr' id='par_1_89' title="bbox 166 4921 1749 4990">
     <span class='ocr_line' id='line_1_90' title="bbox 166 4921 1749 4990; baseline 0.002 -17"><span class='ocrx_word' id='word_1_611' title='bbox 166 4924 371 4988; x_wconf 87' lang='lat' dir='ltr'><strong>ptibilis</strong></span> <span class='ocrx_word' id='word_1_612' title='bbox 420 4921 506 4990; x_wconf 14' lang='lat' dir='ltr'><strong>ad,</strong></span> <span class='ocrx_word' id='word_1_613' title='bbox 536 4921 893 4990; x_wconf 79' lang='lat' dir='ltr'><strong>incorporeum</strong></span> <span class='ocrx_word' id='word_1_614' title='bbox 935 4923 1359 4990; x_wconf 78' lang='lat' dir='ltr'><strong>spiritualemque</strong></span> <span class='ocrx_word' id='word_1_615' title='bbox 1409 4924 1749 4977; x_wconf 80' lang='lat' dir='ltr'><strong>substantiam</strong></span> 
     </span>
    </p>
   </div>
   <div class='ocr_carea' id='block_1_90' title="bbox 163 4989 1746 5062">
    <p class='ocr_par' dir='ltr' id='par_1_90' title="bbox 163 4989 1746 5062">
     <span class='ocr_line' id='line_1_91' title="bbox 163 4989 1746 5062; baseline 0.003 -20"><span class='ocrx_word' id='word_1_616' title='bbox 163 4991 448 5045; x_wconf 79' lang='lat' dir='ltr'><strong>contentio.</strong></span> <span class='ocrx_word' id='word_1_617' title='bbox 475 4989 657 5043; x_wconf 85' lang='lat' dir='ltr'><strong>Castus</strong></span> <span class='ocrx_word' id='word_1_618' title='bbox 681 4989 772 5043; x_wconf 79' lang='lat' dir='ltr'><strong>ille</strong></span> <span class='ocrx_word' id='word_1_619' title='bbox 800 5003 895 5053; x_wconf 88' lang='lat' dir='ltr'><strong>est,</strong></span> <span class='ocrx_word' id='word_1_620' title='bbox 927 4993 1012 5057; x_wconf 87' lang='lat' dir='ltr'><strong>qui</strong></span> <span class='ocrx_word' id='word_1_621' title='bbox 1056 5010 1229 5062; x_wconf 76' lang='lat' dir='ltr'><strong>amore</strong></span> <span class='ocrx_word' id='word_1_622' title='bbox 1253 5011 1477 5047; x_wconf 85' lang='lat' dir='ltr'><strong>amorem</strong></span> <span class='ocrx_word' id='word_1_623' title='bbox 1506 4996 1746 5062; x_wconf 75' lang='lat' dir='ltr'><strong>exclusit,</strong></span> 
     </span>
    </p>
   </div>
   <div class='ocr_carea' id='block_1_91' title="bbox 161 5061 1751 5134">
    <p class='ocr_par' dir='ltr' id='par_1_91' title="bbox 161 5061 1751 5134">
     <span class='ocr_line' id='line_1_92' title="bbox 161 5061 1751 5134; baseline 0.004 -22"><span class='ocrx_word' id='word_1_624' title='bbox 161 5062 439 5131; x_wconf 83' lang='lat' dir='ltr'><strong>ignemque</strong></span> <span class='ocrx_word' id='word_1_625' title='bbox 476 5062 582 5134; x_wconf 78' lang='lat' dir='ltr'><strong>igni</strong></span> <span class='ocrx_word' id='word_1_626' title='bbox 606 5062 818 5134; x_wconf 82' lang='lat' dir='ltr'><strong>spiritus</strong></span> <span class='ocrx_word' id='word_1_627' title='bbox 838 5064 1113 5134; x_wconf 75' lang='lat' dir='ltr'><strong>exstinxit.</strong></span> <span class='ocrx_word' id='word_1_628' title='bbox 1142 5061 1366 5134; x_wconf 86' lang='lat' dir='ltr'><strong>Pudicus</strong></span> <span class='ocrx_word' id='word_1_629' title='bbox 1400 5076 1472 5117; x_wconf 87' lang='lat' dir='ltr'><strong>est</strong></span> <span class='ocrx_word' id='word_1_630' title='bbox 1518 5066 1627 5131; x_wconf 88' lang='lat' dir='ltr'><strong>ille,</strong></span> <span class='ocrx_word' id='word_1_631' title='bbox 1661 5066 1751 5134; x_wconf 88' lang='lat' dir='ltr'><strong>qui</strong></span> 
     </span>
    </p>
   </div>
   <div class='ocr_carea' id='block_1_92' title="bbox 163 5132 1750 5203">
    <p class='ocr_par' dir='ltr' id='par_1_92' title="bbox 163 5132 1750 5203">
     <span class='ocr_line' id='line_1_93' title="bbox 163 5132 1750 5203; baseline 0.004 -20"><span class='ocrx_word' id='word_1_632' title='bbox 163 5147 227 5185; x_wconf 88' lang='lat' dir='ltr'><strong>ne</strong></span> <span class='ocrx_word' id='word_1_633' title='bbox 246 5134 303 5185; x_wconf 88' lang='lat' dir='ltr'><strong>in</strong></span> <span class='ocrx_word' id='word_1_634' title='bbox 320 5132 519 5183; x_wconf 86' lang='lat' dir='ltr'><strong>somnis</strong></span> <span class='ocrx_word' id='word_1_635' title='bbox 546 5132 931 5203; x_wconf 82' lang='lat' dir='ltr'><strong>quidemullnm</strong></span> <span class='ocrx_word' id='word_1_636' title='bbox 952 5142 1167 5195; x_wconf 90' lang='lat' dir='ltr'><strong>motum,</strong></span> <span class='ocrx_word' id='word_1_637' title='bbox 1184 5133 1446 5203; x_wconf 76' lang='lat' dir='ltr'><strong>uitamque</strong></span> <span class='ocrx_word' id='word_1_638' title='bbox 1474 5145 1637 5189; x_wconf 85' lang='lat' dir='ltr'><strong>status</strong></span> <span class='ocrx_word' id='word_1_639' title='bbox 1663 5132 1750 5189; x_wconf 84' lang='lat' dir='ltr'><strong>sui</strong></span> 
     </span>
    </p>
   </div>
   <div class='ocr_carea' id='block_1_93' title="bbox 162 5202 1749 5269">
    <p class='ocr_par' dir='ltr' id='par_1_93' title="bbox 162 5202 1749 5269">
     <span class='ocr_line' id='line_1_94' title="bbox 162 5202 1749 5269; baseline 0.005 -17"><span class='ocrx_word' id='word_1_640' title='bbox 162 5206 508 5254; x_wconf 86' lang='lat' dir='ltr'><strong>mutationem</strong></span> <span class='ocrx_word' id='word_1_641' title='bbox 533 5204 701 5254; x_wconf 84' lang='lat' dir='ltr'><strong>sentit.</strong></span> <span class='ocrx_word' id='word_1_642' title='bbox 741 5202 969 5256; x_wconf 81' lang='lat' dir='ltr'><strong>Pudicus</strong></span> <span class='ocrx_word' id='word_1_643' title='bbox 997 5214 1069 5257; x_wconf 86' lang='lat' dir='ltr'><strong>est</strong></span> <span class='ocrx_word' id='word_1_644' title='bbox 1096 5206 1208 5265; x_wconf 51' lang='lat' dir='ltr'><strong>ils&#39;e,</strong></span> <span class='ocrx_word' id='word_1_645' title='bbox 1235 5208 1321 5269; x_wconf 89' lang='lat' dir='ltr'><strong>qui</strong></span> <span class='ocrx_word' id='word_1_646' title='bbox 1372 5216 1418 5257; x_wconf 92' lang='lat' dir='ltr'><strong>et</strong></span> <span class='ocrx_word' id='word_1_647' title='bbox 1465 5209 1516 5258; x_wconf 90' lang='lat' dir='ltr'><strong>in</strong></span> <span class='ocrx_word' id='word_1_648' title='bbox 1556 5208 1749 5260; x_wconf 86' lang='lat' dir='ltr'><strong>somnis</strong></span> 
     </span>
    </p>
   </div>
   <div class='ocr_carea' id='block_1_94' title="bbox 160 5272 1750 5343">
    <p class='ocr_par' dir='ltr' id='par_1_94' title="bbox 160 5272 1750 5343">
     <span class='ocr_line' id='line_1_95' title="bbox 160 5272 1750 5343; baseline 0.003 -18"><span class='ocrx_word' id='word_1_649' title='bbox 160 5273 379 5341; x_wconf 76' lang='lat' dir='ltr'><strong>quidem</strong></span> <span class='ocrx_word' id='word_1_650' title='bbox 402 5272 681 5341; x_wconf 76' lang='lat' dir='ltr'><strong>perfectam</strong></span> <span class='ocrx_word' id='word_1_651' title='bbox 702 5290 901 5335; x_wconf 78' lang='lat' dir='ltr'><strong>semper</strong></span> <span class='ocrx_word' id='word_1_652' title='bbox 941 5276 993 5327; x_wconf 89' lang='lat' dir='ltr'><strong>in</strong></span> <span class='ocrx_word' id='word_1_653' title='bbox 1021 5290 1294 5343; x_wconf 89' lang='lat' dir='ltr'><strong>corporum</strong></span> <span class='ocrx_word' id='word_1_654' title='bbox 1315 5276 1480 5343; x_wconf 87' lang='lat' dir='ltr'><strong>specie</strong></span> <span class='ocrx_word' id='word_1_655' title='bbox 1510 5287 1553 5328; x_wconf 90' lang='lat' dir='ltr'><strong>et</strong></span> <span class='ocrx_word' id='word_1_656' title='bbox 1582 5278 1750 5330; x_wconf 85' lang='lat' dir='ltr'><strong>varie-</strong></span> 
     </span>
    </p>
   </div>
   <div class='ocr_carea' id='block_1_95' title="bbox 163 5343 1753 5415">
    <p class='ocr_par' dir='ltr' id='par_1_95' title="bbox 163 5343 1753 5415">
     <span class='ocr_line' id='line_1_96' title="bbox 163 5343 1753 5415; baseline 0.002 -20"><span class='ocrx_word' id='word_1_657' title='bbox 163 5353 268 5415; x_wconf 65' lang='lat' dir='ltr'><strong>tate</strong></span> <span class='ocrx_word' id='word_1_658' title='bbox 294 5343 744 5395; x_wconf 87' lang='lat' dir='ltr'><strong>insensibilitatem</strong></span> <span class='ocrx_word' id='word_1_659' title='bbox 791 5345 1038 5413; x_wconf 86' lang='lat' dir='ltr'><strong>possedit.</strong></span> <span class='ocrx_word' id='word_1_660' title='bbox 1088 5343 1214 5398; x_wconf 61' lang='lat' dir='ltr'><strong>Haec</strong></span> <span class='ocrx_word' id='word_1_661' title='bbox 1244 5344 1753 5415; x_wconf 86' lang='lat' dir='ltr'><strong>regula_hujusmodi</strong></span> 
     </span>
    </p>
   </div>
   <div class='ocr_carea' id='block_1_96' title="bbox 160 5406 1756 5484">
    <p class='ocr_par' dir='ltr' id='par_1_96' title="bbox 160 5406 1756 5484">
     <span class='ocr_line' id='line_1_97' title="bbox 160 5406 1756 5484; baseline 0.001 -17"><span class='ocrx_word' id='word_1_662' title='bbox 160 5406 282 5479; x_wconf 73' lang='lat' dir='ltr'><strong>ﬁ&#39;nis</strong></span> <span class='ocrx_word' id='word_1_663' title='bbox 305 5423 380 5466; x_wconf 86' lang='lat' dir='ltr'><strong>est</strong></span> <span class='ocrx_word' id='word_1_664' title='bbox 405 5414 642 5483; x_wconf 72' lang='lat' dir='ltr'><strong>perfecta:</strong></span> <span class='ocrx_word' id='word_1_665' title='bbox 666 5406 1130 5484; x_wconf 68' lang='lat' dir='ltr'><strong>consumptumque</strong></span> <span class='ocrx_word' id='word_1_666' title='bbox 1171 5406 1445 5476; x_wconf 59' lang='lat' dir='ltr'><strong>castilatis;</strong></span> <span class='ocrx_word' id='word_1_667' title='bbox 1462 5406 1608 5467; x_wconf 54' lang='lat' dir='ltr'><strong>ut&#39;ita</strong></span> <span class='ocrx_word' id='word_1_668' title='bbox 1639 5419 1756 5469; x_wconf 85' lang='lat' dir='ltr'><strong>ani-</strong></span> 
     </span>
    </p>
   </div>
   <div class='ocr_carea' id='block_1_97' title="bbox 162 5485 1754 5553">
    <p class='ocr_par' dir='ltr' id='par_1_97' title="bbox 162 5485 1754 5553">
     <span class='ocr_line' id='line_1_98' title="bbox 162 5485 1754 5553; baseline 0.002 -17"><span class='ocrx_word' id='word_1_669' title='bbox 162 5494 307 5537; x_wconf 80' lang='lat' dir='ltr'><strong>mata</strong></span> <span class='ocrx_word' id='word_1_670' title='bbox 355 5486 489 5536; x_wconf 85' lang='lat' dir='ltr'><strong>sicut</strong></span> <span class='ocrx_word' id='word_1_671' title='bbox 533 5485 823 5537; x_wconf 83' lang='lat' dir='ltr'><strong>inanimum</strong></span> <span class='ocrx_word' id='word_1_672' title='bbox 872 5485 1204 5549; x_wconf 85' lang='lat' dir='ltr'><strong>intueamur;</strong></span> <span class='ocrx_word' id='word_1_673' title='bbox 1247 5495 1397 5553; x_wconf 90' lang='lat' dir='ltr'><strong>atque</strong></span> <span class='ocrx_word' id='word_1_674' title='bbox 1420 5487 1490 5536; x_wconf 88' lang='lat' dir='ltr'><strong>ita</strong></span> <span class='ocrx_word' id='word_1_675' title='bbox 1529 5490 1754 5539; x_wconf 53' lang='lat' dir='ltr'><strong>rationa.</strong></span> 
     </span>
    </p>
   </div>
   <div class='ocr_carea' id='block_1_98' title="bbox 161 5553 1756 5625">
    <p class='ocr_par' dir='ltr' id='par_1_98' title="bbox 161 5553 1756 5625">
     <span class='ocr_line' id='line_1_99' title="bbox 161 5553 1756 5625; baseline 0.003 -19"><span class='ocrx_word' id='word_1_676' title='bbox 161 5555 301 5607; x_wconf 85' lang='lat' dir='ltr'><strong>libus</strong></span> <span class='ocrx_word' id='word_1_677' title='bbox 334 5563 388 5606; x_wconf 86' lang='lat' dir='ltr'><strong>ut</strong></span> <span class='ocrx_word' id='word_1_678' title='bbox 415 5553 577 5608; x_wconf 87' lang='lat' dir='ltr'><strong>brutis</strong></span> <span class='ocrx_word' id='word_1_679' title='bbox 607 5556 904 5625; x_wconf 85' lang='lat' dir='ltr'><strong>corporibus</strong></span> <span class='ocrx_word' id='word_1_680' title='bbox 934 5556 1231 5625; x_wconf 67' lang='lat' dir='ltr'><strong>afﬁciantur.</strong></span> <span class='ocrx_word' id='word_1_681' title='bbox 1267 5556 1336 5608; x_wconf 84' lang='lat' dir='ltr'><strong>Et</strong></span> <span class='ocrx_word' id='word_1_682' title='bbox 1381 5554 1517 5607; x_wconf 77' lang='lat' dir='ltr'><strong>infra</strong></span> <span class='ocrx_word' id='word_1_683' title='bbox 1552 5574 1563 5607; x_wconf 72' lang='grc' dir='ltr'>ε</span> <span class='ocrx_word' id='word_1_684' title='bbox 1605 5554 1756 5610; x_wconf 84' lang='lat' dir='ltr'><strong>Istud</strong></span> 
     </span>
    </p>
   </div>
   <div class='ocr_carea' id='block_1_99' title="bbox 160 5626 1757 5695">
    <p class='ocr_par' dir='ltr' id='par_1_99' title="bbox 160 5626 1757 5695">
     <span class='ocr_line' id='line_1_100' title="bbox 160 5626 1757 5695; baseline 0.003 -20"><span class='ocrx_word' id='word_1_685' title='bbox 160 5638 297 5695; x_wconf 70' lang='lat' dir='ltr'><strong>certe</strong></span> <span class='ocrx_word' id='word_1_686' title='bbox 324 5626 577 5677; x_wconf 82' lang='lat' dir='ltr'><strong>castitatis</strong></span> <span class='ocrx_word' id='word_1_687' title='bbox 618 5637 811 5678; x_wconf 83' lang='lat' dir='ltr'><strong>certum</strong></span> <span class='ocrx_word' id='word_1_688' title='bbox 836 5638 1185 5695; x_wconf 87' lang='lat' dir='ltr'><strong>argumentum</strong></span> <span class='ocrx_word' id='word_1_689' title='bbox 1213 5636 1308 5690; x_wconf 88' lang='lat' dir='ltr'><strong>est,</strong></span> <span class='ocrx_word' id='word_1_690' title='bbox 1363 5626 1671 5678; x_wconf 87' lang='lat' dir='ltr'><strong>immobilem</strong></span> <span class='ocrx_word' id='word_1_691' title='bbox 1704 5628 1757 5679; x_wconf 89' lang='lat' dir='ltr'><strong>in</strong></span> 
     </span>
    </p>
   </div>
   <div class='ocr_carea' id='block_1_100' title="bbox 160 5694 1762 5767">
    <p class='ocr_par' dir='ltr' id='par_1_100' title="bbox 160 5694 1762 5767">
     <span class='ocr_line' id='line_1_101' title="bbox 160 5694 1762 5767; baseline 0.004 -21"><span class='ocrx_word' id='word_1_692' title='bbox 160 5694 238 5746; x_wconf 88' lang='lat' dir='ltr'><strong>eis</strong></span> <span class='ocrx_word' id='word_1_693' title='bbox 261 5694 736 5767; x_wconf 67' lang='lat' dir='ltr'><strong>phantasmatibns,</strong></span> <span class='ocrx_word' id='word_1_694' title='bbox 774 5694 1010 5767; x_wconf 31' lang='lat' dir='ltr'><strong>qute’per</strong></span> <span class='ocrx_word' id='word_1_695' title='bbox 1033 5713 1271 5753; x_wconf 88' lang='lat' dir='ltr'><strong>somnum</strong></span> <span class='ocrx_word' id='word_1_696' title='bbox 1302 5696 1555 5767; x_wconf 80' lang='lat' dir='ltr'><strong>videmus,</strong></span> <span class='ocrx_word' id='word_1_697' title='bbox 1603 5697 1762 5767; x_wconf 76' lang='lat' dir='ltr'><strong>persi-</strong></span> 
     </span>
    </p>
   </div>
   <div class='ocr_carea' id='block_1_101' title="bbox 162 5765 991 5841">
    <p class='ocr_par' dir='ltr' id='par_1_101' title="bbox 162 5765 991 5841">
     <span class='ocr_line' id='line_1_102' title="bbox 162 5765 991 5841; baseline 0.004 -19"><span class='ocrx_word' id='word_1_698' title='bbox 162 5774 327 5831; x_wconf 67' lang='lat' dir='ltr'><strong>stere.</strong></span> <span class='ocrx_word' id='word_1_699' title='bbox 354 5765 486 5827; x_wconf 60' lang='lat' dir='ltr'><strong>nec</strong></span> <span class='ocrx_word' id='word_1_700' title='bbox 518 5768 613 5827; x_wconf 80' lang='lat' dir='ltr'><strong>ille</strong></span> <span class='ocrx_word' id='word_1_701' title='bbox 640 5766 843 5828; x_wconf 78' lang='lat' dir='ltr'><strong>(Gradu</strong></span> <span class='ocrx_word' id='word_1_702' title='bbox 875 5765 991 5841; x_wconf 83' lang='grc'><strong>15).</strong></span> 
     </span>
    </p>
   </div>
   <div class='ocr_carea' id='block_1_102' title="bbox 1847 3162 3432 3234">
    <p class='ocr_par' dir='ltr' id='par_1_102' title="bbox 1847 3162 3432 3234">
     <span class='ocr_line' id='line_1_103' title="bbox 1847 3162 3432 3234; baseline 0.004 -19"><span class='ocrx_word' id='word_1_703' title='bbox 1847 3162 2100 3234; x_wconf 84' lang='lat' dir='ltr'><strong>Domin_us</strong></span> <span class='ocrx_word' id='word_1_704' title='bbox 2150 3164 2285 3216; x_wconf 87' lang='lat' dir='ltr'><strong>novit</strong></span> <span class='ocrx_word' id='word_1_705' title='bbox 2326 3163 2655 3234; x_wconf 75' lang='lat' dir='ltr'><strong>cogitationes</strong></span> <span class='ocrx_word' id='word_1_706' title='bbox 2683 3164 2967 3228; x_wconf 84' lang='lat' dir='ltr'><strong>hominum,</strong></span> <span class='ocrx_word' id='word_1_707' title='bbox 3000 3168 3244 3234; x_wconf 88' lang='lat' dir='ltr'><strong>quoniam</strong></span> <span class='ocrx_word' id='word_1_708' title='bbox 3288 3186 3432 3223; x_wconf 69' lang='lat' dir='ltr'><strong>vana:</strong></span> 
     </span>
    </p>
   </div>
   <div class='ocr_carea' id='block_1_103' title="bbox 1845 3231 3434 3303">
    <p class='ocr_par' dir='ltr' id='par_1_103' title="bbox 1845 3231 3434 3303">
     <span class='ocr_line' id='line_1_104' title="bbox 1845 3231 3434 3303; baseline 0.004 -18"><span class='ocrx_word' id='word_1_709' title='bbox 1845 3244 1963 3286; x_wconf 90' lang='lat' dir='ltr'><strong>sunt</strong></span> <span class='ocrx_word' id='word_1_710' title='bbox 1994 3232 2217 3302; x_wconf 87' lang='lat' dir='ltr'><strong>(Psalm.</strong></span> <span class='ocrx_word' id='word_1_711' title='bbox 2242 3231 2535 3301; x_wconf 71' lang='lat' dir='ltr'><strong>cxxxvut).</strong></span> <span class='ocrx_word' id='word_1_712' title='bbox 2580 3232 2817 3303; x_wconf 89' lang='lat' dir='ltr'><strong>Itemque</strong></span> <span class='ocrx_word' id='word_1_713' title='bbox 2856 3236 2927 3287; x_wconf 88' lang='lat' dir='ltr'><strong>ait</strong></span> <span class='ocrx_word' id='word_1_714' title='bbox 2957 3252 2975 3289; x_wconf 91' lang='lat'><strong><em>:</em></strong></span> <span class='ocrx_word' id='word_1_715' title='bbox 3004 3231 3315 3291; x_wconf 69' lang='lat' dir='ltr'><strong>Intellexisti</strong></span> <span class='ocrx_word' id='word_1_716' title='bbox 3344 3257 3434 3292; x_wconf 86' lang='lat' dir='ltr'><strong>co-</strong></span> 
     </span>
    </p>
   </div>
   <div class='ocr_carea' id='block_1_104' title="bbox 1844 3305 3430 3375">
    <p class='ocr_par' dir='ltr' id='par_1_104' title="bbox 1844 3305 3430 3375">
     <span class='ocr_line' id='line_1_105' title="bbox 1844 3305 3430 3375; baseline 0.004 -19"><span class='ocrx_word' id='word_1_717' title='bbox 1844 3305 2109 3375; x_wconf 84' lang='lat' dir='ltr'><strong>gitationes</strong></span> <span class='ocrx_word' id='word_1_718' title='bbox 2132 3322 2265 3357; x_wconf 86' lang='lat' dir='ltr'><strong>meas</strong></span> <span class='ocrx_word' id='word_1_719' title='bbox 2294 3305 2357 3375; x_wconf 74' lang='lat' dir='ltr'><strong>de</strong></span> <span class='ocrx_word' id='word_1_720' title='bbox 2381 3305 2546 3372; x_wconf 86' lang='lat' dir='ltr'><strong>longe,</strong></span> <span class='ocrx_word' id='word_1_721' title='bbox 2577 3306 2757 3372; x_wconf 88' lang='lat' dir='ltr'><strong>etquia</strong></span> <span class='ocrx_word' id='word_1_722' title='bbox 2784 3307 3024 3374; x_wconf 86' lang='lat' dir='ltr'><strong>cogitatio</strong></span> <span class='ocrx_word' id='word_1_723' title='bbox 3050 3308 3274 3361; x_wconf 84' lang='lat' dir='ltr'><strong>hominis</strong></span> <span class='ocrx_word' id='word_1_724' title='bbox 3303 3326 3430 3362; x_wconf 87' lang='lat' dir='ltr'><strong>con-</strong></span> 
     </span>
    </p>
   </div>
   <div class='ocr_carea' id='block_1_105' title="bbox 1846 3374 3425 3445">
    <p class='ocr_par' dir='ltr' id='par_1_105' title="bbox 1846 3374 3425 3445">
     <span class='ocr_line' id='line_1_106' title="bbox 1846 3374 3425 3445; baseline 0.005 -19"><span class='ocrx_word' id='word_1_725' title='bbox 1846 3375 2073 3443; x_wconf 78' lang='lat' dir='ltr'><strong>ﬁtebitur</strong></span> <span class='ocrx_word' id='word_1_726' title='bbox 2125 3375 2214 3427; x_wconf 83' lang='lat' dir='ltr'><strong>tibi</strong></span> <span class='ocrx_word' id='word_1_727' title='bbox 2260 3374 2487 3445; x_wconf 83' lang='lat' dir='ltr'><strong>(Psalm.</strong></span> <span class='ocrx_word' id='word_1_728' title='bbox 2538 3377 2722 3442; x_wconf 74' lang='lat' dir='ltr'><strong>Lxxv).</strong></span> <span class='ocrx_word' id='word_1_729' title='bbox 2776 3375 2869 3429; x_wconf 86' lang='lat' dir='ltr'><strong>His</strong></span> <span class='ocrx_word' id='word_1_730' title='bbox 2912 3378 3225 3431; x_wconf 89' lang='lat' dir='ltr'><strong>suscribunt</strong></span> <span class='ocrx_word' id='word_1_731' title='bbox 3260 3381 3425 3435; x_wconf 86' lang='lat' dir='ltr'><strong>etalii</strong></span> 
     </span>
    </p>
   </div>
   <div class='ocr_carea' id='block_1_106' title="bbox 1847 3444 3427 3516">
    <p class='ocr_par' dir='ltr' id='par_1_106' title="bbox 1847 3444 3427 3516">
     <span class='ocr_line' id='line_1_107' title="bbox 1847 3444 3427 3516; baseline 0.004 -19"><span class='ocrx_word' id='word_1_732' title='bbox 1847 3446 2053 3516; x_wconf 63' lang='lat' dir='ltr'><strong>Patres.</strong></span> <span class='ocrx_word' id='word_1_733' title='bbox 2086 3445 2142 3501; x_wconf 91' lang='lat' dir='ltr'><strong>S.</strong></span> <span class='ocrx_word' id='word_1_734' title='bbox 2176 3444 2407 3516; x_wconf 72' lang='lat' dir='ltr'><strong>lgnatins</strong></span> <span class='ocrx_word' id='word_1_735' title='bbox 2428 3444 2494 3498; x_wconf 88' lang='lat' dir='ltr'><strong>ad</strong></span> <span class='ocrx_word' id='word_1_736' title='bbox 2518 3445 2785 3516; x_wconf 84' lang='lat' dir='ltr'><strong>Ceronem</strong></span> <span class='ocrx_word' id='word_1_737' title='bbox 2815 3446 3128 3501; x_wconf 87' lang='lat' dir='ltr'><strong>diaconum:</strong></span> <span class='ocrx_word' id='word_1_738' title='bbox 3166 3448 3427 3503; x_wconf 78' lang='lat' dir='ltr'><strong>Memento</strong></span> 
     </span>
    </p>
   </div>
   <div class='ocr_carea' id='block_1_107' title="bbox 1848 3514 3420 3587">
    <p class='ocr_par' dir='ltr' id='par_1_107' title="bbox 1848 3514 3420 3587">
     <span class='ocr_line' id='line_1_108' title="bbox 1848 3514 3420 3587; baseline 0.003 -19"><span class='ocrx_word' id='word_1_739' title='bbox 1848 3514 1943 3587; x_wconf 75' lang='lat' dir='ltr'><strong>Dei</strong></span> <span class='ocrx_word' id='word_1_740' title='bbox 1995 3525 2043 3569; x_wconf 86' lang='lat' dir='ltr'><strong>et</strong></span> <span class='ocrx_word' id='word_1_741' title='bbox 2092 3514 2701 3587; x_wconf 10' lang='lat' dir='ltr'><strong>non&#39;peccabisgllipist.</strong></span> <span class='ocrx_word' id='word_1_742' title='bbox 2736 3517 2813 3580; x_wconf 82' lang='lat'><strong>9).</strong></span> <span class='ocrx_word' id='word_1_743' title='bbox 2869 3516 3120 3570; x_wconf 72' lang='lat' dir='ltr'><strong>Clemens</strong></span> <span class='ocrx_word' id='word_1_744' title='bbox 3154 3519 3420 3573; x_wconf 81' lang='lat' dir='ltr'><strong>Alexand.</strong></span> 
     </span>
    </p>
   </div>
   <div class='ocr_carea' id='block_1_108' title="bbox 1846 3585 3426 3655">
    <p class='ocr_par' dir='ltr' id='par_1_108' title="bbox 1846 3585 3426 3655">
     <span class='ocr_line' id='line_1_109' title="bbox 1846 3585 3426 3655; baseline 0.003 -18"><span class='ocrx_word' id='word_1_745' title='bbox 1846 3585 1934 3639; x_wconf 26' lang='lat' dir='ltr'><strong>lib.</strong></span> <span class='ocrx_word' id='word_1_746' title='bbox 1988 3602 2043 3640; x_wconf 86' lang='grc' dir='ltr'><strong>ιιι</strong></span> <span class='ocrx_word' id='word_1_747' title='bbox 2102 3585 2583 3655; x_wconf 61' lang='grc' dir='ltr'><strong>ΡωιΙειςοιζὶἰεΗασ</strong></span> <span class='ocrx_word' id='word_1_748' title='bbox 2622 3588 2787 3639; x_wconf 86' lang='lat' dir='ltr'><strong>solum</strong></span> <span class='ocrx_word' id='word_1_749' title='bbox 2841 3588 3040 3640; x_wconf 88' lang='lat' dir='ltr'><strong>ratione</strong></span> <span class='ocrx_word' id='word_1_750' title='bbox 3088 3589 3167 3655; x_wconf 78' lang='lat' dir='ltr'><strong>ﬁt,</strong></span> <span class='ocrx_word' id='word_1_751' title='bbox 3216 3598 3274 3639; x_wconf 92' lang='lat' dir='ltr'><strong>ut</strong></span> <span class='ocrx_word' id='word_1_752' title='bbox 3308 3593 3426 3655; x_wconf 84' lang='lat' dir='ltr'><strong>quis</strong></span> 
     </span>
    </p>
   </div>
   <div class='ocr_carea' id='block_1_109' title="bbox 1851 3656 3427 3726">
    <p class='ocr_par' dir='ltr' id='par_1_109' title="bbox 1851 3656 3427 3726">
     <span class='ocr_line' id='line_1_110' title="bbox 1851 3656 3427 3726; baseline 0.001 -17"><span class='ocrx_word' id='word_1_753' title='bbox 1851 3673 2131 3726; x_wconf 85' lang='lat' dir='ltr'><strong>numquam</strong></span> <span class='ocrx_word' id='word_1_754' title='bbox 2164 3658 2385 3723; x_wconf 84' lang='lat' dir='ltr'><strong>labatur,</strong></span> <span class='ocrx_word' id='word_1_755' title='bbox 2439 3657 2481 3707; x_wconf 91' lang='lat' dir='ltr'><strong>si</strong></span> <span class='ocrx_word' id='word_1_756' title='bbox 2532 3656 2695 3726; x_wconf 70' lang='lat' dir='ltr'><strong>Deum</strong></span> <span class='ocrx_word' id='word_1_757' title='bbox 2746 3658 2841 3707; x_wconf 86' lang='lat' dir='ltr'><strong>sibi</strong></span> <span class='ocrx_word' id='word_1_758' title='bbox 2874 3658 2973 3722; x_wconf 88' lang='lat' dir='ltr'><strong>ipsi</strong></span> <span class='ocrx_word' id='word_1_759' title='bbox 3003 3673 3201 3726; x_wconf 83' lang='lat' dir='ltr'><strong>semper</strong></span> <span class='ocrx_word' id='word_1_760' title='bbox 3248 3657 3427 3712; x_wconf 85' lang='lat' dir='ltr'><strong>adesse</strong></span> 
     </span>
    </p>
   </div>
   <div class='ocr_carea' id='block_1_110' title="bbox 1847 3725 3426 3798">
    <p class='ocr_par' dir='ltr' id='par_1_110' title="bbox 1847 3725 3426 3798">
     <span class='ocr_line' id='line_1_111' title="bbox 1847 3725 3426 3798; baseline 0.002 -19"><span class='ocrx_word' id='word_1_761' title='bbox 1847 3725 2280 3798; x_wconf 51' lang='lat' dir='ltr'><strong>edistimatwap.</strong></span> <span class='ocrx_word' id='word_1_762' title='bbox 2337 3725 2905 3798; x_wconf 27' lang='lat' dir='ltr'><strong>5).AS.__Hieronymus</strong></span> <span class='ocrx_word' id='word_1_763' title='bbox 2950 3726 3014 3798; x_wconf 82' lang='lat' dir='ltr'><strong>in</strong></span> <span class='ocrx_word' id='word_1_764' title='bbox 3047 3725 3378 3798; x_wconf 58' lang='lat' dir='ltr'><strong>Ezechielem</strong></span> <span class='ocrx_word' id='word_1_765' title='bbox 3410 3745 3426 3783; x_wconf 90' lang='lat'><strong>:</strong></span> 
     </span>
    </p>
   </div>
   <div class='ocr_carea' id='block_1_111' title="bbox 1850 3794 3423 3875">
    <p class='ocr_par' dir='ltr' id='par_1_111' title="bbox 1850 3794 3423 3875">
     <span class='ocr_line' id='line_1_112' title="bbox 1850 3794 3423 3875; baseline 0 -26"><span class='ocrx_word' id='word_1_766' title='bbox 1850 3794 2273 3875; x_wconf 30' lang='lat' dir='ltr'><strong>Mempriaﬁﬂéi</strong></span> <span class='ocrx_word' id='word_1_767' title='bbox 2321 3794 3037 3875; x_wconf 50' lang='lat' dir='ltr'><strong>excludit”amatam/lagitia</strong></span> <span class='ocrx_word' id='word_1_768' title='bbox 3308 3812 3381 3875; x_wconf 73' lang='lat' dir='ltr'><strong>vit</strong></span> <span class='ocrx_word' id='word_1_769' title='bbox 3408 3840 3423 3861; x_wconf 86' lang='lat'><strong>,</strong></span> 
     </span>
    </p>
   </div>
   <div class='ocr_carea' id='block_1_112' title="bbox 1848 3862 3425 3935">
    <p class='ocr_par' dir='ltr' id='par_1_112' title="bbox 1848 3862 3425 3935">
     <span class='ocr_line' id='line_1_113' title="bbox 1848 3862 3425 3935; baseline 0 -17"><span class='ocrx_word' id='word_1_770' title='bbox 1848 3884 1894 3919; x_wconf 77' lang='grc' dir='ltr'><strong>ο.</strong></span> <span class='ocrx_word' id='word_1_771' title='bbox 1947 3868 2061 3933; x_wconf 70' lang='lat'><strong>22).</strong></span> <span class='ocrx_word' id='word_1_772' title='bbox 2116 3868 2172 3921; x_wconf 89' lang='lat' dir='ltr'><strong>S.</strong></span> <span class='ocrx_word' id='word_1_773' title='bbox 2234 3867 2490 3934; x_wconf 85' lang='lat' dir='ltr'><strong>Ephrem.</strong></span> <span class='ocrx_word' id='word_1_774' title='bbox 2546 3865 2636 3935; x_wconf 73' lang='lat' dir='ltr'><strong>lib.</strong></span> <span class='ocrx_word' id='word_1_775' title='bbox 2683 3862 3208 3935; x_wconf 10' lang='lat' dir='ltr'><strong>de_Virrtute:Nihil</strong></span> <span class='ocrx_word' id='word_1_776' title='bbox 3256 3868 3425 3935; x_wconf 83' lang='lat' dir='ltr'><strong>pejus,</strong></span> 
     </span>
    </p>
   </div>
   <div class='ocr_carea' id='block_1_113' title="bbox 1847 3933 3424 4007">
    <p class='ocr_par' dir='ltr' id='par_1_113' title="bbox 1847 3933 3424 4007">
     <span class='ocr_line' id='line_1_114' title="bbox 1847 3933 3424 4007; baseline 0.002 -19"><span class='ocrx_word' id='word_1_777' title='bbox 1847 3941 2148 4007; x_wconf 89' lang='lat' dir='ltr'><strong>graviusque</strong></span> <span class='ocrx_word' id='word_1_778' title='bbox 2194 3933 2292 4000; x_wconf 82' lang='lat' dir='ltr'><strong>est,</strong></span> <span class='ocrx_word' id='word_1_779' title='bbox 2342 3951 2495 4007; x_wconf 83' lang='lat' dir='ltr'><strong>quam</strong></span> <span class='ocrx_word' id='word_1_780' title='bbox 2517 3933 2645 3987; x_wconf 84' lang='lat' dir='ltr'><strong>—Dei</strong></span> <span class='ocrx_word' id='word_1_781' title='bbox 2696 3933 2999 3986; x_wconf 86' lang='lat' dir='ltr'><strong>oblivionem</strong></span> <span class='ocrx_word' id='word_1_782' title='bbox 3048 3933 3424 4005; x_wconf 34' lang='lat' dir='ltr'><strong>capere.&#39;Con4</strong></span> 
     </span>
    </p>
   </div>
   <div class='ocr_carea' id='block_1_114' title="bbox 1848 4005 3425 4076">
    <p class='ocr_par' dir='ltr' id='par_1_114' title="bbox 1848 4005 3425 4076">
     <span class='ocr_line' id='line_1_115' title="bbox 1848 4005 3425 4076; baseline 0.002 -16"><span class='ocrx_word' id='word_1_783' title='bbox 1848 4005 1990 4062; x_wconf 80' lang='lat' dir='ltr'><strong>tinua</strong></span> <span class='ocrx_word' id='word_1_784' title='bbox 2018 4005 2152 4062; x_wconf 82' lang='lat' dir='ltr'><strong>enim</strong></span> <span class='ocrx_word' id='word_1_785' title='bbox 2180 4008 2274 4060; x_wconf 85' lang='lat' dir='ltr'><strong>Dei</strong></span> <span class='ocrx_word' id='word_1_786' title='bbox 2302 4005 2659 4059; x_wconf 87' lang='lat' dir='ltr'><strong>recordatione</strong></span> <span class='ocrx_word' id='word_1_787' title='bbox 2698 4014 2870 4076; x_wconf 83' lang='lat' dir='ltr'><strong>turpes</strong></span> <span class='ocrx_word' id='word_1_788' title='bbox 2916 4007 3106 4060; x_wconf 66' lang='lat' dir='ltr'><strong>animi:</strong></span> <span class='ocrx_word' id='word_1_789' title='bbox 3156 4008 3425 4076; x_wconf 83' lang='lat' dir='ltr'><strong>passiones</strong></span> 
     </span>
    </p>
   </div>
   <div class='ocr_carea' id='block_1_115' title="bbox 1847 4075 3427 4144">
    <p class='ocr_par' dir='ltr' id='par_1_115' title="bbox 1847 4075 3427 4144">
     <span class='ocr_line' id='line_1_116' title="bbox 1847 4075 3427 4144; baseline 0.001 -14"><span class='ocrx_word' id='word_1_790' title='bbox 1847 4080 2133 4143; x_wconf 86' lang='lat' dir='ltr'><strong>recedunt,</strong></span> <span class='ocrx_word' id='word_1_791' title='bbox 2191 4080 2353 4132; x_wconf 89' lang='lat' dir='ltr'><strong>instar</strong></span> <span class='ocrx_word' id='word_1_792' title='bbox 2404 4077 2772 4144; x_wconf 87' lang='lat' dir='ltr'><strong>male/icorum,</strong></span> <span class='ocrx_word' id='word_1_793' title='bbox 2839 4075 3068 4132; x_wconf 78' lang='lat' dir='ltr'><strong>Prtetore</strong></span> <span class='ocrx_word' id='word_1_794' title='bbox 3119 4075 3427 4144; x_wconf 83' lang='lat' dir='ltr'><strong>accedente;</strong></span> 
     </span>
    </p>
   </div>
   <div class='ocr_carea' id='block_1_116' title="bbox 1847 4146 3424 4218">
    <p class='ocr_par' dir='ltr' id='par_1_116' title="bbox 1847 4146 3424 4218">
     <span class='ocr_line' id='line_1_117' title="bbox 1847 4146 3424 4218; baseline 0.001 -17"><span class='ocrx_word' id='word_1_795' title='bbox 1847 4150 1980 4203; x_wconf 89' lang='lat' dir='ltr'><strong>unde</strong></span> <span class='ocrx_word' id='word_1_796' title='bbox 2007 4159 2055 4203; x_wconf 91' lang='lat' dir='ltr'><strong>et</strong></span> <span class='ocrx_word' id='word_1_797' title='bbox 2086 4151 2334 4203; x_wconf 87' lang='lat' dir='ltr'><strong>mundum</strong></span> <span class='ocrx_word' id='word_1_798' title='bbox 2366 4147 2591 4213; x_wconf 88' lang='lat' dir='ltr'><strong>Spiritus</strong></span> <span class='ocrx_word' id='word_1_799' title='bbox 2612 4148 2775 4200; x_wconf 86' lang='lat' dir='ltr'><strong>sancti</strong></span> <span class='ocrx_word' id='word_1_800' title='bbox 2805 4146 3157 4201; x_wconf 84' lang='lat' dir='ltr'><strong>habitaculum</strong></span> <span class='ocrx_word' id='word_1_801' title='bbox 3189 4150 3424 4218; x_wconf 73' lang='lat' dir='ltr'><strong>eﬁicitur.</strong></span> 
     </span>
    </p>
   </div>
   <div class='ocr_carea' id='block_1_117' title="bbox 1852 4218 3431 4289">
    <p class='ocr_par' dir='ltr' id='par_1_117' title="bbox 1852 4218 3431 4289">
     <span class='ocr_line' id='line_1_118' title="bbox 1852 4218 3431 4289; baseline 0.002 -18"><span class='ocrx_word' id='word_1_802' title='bbox 1852 4218 1951 4289; x_wconf 87' lang='lat' dir='ltr'><strong>Ubi</strong></span> <span class='ocrx_word' id='word_1_803' title='bbox 1977 4237 2092 4273; x_wconf 88' lang='lat' dir='ltr'><strong>vero</strong></span> <span class='ocrx_word' id='word_1_804' title='bbox 2127 4222 2371 4273; x_wconf 90' lang='lat' dir='ltr'><strong>memoria</strong></span> <span class='ocrx_word' id='word_1_805' title='bbox 2406 4218 2498 4273; x_wconf 87' lang='lat' dir='ltr'><strong>Dei</strong></span> <span class='ocrx_word' id='word_1_806' title='bbox 2525 4218 2689 4279; x_wconf 87' lang='lat' dir='ltr'><strong>abest,</strong></span> <span class='ocrx_word' id='word_1_807' title='bbox 2728 4219 2798 4270; x_wconf 89' lang='lat' dir='ltr'><strong>ibi</strong></span> <span class='ocrx_word' id='word_1_808' title='bbox 2845 4218 3062 4272; x_wconf 66' lang='lat' dir='ltr'><strong>tenebris:</strong></span> <span class='ocrx_word' id='word_1_809' title='bbox 3106 4234 3221 4271; x_wconf 89' lang='lat' dir='ltr'><strong>cum</strong></span> <span class='ocrx_word' id='word_1_810' title='bbox 3269 4223 3431 4289; x_wconf 79' lang='lat' dir='ltr'><strong>fetore</strong></span> 
     </span>
    </p>
   </div>
   <div class='ocr_carea' id='block_1_118' title="bbox 1848 4288 3422 4359">
    <p class='ocr_par' dir='ltr' id='par_1_118' title="bbox 1848 4288 3422 4359">
     <span class='ocr_line' id='line_1_119' title="bbox 1848 4288 3422 4359; baseline 0.003 -18"><span class='ocrx_word' id='word_1_811' title='bbox 1848 4290 2199 4352; x_wconf 88' lang='lat' dir='ltr'><strong>dominantur,</strong></span> <span class='ocrx_word' id='word_1_812' title='bbox 2220 4291 2485 4359; x_wconf 83' lang='lat' dir='ltr'><strong>omnisque</strong></span> <span class='ocrx_word' id='word_1_813' title='bbox 2502 4304 2581 4342; x_wconf 90' lang='lat' dir='ltr'><strong>res</strong></span> <span class='ocrx_word' id='word_1_814' title='bbox 2611 4289 2845 4359; x_wconf 88' lang='lat' dir='ltr'><strong>improba</strong></span> <span class='ocrx_word' id='word_1_815' title='bbox 2875 4300 3135 4342; x_wconf 77' lang='lat' dir='ltr'><strong>exercetur</strong></span> <span class='ocrx_word' id='word_1_816' title='bbox 3160 4288 3333 4359; x_wconf 86' lang='lat' dir='ltr'><strong>(Tom.</strong></span> <span class='ocrx_word' id='word_1_817' title='bbox 3354 4290 3422 4357; x_wconf 89' lang='lat' dir='ltr'><strong>ll,</strong></span> 
     </span>
    </p>
   </div>
   <div class='ocr_carea' id='block_1_119' title="bbox 1848 4358 3423 4443">
    <p class='ocr_par' dir='ltr' id='par_1_119' title="bbox 1848 4358 3423 4443">
     <span class='ocr_line' id='line_1_120' title="bbox 1848 4358 3423 4443; baseline 0.004 -33"><span class='ocrx_word' id='word_1_818' title='bbox 1848 4359 2064 4443; x_wconf 42' lang='lat' dir='ltr'><strong>deitirt.</strong></span> <span class='ocrx_word' id='word_1_819' title='bbox 2088 4378 2203 4443; x_wconf 79' lang='lat' dir='ltr'><strong>cap.</strong></span> <span class='ocrx_word' id='word_1_820' title='bbox 2227 4362 2336 4443; x_wconf 73' lang='grc'><strong>10).</strong></span> <span class='ocrx_word' id='word_1_821' title='bbox 2363 4358 2420 4415; x_wconf 44' lang='grc'><strong>8⁷.</strong></span> <span class='ocrx_word' id='word_1_822' title='bbox 2455 4359 2761 4443; x_wconf 45' lang='lat' dir='ltr'><strong>Balsilittsin</strong></span> <span class='ocrx_word' id='word_1_823' title='bbox 2788 4358 3005 4443; x_wconf 71' lang='lat' dir='ltr'><strong>Regulus</strong></span> <span class='ocrx_word' id='word_1_824' title='bbox 3033 4359 3140 4414; x_wconf 85' lang='lat' dir='ltr'><strong>fus.</strong></span> <span class='ocrx_word' id='word_1_825' title='bbox 3173 4362 3377 4443; x_wconf 56' lang='lat' dir='ltr'><strong>disput.</strong></span> <span class='ocrx_word' id='word_1_826' title='bbox 3408 4380 3423 4417; x_wconf 88' lang='lat'><strong>:</strong></span> 
     </span>
    </p>
   </div>
   <div class='ocr_carea' id='block_1_120' title="bbox 1853 4428 3429 4500">
    <p class='ocr_par' dir='ltr' id='par_1_120' title="bbox 1853 4428 3429 4500">
     <span class='ocr_line' id='line_1_121' title="bbox 1853 4428 3429 4500; baseline 0.003 -18"><span class='ocrx_word' id='word_1_827' title='bbox 1853 4428 1921 4482; x_wconf 84' lang='lat' dir='ltr'><strong>Ut</strong></span> <span class='ocrx_word' id='word_1_828' title='bbox 1951 4431 2092 4499; x_wconf 75' lang='lat' dir='ltr'><strong>faber</strong></span> <span class='ocrx_word' id='word_1_829' title='bbox 2114 4428 2383 4499; x_wconf 79' lang='lat' dir='ltr'><strong>ferrarius,</strong></span> <span class='ocrx_word' id='word_1_830' title='bbox 2428 4430 2567 4483; x_wconf 80' lang='lat' dir='ltr'><strong>verbi</strong></span> <span class='ocrx_word' id='word_1_831' title='bbox 2590 4431 2780 4499; x_wconf 88' lang='lat' dir='ltr'><strong>gratia,</strong></span> <span class='ocrx_word' id='word_1_832' title='bbox 2814 4428 3429 4500; x_wconf 44' lang='lat' dir='ltr'><strong>qu&#39;andocunique&#39;dola-</strong></span> 
     </span>
    </p>
   </div>
   <div class='ocr_carea' id='block_1_121' title="bbox 1850 4500 3431 4568">
    <p class='ocr_par' dir='ltr' id='par_1_121' title="bbox 1850 4500 3431 4568">
     <span class='ocr_line' id='line_1_122' title="bbox 1850 4500 3431 4568; baseline 0.004 -16"><span class='ocrx_word' id='word_1_833' title='bbox 1850 4500 2251 4568; x_wconf 85' lang='lat' dir='ltr'><strong>bramaliquam,</strong></span> <span class='ocrx_word' id='word_1_834' title='bbox 2276 4500 2352 4554; x_wconf 88' lang='lat' dir='ltr'><strong>vel</strong></span> <span class='ocrx_word' id='word_1_835' title='bbox 2374 4503 2563 4553; x_wconf 88' lang='lat' dir='ltr'><strong>asciam</strong></span> <span class='ocrx_word' id='word_1_836' title='bbox 2584 4502 2745 4565; x_wconf 85' lang='lat' dir='ltr'><strong>cudit,</strong></span> <span class='ocrx_word' id='word_1_837' title='bbox 2771 4501 2813 4553; x_wconf 79' lang='lat' dir='ltr'><strong>si</strong></span> <span class='ocrx_word' id='word_1_838' title='bbox 2835 4503 3043 4555; x_wconf 87' lang='lat' dir='ltr'><strong>assidue</strong></span> <span class='ocrx_word' id='word_1_839' title='bbox 3066 4504 3207 4555; x_wconf 84' lang='lat' dir='ltr'><strong>illius</strong></span> <span class='ocrx_word' id='word_1_840' title='bbox 3235 4519 3431 4558; x_wconf 90' lang='lat' dir='ltr'><strong>memor</strong></span> 
     </span>
    </p>
   </div>
   <div class='ocr_carea' id='block_1_122' title="bbox 1848 4569 3430 4643">
    <p class='ocr_par' dir='ltr' id='par_1_122' title="bbox 1848 4569 3430 4643">
     <span class='ocr_line' id='line_1_123' title="bbox 1848 4569 3430 4643; baseline 0.003 -20"><span class='ocrx_word' id='word_1_841' title='bbox 1848 4569 2108 4643; x_wconf 87' lang='lat' dir='ltr'><strong>sit,unde</strong></span> <span class='ocrx_word' id='word_1_842' title='bbox 2136 4572 2523 4626; x_wconf 86' lang='lat' dir='ltr'><strong>instrumentum</strong></span> <span class='ocrx_word' id='word_1_843' title='bbox 2552 4570 2684 4643; x_wconf 87' lang='lat' dir='ltr'><strong>illud</strong></span> <span class='ocrx_word' id='word_1_844' title='bbox 2707 4572 2999 4643; x_wconf 79' lang='lat' dir='ltr'><strong>faciendum</strong></span> <span class='ocrx_word' id='word_1_845' title='bbox 3025 4589 3086 4625; x_wconf 76' lang='lat' dir='ltr'><strong>ex</strong></span> <span class='ocrx_word' id='word_1_846' title='bbox 3110 4584 3261 4643; x_wconf 88' lang='lat' dir='ltr'><strong>pacto</strong></span> <span class='ocrx_word' id='word_1_847' title='bbox 3286 4591 3430 4629; x_wconf 87' lang='lat' dir='ltr'><strong>acce-</strong></span> 
     </span>
    </p>
   </div>
   <div class='ocr_carea' id='block_1_123' title="bbox 1848 4640 3429 4715">
    <p class='ocr_par' dir='ltr' id='par_1_123' title="bbox 1848 4640 3429 4715">
     <span class='ocr_line' id='line_1_124' title="bbox 1848 4640 3429 4715; baseline 0.005 -24"><span class='ocrx_word' id='word_1_848' title='bbox 1848 4642 1997 4715; x_wconf 78' lang='lat' dir='ltr'><strong>perit,</strong></span> <span class='ocrx_word' id='word_1_849' title='bbox 2057 4650 2103 4693; x_wconf 91' lang='lat' dir='ltr'><strong>et</strong></span> <span class='ocrx_word' id='word_1_850' title='bbox 2145 4645 2496 4715; x_wconf 81' lang='lat' dir='ltr'><strong>prcescriptam</strong></span> <span class='ocrx_word' id='word_1_851' title='bbox 2525 4642 2620 4695; x_wconf 81' lang='lat' dir='ltr'><strong>sibi</strong></span> <span class='ocrx_word' id='word_1_852' title='bbox 2650 4643 2710 4715; x_wconf 86' lang='lat' dir='ltr'><strong>ab</strong></span> <span class='ocrx_word' id='word_1_853' title='bbox 2738 4640 2829 4694; x_wconf 86' lang='lat' dir='ltr'><strong>illo</strong></span> <span class='ocrx_word' id='word_1_854' title='bbox 2860 4640 3181 4715; x_wconf 49' lang='lat' dir='ltr'><strong>formam,&#39;et</strong></span> <span class='ocrx_word' id='word_1_855' title='bbox 3232 4647 3429 4715; x_wconf 88' lang='lat' dir='ltr'><strong>magni-</strong></span> 
     </span>
    </p>
   </div>
   <div class='ocr_carea' id='block_1_124' title="bbox 1851 4711 3428 4784">
    <p class='ocr_par' dir='ltr' id='par_1_124' title="bbox 1851 4711 3428 4784">
     <span class='ocr_line' id='line_1_125' title="bbox 1851 4711 3428 4784; baseline 0.006 -24"><span class='ocrx_word' id='word_1_856' title='bbox 1851 4711 2075 4784; x_wconf 79' lang='lat' dir='ltr'><strong>tudinem</strong></span> <span class='ocrx_word' id='word_1_857' title='bbox 2101 4714 2273 4765; x_wconf 88' lang='lat' dir='ltr'><strong>animo</strong></span> <span class='ocrx_word' id='word_1_858' title='bbox 2305 4711 2488 4776; x_wconf 82' lang='lat' dir='ltr'><strong>versat,</strong></span> <span class='ocrx_word' id='word_1_859' title='bbox 2521 4722 2566 4765; x_wconf 90' lang='lat' dir='ltr'><strong>et</strong></span> <span class='ocrx_word' id='word_1_860' title='bbox 2596 4714 2663 4765; x_wconf 90' lang='lat' dir='ltr'><strong>ad</strong></span> <span class='ocrx_word' id='word_1_861' title='bbox 2683 4716 2790 4784; x_wconf 86' lang='lat' dir='ltr'><strong>ejus</strong></span> <span class='ocrx_word' id='word_1_862' title='bbox 2816 4714 3159 4784; x_wconf 83' lang='lat' dir='ltr'><strong>voluntatem,</strong></span> <span class='ocrx_word' id='word_1_863' title='bbox 3187 4717 3274 4782; x_wconf 90' lang='lat' dir='ltr'><strong>qui</strong></span> <span class='ocrx_word' id='word_1_864' title='bbox 3302 4711 3428 4769; x_wconf 47' lang='lat' dir='ltr'><strong>c&#39;on-</strong></span> 
     </span>
    </p>
   </div>
   <div class='ocr_carea' id='block_1_125' title="bbox 1850 4780 3423 4862">
    <p class='ocr_par' dir='ltr' id='par_1_125' title="bbox 1850 4780 3423 4862">
     <span class='ocr_line' id='line_1_126' title="bbox 1850 4780 3423 4862; baseline 0.005 -31"><span class='ocrx_word' id='word_1_865' title='bbox 1850 4780 2019 4862; x_wconf 74' lang='lat' dir='ltr'><strong>dixit,_</strong></span> <span class='ocrx_word' id='word_1_866' title='bbox 2032 4800 2157 4852; x_wconf 90' lang='lat' dir='ltr'><strong>opus</strong></span> <span class='ocrx_word' id='word_1_867' title='bbox 2182 4786 2378 4857; x_wconf 87' lang='lat' dir='ltr'><strong>dirigit,</strong></span> <span class='ocrx_word' id='word_1_868' title='bbox 2412 4784 2547 4851; x_wconf 90' lang='lat' dir='ltr'><strong>quod</strong></span> <span class='ocrx_word' id='word_1_869' title='bbox 2569 4780 2736 4862; x_wconf 46' lang='lat' dir='ltr'><strong>facit}</strong></span> <span class='ocrx_word' id='word_1_870' title='bbox 2760 4784 2834 4862; x_wconf 79' lang='lat' dir='ltr'><strong>sic</strong></span> <span class='ocrx_word' id='word_1_871' title='bbox 2859 4783 3180 4862; x_wconf 78' lang='lat' dir='ltr'><strong>Christianus</strong></span> <span class='ocrx_word' id='word_1_872' title='bbox 3200 4780 3423 4862; x_wconf 79' lang='lat' dir='ltr'><strong>quoque,</strong></span> 
     </span>
    </p>
   </div>
   <div class='ocr_carea' id='block_1_126' title="bbox 1849 4854 3430 4923">
    <p class='ocr_par' dir='ltr' id='par_1_126' title="bbox 1849 4854 3430 4923">
     <span class='ocr_line' id='line_1_127' title="bbox 1849 4854 3430 4923; baseline 0.004 -20"><span class='ocrx_word' id='word_1_873' title='bbox 1849 4854 1892 4923; x_wconf 78' lang='lat' dir='ltr'><strong>s_i</strong></span> <span class='ocrx_word' id='word_1_874' title='bbox 1918 4854 2139 4923; x_wconf 86' lang='lat' dir='ltr'><strong>actiones</strong></span> <span class='ocrx_word' id='word_1_875' title='bbox 2166 4854 2514 4917; x_wconf 44' lang='lat' dir='ltr'><strong>suas&#39;omnes,</strong></span> <span class='ocrx_word' id='word_1_876' title='bbox 2547 4856 2651 4906; x_wconf 76' lang='lat' dir='ltr'><strong>sive</strong></span> <span class='ocrx_word' id='word_1_877' title='bbox 2690 4856 2937 4923; x_wconf 84' lang='lat' dir='ltr'><strong>majores,</strong></span> <span class='ocrx_word' id='word_1_878' title='bbox 2958 4858 3061 4909; x_wconf 84' lang='lat' dir='ltr'><strong>sive</strong></span> <span class='ocrx_word' id='word_1_879' title='bbox 3088 4854 3329 4920; x_wconf 86' lang='lat' dir='ltr'><strong>minores,</strong></span> <span class='ocrx_word' id='word_1_880' title='bbox 3360 4859 3430 4909; x_wconf 85' lang='lat' dir='ltr'><strong>ad</strong></span> 
     </span>
    </p>
   </div>
   <div class='ocr_carea' id='block_1_127' title="bbox 1849 4919 3431 4996">
    <p class='ocr_par' dir='ltr' id='par_1_127' title="bbox 1849 4919 3431 4996">
     <span class='ocr_line' id='line_1_128' title="bbox 1849 4919 3431 4996; baseline 0.004 -22"><span class='ocrx_word' id='word_1_881' title='bbox 1849 4919 1949 4975; x_wconf 86' lang='lat' dir='ltr'><strong>Dei</strong></span> <span class='ocrx_word' id='word_1_882' title='bbox 1973 4925 2286 4996; x_wconf 78' lang='lat' dir='ltr'><strong>voluntatem</strong></span> <span class='ocrx_word' id='word_1_883' title='bbox 2313 4926 2574 4987; x_wconf 73' lang='lat' dir='ltr'><strong>direxerit,</strong></span> <span class='ocrx_word' id='word_1_884' title='bbox 2600 4925 2643 4977; x_wconf 89' lang='lat' dir='ltr'><strong>is</strong></span> <span class='ocrx_word' id='word_1_885' title='bbox 2666 4919 2781 4978; x_wconf 74' lang='lat' dir='ltr'><strong>sine</strong></span> <span class='ocrx_word' id='word_1_886' title='bbox 2793 4927 3132 4978; x_wconf 87' lang='lat' dir='ltr'><strong>controversia</strong></span> <span class='ocrx_word' id='word_1_887' title='bbox 3162 4935 3208 4978; x_wconf 88' lang='lat' dir='ltr'><strong>et</strong></span> <span class='ocrx_word' id='word_1_888' title='bbox 3231 4929 3431 4996; x_wconf 77' lang='lat' dir='ltr'><strong>egregie</strong></span> 
     </span>
    </p>
   </div>
   <div class='ocr_carea' id='block_1_128' title="bbox 1850 4994 3430 5065">
    <p class='ocr_par' dir='ltr' id='par_1_128' title="bbox 1850 4994 3430 5065">
     <span class='ocr_line' id='line_1_129' title="bbox 1850 4994 3430 5065; baseline 0.003 -21"><span class='ocrx_word' id='word_1_889' title='bbox 1850 5009 1977 5060; x_wconf 90' lang='lat' dir='ltr'><strong>opus</strong></span> <span class='ocrx_word' id='word_1_890' title='bbox 2002 4995 2135 5046; x_wconf 86' lang='lat' dir='ltr'><strong>illud</strong></span> <span class='ocrx_word' id='word_1_891' title='bbox 2160 4994 2383 5065; x_wconf 79' lang='lat' dir='ltr'><strong>perﬁcit,</strong></span> <span class='ocrx_word' id='word_1_892' title='bbox 2433 5002 2481 5046; x_wconf 86' lang='lat' dir='ltr'><strong>et</strong></span> <span class='ocrx_word' id='word_1_893' title='bbox 2526 4996 2679 5046; x_wconf 87' lang='lat' dir='ltr'><strong>simul</strong></span> <span class='ocrx_word' id='word_1_894' title='bbox 2721 4996 2987 5047; x_wconf 88' lang='lat' dir='ltr'><strong>assiduam</strong></span> <span class='ocrx_word' id='word_1_895' title='bbox 3015 4996 3153 5048; x_wconf 87' lang='lat' dir='ltr'><strong>illius</strong></span> <span class='ocrx_word' id='word_1_896' title='bbox 3184 4998 3233 5049; x_wconf 89' lang='lat' dir='ltr'><strong>in</strong></span> <span class='ocrx_word' id='word_1_897' title='bbox 3257 4994 3430 5049; x_wconf 80' lang='lat' dir='ltr'><strong>animo</strong></span> 
     </span>
    </p>
   </div>
   <div class='ocr_carea' id='block_1_129' title="bbox 1848 5065 3426 5135">
    <p class='ocr_par' dir='ltr' id='par_1_129' title="bbox 1848 5065 3426 5135">
     <span class='ocr_line' id='line_1_130' title="bbox 1848 5065 3426 5135; baseline 0.002 -20"><span class='ocrx_word' id='word_1_898' title='bbox 1848 5065 1944 5115; x_wconf 88' lang='lat' dir='ltr'><strong>sibi</strong></span> <span class='ocrx_word' id='word_1_899' title='bbox 1974 5066 2285 5135; x_wconf 76' lang='lat' dir='ltr'><strong>memoriam</strong></span> <span class='ocrx_word' id='word_1_900' title='bbox 2320 5074 2606 5135; x_wconf 77' lang='lat' dir='ltr'><strong>conservat,</strong></span> <span class='ocrx_word' id='word_1_901' title='bbox 2634 5079 2666 5114; x_wconf 92' lang='lat' dir='ltr'><strong>a</strong></span> <span class='ocrx_word' id='word_1_902' title='bbox 2694 5080 2792 5135; x_wconf 73' lang='lat' dir='ltr'><strong>quo</strong></span> <span class='ocrx_word' id='word_1_903' title='bbox 2819 5066 2873 5116; x_wconf 87' lang='lat' dir='ltr'><strong>id</strong></span> <span class='ocrx_word' id='word_1_904' title='bbox 2894 5070 3073 5135; x_wconf 82' lang='lat' dir='ltr'><strong>jussus</strong></span> <span class='ocrx_word' id='word_1_905' title='bbox 3107 5076 3179 5118; x_wconf 85' lang='lat' dir='ltr'><strong>est</strong></span> <span class='ocrx_word' id='word_1_906' title='bbox 3232 5070 3426 5135; x_wconf 76' lang='lat' dir='ltr'><strong>facere,</strong></span> 
     </span>
    </p>
   </div>
   <div class='ocr_carea' id='block_1_130' title="bbox 1851 5132 3430 5199">
    <p class='ocr_par' dir='ltr' id='par_1_130' title="bbox 1851 5132 3430 5199">
     <span class='ocr_line' id='line_1_131' title="bbox 1851 5132 3430 5199; baseline 0.004 -16"><span class='ocrx_word' id='word_1_907' title='bbox 1851 5146 2065 5199; x_wconf 87' lang='lat' dir='ltr'><strong>vereque</strong></span> <span class='ocrx_word' id='word_1_908' title='bbox 2095 5133 2224 5183; x_wconf 87' lang='lat' dir='ltr'><strong>illud</strong></span> <span class='ocrx_word' id='word_1_909' title='bbox 2253 5132 2419 5183; x_wconf 88' lang='lat' dir='ltr'><strong>dicere</strong></span> <span class='ocrx_word' id='word_1_910' title='bbox 2444 5133 2663 5195; x_wconf 87' lang='lat' dir='ltr'><strong>poterit:</strong></span> <span class='ocrx_word' id='word_1_911' title='bbox 2694 5132 3034 5187; x_wconf 67' lang='lat' dir='ltr'><strong>Providebam</strong></span> <span class='ocrx_word' id='word_1_912' title='bbox 3063 5132 3343 5188; x_wconf 78' lang='lat' dir='ltr'><strong>Dominum</strong></span> <span class='ocrx_word' id='word_1_913' title='bbox 3375 5138 3430 5189; x_wconf 85' lang='lat' dir='ltr'><strong>iu</strong></span> 
     </span>
    </p>
   </div>
   <div class='ocr_carea' id='block_1_131' title="bbox 1851 5203 3433 5268">
    <p class='ocr_par' dir='ltr' id='par_1_131' title="bbox 1851 5203 3433 5268">
     <span class='ocr_line' id='line_1_132' title="bbox 1851 5203 3433 5268; baseline 0.003 -14"><span class='ocrx_word' id='word_1_914' title='bbox 1851 5212 2121 5266; x_wconf 84' lang='lat' dir='ltr'><strong>conspectu</strong></span> <span class='ocrx_word' id='word_1_915' title='bbox 2146 5216 2255 5253; x_wconf 91' lang='lat' dir='ltr'><strong>meo</strong></span> <span class='ocrx_word' id='word_1_916' title='bbox 2276 5216 2473 5267; x_wconf 87' lang='lat' dir='ltr'><strong>semper</strong></span> <span class='ocrx_word' id='word_1_917' title='bbox 2494 5216 2513 5253; x_wconf 92' lang='lat'><strong><em>:</em></strong></span> <span class='ocrx_word' id='word_1_918' title='bbox 2534 5203 2775 5268; x_wconf 89' lang='lat' dir='ltr'><strong>quoniam</strong></span> <span class='ocrx_word' id='word_1_919' title='bbox 2810 5220 2841 5254; x_wconf 90' lang='lat' dir='ltr'><strong>a</strong></span> <span class='ocrx_word' id='word_1_920' title='bbox 2890 5206 3084 5257; x_wconf 73' lang='lat' dir='ltr'><strong>dextris</strong></span> <span class='ocrx_word' id='word_1_921' title='bbox 3106 5215 3179 5257; x_wconf 86' lang='lat' dir='ltr'><strong>est</strong></span> <span class='ocrx_word' id='word_1_922' title='bbox 3214 5205 3340 5256; x_wconf 90' lang='lat' dir='ltr'><strong>mihi</strong></span> <span class='ocrx_word' id='word_1_923' title='bbox 3373 5221 3433 5258; x_wconf 88' lang='lat' dir='ltr'><strong>ne</strong></span> 
     </span>
    </p>
   </div>
   <div class='ocr_carea' id='block_1_132' title="bbox 1852 5269 3432 5341">
    <p class='ocr_par' dir='ltr' id='par_1_132' title="bbox 1852 5269 3432 5341">
     <span class='ocr_line' id='line_1_133' title="bbox 1852 5269 3432 5341; baseline 0.003 -17"><span class='ocrx_word' id='word_1_924' title='bbox 1852 5287 2188 5325; x_wconf 81' lang='lat' dir='ltr'><strong>commoveor.</strong></span> <span class='ocrx_word' id='word_1_925' title='bbox 2221 5269 2356 5323; x_wconf 89' lang='lat' dir='ltr'><strong>Item</strong></span> <span class='ocrx_word' id='word_1_926' title='bbox 2395 5272 2545 5323; x_wconf 89' lang='lat' dir='ltr'><strong>Pauli</strong></span> <span class='ocrx_word' id='word_1_927' title='bbox 2578 5282 2830 5338; x_wconf 72' lang='lat' dir='ltr'><strong>praxepto</strong></span> <span class='ocrx_word' id='word_1_928' title='bbox 2868 5273 2949 5325; x_wconf 87' lang='lat' dir='ltr'><strong>illi</strong></span> <span class='ocrx_word' id='word_1_929' title='bbox 2978 5276 3229 5341; x_wconf 78' lang='lat' dir='ltr'><strong>satisfecit</strong></span> <span class='ocrx_word' id='word_1_930' title='bbox 3263 5290 3280 5325; x_wconf 94' lang='lat'><strong><em>:</em></strong></span> <span class='ocrx_word' id='word_1_931' title='bbox 3313 5272 3432 5329; x_wconf 81' lang='lat' dir='ltr'><strong>Sive</strong></span> 
     </span>
    </p>
   </div>
   <div class='ocr_carea' id='block_1_133' title="bbox 1855 5342 3433 5412">
    <p class='ocr_par' dir='ltr' id='par_1_133' title="bbox 1855 5342 3433 5412">
     <span class='ocr_line' id='line_1_134' title="bbox 1855 5342 3433 5412; baseline 0.003 -19"><span class='ocrx_word' id='word_1_932' title='bbox 1855 5343 2194 5410; x_wconf 80' lang='lat' dir='ltr'><strong>manducetis,</strong></span> <span class='ocrx_word' id='word_1_933' title='bbox 2219 5344 2321 5396; x_wconf 87' lang='lat' dir='ltr'><strong>sive</strong></span> <span class='ocrx_word' id='word_1_934' title='bbox 2336 5342 2527 5410; x_wconf 89' lang='lat' dir='ltr'><strong>bibitis,</strong></span> <span class='ocrx_word' id='word_1_935' title='bbox 2543 5343 2779 5411; x_wconf 83' lang='lat' dir='ltr'><strong>sivequid</strong></span> <span class='ocrx_word' id='word_1_936' title='bbox 2793 5343 2938 5394; x_wconf 85' lang='lat' dir='ltr'><strong>aliud</strong></span> <span class='ocrx_word' id='word_1_937' title='bbox 2954 5345 3144 5412; x_wconf 82' lang='lat' dir='ltr'><strong>facitis,</strong></span> <span class='ocrx_word' id='word_1_938' title='bbox 3168 5344 3339 5396; x_wconf 90' lang='lat' dir='ltr'><strong>omnia</strong></span> <span class='ocrx_word' id='word_1_939' title='bbox 3365 5345 3433 5398; x_wconf 81' lang='lat' dir='ltr'><strong>ad</strong></span> 
     </span>
    </p>
   </div>
   <div class='ocr_carea' id='block_1_134' title="bbox 1855 5412 3433 5540">
    <p class='ocr_par' dir='ltr' id='par_1_134' title="bbox 1855 5412 3433 5540">
     <span class='ocr_line' id='line_1_135' title="bbox 1855 5412 3433 5540; baseline 0.004 -75"><span class='ocrx_word' id='word_1_940' title='bbox 1855 5414 2071 5482; x_wconf 89' lang='lat' dir='ltr'><strong>gloriam</strong></span> <span class='ocrx_word' id='word_1_941' title='bbox 2091 5412 2189 5468; x_wconf 88' lang='lat' dir='ltr'><strong>Dei</strong></span> <span class='ocrx_word' id='word_1_942' title='bbox 2194 5415 2384 5540; x_wconf 56' lang='lat' dir='ltr'><strong>Jacite.</strong></span> <span class='ocrx_word' id='word_1_943' title='bbox 2411 5414 2453 5486; x_wconf 90' lang='grc' dir='ltr'>(Ι</span> <span class='ocrx_word' id='word_1_944' title='bbox 2477 5415 2606 5468; x_wconf 89' lang='lat' dir='ltr'><strong>Cor.</strong></span> <span class='ocrx_word' id='word_1_945' title='bbox 2636 5416 2714 5483; x_wconf 87' lang='lat' dir='ltr'><strong>x).</strong></span> <span class='ocrx_word' id='word_1_946' title='bbox 2746 5412 2929 5464; x_wconf 81' lang='lat' dir='ltr'><strong>Omnia</strong></span> <span class='ocrx_word' id='word_1_947' title='bbox 2955 5429 3071 5482; x_wconf 74' lang='lat' dir='ltr'><strong>quw</strong></span> <span class='ocrx_word' id='word_1_948' title='bbox 3097 5415 3315 5482; x_wconf 76' lang='lat' dir='ltr'><strong>facimus</strong></span> <span class='ocrx_word' id='word_1_949' title='bbox 3340 5415 3433 5481; x_wconf 83' lang='lat' dir='ltr'><strong>(ait</strong></span> 
     </span>
     <span class='ocr_line' id='line_1_136' title="bbox 1858 5482 3433 5540; baseline 0.002 -4"><span class='ocrx_word' id='word_1_950' title='bbox 1858 5486 1927 5540; x_wconf 90' lang='lat' dir='ltr'><strong>D._</strong></span> <span class='ocrx_word' id='word_1_951' title='bbox 1946 5486 2173 5540; x_wconf 87' lang='lat' dir='ltr'><strong>Basilius</strong></span> <span class='ocrx_word' id='word_1_952' title='bbox 2232 5504 2260 5540; x_wconf 91' lang='lat' dir='ltr'><strong>e</strong></span> <span class='ocrx_word' id='word_1_953' title='bbox 2288 5486 2433 5540; x_wconf 88' lang='lat' dir='ltr'><strong>vitiis</strong></span> <span class='ocrx_word' id='word_1_954' title='bbox 2461 5486 2637 5540; x_wconf 84' lang='lat' dir='ltr'><strong>carnis</strong></span> <span class='ocrx_word' id='word_1_955' title='bbox 2688 5482 2946 5540; x_wconf 74' lang='lat' dir='ltr'><strong>traeians)</strong></span> <span class='ocrx_word' id='word_1_956' title='bbox 2980 5485 3132 5537; x_wconf 86' lang='lat' dir='ltr'><strong>veluti</strong></span> <span class='ocrx_word' id='word_1_957' title='bbox 3165 5486 3219 5536; x_wconf 90' lang='lat' dir='ltr'><strong>in</strong></span> <span class='ocrx_word' id='word_1_958' title='bbox 3261 5488 3433 5540; x_wconf 89' lang='lat' dir='ltr'><strong>tabula</strong></span> 
     </span>
    </p>
   </div>
   <div class='ocr_carea' id='block_1_135' title="bbox 1858 5482 3435 5553">
    <p class='ocr_par' dir='ltr' id='par_1_135' title="bbox 1858 5482 3435 5553">
     <span class='ocr_line' id='line_1_137' title="bbox 1858 5482 3435 5553; baseline 0.003 -17"><span class='ocrx_word' id='word_1_959' title='bbox 1858 5486 1927 5541; x_wconf 90' lang='lat' dir='ltr'><strong>D._</strong></span> <span class='ocrx_word' id='word_1_960' title='bbox 1946 5486 2173 5540; x_wconf 87' lang='lat' dir='ltr'><strong>Basilius</strong></span> <span class='ocrx_word' id='word_1_961' title='bbox 2194 5482 2260 5540; x_wconf 88' lang='lat' dir='ltr'><strong>de</strong></span> <span class='ocrx_word' id='word_1_962' title='bbox 2288 5482 2433 5540; x_wconf 83' lang='lat' dir='ltr'><strong>vitiis</strong></span> <span class='ocrx_word' id='word_1_963' title='bbox 2461 5486 2637 5540; x_wconf 84' lang='lat' dir='ltr'><strong>carnis</strong></span> <span class='ocrx_word' id='word_1_964' title='bbox 2672 5482 2946 5553; x_wconf 38' lang='lat' dir='ltr'><strong>&#39;trsCIans)</strong></span> <span class='ocrx_word' id='word_1_965' title='bbox 2980 5485 3132 5537; x_wconf 86' lang='lat' dir='ltr'><strong>veluti</strong></span> <span class='ocrx_word' id='word_1_966' title='bbox 3165 5486 3219 5536; x_wconf 90' lang='lat' dir='ltr'><strong>in</strong></span> <span class='ocrx_word' id='word_1_967' title='bbox 3261 5488 3435 5541; x_wconf 86' lang='lat' dir='ltr'><strong>tabula</strong></span> 
     </span>
    </p>
   </div>
   <div class='ocr_carea' id='block_1_136' title="bbox 1858 5553 3434 5628">
    <p class='ocr_par' dir='ltr' id='par_1_136' title="bbox 1858 5553 3434 5628">
     <span class='ocr_line' id='line_1_138' title="bbox 1858 5553 3434 5628; baseline -0.001 -21"><span class='ocrx_word' id='word_1_968' title='bbox 1858 5557 1996 5625; x_wconf 83' lang='lat' dir='ltr'><strong>picta</strong></span> <span class='ocrx_word' id='word_1_969' title='bbox 2025 5574 2113 5623; x_wconf 88' lang='lat' dir='ltr'><strong>per</strong></span> <span class='ocrx_word' id='word_1_970' title='bbox 2142 5568 2309 5628; x_wconf 90' lang='lat' dir='ltr'><strong>partes</strong></span> <span class='ocrx_word' id='word_1_971' title='bbox 2357 5572 2598 5628; x_wconf 72' lang='lat' dir='ltr'><strong>expressa</strong></span> <span class='ocrx_word' id='word_1_972' title='bbox 2624 5566 2916 5628; x_wconf 76' lang='lat' dir='ltr'><strong>cernentur.</strong></span> <span class='ocrx_word' id='word_1_973' title='bbox 2961 5553 3144 5628; x_wconf 61' lang='lat' dir='ltr'><strong>Neque</strong></span> <span class='ocrx_word' id='word_1_974' title='bbox 3180 5572 3237 5607; x_wconf 89' lang='lat' dir='ltr'><strong>ea</strong></span> <span class='ocrx_word' id='word_1_975' title='bbox 3268 5557 3434 5628; x_wconf 73' lang='lat' dir='ltr'><strong>solum</strong></span> 
     </span>
    </p>
   </div>
   <div class='ocr_carea' id='block_1_137' title="bbox 1858 5624 3434 5698">
    <p class='ocr_par' dir='ltr' id='par_1_137' title="bbox 1858 5624 3434 5698">
     <span class='ocr_line' id='line_1_139' title="bbox 1858 5624 3434 5698; baseline -0.001 -18"><span class='ocrx_word' id='word_1_976' title='bbox 1858 5624 1973 5696; x_wconf 68' lang='lat' dir='ltr'><strong>quae</strong></span> <span class='ocrx_word' id='word_1_977' title='bbox 1998 5630 2052 5681; x_wconf 87' lang='lat' dir='ltr'><strong>in</strong></span> <span class='ocrx_word' id='word_1_978' title='bbox 2076 5624 2205 5695; x_wconf 82' lang='lat' dir='ltr'><strong>opus</strong></span> <span class='ocrx_word' id='word_1_979' title='bbox 2240 5624 2619 5698; x_wconf 80' lang='lat' dir='ltr'><strong>proruperunt;</strong></span> <span class='ocrx_word' id='word_1_980' title='bbox 2648 5626 2736 5698; x_wconf 84' lang='lat' dir='ltr'><strong>sed</strong></span> <span class='ocrx_word' id='word_1_981' title='bbox 2763 5624 2917 5698; x_wconf 79' lang='lat' dir='ltr'><strong>etiam</strong></span> <span class='ocrx_word' id='word_1_982' title='bbox 2958 5639 3072 5691; x_wconf 67' lang='lat' dir='ltr'><strong>qua:</strong></span> <span class='ocrx_word' id='word_1_983' title='bbox 3099 5625 3209 5681; x_wconf 63' lang='lat' dir='ltr'><strong>sine</strong></span> <span class='ocrx_word' id='word_1_984' title='bbox 3250 5624 3434 5695; x_wconf 65' lang='lat' dir='ltr'><strong>e/chm</strong></span> 
     </span>
    </p>
   </div>
   <div class='ocr_carea' id='block_1_138' title="bbox 1860 5694 3434 5770">
    <p class='ocr_par' dir='ltr' id='par_1_138' title="bbox 1860 5694 3434 5770">
     <span class='ocr_line' id='line_1_140' title="bbox 1860 5694 3434 5770; baseline 0.002 -18"><span class='ocrx_word' id='word_1_985' title='bbox 1860 5694 2026 5770; x_wconf 67' lang='lat' dir='ltr'><strong>operis</strong></span> <span class='ocrx_word' id='word_1_986' title='bbox 2048 5694 2300 5770; x_wconf 60' lang='lat' dir='ltr'><strong>inanimi</strong></span> <span class='ocrx_word' id='word_1_987' title='bbox 2336 5700 2512 5770; x_wconf 62' lang='lat' dir='ltr'><strong>tabula</strong></span> <span class='ocrx_word' id='word_1_988' title='bbox 2546 5697 2809 5770; x_wconf 64' lang='lat' dir='ltr'><strong>inscripta</strong></span> <span class='ocrx_word' id='word_1_989' title='bbox 2838 5694 3047 5766; x_wconf 73' lang='lat' dir='ltr'><strong>[uerunt</strong></span> <span class='ocrx_word' id='word_1_990' title='bbox 3084 5694 3434 5770; x_wconf 67' lang='lat' dir='ltr'><strong>cogitationes.</strong></span> 
     </span>
    </p>
   </div>
   <div class='ocr_carea' id='block_1_139' title="bbox 1858 5766 2509 5841">
    <p class='ocr_par' dir='ltr' id='par_1_139' title="bbox 1858 5766 2509 5841">
     <span class='ocr_line' id='line_1_141' title="bbox 1858 5766 2509 5841; baseline 0.008 -18"><span class='ocrx_word' id='word_1_991' title='bbox 1858 5766 1981 5827; x_wconf 78' lang='lat' dir='ltr'><strong>Lit).</strong></span> <span class='ocrx_word' id='word_1_992' title='bbox 2009 5772 2076 5829; x_wconf 85' lang='lat' dir='ltr'><strong>de</strong></span> <span class='ocrx_word' id='word_1_993' title='bbox 2102 5784 2231 5829; x_wconf 82' lang='lat' dir='ltr'><strong>vera</strong></span> <span class='ocrx_word' id='word_1_994' title='bbox 2256 5768 2509 5841; x_wconf 71' lang='lat' dir='ltr'><strong>Ytrgﬁftt.</strong></span> 
     </span>
    </p>
   </div>
   <div class='ocr_carea' id='block_1_140' title="bbox 3096 5865 3121 5874">
    <p class='ocr_par' dir='ltr' id='par_1_140' title="bbox 3096 5865 3121 5874">
     <span class='ocr_line' id='line_1_142' title="bbox 3096 5865 3121 5874; baseline 0 0"><span class='ocrx_word' id='word_1_995' title='bbox 3096 5865 3121 5874; x_wconf 69' lang='grc' dir='ltr'><strong>ιο-</strong></span> 
     </span>
    </p>
   </div>
  </div>
