4016 6202
631 311 732 377 ΞΜ

1953 305 2231 372 insutus
2267 303 2582 371 ca'ssmm
3745 305 3839 376 in

629 443 993 510 inspectorcm
1022 445 1146 488 esse
1194 439 1250 486 et
1303 425 1578 485 conscium
1631 428 1952 499 cogitemus,
2003 445 2066 484 ac
2108 443 2208 500 pro
2235 429 2470 493 Anubis
2524 428 2820 499 subrepere
2842 425 3086 496 valeant,
3122 436 3145 467 ³
3182 416 3392 503 mquale
3438 392 3864 528 moderatumquef

627 532 904 592 omnibus.
935 543 1052 598 qum
1079 527 1132 580 in
1161 532 1355 579 nostro
1384 520 1548 576 corde
1573 530 1883 585 versantur,
1927 521 2069 576 sicut
2109 537 2208 592 pro

627 624 783 682 lactis
808 631 863 678 et
885 620 1140 690 operibus
1168 616 1368 672 nostris
1397 613 1662 672 rationem
1694 628 1794 671 nos
1815 614 1866 670 ei
1895 614 2206 671 reddituros
2307 627 2619 670 mensuram
2662 612 3022 669 districtionis
3051 614 3368 681 excesserit,
3425 629 3654 670 necesse
3697 627 3767 671 est
3799 626 3841 690 ut

625 732 750 775 esse
777 714 1080 772 credamus.

1173 779 1403 836 CAPUT
1444 779 1612 834 XXIIt

625 879 707 933 Ad
730 893 875 944 quem
904 891 1066 944 usque
1081 874 1290 928 modum
1309 872 1469 943 possit
1490 872 1752 942 integritas
1783 871 2016 940 corporis
2040 871 2204 926 nostri

646 943 883 1020 perduci,
896 946 972 1001 vel
985 943 1129 1016 quod
1141 946 1388 999 indicium
1403 945 1466 997 sit
1478 943 1544 997 ad
1554 959 1741 1015 purum
1760 944 1942 998 mentis
1961 953 2198 999 excoctte.

694 1040 985 1108 Iiucusque
1033 1037 1194 1105 igitur
1248 1034 1612 1090 festinandum
1662 1043 1746 1091 est
1798 1034 1981 1103 nobis,
2035 1044 2090 1090 et
2137 1051 2204 1093 eo

624 1147 790 1203 usque
821 1132 1084 1186 adversus
1139 1128 1304 1183 animi
1351 1137 1530 1182 motus
1571 1127 1653 1183 vel
1696 1127 1878 1184 carnis
1928 1127 2201 1182 incentiva

622 1225 991 1296 pugnandum,
1021 1224 1194 1279 donec
1225 1223 1326 1276 ista
1350 1222 1532 1277 carnis
1561 1221 1800 1276 conditio
1824 1220 2200 1276 necessitatem

621 1328 828 1374 naturae
869 1318 1118 1387 expleat,
1147 1331 1256 1371 non
1303 1314 1528 1370 suscitet
1564 1315 1924 1384 voluptatem,
1974 1325 2200 1368 concre-

621 1423 728 1468 tam
761 1412 1170 1469 exuberantiam
1224 1409 1343 1467 sine
1390 1411 1500 1465 ullo
1532 1409 1750 1480 pruritu
1789 1422 2040 1477 noxaque
2071 1420 2198 1476 pro-

620 1506 854 1576 pellens,
879 1520 988 1558 non
1020 1503 1564 1578 pugnamsuscitans
1612 1499 1870 1555 eaStitati.
1932 1497 2199 1552 Cteterum

617 1613 774 1653 mens
800 1595 926 1650 dum
959 1595 1137 1650 adhuc
1166 1595 1442 1650 dormiens
1478 1593 1776 1663 imaginum
1806 1591 2018 1646 visione
2049 1590 2199 1645 delu-

617 1687 783 1752 ditur,
813 1685 1028 1739 noverit
1056 1700 1115 1738 se
1147 1683 1381 1739 necdum
1410 1681 1475 1737 ad
1506 1683 1770 1752 integram
1801 1680 2195 1751 perfectionem

615 1777 875 1834 castitatis
891 1784 1189 1832 excoctam.

1186 1845 1412 1901 CAPUT
1444 1841 1634 1899 XXIII.

649 1940 895 1996 Remedia
937 1937 1238 2001 curationis,
1279 1937 1461 2006 quibus
1509 1935 1730 2004 perfecta
1778 1936 1939 2006 possit
1988 1934 2160 1988 cordis

860 2020 907 2065 et
937 2011 1170 2078 corporis
1200 2009 1361 2061 nostri
1388 2007 1585 2078 paritas
1616 2021 1934 2074 permanere.

683 2105 849 2176 Igitur
879 2113 935 2159 ut
971 2102 1248 2158 illusiones
1294 2099 1378 2154 Ita:
1425 2113 1492 2153 ne
1521 2097 1921 2152 dormientibus
1965 2095 2185 2167 quidem

2311 535 2528 590 semper
2581 521 2872 576 tenendum
2924 521 3332 591 esta‘jejunium.
3385 521 3414 560 δ
3455 522 3700 593 Quisquis
3721 521 3854 635 enim;

2303 669 2532 763 modum
2559 721 2776 778 quoque
2806 706 3148 763 remissionis
3173 669 3432 764 excedat.
3474 709 3589 774 Qua
3609 669 3858 786 inaequalii

2307 808 2420 855 tate
2446 800 2698 856 detentus
2723 801 2792 855 ab
2813 800 2920 856 hoc
2947 799 3356 870 tranquillitatis
3388 799 3711 870 planissimo
3729 810 3816 857 stat

2307 808 2420 855 tate
2446 800 2698 856 detentus
2723 801 2792 855 ab
2813 800 2920 856 hoc
2947 799 3356 870 tranquillitatis
3388 799 3711 870 planissimo
3729 794 3862 994 stati

2303 895 2423 950 sine
2449 894 2616 949 dubio
2639 895 2984 950 revocabitur
3011 911 3028 949 ε
3055 908 3198 950 nunc
3241 893 3464 964 quidem
3501 895 3667 950 nimia
3706 895 3825 951 inani
3863 965 3866 986 ἱ

2301 996 2414 1044 tate
2437 988 2706 1057 delectus,
2732 1003 2879 1044 nunc
2911 997 3087 1043 autem
3118 987 3240 1042 cibo
3269 987 3631 1058 propensiore
3677 975 3868 1045 disten-F

2302 1089 2411 1136 tus.
2439 1080 2573 1136 Cum
2611 1081 2992 1137 immutatione
3035 1081 3300 1152 siquidem
3348 1081 3661 1141 reiectionis
3708 1084 3841 1153 quali-

2301 1181 2469 1229 tatem
2494 1187 2715 1244 quoque
2743 1173 2990 1244 puritatis
3012 1183 3215 1230 nostra:
3235 1189 3461 1231 necesse
3476 1185 3560 1231 est
3588 1177 3837 1231 immutari.

2303 1265 2508 1321 Deinde
2524 1266 2665 1336 jugis
2694 1266 2968 1322 humilitas
2996 1281 3060 1322 ac
3090 1267 3351 1336 patientia
3371 1267 3553 1323 cordis
3575 1268 3840 1324 adhibenda

2302 1369 2565 1428 perpetuo
2595 1367 2699 1425 est,
2728 1369 2891 1428 atque
2939 1358 3148 1414 intenta
3189 1360 3454 1415 adversus
3484 1364 3614 1415 iram
3646 1362 3724 1417 vel
3761 1375 3841 1416 ce

2300 1459 2449 1506 teras
2483 1452 2760 1520 passiones
2789 1466 2884 1520 per
2909 1451 3054 1507 diem
3089 1453 3297 1508 cautio.
3350 1453 3455 1510 Ubi
3509 1454 3651 1510 enim
3679 1453 3840 1510 furoris

2298 1540 2500 1596 insidet
2526 1540 2975 1610 virus,libidinis’
3024 1550 3242 1612 quoque
3295 1556 3518 1598 necesse
3549 1552 3632 1599 est
3681 1545 3834 1599 incen-

2299 1631 2446 1686 dium
2474 1619 2957 1702 penetrare.'Ante
2985 1634 3169 1688 omnia
3211 1649 3341 1690 vero
3373 1646 3396 1674 ο
3425 1636 3650 1706 pervigil
3681 1650 3840 1691 neces-

2296 1725 2439 1780 saria
2468 1736 2550 1779 est
2579 1726 2898 1782 sollicitudo
2924 1736 3217 1782 nocturna.
3244 1727 3377 1781 Nam
3411 1728 3552 1783 sicut
3594 1729 3777 1796 puritas
3795 1737 3842 1783 et

2223 1801 2273 1880 Β
2299 1815 2548 1870 custodia
2572 1816 2678 1872 diei
2710 1826 3033 1872 nocturnam
3067 1827 3383 1889 praeparant
3431 1818 3741 1886 castitatem,
3781 1817 3839 1871 ita

2299 1919 2582 1965 nocturna:
2648 1911 2843 1982 vigiliae
2917 1912 3075 1967 cordi
3146 1913 3347 1983 pariter
3407 1921 3468 1968 et
3512 1910 3841 1968 observationi

2298 2003 2512 2058 diurnae
2535 2010 2734 2058 statum
2768 2003 3157 2072 solidissimum
3181 2007 3460 2075 roburque
3488 2003 3812 2075 praemittunt.

1672 2231 1928 2287 ALARDI
1972 2230 2209 2287 GAZ/EI
2247 2230 2817 2288 COMMENTARIUS.

684 2341 708 2369 α
735 2327 1028 2386 Conilrmut
1056 2328 1196 2382 hanc
1225 2324 1523 2380 doctrinam
1579 2320 1817 2378 Joannes
1872 2322 2184 2380 Climachus

611 2403 778 2473 gradu
819 2403 1029 2454 decimo
1059 2400 1273 2473 quinto;
1310 2396 1408 2473 ubi
1429 2396 1496 2449 de
1521 2394 1681 2473 variis
1724 2395 1902 2473 causis
1927 2395 2184 2473 pull_ut_i_o-

611 2465 716 2538 nis,
740 2471 910 2539 deque
935 2469 1188 2524 remediis
1215 2466 1464 2539 disserit;
1491 2471 1544 2539 et
1561 2465 1724 2520 abbas
1749 2465 1995 2520 Theonas
2015 2465 2182 2520 Colla.

612 2535 710 2609 9‘3,
733 2535 950 2596 ubi‘bac
981 2540 1047 2593 de
1077 2555 1135 2593 re
1163 2548 1350 2607 agetur
1382 2535 1647 2609 pluribus.

680 2607 708 2651 Β
743 2611 1027 2682 Dionysius
1058 2610 1438 2680 paraphrastes
1471 2626 1484 2662 :
1513 2607 1838 2682 Quicumque
1854 2607 1987 2660 enim
2018 2621 2192 2682 exces-

2364 2332 2387 2361 ο
2418 2322 2735 2397 Hujusmodi
2765 2325 3071 2381 sollicitudo
3100 2325 3240 2396 apud
3271 2326 3565 2382 monachos
3591 2323 3843 2397 Egyplios

2295 2395 2528 2468 maxime
2577 2395 2764 2468 viguit,
2819 2399 3012 2468 quibus
3060 2395 3140 2452 ob
3175 2399 3313 2451 banc
3361 2411 3599 2462 causam,
3641 2395 3845 2451 uitanda:

2291 2464 2499 2519 scilicet
2529 2464 2851 2539 pollutionis
2883 2478 3182 2533 nocturnae,
3216 2484 3320 2539 non
3369 2468 3586 2523 licuisse
3625 2477 3736 2539 post
3763 2483 3845 2520 nn-

2292 2543 2541 2588 cturnum
2591 2536 2828 2591 ollicium
2881 2549 2934 2593 et
2990 2539 3277 2592 Matutinus
3305 2538 3492 2594 Iaudes
3527 2540 3591 2594 ad
3622 2536 3844 2592 somnum

2293 2605 2505 2677 redire,
2539 2606 2632 2660 sed
2681 2609 2911 2664 orationi
2953 2610 3037 2665 vel
3091 2610 3239 2677 operi
3290 2623 3542 2664 manuum
3574 2608 3843 2663 vacandum

2296 2674 2464 2731 fuisse
2493 2677 2683 2748 scribit
2725 2682 3015 2735 Cassianus
3043 2674 3140 2734 lib;
3179 2695 3216 2733 ll
3263 2695 3382 2748 cap.
3409 2679 3498 2744 i3,
3529 2689 3584 2737 et
3626 2681 3747 2734 libro
3786 2693 3839 2732 ut

2292 2757 2410 2816 cap.
2463 2749 2553 2822 57:
2607 2747 2886 2822 Nefarte,
2937 2753 3129 2821 inquit,
3180 2747 3590 2822 puriﬁcationem
3641 2759 3843 2822 nostrum

2291 2819 2809 2896 noctt‘trnisupsalntis
2852 2833 2905 2896 (et
2945 2819 3259 2896 orationibus
3306 2823 3624 2896 acquisitam,
3663 2819 3842 2896 inuidus

2289 2890 2531 2945 inimicus
2559 2891 2714 2945 livens
2745 2895 2962 2962 puritati
2994 2903 3207 2956 nostra),
3237 2893 3320 2945 cui
3348 2892 3569 2946 maxime
3594 2893 3844 2962 insidiatur

2287 2973 2508 3038 {(mper,
2556 2970 2603 3014 et
2653 2959 2997 3038 indesinenter
3038 2966 3257 3036 infestus
3299 2972 3395 3032 est,
3428 2963 3652 3032 quadam
3695 2959 3841 3018 somni

2287 3027 2530 3087 illusione
2558 3037 2890 3090 contaminet.

609 2684 730 2739 serit
754 2678 937 2752 rigoris
983 2678 1294 2752 mensuram,
1329 2695 1526 2732 necesse
1571 2688 1649 2752 est
1691 2688 1745 2730 ut
1776 2680 1926 2752 etiam
1979 2678 2189 2752 modum

608 2748 941 2808 relaxat'ionis
991 2751 1198 2806 excedat
1225 2768 1244 2803 :
1273 2767 1359 2822 per
1388 2765 1540 2822 quam
1564 2749 1963 2822 ina'qualitatent
1994 2748 2188 2822 (idest

608 2823 1093 2892 intemperantiam)
1125 2822 1231 2874 sine
1253 2818 1409 2875 dubio
1449 2818 1781 2891 impediretur
1822 2837 1854 2873 a
1885 2818 2186 2892 planissimo

608 2905 742 2949 statu
769 2891 1154 2959 tranquillitatis
1183 2894 1465 2963 prwdictaz,
1504 2907 1650 2963 nunc,
1670 2892 1828 2944 nimia
1861 2891 2187 2963 eracuatione

607 2974 655 3020 et
683 2967 817 3037 fame
843 2962 1451 3037 debilitatus;nuncpero
1480 2962 1845 3037 abundantiori
1866 2962 1974 3015 cibo
1992 2963 2185 3037 disten-

610 3030 708 3091 tui.
730 3036 875 3090 Idem
909 3037 1042 3089 alibi
1076 3033 1198 3089 aliis
1235 3033 1414 3088 verbis
1443 3033 1720 3098 astruitur,
1763 3033 1878 3103 Lib.
1914 3048 1946 3086 v
1972 3047 2092 3103 cap.
2124 3030 2177 3098 9,

609 3107 800 3164 Collat.
827 3108 861 3159 2
889 3121 935 3161 c.
963 3105 1030 3161 16
1060 3115 1113 3161 et
1140 3105 1230 3171 ‘29.,
1261 3115 1312 3160 et
1342 3103 1538 3159 Coliat.
1567 3104 1634 3158 Eli
1663 3119 1780 3172 cap.
1807 3101 1899 3157 2'2.

610 3240 3842 3267 Mm

1524 3349 2012 3462 LIBER
2093 3350 2378 3456 SEP
2401 3351 2714 3460 ΤΙΜ
2733 3355 2941 3463 US.

1796 3513 1882 3564 DE
1917 3509 2170 3564 SPIRITU
2203 3513 2667 3565 PHILARGYRIE.

1131 3717 1358 3774 CAPUT
1387 3715 1669 3775 PRIMUM.

677 3823 705 3854 λ
734 3814 955 3872 Tertius
988 3813 1142 3870 nobis
1164 3811 1450 3869 conﬂictus
1473 3821 1555 3867 est
1582 3809 1611 3848 δ
1640 3809 1900 3866 adversus
1915 3808 2194 3880 philargy-

609 3909 764 3973 riam,
795 3924 955 3977 quam
983 3922 1082 3962 nos
1111 3920 1354 3962 amorem
1388 3903 1737 3973 pecuniarum
1779 3916 2066 3974 possumus
2093 3917 2193 3970 ap-

616 3997 859 4067 pellare:
891 3997 1235 4067 peregrinum
1262 3995 1464 4049 bellum
1495 4004 1550 4049 et
1587 4004 1743 4048 extra
1780 4003 2057 4056 naturam,
2087 4005 2192 4047 nec

611 4087 831 4144 aliunde
860 4085 912 4142 in
948 4088 1214 4143 monacho
1262 4099 1482 4141 sumens
1521 4085 1871 4153 principium,
1904 4099 2064 4154 quam
2117 4083 2184 4137 de

2221 3723 2267 3787 C
2299 3727 2568 3786 corruptae
2589 3731 2650 3770 ac
2683 3716 2910 3785 torpidae
2938 3715 3138 3772 mentis
3167 3716 3400 3787 ignavis,
3447 3725 3507 3773 et
3547 3717 3845 3787 plerumque

2295 3807 2451 3863 initio
2483 3807 2976 3863 abrenuntiationis
3012 3808 3152 3863 male
3175 3803 3416 3879 arrepto,
3459 3799 3514 3863 et
3552 3823 3674 3879 erga
3703 3807 3848 3861 Deum

2296 3900 2482 3969 tepido
2513 3915 2699 3955 amore
2729 3899 2978 3964 fundato.
3007 3899 3216 3956 Cmtera
3243 3914 3478 3970 namque
3507 3899 3752 3954 vitiorum
3783 3896 3848 3950 iu-

2291 3991 2580 4046 citamenta
2635 3991 2888 4045 humanm
2935 3991 3139 4046 inserta
3180 4000 3384 4046 natura!
3433 3991 3582 4046 velut
3635 3986 3849 4060 ingenita

2293 4083 2545 4138 videntur
2573 4084 2625 4137 in
2657 4083 2811 4138 nobis
2840 4083 3038 4140 habere
3063 4083 3350 4154 principia,
3380 4093 3436 4140 et
3459 4075 3843 4155 quodammodo

1671 4219 1928 4276 ALARDI
1965 4215 2198 4275 GAZAEI
2236 4220 2808 4276 COMMENTARIUS.

681 4326 706 4352 α
737 4313 976 4369 Tertium
1007 4311 1183 4381 locum
1213 4312 1351 4367 inter
1377 4313 1502 4367 vitia
1531 4311 1805 4381 capitalia,
1829 4314 1898 4368 ob
1922 4314 2183 4368 rationem

608 4385 736 4440 alibi
769 4399 1075 4454 expressam
1122 4380 1334 4454 (Collat.
1368 4383 1422 4438 5.
1455 4400 1569 4446 cap.
1601 4380 1714 4454 ii),
1739 4383 1921 4439 tribuit
1969 4382 2183 4439 Cassia-

606 4471 706 4513 nus
726 4456 986 4521 avaritire,
1013 4470 1172 4524 quam
1197 4461 1350 4509 vocat
1372 4454 1777 4526 pltilargyriam,
1794 4466 1978 4510 contra
1998 4471 2179 4524 quam,

606 4529 872 4597 superatis
910 4527 1120 4581 duobus
1145 4525 1289 4579 vitiis
1345 4525 1795 4594 prmcedentibus,
1823 4526 1946 4595 gula
1977 4528 2183 4582 scilicet

606 4609 660 4653 et
710 4597 940 4662 luxuria,
988 4597 1279 4651 ineundum
1332 4607 1602 4652 certamen
1653 4598 1902 4652 omnibus
1964 4597 2181 4664 quidem

603 4669 944 4731 Christianis,
975 4666 1070 4722 sed
1103 4669 1333 4723 maxime
1363 4668 1628 4738 religiosis
1670 4677 1724 4722 et
1755 4667 2050 4734 monachis,
2091 4667 2181 4738 qui

509 4787 522 4796 ι
541 4743 565 4808 ._"
602 4754 660 4794 se
679 4740 802 4794 huic
833 4739 961 4794 vitio
991 4742 1147 4808 plane
1169 4755 1234 4793 ex
1257 4737 1484 4794 adverso
1503 4755 1790 4794 occurrere
1815 4747 1871 4792 et
1895 4737 2174 4792 adversari

601 4811 821 4879 proprio
874 4818 929 4864 et
985 4810 1239 4878 peculiari
1293 4821 1419 4865 voto
1470 4821 1784 4878 spontaneae
1818 4811 2174 4876 paupmlatis,

598 4882 751 4950 quasi
803 4880 1020 4935 militari
1052 4891 1390 4935 sacramento
1439 4882 1777 4948 proﬁtentur.
1829 4880 2174 4947 Peregrinum

598 4949 701 5006 hoc
732 4952 927 5006 bellum
956 4961 1141 5013 vocat;
1166 4966 1273 5005 non
1295 4953 1436 5021 quod
1465 4967 1570 5005 non
1619 4955 1687 5004 sit
1714 4949 1868 5005 nobis
1899 4951 2176 5005 internum

598 5038 661 5076 ac
691 5023 934 5091 spiritale
969 5023 1117 5087 (nam
1149 5031 1201 5075 et
1230 5023 1370 5077 vitiis
1408 5023 1738 5090 spiritalibus
1781 5029 2175 5076 annumeratur

597 5108 626 5146 a
660 5093 796 5148 Divo
821 5093 1079 5162 Gregorio
1106 5092 1244 5162 (Lib.
1296 5110 1418 5147 xxxr
1450 5093 1642 5148 Morel.
1670 5111 1714 5148 c.
1751 5092 1866 5161 51),
1909 5109 2026 5163 qua:
2068 5092 2174 5163 sci-

596 5163 721 5219 licet
747 5159 1062 5230 animiﬁmn
1086 5159 1264 5218 carnis
1287 5165 1646 5220 delectatione
1662 5159 2050 5233 eumpienturl,
2070 5159 2170 5218 sed

594 5237 807 5291 ratione
837 5236 1057 5303 objecti,
1105 5235 1247 5304 quod
1275 5246 1354 5290 est
1388 5237 1585 5290 bonum
1633 5246 1943 5301 externum,
1976 5247 2170 5302 nempe

593 5307 819 5374 divitiae,
849 5325 978 5376 quas
1024 5309 1246 5360 avaritia
1275 5307 1652 5376 persequitur:
1691 5317 1801 5376 tum
1832 5305 1994 5376 etiam
2024 5318 2171 5376 cout-

594 5372 876 5441 paratione
896 5380 1126 5434 aliorum
1159 5372 1587 5446 villarumque:
1618 5375 1869 5430 videntur
1909 5373 1964 5446 in
2014 5372 2172 5446 nobis

595 5449 992 5514 quodaminodo
1020 5447 1250 5516 ingenita
1308 5459 1360 5504 et
1414 5442 1591 5501 innata
1633 5447 1832 5498 habere
1883 5442 2167 5516 principia,

597 5512 654 5570 ut
691 5521 929 5574 ostendit
976 5512 1164 5575 aucior
1197 5522 1246 5573 in
1297 5520 1373 5572 ira
1421 5530 1473 5572 et
1529 5514 1964 5584 cencupiscentia
2011 5512 2173 5584 (Vide

600 5586 794 5657 σοιιαι.
827 5592 923 5644 5c.
956 5591 989 5644 4
1019 5601 1066 5643 et
1099 5591 1154 5653 8,
1179 5600 1224 5644 ct
1250 5605 1367 5657 cap.
1399 5590 1434 5642 ‘2
1461 5599 1508 5642 et
1534 5589 1568 5642 5
1596 5583 1750 5652 huius
1777 5583 1914 5657 lib.).

666 5656 1096 5740 “‘Pliilargyria,
1151 5668 1207 5740 ut
1254 5656 1489 5740 nominis
1532 5656 1880 5740 etymologia;
1899 5665 2077 5722 sonat,
2118 5663 2175 5712 et

593 5721 796 5804 Auctor
826 5721 1208 5804 ipseexputtit,
1239 5739 1321 5782 est
1376 5746 1526 5784 amor
1542 5721 1670 5804 _sive
1702 5721 1984 5804 cupiditas
2014 5741 2178 5800 pecu;-

592 5798 828 5860 niarum,
854 5811 951 5848 seu
973 5798 1306 5861 divitiarum;
1337 5813 1506 5865 amur,
1541 5801 1780 5869 inquam,
1812 5798 2172 5855 inordinatus.

2204 5137 2256 5198 D

2293 4311 2441 4386 U_nrle
2467 4329 2654 4386 avarus
2685 4314 2893 4381 dicitur,
2940 4317 3088 4386 quasi
3121 4318 3236 4370 tl’ris
3267 4313 3468 4384 aridus,
3506 4327 3644 4373 teste
3667 4317 3850 4372 Isidoro

2287 4383 2427 4456 (Lib.
2464 4400 2496 4436 ι
2525 4383 2694 4453 Etgm.
2732 4403 2847 4456 cap.
2881 4383 2960 4454 i).
2991 4386 3241 4441 Pecuniae.
3269 4383 3474 4454 autem,
3509 4404 3604 4442 seu
3633 4391 3850 4443 atrism-

2288 4453 2432 4508 tuine
2455 4469 2558 4506 non
2588 4456 2764 4508 solum
2796 4453 2998 4510 nummi
3029 4459 3282 4523 veniunt;
3311 4459 3404 4511 sed
3429 4453 3610 4514 omnia
3641 4471 3846 4527 quorum

2291 4527 2521 4590 pretium
2553 4528 2781 4592 pecunia
2814 4531 3053 4590 metitur,
3079 4538 3138 4584 ut
3163 4530 3320 4583 docet
3344 4527 3663 4584 Aristoteles
3689 4529 3779 4582 lib.
3807 4540 3848 4580 tv

2289 4595 2603 4668 Ethicortnn
2651 4612 2768 4668 cap.
2825 4598 2877 4650 i.
2923 4599 3090 4654 Porro
3122 4599 3260 4653 hanc
3306 4599 3494 4655 vocem
3527 4599 3848 4668 pltilargyrig

2285 4668 2492 4738 accepit
2518 4666 2896 4738 Cassiannsex
2938 4670 3198 4738 Apostolo
3224 4670 3288 4724 ad
3321 4663 3540 4724 (Iolnssi
3570 4686 3646 4735 Ili,
3680 4663 3773 4723 et'l
3794 4663 3848 4722 ad

2287 4735 2637 4816 Timotheth
2664 4753 2738 4800 γι,
2773 4736 2863 4790 ubi
2896 4735 3246 4816 pro'avaritia
3270 4749 3484 4816 punitur
3523 4742 3848 4816 φιλαργυρία,

2285 4823 2512 4880 eamque
2545 4823 2573 4860 e
2598 4806 2787 4880 βιαιᾳο
2818 4812 3052 4866 retinere
3086 4806 3307 4876 maluit;
3339 4811 3482 4880 qund
3508 4806 3748 4867 avaritia:
3772 4823 3850 4880 vo-

2283 4879 2535 4951 cabulum
2561 4878 2665 4951 vim
2695 4878 2812 4946 ejus
2839 4895 3053 4937 omnem
3085 4898 3192 4936 non
3219 4877 3689 4951 satis'exprituere
3716 4877 3848 4932 vide-

2284 4955 2451 5002 retur.
2482 4947 2682 5020 Dicitur
2713 4960 2767 5003 et
2797 4952 2904 5006 alio
2937 4952 3154 5007 nomine
3185 4953 3329 5020 apud
3357 4947 3581 5008 Graecos
3609 4952 3851 5020 «laminis

2283 5020 2432 5087 quasi
2473 5018 2882 5092 (studiumrplus
2913 5023 3141 5092 habendi
3190 5017 3406 5092 (Ephes.
3460 5023 3539 5092 ν).
3583 5017 3846 5092 Aristoteli

2283 5103 2412 5166 vero
2442 5089 2795 5166 ἀνελευθερία,
2835 5094 2973 5166 παίει
3004 5109 3099 5166 res
3130 5089 3416 5166 illiberalis
3454 5089 3508 5166 et
3540 5094 3757 5166 ιιοιι-ιιιιᾳ
3798 5089 3849 5166 ii-

2282 5159 2410 5214 beru
2442 5161 2658 5232 indigna
2680 5159 2702 5232 τί
2733 5172 2786 5214 et
2835 5161 2937 5215 hoc
2975 5163 3190 5232 quidem
3237 5165 3429 5218 vitium
3473 5164 3528 5218 in
3594 5159 3849 5230 religiosis

2283 5231 2585 5302 proprietas
2615 5231 2772 5302 vulgo
2803 5231 3162 5302 nuncupatur,
3190 5235 3276 5288 vel
3307 5236 3482 5302 potius
3510 5235 3706 5290 vitium
3738 5245 3848 5302 pro:

2282 5295 2547 5372 prb-tatis,
2572 5299 2693 5368 quia
2709 5295 2832 5355 non
2858 5312 2943 5356 est
2971 5295 3095 5358 vera
3125 5295 3451 5372 pregri—etas,
3478 5307 3574 5361 sed
3605 5295 3848 5372 usurpati

2278 5367 2362 5424 vel
2393 5367 2671 5441 allectaia;
2729 5381 2782 5425 et
2831 5373 2922 5441 qui
2972 5373 3074 5428 hoc
3123 5367 3252 5428 vitio
3284 5367 3557 5438 laborant,
3613 5367 3848 5428 monachi

2278 5439 2620 5514 proprietarii
2649 5439 2905 5514 vorantur
2937 5461 2950 5495 :
2974 5444 3115 5513 quod
3150 5445 3341 5498 vitium
3365 5443 3568 5514 genere
3591 5461 3690 5500 suo
3716 5454 3849 5498 mor-

2280 5511 2385 5584 tale
2417 5526 2537 5565 esse
2569 5528 2721 5564 neum
2753 5511 3006 5577 dubitat,‘
3042 5526 3225 5584 utpote
3271 5511 3396 5570 voto
3438 5515 3770 5583 paupertatis
3795 5522 3852 5584 ex

2279 5581 2544 5655 diametro
2585 5597 2940 5655 repugnans;
2973 5594 3028 5638 et
3085 5581 3303 5655 quidem
3343 5581 3504 5655 quam
3551 5581 3720 5654 grave
3767 5581 3850 5655 ξίις

2278 5654 2360 5708 vel
2391 5669 2454 5724 ex
2487 5667 2552 5705 eo
2583 5653 2922 5724 intelligitur,
2954 5651 3111 5724 quod
3133 5656 3230 5714 SS.
3271 5651 3470 5712 'Paires
3515 5651 3848 5724 {autumnia-

2281 5721 2592 5799 trocibiutn,
2621 5721 2988 5799 sacrilegium,
3011 5729 3399 5797 nequissimum
3424 5721 3850 5799 vitiuui,pesicm

2279 5791 2554 5862 religionis
2583 5793 2780 5858 passim
2809 5791 3117 5862 appellentf
3594 5791 3604 5803 ’
