4016 6202
159 258 262 318 395

660 254 757 316 DE
795 256 1271 317 C(ENOBIORUM
1306 253 1554 314 INSTIT.
1597 255 1730 312 LIB.
1776 253 1890 311 VII.
1916 286 1984 296 —
2013 259 2101 310 bis
2142 255 2410 312 SI’lRlTU
2453 257 2965 318 PlllLARGYRIiE.

3347 269 3458 330 ΞΜ

161 371 506 429 inviseerata
529 369 712 438 carni,
754 371 966 440 ipsique
994 369 1382 440 prepemodum
1412 383 1594 424 coaeva
1628 367 1764 422 nati-
1792 368 1846 432 Α
1871 368 2268 436 reparationem
2296 369 2501 424 sobolis
2525 381 2577 426 et
2606 376 2940 442 posteritatis
2967 379 3310 448 propaginem
3340 398 3459 441 sus-
3503 400 3535 441 ιί

156 460 324 522 vitali
365 455 767 521 discretionem
811 461 937 517 boni
979 463 1218 532 malique
1265 463 1602 530 prteveniunt
1651 479 1663 514 :
1710 467 1766 515 et

157 555 297 615 licet
314 557 502 628 prima
529 560 799 630 arripiant
827 559 1125 627 hominem,
1155 559 1320 638 longo
1350 564 1531 611 tamen
1574 554 1764 611 labore

159 641 502 707 vincunt“.

800 729 1031 800 CAPUT
1068 742 1135 798 ll.

363 831 513 903 Quod
538 835 851 906 perniciosus
881 835 947 889 sit
979 835 1184 888 morbus
1225 831 1590 904 philargyriw.

245 928 354 983 Hic
379 942 510 983 vero
537 928 756 982 morbus
797 926 1067 998 posterius
1109 925 1515 995 superveniens
1536 964 1551 989 ,
1592 930 1646 976 et
1676 935 1767 975 ex-

159 1019 449 1074 trinsecus
469 1019 734 1074 accedens
757 1015 975 1082 ani‘mm,
1000 1029 1206 1088 quanto
1231 1016 1454 1072 facilius
1475 1015 1656 1069 caveri
1681 1029 1770 1082 po-

161 1116 282 1165 test
299 1150 313 1175 ,
338 1095 605 1178 ae'r'espui
625 1150 639 1174 ,
671 1088 825 1163 tanto
852 1105 1132 1177 neglectus
1155 1118 1207 1163 et
1233 1105 1582 1161 intromissus
1603 1104 1768 1160 semel

156 1203 362 1266 cordi,
393 1201 452 1256 fit
477 1203 844 1271 perniciosior
870 1203 1115 1268 cunctis,
1142 1200 1536 1269 ditticiliusque
1558 1198 1771 1270 propel~

156 1295 326 1350 litur.
352 1283 617 1350 malorum
642 1310 879 1363 namque
901 1293 1144 1349 omnium
1169 1294 1410 1349 efﬁcitur
1433 1289 1614 1358 radix,
1638 1293 1774 1346 mul-

157 1388 390 1460 tiplices
413 1387 754 1446 fructiﬁcans
783 1376 998 1443 fomites
1025 1387 1304 1443 vitiorum.

790 1542 1024 1598 CAPUT
1063 1543 1158 1597 Ill.

330 1637 462 1704 Quae
499 1636 647 1692 nobis
686 1638 742 1690 iit
766 1637 903 1690 uitiis
941 1635 1264 1690 naturalibus
1301 1637 1367 1690 sit
1407 1636 1623 1690 utilitas.

235 1758 267 1788 ει
302 1745 382 1806 Ut
408 1759 537 1818 puta
561 1750 745 1806 carnis
769 1749 1042 1822 simplices
1069 1759 1245 1805 motus
1263 1793 1278 1818 ,
1310 1761 1485 1805 nonne
1518 1745 1764 1805 videmus

1877 1759 2101 1816 stabilem
2156 1771 2397 1832 operatur

148 1855 285 1894 non
319 1839 504 1896 solum
541 1841 598 1895 in
639 1841 859 1912 pueris,
902 1839 956 1896 in
1001 1837 1195 1912 quibus
1233 1841 1404 1898 adhuc
1448 1843 1761 1897 innocentia

147 1935 309 1992 boni
332 1974 350 2000 ,
384 1933 624 2005 malique
651 1936 910 2005 praevenit
937 1933 1312 1991 discretionem
1332 1979 1347 2002 ,
1380 1941 1566 1992 "verum
1596 1938 1761 1992 etiam

150 2031 210 2084 in
249 2023 542 2098 parvulis,
587 2037 750 2096 atque
777 2027 1136 2083 lactentibus?
1166 2029 1265 2095 Qui
1297 2045 1421 2084 cum
1455 2045 1522 2085 ne
1549 2030 1764 2084 initium

153 2119 394 2190 quidem
424 2119 584 2176 ullius
613 2119 850 2175 libidinis
877 2121 928 2176 in
962 2122 1265 2192 semetipsis
1287 2121 1518 2177 habeant
1538 2162 1552 2186 ,
1586 2131 1767 2176 motus

151 2209 358 2268 carnis
398 2211 626 2267 naturali
665 2213 1014 2269 incitamento
1062 2213 1167 2269 sibi
1219 2213 1403 2270 inesse
1457 2213 1764 2284 designant.

150 2304 181 2342 ι’
215 2307 332 2361 Ira:
363 2319 582 2375 quoque
610 2306 823 2360 aculeos
849 2313 1034 2360 truces
1065 2321 1248 2361 nonne
1275 2305 1531 2360 similiter
1562 2307 1615 2360 in
1646 2320 1768 2375 par-

150 2399 326 2454 vulis
367 2397 481 2466 jam
511 2395 684 2468 vigere
713 2399 1112 2467 cet15picimus,
1149 2406 1206 2453 et
1233 2407 1524 2468 antequam
1559 2397 1769 2466 patien-

150 2493 260 2547 tiae
307 2491 571 2545 virtutem
603 2501 914 2560 agnoscant,
951 2491 1167 2562 injuriis
1193 2507 1288 2548 eos
1317 2493 1590 2548 cernimus
1621 2507 1770 2548 com-

150 2583 383 2640 moveri
409 2598 425 2646 ;
459 2590 513 2636 et
542 2583 828 2638 verborum
857 2584 1064 2638 sentire
1092 2585 1260 2638 etiam
1285 2584 1580 2653 perjocum
1601 2626 1616 2650 ,
1641 2599 1772 2640 con-

158 2675 437 2732 tumelias
483 2675 790 2745 irrogatas?
841 2691 904 2730 ac
955 2689 1365 2746 nonnumquam
1414 2691 1535 2731 cum
1590 2676 1772 2732 desint

155 2771 345 2836 vires,
386 2769 641 2824 voluntas
680 2778 859 2824 tamen
899 2770 1153 2835 ultionis,
1187 2770 1265 2824 ira
1305 2771 1631 2839 instigante,
1665 2784 1771 2825 non

156 2861 355 2918 deest.
399 2859 513 2914 Nec
553 2861 657 2914 hoc
687 2860 832 2928 dico,
861 2876 969 2930 quo
997 2875 1187 2916 vocem
1222 2871 1468 2915 naturam
1501 2862 1776 2916 conditio-

157 2954 256 3008 nis
291 2953 354 3006 in
375 2951 617 3021 culpam,
639 2952 744 3008 sed
775 2965 881 3023 quo
912 2967 1155 3008 asseram
1183 2962 1360 3026 motus
1389 2953 1510 3020 hos,
1539 2955 1627 3024 qui
1652 2967 1776 3024 pro-

155 3047 376 3103 cedunt
413 3047 481 3101 ex
525 3045 712 3113 nobis,
756 3047 1019 3117 quosdam
1064 3041 1282 3117 quidem
1326 3047 1573 3102 utilitatis
1612 3059 1775 3102 causa

1865 459 2170 526 citandam,
2215 462 2422 516 utiliter
2463 473 2590 518 sunt
2628 467 2842 535 corpori
2884 477 3072 524 nostro
3115 474 3458 540 providentia
3510 459 3557 480 τ’
3601 543 3608 551 .

1866 555 2132 609 creatoris
2190 555 2429 611 inserti:
2482 574 2588 614 non
2642 562 2707 616 ad
2754 566 3110 633 perpetranda
3147 578 3457 638 stuprorum

1867 645 2104 716 flagitia,
2135 655 2189 702 et
2228 649 2518 716 adulteria,
2574 668 2694 722 quae
2753 653 2891 724 legis
2931 657 3093 712 etiam
3141 664 3461 720 auctoritate

1865 733 2216 796 damnantur.
2256 752 2278 780 ο
2311 741 2412 820 lrte
2440 744 2600 798 etiam
2631 746 2848 802 aculeos
2876 763 3053 803 nonne
3091 752 3452 813 saluberrime

1866 831 2022 887 nobis
2072 833 2427 903 intelligimus
2472 835 2788 904 attributes,
2851 850 2908 894 ut
2959 845 3160 898 nostris
3201 847 3347 900 vitiis
3399 860 3456 904 et

1868 925 2144 981 erroribus
2191 927 2522 997 irascentes,
2574 931 2861 988 virtutibus
2910 938 3086 1004 potius
3133 953 3196 992 ac
3244 941 3464 1008 Spirita-

1871 1017 2010 1073 libus
2047 1019 2239 1074 studiis
2283 1036 2631 1090 occupemur,
2676 1041 2891 1081 omnem
2936 1029 3256 1085 charitatem
3303 1033 3452 1103 Deo,

1872 1117 1925 1165 et
1955 1111 2269 1180 patientiam
2301 1115 2500 1168 nostris
2527 1115 2783 1172 fratribus
2810 1118 3174 1176 exhibentes?
3204 1123 3461 1180 Tristitia:

1872 1217 2085 1272 quoque
2115 1203 2320 1258 utilitas
2350 1216 2548 1274 quanta
2581 1208 2651 1261 sit
2692 1210 2972 1276 novimus;
3008 1227 3126 1281 qum
3167 1213 3308 1269 inter
3347 1231 3462 1271 cae-

1873 1302 1984 1348 tera
2014 1294 2139 1347 vitia
2173 1309 2295 1349 cum
2328 1296 2380 1349 in
2413 1301 2743 1353 contrarium
2792 1300 3039 1356 ali‘ectum
3084 1313 3166 1358 est
3210 1316 3414 1362 mutata
3438 1351 3454 1376 ,

1870 1398 2312 1444 connumeratur.
2349 1387 2448 1444 Est
2477 1391 2620 1446 enim
2660 1403 2714 1447 et
2745 1393 3040 1451 secundum
3075 1397 3166 1452 Dei
3200 1395 3452 1457 timorem

1871 1484 2276 1552 pernecessaria
2295 1524 2308 1545 ,
2335 1481 2388 1536 et
2416 1485 2709 1538 secundum
2735 1487 2988 1542 saeculum
3019 1489 3306 1546 admodum
3337 1508 3461 1562 per-

1872 1575 2080 1629 niciosa
2105 1617 2120 1642 ,
2167 1585 2224 1629 ut
2263 1576 2426 1630 docet
2460 1578 2752 1646 Apostolus
2779 1579 3005 1634 dicens:
3039 1580 3168 1647 Quae
3208 1585 3342 1637 enim
3383 1602 3463 1641 se-

1872 1669 2100 1720 cundum
2140 1667 2308 1722 Deum
2349 1680 2420 1722 est
2462 1671 2703 1737 tristitia,
2736 1675 3083 1742 paenitentiam
3129 1677 3197 1730 ad
3238 1679 3460 1734 salutem

2438 1780 2455 1816 :
2509 1767 2684 1819 διεσαιὲ
2747 1778 2918 1821 autem
2973 1771 3186 1824 tristitia
3245 1782 3462 1826 mortem

1867 1863 2112 1926 operatur
2147 1853 2231 1924 (ll
2257 1854 2375 1909 Cor.
2401 1871 2471 1909 νη
2490 1853 2532 1925 ).

2483 1949 2710 2006 CAPUT
2751 1953 2842 2008 Ν.

2049 2039 2198 2105 Quod
2229 2041 2390 2094 inesse
2419 2042 2562 2093 nobis
2593 2044 2828 2111 qua’dam
2857 2047 3122 2100 naturalia
3154 2049 3278 2102 vitia

2071 2135 2098 2161 ς
2209 2113 2319 2164 sine
2348 2113 2594 2164 creatoris
2623 2115 2856 2165 dicamus
2884 2117 3099 2185 injuria.

1939 2218 1967 2258 τι
2006 2221 2121 2275 Non
2166 2237 2295 2292 ergo
2343 2224 2388 2277 si
2434 2222 2735 2277 dixerimus
2783 2226 2879 2278 hos
2926 2236 3101 2280 motus
3140 2243 3170 2280 a
3202 2227 3464 2287 Crcatore

1871 2313 2103 2370 insertos
2166 2315 2353 2379 nobis,
2401 2332 2466 2370 ex
2508 2331 2572 2370 eo
2619 2316 2898 2385 culpabilis
2943 2317 3031 2372 ille
3079 2317 3370 2387 videbitur,
3415 2321 3465 2376 si

1872 2410 2118 2478 nequiter
2147 2408 2232 2462 his
2261 2409 2415 2463 abusi
2449 2409 2803 2464 maluerimus
2833 2425 2927 2464 eos
2969 2409 3036 2464 ad
3075 2401 3462 2480 noxia'polius

1873 2501 2176 2555 ministeria
2221 2502 2584 2571 detorquere,
2615 2511 2670 2556 et
2698 2501 2927 2556 velimus
2969 2519 3064 2571 pro
3109 2504 3458 2560 infructuosis

1874 2601 1930 2647 et
1960 2591 2314 2646 sucularibus
2347 2591 2514 2645 lucris
2537 2632 2551 2656 ,
2583 2607 2689 2646 non
2722 2608 2819 2658 pro
2855 2593 3074 2646 salutari
3105 2595 3421 2662 paenitentia
3442 2636 3460 2663 ,

1875 2690 1930 2736 et
1972 2681 2226 2736 vitiorum
2269 2683 2610 2736 correctione
2660 2682 2902 2736 tristari:
2953 2685 3033 2737 vel
3073 2693 3222 2740 certe
3265 2687 3311 2739 si
3355 2675 3464 2743 non

1875 2776 2282 2842 nobismetipsis
2325 2775 2549 2840 utiliter,
2593 2775 2690 2829 sed
2735 2783 2924 2830 contra
2969 2775 3313 2833 interdictum
3357 2779 3468 2836 Do—

1877 2865 2007 2919 mini
2062 2865 2261 2918 nostris
2312 2865 2573 2919 fratribus
2613 2865 2930 2920 irascamur.
2983 2867 3114 2922 Nam
3162 2871 3207 2925 si
3256 2870 3465 2930 ferrum

1877 2955 2000 3024 quis
2030 2953 2097 3007 ad
2130 2954 2492 3008 necessarium
2522 2965 2577 3010 et
2610 2957 2740 3011 utile
2782 2956 3142 3015 ministerium
3180 2963 3466 3022 contr-ibus

1879 3055 1992 3102 tum
2013 3091 2028 3117 ,
2061 3045 2129 3100 ad
2158 3059 2342 3100 necem
2375 3046 2609 3101 voluerit
2638 3047 2929 3104 insontium
2962 3060 3315 3124 retorquere,
3349 3065 3463 3114 non

158 3139 335 3194 nobis
366 3137 641 3204 insertos,
675 3140 938 3209 quosdam
971 3153 1101 3194 vero
1127 3132 1496 3221 negligentiae
1509 3140 1769 3221 vitio_,_ac
1794 3143 1840 3207 C
1873 3155 1941 3196 ex
1969 3139 2070 3194 hoc
2099 3137 2379 3193 infamabit
2407 3139 2648 3195 materia:
2677 3141 3014 3198 conditorem
3037 3185 3052 3210 ,
3094 3146 3140 3200 si
3182 3148 3326 3217 quod
3365 3147 3460 3206 ille

158 3231 333 3286 malae
375 3227 674 3285 voluntatis
709 3230 942 3285 arbitrio
980 3231 1320 3287 extrinsecus
1359 3214 1764 3289 introducirl'li

161 3335 448 3392 namque,
501 3335 637 3392 quos
675 3335 836 3394 supra
877 3322 1144 3391 diximus,
1187 3335 1370 3380 motus
1408 3326 1657 3382 carnales
1697 3327 1767 3382 ob

1872 3234 1940 3290 ad
1963 3248 2116 3289 usum
2147 3232 2284 3287 bene
2312 3233 2527 3288 vivendi
2551 3244 2755 3304 aptum,
2775 3251 2839 3292 ac
2861 3240 3226 3296 necessarium
3251 3242 3464 3312 praesti-

1869 3328 1968 3394 tit,
1999 3327 2101 3380 iste
2130 3325 2230 3380 hoc
2259 3340 2386 3380 usus
2411 3335 2492 3381 est
2515 3327 2582 3381 ad
2610 3329 2931 3386 nocendum.

1247 3463 1507 3519 ALARDI
1546 3463 1778 3522 GAZEI
1813 3463 2386 3523 COMMENTARIUS.

241 3568 270 3597 ι
303 3559 386 3626 Ita
413 3555 663 3627 plerique
689 3565 794 3613 tam
826 3574 956 3614 mss.
985 3575 1143 3629 quam
1173 3560 1356 3616 excusi
1383 3562 1451 3614 ab
1479 3561 1562 3614 his
1590 3561 1772 3616 verbis

165 3641 340 3700 caput
364 3629 477 3684 hoc
504 3631 727 3683 tertium
751 3631 852 3686 sub
875 3631 1156 3700 prtemisso
1181 3631 1336 3684 titulo
1359 3631 1632 3685 inchoant.
1653 3629 1775 3686 Cia-

165 3702 375 3758 conius
403 3710 590 3756 tamen
613 3740 627 3761 ,
657 3702 841 3756 nescio
870 3717 936 3756 an
965 3716 1032 3756 ex
1061 3700 1336 3759 Vaticanis
1362 3701 1675 3767 codicibus,
1705 3703 1774 3757 ab

166 3775 279 3828 illis
304 3769 536 3826 demum
559 3772 738 3825 verbis
763 3773 1073 3840 auSpicatur
1100 3788 1114 3826 :
1141 3769 1256 3825 Nec
1277 3769 1372 3824 hoc
1395 3771 1532 3836 dico,
1554 3788 1652 3840 quo
1683 3789 1772 3840 vos

166 3860 279 3898 cem
315 3850 571 3896 naturam
598 3884 614 3908 ,
648 3851 755 3900 etc.
788 3839 985 3912 Utputa
1008 3842 1290 3912 ,positum
1321 3841 1410 3912 hic
1449 3839 1580 3908 pro,
1613 3839 1773 3898 Verbi

166 3914 374 3986 gratia.
409 3912 676 3986 Explicat
716 3910 874 3986 enim
907 3911 1051 3986 quod
1090 3913 1340 3986 superius
1382 3910 1624 3986 dixerat,
1669 3913 1774 3968 alia

165 3981 299 4040 Bitia
333 3983 478 4038 velut
505 3985 731 4052 ingenita
761 3984 814 4037 in
853 3981 1000 4036 nobis
1031 3981 1218 4036 habere
1247 3983 1504 4053 principia
1525 4024 1539 4049 ,
1568 3991 1616 4036 et
1641 4000 1772 4053 quo-

169 4055 470 4110 dammodo
497 4055 796 4107 inviscerata
823 4055 1002 4119 carni,
1033 4063 1139 4108 etc.

239 4127 272 4165 δ
306 4126 390 4180 lta
419 4121 490 4178 D.
521 4125 850 4193 Augustinus
881 4125 973 4179 lib.
995 4140 1010 4178 ι
1033 4122 1338 4178 Confessio.
1369 4139 1489 4192 cap.
1520 4126 1586 4178 7:
1618 4125 1770 4192 Vidi,

173 4198 393 4266 inquit,
437 4204 488 4248 et
529 4206 768 4266 expertus
809 4212 920 4247 sum
955 4196 1207 4251 zelante'm
1245 4212 1462 4266 puerum
1486 4213 1505 4252 :
1547 4198 1772 4251 nondum

171 4265 514 4334 loquebatur,
548 4265 600 4318 et
621 4266 910 4336 intuebatur
934 4265 1165 4336 pallidus
1205 4265 1380 4320 amaro
1419 4279 1629 4335 aspectu
1663 4268 1774 4322 col-

175 4333 487 4394 lactaneum
510 4352 680 4389 suum.
707 4333 977 4391 Cteteruin
1005 4346 1182 4391 motus
1209 4338 1293 4391 isti
1325 4333 1597 4394 naturales
1617 4381 1631 4405 ,
1665 4349 1771 4394 tam

178 4410 283 4464 ira:
319 4420 486 4478 quam
509 4405 770 4472 libidinis,
796 4422 900 4462 non
924 4414 1049 4461 sunt
1073 4410 1287 4478 proprie
1307 4408 1455 4474 vitia,
1477 4424 1599 4463 cum
1623 4409 1773 4463 omni

177 4475 352 4547 culpa
376 4487 630 4540 careant,
663 4479 707 4531 si
737 4478 844 4531 sint
866 4475 1289 4546 absquejudicio
1317 4481 1542 4534 rationis
1567 4489 1620 4533 et
1642 4495 1774 4534 con-

179 4563 354 4604 sensu
396 4547 815 4613 voluntatisrut
841 4548 894 4602 in
927 4548 1195 4616 parvulis,
1241 4557 1294 4603 et
1335 4550 1768 4604 dormientibus:

179 4620 360 4674 multo
392 4620 566 4686 magis
592 4618 645 4671 in
675 4618 1034 4672 renitentibus
1063 4629 1117 4672 et
1146 4620 1524 4674 resistentibus
1544 4660 1558 4684 ,
1590 4629 1650 4672 ut
1678 4619 1773 4674 do-

181 4701 276 4814 fett.
301 4689 813 4814 idesntftzgustinus
833 4689 930 4743 lib.
958 4704 975 4743 ι
1000 4687 1067 4744 de
1093 4687 1208 4744 Civ.
1235 4704 1355 4759 cap.
1498 4689 1630 4744 Vide
1653 4690 1773 4743 Col-

203 4776 232 4813 a
265 4778 336 4814 to.
373 4794 386 4808 .
418 4801 428 4814 .
501 4799 514 4811 .
583 4799 595 4813 .

203 4761 336 4816 atio.
373 4761 428 4818 5.
463 4773 514 4814 c.
540 4761 595 4814 4.

260 4842 283 4866 σε
316 4830 468 4885 Scite
500 4827 782 4885 Nemesius
822 4829 915 4884 lib.
947 4829 1014 4885 de
1052 4829 1253 4885 Natura
1285 4830 1518 4884 hominis
1549 4845 1670 4896 cap.
1703 4827 1763 4886 21

187 4899 330 4955 dixit
361 4919 373 4952 :
412 4897 561 4952 Iram
602 4916 707 4954 esse
746 4900 1048 4954 satellitium
1085 4902 1319 4955 rationis.
1352 4903 1416 4954 Et
1447 4901 1510 4954 Ι).
1543 4899 1770 4956 Basilius

184 4974 239 5026 in
288 4970 518 5025 homilia
561 4970 627 5024 de
673 4970 791 5032 Ira,
837 4971 972 5024 lram
1018 4971 1220 5025 homini
1250 4987 1277 5024 a
1312 4973 1419 5026 Deo
1448 4972 1664 5039 datam,
1711 4981 1770 5028 ut

185 5041 486 5108 imperanti
533 5040 763 5103 rationi,
795 5050 1064 5111 tamquam
1115 5045 1268 5096 miles
1317 5051 1553 5097 armatus
1603 5043 1767 5106 duci,

185 5112 411 5168 obediat
454 5121 510 5166 et
547 5113 618 5166 sit
660 5112 876 5182 quidam
915 5127 1114 5166 nervus
1161 5112 1768 5182 animi,ifortitudinem

187 5181 689 5252 constantiamque
729 5183 794 5236 ad
837 5197 924 5238 res
973 5182 1108 5237 bene
1172 5192 1228 5236 et
1275 5181 1462 5236 ordine
1506 5185 1770 5252 gerendas

185 5255 448 5323 praebens
475 5270 486 5306 :
521 5251 590 5305 Et
631 5253 853 5306 animam
874 5295 887 5316 ,
922 5255 1131 5321 inquit,
1162 5253 1421 5323 uoluptate
1459 5251 1731 5306 delinitam
1754 5296 1768 5320 ,

185 5322 249 5377 ac
278 5324 634 5378 lascivientem
654 5364 670 5387 ,
701 5324 854 5378 veluti
878 5324 1016 5393 ferro
1041 5325 1264 5393 quodam
1301 5322 1538 5376 cohibens
1560 5365 1574 5388 ,
1604 5335 1774 5378 auste-

185 5396 379 5450 riorem
395 5437 411 5459 ,
446 5395 813 5465 fortioremque
832 5410 896 5447 ea:
921 5394 1064 5448 molli
1083 5436 1096 5456 .
1121 5411 1180 5449 ac
1201 5394 1413 5448 remissa
1441 5395 1632 5447 reddit.
1664 5393 1774 5447 Nec

185 5467 329 5520 enim
355 5466 400 5519 si
431 5476 612 5520 contra
640 5466 961 5535 iniquitatem
991 5465 1120 5519 desit
1148 5466 1535 5535 indignatiotet
1565 5465 1661 5523 ira.
1691 5479 1775 5535 sa-

186 5540 254 5590 tis
283 5552 400 5590 eam
433 5537 594 5599 odio,
624 5533 735 5606 quo
750 5537 911 5600 decet,
947 5538 1179 5606 persequi
1219 5536 1424 5606 poterit.
1466 5533 1776 5606 Lactantius

181 5607 378 5687 itidem
408 5603 644 5687 in_|j,bro'
678 5603 875 5687 denlra
917 5603 1012 5687 Dei
1042 5625 1052 5659 :
1083 5603 1231 5687 Sicut
1272 5622 1456 5687 corpus
1495 5604 1779 5684 humanum

243 5694 334 5732 eus
366 5677 549 5733 multis
577 5687 624 5731 et
650 5678 807 5732 variis
829 5679 1060 5733 sensibus
1080 5680 1148 5731 ad
1171 5693 1321 5730 usum
1343 5677 1460 5733 vitae
1485 5677 1781 5728 necessariis

182 5748 445 5804 instruxit
463 5763 483 5803 :
510 5748 585 5803 sic
610 5757 656 5803 et
686 5749 857 5803 animo
877 5750 1049 5804 varios
1068 5747 1302 5804 attribuit
1329 5744 1568 5814 affectus,
1599 5743 1782 5812 quibus

1879 3561 1994 3613 vita:
2021 3561 2154 3612 ratio
2180 3568 2436 3632 constaret
2461 3575 2480 3625 ;
2509 3569 2562 3612 ut
2606 3559 2866 3617 libidinem
2901 3563 3248 3632 producenda:
3273 3564 3467 3625 sobolis

1877 3631 2229 3702 gratiaudedit
2268 3631 2402 3702 :"sic
2444 3632 2576 3702 iram
2616 3632 3014 3702 cohibendorum
3053 3649 3207 3687 causa
3247 3636 3465 3690 delicto-

1876 3700 2012 3755 rum.
2051 3700 2242 3753 Verum
2287 3701 2352 3760 ii,
2396 3701 2483 3767 qui
2527 3702 2761 3752 nesciunt
2798 3702 2926 3765 ﬁnes
2967 3701 3216 3755 bonorum
3252 3721 3313 3756 ac
3348 3722 3463 3762 ma-

1877 3773 2063 3835 lorum,
2097 3773 2229 3824 sicut
2272 3769 2483 3821 libidine
2519 3777 2735 3820 utuntur
2765 3770 2832 3820 ad
2859 3772 3180 3836 corruptelas
3202 3783 3247 3826 et
3277 3776 3348 3827 ad
3375 3793 3465 3830 eo-

1877 3839 2103 3912 luptates
2128 3857 2146 3904 ;
2177 3840 2409 3912 sic‘iram
2434 3848 2486 3912 _et
2512 3837 2758 3904 affectum
2787 3839 2855 3891 ad
2886 3841 3177 3895 nocendum
3198 3884 3212 3907 ,
3244 3845 3368 3900 dum
3398 3850 3462 3906 iis

1876 3908 2001 3981 quos
2031 3912 2148 3965 odio
2178 3908 2397 3981 habent,
2427 3908 2748 3981 irascimur,
2795 3921 2882 3962 aut
2914 3912 3126 3980 paribus
3145 3953 3159 3978 ,
3193 3928 3283 3970 aut
3309 3919 3463 3975 etiam

1875 3977 2221 4055 superioribus
2249 3979 2427 4055 (Lact.
2457 3979 2518 4032 dc
2545 3977 2638 4032 Ira
2666 3978 2765 4055 Dei
2794 3977 3065 4055 caleS).

1947 4056 1974 4091 ά
2010 4058 2070 4107 υ.
2105 4053 2330 4106 Basilius
2366 4052 2482 4105 loco
2518 4060 2643 4105 ante
2671 4053 2871 4116 citato,
2907 4052 2995 4106 ubi
3043 4065 3161 4120 post
3194 4059 3361 4112 multa
3393 4059 3462 4119 de

1875 4125 1975 4196 ira:
2007 4126 2146 4178 bono
2179 4141 2275 4196 usu
2317 4133 2369 4176 et
2398 4123 2642 4196 _utilitate
2668 4167 2682 4188 ,
2717 4125 2990 4196 concludit
3021 4142 3034 4176 :
3072 4125 3170 4196 Sic
3199 4131 3370 4196 itaque
3397 4148 3462 4186 ex

1876 4195 1956 4248 ira
1986 4197 2108 4249 viris
2135 4195 2287 4266 bonis
2311 4194 2508 4246 utilitas
2542 4195 2762 4260 capitur.
2807 4194 2913 4249 Sed
2945 4206 2990 4247 et
3027 4195 3248 4252 aliarum
3282 4194 3461 4266 poten-

1877 4268 2069 4341 tiarum
2117 4264 2352 4341 qua'libet
2378 4281 2442 4341 ea:
2471 4266 2624 4341 modo
2653 4275 2861 4341 ea_uteu
2873 4268 2935 4341 tis
2965 4275 3012 4319 et
3040 4283 3152 4321 cam
3181 4264 3457 4341 possiden-

1878 4337 1968 4401 tis,
2005 4334 2136 4412 bona
2168 4335 2245 4412 rei
2273 4334 2418 4412 _ntala
2447 4335 2641 4412 dice-tur
2665 4334 2780 4412 ειη
2807 4338 2994 4390 anima:
3049 4334 3461 4412 concupiscibilis

1879 4415 2024 4481 parte
2054 4407 2095 4458 si
2126 4407 2237 4481 quis
2266 4406 2316 4456 in
2359 4407 2588 4481 corporis
2609 4405 2934 4481 uoluptatem
2955 4449 2970 4471 ,
3001 4418 3049 4461 et
3080 4405 3463 4481 impurissimas

1877 4479 2100 4554 actiones
2118 4475 2403 4554 "abutetur,
2447 4477 3098 4554 abominabilis_profecto_,
3145 4475 3191 4532 et
3236 4485 3464 4554 nefarius

1877 4547 2085 4616 fuerit._
2110 4545 2170 4598 Si
2216 4549 2330 4613 quis
2371 4564 2488 4600 vero
2529 4549 2673 4601 illam
2712 4548 2767 4600 in
2802 4545 2901 4601 Diei
2945 4545 3007 4602 ac
3050 4551 3260 4606 Domini
3299 4545 3464 4608 nostri

1875 4614 2022 4688 Iesu
2051 4614 2239 4669 Christi
2281 4618 2582 4672 charitatem
2625 4628 2672 4671 et
2723 4620 3152 4688 sempiternorum
3209 4625 3460 4682 bonorum

1877 4685 2187 4760 desiderium
2237 4699 2491 4742 conuertet
2515 4731 2529 4754 ,
2579 4688 2706 4758 felix
2745 4705 2806 4742 ac
2833 4685 3047 4746 beatus.
3080 4693 3459 4760 Quamobrem,

1877 4762 2062 4832 fratres
2092 4759 2410 4814 dilectissimi
2435 4801 2449 4824 ,
2483 4760 2676 4832 nolite,
2710 4761 2937 4832 obsecro,
2966 4778 3024 4815 ea
3053 4780 3171 4832 quae
3195 4783 3226 4817 a
3257 4759 3460 4820 summo

1877 4828 1985 4883 Deo
2020 4839 2066 4882 et
2096 4832 2322 4884 omnium
2348 4842 2559 4883 auctore
2583 4831 2652 4882 ad
2682 4830 2901 4884 salutent
2925 4828 3166 4887 concessa
3191 4848 3309 4889 sunt
3331 4878 3344 4898 ,
3378 4854 3463 4890 oc-

1875 4904 2135 4976 casionem
2167 4912 2489 4970 peccatorum
2517 4900 2654 4951 t'obis
2686 4901 2811 4967 ipsis
2841 4907 3028 4976 facere.
3061 4905 3152 4976 Sic
3182 4907 3351 4976 itaque
3379 4908 3461 4960 ira

1874 4973 2080 5041 quando
2111 4979 2341 5040 oportet,
2374 4979 2419 5042 et
2451 4979 2764 5042 ut_oportet,
2804 4987 2867 5022 ea:
2892 4974 3088 5026 ratione
3118 4973 3454 5042 dispensata,

1875 5039 2259 5110 fortitudinem,
2307 5039 2738 5115 patientiamque,
2781 5055 2846 5091 ac
2891 5039 3230 5096 constantiam
3277 5039 3458 5115 parit,‘

1873 5109 2058 5180 praeter
2079 5125 2197 5180 vero
2218 5117 2405 5180 rectam
2430 5109 2685 5180 rationem
2723 5118 2973 5180 tractata,
3008 5115 3156 5180 furor
3170 5122 3225 5180 iet
3255 5109 3464 5168 insania

1876 5175 2122 5250 "efﬁcitur.
2168 5175 2374 5229 Idcirco
2429 5192 2524 5250 nos
2550 5175 3121 5250 rpsalm_u_s_admoiiet:
3157 5179 3463 5237 Irascimini

1878 5246 2112 5305 et'nolite
2146 5263 2379 5316 peccare.
2425 5246 2691 5301 Similiter
2729 5246 2968 5302 Isidorus
2998 5249 3346 5305 Pelusiotes:
3384 5251 3461 5308 0b

1881 5337 1990 5375 eam
2012 5360 2026 5381 ,
2061 5320 2236 5389 inquit
2258 5360 2270 5380 .
2305 5334 2513 5373 causam
2544 5318 2687 5370 nobis
2715 5318 2790 5370 ira
2819 5318 2974 5371 insita
3013 5331 3084 5373 est
3109 5361 3120 5382 ,
3156 5336 3254 5372 non
3285 5331 3340 5374 ut
3368 5341 3463 5378 nos

1879 5407 2076 5462 quoque
2106 5407 2396 5458 peccemus,
2439 5405 2611 5444 verum
2646 5397 2699 5440 ut
2739 5401 3006 5462 peccantes
3050 5390 3414 5459 prohibeamus
3440 5411 3460 5450 :

1881 5458 1971 5517 nec
1994 5458 2056 5515 ut
2085 5479 2145 5516 ea
2171 5463 2410 5517 turbidus
2437 5471 2627 5523 motus,
2655 5474 2714 5510 ac
2741 5458 2948 5512 morbus
2973 5458 3080 5514 sit:
3108 5477 3280 5514 verum
3310 5472 3361 5515 ut
3389 5467 3464 5518 ui-

1883 5535 2132 5588 tiosarunt
2177 5533 2509 5600 a/fectiunum
2552 5530 2820 5583 medicina.
2868 5527 2980 5584 Nos
3021 5545 3194 5584 autem
3235 5536 3463 5590 medica-

1883 5614 2107 5659 mentum
2136 5607 2190 5658 in
2219 5620 2464 5657 venenum
2494 5613 2898 5675 committamus,
2914 5603 3118 5675 dam_eo
3145 5601 3210 5675 ad
3231 5619 3297 5675 lea
3315 5645 3327 5664 ,
3352 5623 3466 5675 quia

1885 5691 1988 5730 non
2014 5678 2230 5751 decent,
2255 5675 2517 5751 abutimur
2548 5674 2564 5743 (
2586 5670 2785 5751 ludor.
2815 5671 3100 5751 epist,_.A‘259
3126 5675 3167 5746 ).
3203 5671 3335 5732 Vide
3363 5670 3467 5735 La.

1887 5748 2151 5802 ctantium
2176 5748 2272 5802 lib.
2302 5763 2353 5802 γι
2384 5747 2548 5802 divin.
2586 5743 2758 5798 lustit.
2785 5755 2908 5812 cap.
2945 5743 3026 5814 19,
