4016 6202
593 331 703 398 295

1221 440 1448 500 CAPUT
1486 442 1554 498 Υ.

594 538 673 596 De
712 539 847 593 vitiis
889 544 1194 608 quaextra
1244 534 1537 608 naturalem
1596 542 1789 588 motum
1838 541 2016 588 nostro
2059 532 2179 587 vitio

1187 607 1579 660 contrahuntur.

670 720 910 776 Dicimus
948 729 1126 774 tamen
1158 726 1185 754 ι
1215 716 1462 787 quaedam
1502 716 1629 770 vitia
1672 716 1788 771 sine
1827 714 1936 769 ulla
1979 728 2182 785 praece-

596 810 760 867 dente
808 811 1040 864 naturali
1091 810 1376 863 occasione
1421 821 1814 873 concrescere,
1865 807 1965 861 sed
2012 806 2182 861 solius

598 910 866 971 corruptae
907 917 969 956 ac
1010 901 1165 955 mala:
1206 900 1497 955 voluntatis
1537 899 1789 965 arbitrio,
1820 906 1879 953 ut
1918 906 2003 954 est
2046 899 2185 954 invi-

597 996 701 1051 diae
723 1039 736 1061 ,
771 996 1046 1065 ipsiusque
1075 994 1237 1049 etiam
1278 994 1663 1065 philargyriaa:
1708 1008 1830 1062 qua:
1869 1008 1991 1047 cum
2034 992 2183 1047 nulla

596 1087 831 1142 habeant
858 1086 912 1140 in
946 1085 1101 1140 nobis
1131 1085 1198 1139 de
1225 1085 1458 1139 naturali
1479 1085 1735 1138 instinctu
1763 1083 2048 1152 principia,
2083 1097 2184 1136 ex-

596 1186 866 1240 trinsecus
889 1182 1304 1237 contrahuntur.
1330 1180 1461 1247 Quae
1507 1188 1689 1234 tamen
1721 1188 1976 1248 quantum
2006 1176 2183 1231 facilia

597 1284 724 1331 sunt
757 1274 825 1328 ad
854 1273 1158 1330 cavendum
1179 1313 1195 1341 ,
1225 1281 1280 1327 et
1317 1280 1619 1341 opportuna
1662 1269 1729 1324 ad
1770 1267 2144 1324 declinandum
2164 1307 2181 1334 ,

594 1374 810 1423 tantum
837 1376 1154 1438 occupatam
1200 1375 1437 1420 mentem
1463 1374 1624 1433 atque
1669 1377 1976 1432 possessam
2023 1362 2185 1415 mise—

596 1474 712 1514 ram
736 1458 977 1525 faciunt,
1022 1457 1223 1525 vixque
1248 1455 1317 1511 ad
1344 1454 1591 1509 sanitatis
1616 1452 1921 1508 concedunt
1945 1449 2183 1506 remedia

596 1551 922 1622 pervenire:
955 1550 1072 1604 sive
1120 1549 1264 1618 quod
1314 1563 1421 1602 non
1470 1556 1753 1601 merentur
1796 1545 1973 1599 curari
2016 1542 2184 1599 celeri

597 1643 866 1699 medicina
892 1685 906 1709 ,
939 1643 1028 1711 qui
1064 1642 1132 1696 ab
1163 1642 1246 1695 his
1277 1640 1502 1695 sauciati
1527 1648 1692 1703 sunt,
1724 1653 1843 1707 qua:
1865 1678 1879 1703 ,
1908 1636 1993 1691 vel
2025 1636 2180 1705 igno-

600 1749 759 1798 rare,
803 1733 887 1787 vel
928 1733 1135 1803 vitare,
1176 1732 1263 1785 vel
1308 1730 1560 1785 facillime
1600 1730 1818 1783 vincere
1848 1734 2177 1797 potuerunt;

1911 316 2198 384 JOANNIS
2237 316 2549 384 CASSIANI

3756 321 3861 388 196

2204 446 2603 511 Aquemquam
2667 440 3018 510 possederit,
3073 442 3140 497 ad
3190 442 3435 498 sanitatis
3483 442 3721 499 remedia
3770 445 3858 500 vix

2284 534 2573 604 pervenire
2613 533 2883 588 concedit.
2925 534 3339 603 Receptaculum
3381 549 3616 605 namque
3657 544 3737 591 est
3780 535 3860 590 vi-

2285 624 2522 692 tiorum,
2564 625 2944 694 malorumque
2987 629 3226 680 omnium
3264 626 3455 693 radix,
3487 635 3539 681 et
3580 625 3857 681 inextrica-

2288 717 2412 772 bilis
2458 717 2713 787 nequitiae
2766 716 2943 773 fomes
2992 717 3245 784 efﬁcitur,
3302 719 3514 774 dicente
3565 718 3854 787 Apostolo,

2285 806 2314 848 δ
2347 808 2520 863 Radix
2541 809 2769 862 omnium
2797 808 3055 863 malorum
3083 820 3157 864 est
3184 810 3509 882 philargyria
3536 808 3585 883 (Ι
3605 809 3737 867 Tim.
3760 810 3856 885 Vt),

2288 899 2340 955 id
2370 908 2487 967 est,
2520 913 2673 954 amor
2698 901 2961 969 pecuniae.

2884 990 3110 1049 CAPUT
3148 993 3276 1048 Ἦῐί

2340 1082 2537 1151 Quibus
2560 1083 2694 1137 vitiis
2710 1084 3042 1158 philargyria
3063 1096 3369 1158 generetur;
3388 1087 3466 1140 vel
3487 1098 3794 1157 quantorum

2611 1156 2869 1208 malorum
2897 1160 2962 1209 sit
2992 1156 3167 1209 eadem
3194 1156 3535 1228 procreatriai.

2360 1268 2487 1324 Haec
2515 1269 2675 1340 igitur
2700 1285 2825 1325 cum
2854 1270 3160 1337 remissam,
3198 1270 3538 1342 tepidamque
3568 1273 3861 1343 possederit

2288 1361 2541 1415 monachi
2582 1372 2853 1429 mentem,
2896 1362 3148 1432 primitus
3188 1378 3311 1419 eum
3343 1364 3398 1419 in
3424 1366 3615 1436 exigua
3655 1381 3859 1421 summa

2289 1450 2582 1506 sollicitans
2604 1492 2619 1517 ,
2641 1452 2819 1522 justos
2848 1452 3107 1523 quosdam
3133 1464 3188 1508 et
3216 1465 3238 1493 ο
3268 1455 3411 1509 velut
3437 1456 3786 1513 rationabiles
3812 1460 3857 1513 ei

2289 1544 2537 1609 colores,
2569 1544 2639 1598 ob
2670 1559 2805 1614 quos
2831 1545 2919 1600 vel
2948 1560 3228 1602 reservare
3256 1546 3357 1601 sibi
3390 1548 3591 1617 aliquid
3625 1552 3858 1616 pecunite

2288 1634 2514 1703 debeat,
2548 1636 2632 1690 vel
2662 1651 2889 1706 parare,
2922 1636 3199 1691 describit.
3232 1637 3362 1692 Nam
3394 1647 3451 1693 et
3477 1654 3540 1694 ea
3570 1656 3688 1707 quae
3725 1657 3859 1709 pra:-

2287 1729 2484 1785 bentur
2508 1730 2561 1784 in
2590 1731 2940 1795 monasterio,
2968 1732 3214 1801 queritur
3238 1747 3342 1785 non
3368 1746 3489 1787 esse
3510 1731 3825 1788 suﬁicientia
3842 1774 3855 1795 ,

598 1829 686 1885 vel
728 1839 873 1883 certe
915 1828 1057 1895 quod
1098 1826 1241 1880 male
1281 1826 1486 1879 fundati
1511 1866 1525 1889 ,
1557 1825 1815 1878 virtutum
1859 1830 2182 1875 structuram
2210 1824 2259 1885 B
2285 1828 2341 1874 et
2367 1834 2500 1874 sano
2530 1820 2862 1889 robustoque
2890 1836 3123 1890 corpore
3149 1823 3239 1876 vix
3272 1837 3434 1891 posse
3460 1824 3699 1878 tolerari.
3724 1824 3857 1891 Quid

600 1934 656 1978 et
687 1921 1037 1994 perfectionis
1070 1919 1349 1986 suscipere
1378 1918 1589 1972 culmen
1620 1915 1822 1985 indigni
1848 1924 1990 1969 sunt.

1211 2028 1439 2085 CAPUT
1480 2028 1565 2082 Vl.

786 2102 1040 2197 Receptus
1070 2122 1225 2197 semel
1242 2122 1588 2197 Aphilarg‘griw
1616 2119 1820 2174 morbus
1848 2136 2003 2190 quam

1140 2194 1359 2264 difﬁcile
1388 2194 1635 2263 pellatur.

669 2288 1032 2356 Quamobrem
1067 2260 1207 2339 nulli
1221 2260 1353 2337 Vvilis
1389 2260 1794 2349 despectusqne
1823 2280 2066 2334 videatur
2093 2260 2183 2336 hic

599 2381 824 2435 morbus
850 2396 864 2433 :
895 2381 986 2447 qui
1015 2376 1153 2430 sicut
1191 2382 1370 2442 potest
1409 2371 1665 2442 perfacile
1706 2372 2004 2437 declinari,
2036 2372 2109 2427 ita
2135 2372 2181 2426 si

2287 1912 2597 1969 faciendum
2626 1913 2673 1968 si
2705 1913 2959 1969 valetudo
2986 1915 3123 1969 mala
3153 1916 3331 1970 carnis
3361 1916 3678 1983 emerserit,
3703 1924 3756 1971 et
3777 1932 3859 1971 re-

2287 2004 2563 2058 conditum
2608 2019 2716 2057 non
2750 2002 2913 2059 fuerit
2946 2005 3141 2074 aliquid
3173 2006 3448 2075 peculiare
3469 2048 3485 2071 ,
3514 2021 3621 2077 quo
3650 2017 3858 2062 susten-

2282 2106 2428 2152 tetur
2450 2096 2764 2149 inﬁrmitas?
2787 2095 2813 2132 ά
2832 2096 3238 2152 Prmstationem
3262 2098 3579 2153 monasterii
3603 2112 3719 2153 esse
3740 2113 3860 2168 per-

2285 2198 2504 2247 tenuem
2527 2231 2540 2255 ,
2566 2196 2620 2242 et
2641 2187 3017 2257 negligentiam
3041 2202 3169 2258 erga
3197 2198 3521 2257 :cgrotantes
3546 2189 3852 2243 maximam.

2284 2279 2340 2334 Si
2363 2280 2635 2348 pr0prium
2660 2279 2858 2348 aliquid
2881 2294 2990 2333 non
3012 2279 3172 2333 fuerit
3191 2294 3296 2349 quo
3314 2295 3440 2334 cura
3457 2281 3668 2349 corpori
3690 2281 3865 2335 valeat

2282 2370 2558 2437 adhiberi,
2580 2372 2776 2426 misere
2804 2385 2925 2427 esse
2950 2370 3312 2427 moriendum.
3342 2371 3523 2442 Ipsum
3549 2373 3710 2428 etiam
3737 2386 3858 2427 ves-

1657 2551 1915 2607 ALARDI
1955 2548 2184 2605 GAZ/El
2222 2549 2761 2606 COMMENTARIUS

673 2702 700 2730 ι
737 2690 1061 2761 Dionysius;
1112 2687 1554 2761 Dicimustamen
1592 2684 1830 2761 qutedarn
1868 2684 1992 2736 vitia
2031 2699 2167 2761 cresf

602 2779 739 2828 cere,
769 2778 855 2815 seu
878 2755 1009 2814 oriri
1039 2760 1093 2813 in
1121 2758 1294 2822 nobis,
1327 2758 1437 2810 sine
1469 2755 1577 2809 ulla
1604 2755 1830 2807 naturali
1868 2755 2172 2821 prwcedenti

600 2834 867 2888 occasione
886 2872 899 2895 ,
933 2847 1021 2883 seu
1050 2846 1224 2895 causa,
1259 2844 1322 2882 ea:
1349 2827 1457 2881 solo
1488 2836 1761 2892 corruptae,
1796 2841 1855 2876 ac
1882 2840 2052 2894 prava:
2079 2841 2169 2878 vo-

604 2904 816 2958 luntatis
842 2901 1052 2953 arbitrio
1073 2942 1087 2964 ,
1117 2911 1169 2951 ut
1197 2907 1313 2952 sunt
1342 2898 1561 2950 avaritia
1583 2939 1595 2960 ,
1629 2905 1778 2965 atque
1803 2896 2030 2960 inuidia,
2062 2911 2177 2963 qum

602 2974 910 3027 extrinsecus
947 2971 1339 3029 contrahuntur,
1373 2985 1490 3021 cum
1526 2966 1673 3019 nulla
1702 2965 1923 3018 habeant
1950 2967 2001 3018 in
2032 2966 2176 3019 nobis

601 3044 871 3115 principia
891 3058 953 3095 ea;
982 3040 1207 3115 naturali
1234 3040 1480 3115 instinctu
1501 3078 1516 3102 ,
1547 3047 1652 3091 etc.
1686 3036 1774 3115 _Sic
1805 3038 1985 3115 abbas
2011 3036 2175 3115 Sera-

606 3106 729 3185 pion
762 3106 955 3166 Collat.
998 3110 1063 3185 5,
1109 3125 1230 3178 cap.
1276 3111 1346 3185 ὃς
1396 3107 1652 3185 Horum
1685 3106 1896 3173 inquit,
1938 3107 2177 3185 vitiorum

605 3178 789 3255 genera
817 3192 935 3235 sunt
974 3182 1077 3234 duo
1103 3196 1121 3234 :
1149 3188 1235 3232 aut
1265 3181 1400 3232 enim
1426 3178 1687 3255 naturalia
1714 3185 1831 3255 sunt
1861 3218 1873 3237 ,
1897 3186 1958 3255 _t_tt
1988 3178 2175 3255 gastri-

602 3246 803 3321 inargia
828 3269 845 3304 :
869 3265 956 3305 aut
980 3261 1124 3304 extra
1150 3259 1387 3302 naturam
1409 3290 1423 3309 ,
1449 3257 1503 3299 ut
1529 3246 1879 3321 philargyria.
1897 3249 1967 3321 Et
1980 3262 2097 3321 cap.
2122 3247 2176 3303 8:

606 3312 756 3389 Quod
784 3334 928 3377 extra
957 3330 1197 3373 naturam
1225 3320 1289 3372 sit
1316 3318 1639 3389 philargyria
1657 3358 1672 3381 ,
1702 3312 1822 3389 ltinc
1844 3318 2037 3389 liquido
2058 3332 2179 3387 per-

605 3387 833 3455 iiidetur,
867 3394 987 3460 quia
1017 3408 1106 3445 nec
1140 3387 1389 3459 originale
1433 3388 1674 3460 probatur
1722 3387 1774 3439 in
1811 3388 1955 3439 nobis
1998 3388 2181 3439 habere

605 3458 946 3536 principium,
977 3478 1065 3536 nec
1092 3462 1156 3514 de
1184 3458 1734 3536 n_tateria_concipitur,
1775 3473 1889 3535 qua:
1927 3460 2181 3536 pertingat

606 3528 673 3587 ad
703 3528 890 3586 anima:
912 3574 928 3598 ,
964 3532 1040 3586 vel
1079 3531 1250 3585 carnis
1282 3530 1727 3599 participationem
1753 3568 1768 3593 ,
1814 3532 2027 3593 vitwque
2058 3528 2178 3581 sub-

606 3605 872 3657 stantiam.

673 3674 701 3712 δ
729 3674 969 3728 ϐνωοειη
999 3687 1188 3727 vocem
1217 3671 1444 3725 retinuit
1468 3678 1675 3731 auctor,
1707 3683 1803 3736 pro
1832 3683 1933 3736 qua
1961 3668 2182 3723 Latinus

604 3746 875 3814 interpres
907 3745 1087 3813 posuit
1116 3742 1464 3814 cupiditatem
1494 3781 1509 3803 ,
1556 3740 1620 3814 Ι).
1653 3740 1969 3814 Ambrosius
2003 3742 2180 3814 avari-

607 3810 769 3869 tiam:
789 3810 1019 3869 Non—est
1051 3824 1227 3868 autem
1261 3814 1359 3866 hoc
1389 3813 1505 3865 loco
1536 3812 1818 3875 πλεονεξία,
1850 3810 1985 3863 sicut
2017 3810 2178 3862 alibi:

605 3902 724 3953 qum.
757 3902 862 3939 vox
895 3886 1053 3937 latius
1083 3894 1247 3952 patet,
1276 3898 1433 3949 quam
1475 3897 1627 3935 amor
1660 3882 1898 3947 pecunia:
1926 3900 1939 3941 ;
1976 3881 2068 3934 sed
2099 3903 2179 3953 φι-

604 3955 882 4033 λαργυρία,
922 3970 1039 4033 qua:
1069 3954 1199 4005 nihil
1231 3954 1371 4033 aliud
1406 3962 1591 4017 sonat,
1626 3968 1781 4031 quam
1813 3966 2051 4033 an‘ore‘m
2080 3966 2181 4031 pe-

606 4021 821 4084 ciin'iae;
855 4024 994 4089 quod
1029 4023 1391 4074 annotandum
1431 4030 1541 4078 est,
1588 4036 1655 4073 ne
1696 4022 1815 4087 quis
1850 4022 1918 4073 de
1957 4021 2139 4088 gloria:
2163 4062 2178 4086 ,

606 4093 674 4147 de
705 4093 952 4160 imperii,
985 4093 1066 4144 vel
1098 4091 1165 4143 de
1205 4091 1425 4160 alterius
1470 4090 1685 4160 generis
1715 4089 2007 4156 cupiditate
2037 4093 2179 4158 Apo-

605 4158 799 4217 stolum
821 4163 965 4229 loqui
988 4159 1280 4214 existimet.
1306 4158 1475 4211 Porro
1494 4158 1757 4210 malorum
1776 4160 1989 4229 nomine
2018 4162 2184 4215 voluit
2234 4174 2244 4185 '

604 4227 905 4300 Apostolus
939 4241 1046 4284 tam
1087 4243 1291 4300 paenae,
1334 4244 1495 4300 quam
1539 4229 1713 4300 culpae
1753 4227 1889 4279 mala
1931 4242 2179 4300 compre-

606 4298 789 4355 hendi.
840 4300 970 4354 Nam
1021 4299 1163 4368 quod
1211 4298 1274 4349 ad
1324 4298 1459 4349 mala
1508 4298 1679 4365 culpa:
1721 4300 1948 4361 attinet,
1984 4299 2182 4354 dicitur

605 4372 863 4433 avaritia,
916 4386 1009 4424 seu
1056 4368 1320 4436 cupiditas
1370 4368 1700 4431 divitiarum,
1758 4368 1912 4421 radix
1942 4371 2179 4424 omnium

607 4440 869 4495 malorum
917 4439 1257 4509 huiusmodi,
1302 4438 1350 4490 id
1398 4448 1512 4501 est,
1562 4448 1935 4506 peccatorum,
1983 4441 2179 4507 duplici

602 4511 832 4565 ratione.
867 4510 1046 4564 Primo
1091 4510 1209 4575 quia
1256 4510 1445 4562 divitia:
1492 4510 1715 4575 prwbent
1753 4512 2048 4575 facultatem
2077 4552 2091 4573 ,
2133 4522 2178 4565 et

603 4580 885 4633 subsidium
912 4623 925 4641 ,
959 4598 1019 4632 ac
1045 4581 1178 4632 velut
1208 4580 1503 4631 alimentum
1524 4623 1535 4637 ,
1568 4589 1612 4632 et
1656 4580 1903 4647 pabulum
1947 4581 2181 4635 omnibus

601 4651 757 4715 vitiis,
777 4661 821 4704 et
850 4653 1019 4718 prauis
1045 4652 1305 4703 desideriis
1329 4649 1678 4711 exsequendis,
1703 4650 1770 4701 ad
1793 4652 2179 4704 similitudinem

602 4721 787 4773 radicis
820 4724 1043 4778 arboris,
1075 4737 1189 4789 qua:
1214 4722 1397 4785 prtebet
1429 4719 1725 4772 alimentum
1757 4722 1846 4772 toti
1873 4722 2074 4784 arbori,
2106 4725 2180 4776 ait

602 4791 660 4845 S.
683 4790 1069 4859 Thomas(i-'2,
1093 4791 1262 4861 (1.84,
1288 4802 1389 4844 art.
1412 4792 1486 4858 1).
1523 4790 1760 4842 Videmus
1790 4792 1942 4853 enim,
1976 4793 2171 4860 inquit,

2208 3495 2251 3557 ί
2286 3495 2570 3578 Dominum

2274 2682 2489 2752 quando
2517 2698 2622 2738 non
2654 2683 2924 2753 impellat:

2589 2797 2715 2855 Quid
2736 2811 2833 2867 n_on
2855 2798 3075 2867 mortalia
3099 2807 3295 2864 pectora
3318 2804 3484 2867 cogis,

2462 2861 2582 2909 Auri
2601 2873 2735 2909 sacra
2760 2858 2941 2910 fames!

2280 2962 2427 3038 canit
2452 2962 2835 3038 poetag(_Virg.
2861 2979 2917 3017 ιιι
2941 2963 3257 3038 ᾎΕηεὶἀοδ).
3309 2968 3439 3022 Hinc
3481 2969 3642 3024 etiam
3676 2970 3857 3027 Eccle-

2281 3034 2558 3105 siaSIicusr,
2590 3034 2676 3086 ubi
2706 3047 2909 3105 supra:
2941 3036 3138 3101 Avaro,
3170 3034 3377 3105 inquit,
3407 3038 3540 3093 nihil
3565 3048 3637 3093 est
3666 3045 3857 3096 διείρε-

2281 3105 2403 3181 tius.
2436 3104 2506 3181 Et
2527 3104 2717 3181 iterum
2736 3144 2752 3167 ,
2786 3103 2936 3181 Nihil
2962 3116 3032 3159 est
3061 3103 3307 3176 iniquius,
3334 3126 3483 3181 quam
3508 3127 3684 3165 amare
3710 3130 3856 3181 pecu-

2281 3174 2417 3226 niam
2441 3190 2460 3231 :
2487 3173 2570 3226 hic
2598 3176 2732 3227 enim
2761 3183 2807 3227 et
2832 3176 3056 3229 animam
3088 3173 3231 3231 suam
3261 3173 3488 3234 venalem
3514 3180 3660 3235 habet
3684 3173 3853 3239 {dum

2282 3244 2488 3319 scilicet
2519 3254 2740 3313 promer
2764 3245 2978 3300 divitias
3006 3248 3166 3301 homo
3194 3250 3285 3305 Dei
3319 3262 3589 3319 prrecepta
3615 3266 3857 3309 contem.

2283 3314 2395 3395 nit,
2434 3324 2677 3395 paratus.
2707 3324 2779 3395 _ut
2815 3331 2907 3370 cas
2939 3330 3288 3395 assequatur,
3320 3314 3546 3388 ’quidvis
3582 3339 3741 3393 agere
3765 3337 3855 3379 aut

2283 3388 2415 3455 pati.
2452 3386 2611 3455 Cujus
2638 3388 2717 3440 rei
2743 3389 3045 3455 exemplum
3074 3390 3334 3445 habemus
3353 3386 3853 3450 vnianifesu'ssimum

2288 3458 2339 3533 i_n
2385 3454 2519 3533 Juda
2559 3453 2757 3509 Christi
2800 3453 3102 3533 discipulo,
3142 3465 3234 3531 qui
3281 3465 3521 3529 pecuniae
3564 3466 3857 3533 cupiditate

2615 3541 2767 3579 suum
2807 3530 3082 3593 vendidit,
3130 3542 3178 3583 et
3230 3533 3448 3587 tradidit
3503 3530 3856 3591 occidendum

2286 3594 2305 3664 (
2335 3595 2393 3650 S.
2420 3595 2729 3677 ⁸ιτεοηιιενιπ.
2762 3597 2824 3650 de
2859 3597 3105 3677 l’assione
3138 3600 3397 3677 Domini).
3444 3608 3619 3669 Quare
3663 3611 3857 3661 merito

2283 3672 2505 3743 avaritia
2552 3672 2691 3720 inter
2733 3679 2948 3743 peccata
2985 3672 3228 3734 capitalia
3266 3686 3538 3740 censetur,
3570 3692 3690 3743 qu-c
3731 3690 3860 3733 sunt

2284 3736 2448 3790 veluti
2478 3736 2651 3791 fontes
2686 3748 2740 3792 et
2782 3740 2989 3795 radices
3018 3744 3304 3796 multorum
3341 3736 3599 3800 aliorum:
3624 3747 3759 3801 Hinc
3787 3748 3853 3801 D.

2283 3806 2575 3877 Gregorius
2607 3807 2741 3861 ﬁlias
2778 3812 3017 3865 avaritiae
3057 3825 3334 3868 enumerat
3374 3815 3425 3868 in
3470 3821 3609 3871 hunc
3640 3822 3859 3873 modum

2285 3877 2424 3958 (_L_i.b.
2452 3894 2580 3958 xxxi
2604 3878 2773 3958 Mora.
2798 3897 2850 3958 c._
2870 3883 2997 3958 51)_:
3031 3881 3107 3958 De
3135 3886 3355 3958 avaritia
3386 3889 3641 3950 proditio,
3676 3892 3820 3958 fraus
3841 3932 3858 3953 ,

2284 3947 2527 4021 fallacia,
2550 3950 2800 4021 perjuria,
2833 3947 3150 4020 inquietudo,
3187 3947 3457 4021 violentus,
3484 3970 3529 4011 et
3558 3947 3735 4011 contra
3763 3947 3859 4015 mi:

2282 4020 2617 4097 sericordiam
2636 4020 3185 4097 ’obdurationesrordis
3208 4020 3461 4080 oriuntur.
3489 4028 3659 4082 Porro
3680 4030 3859 4097 quoad

2285 4090 2423 4141 mala
2469 4104 2665 4157 paenae,
2712 4090 2907 4146 dicitur
2950 4095 3109 4146 etiam
3154 4099 3369 4149 avaritia
3420 4099 3570 4152 radix
3615 4090 3860 4154 omnium

2284 4160 2583 4239 malorum,
2623 4160 2743 4221 quia
2800 4164 3008 4239 scilicet
3040 4165 3089 4217 in
3123 4180 3282 4219 oume
3321 4183 3491 4235 genus
3537 4171 3865 4226 calamitatis

2282 4240 2335 4303 et
2363 4230 2724 4303 miseriarum,
2756 4235 2990 4287 cultores
3031 4248 3158 4288 suos
3184 4230 3501 4303 przecipitat,
3546 4257 3650 4293 non
3680 4242 3860 4294 solum

2282 4299 2334 4352 in
2363 4300 2539 4379 l'uturo
2566 4303 2785 4379 sacculo,
2812 4305 2910 4379 sed
2933 4306 3092 4359 etiam
3122 4299 3447 4379 ἰιι“ρι“;ῑιεὲηιὶ
3473 4299 3499 4360 ε’
3521 4310 3659 4364 hanc
3713 4314 3859 4365 enim

2282 4374 2543 4450 rationem
2601 4374 2838 4426 insinuat
2877 4374 3213 4450 Aposmlus,
3266 4378 3391 4431 dum
3445 4381 3582 4434 inter
3628 4382 3863 4450 plurima

2283 4441 2415 4493 mala
2442 4483 2466 4519 ,_
2488 4457 2605 4505 qum
2637 4458 2711 4519 ex
2744 4446 3202 4519 avaritiaira‘dice
3245 4451 3572 4519 procedunt,
3608 4441 3863 4507 recenset

2284 4516 2631 4583 tentationem
2653 4554 2667 4577 ,
2700 4514 2945 4583 laqueum
2979 4516 3210 4581 diaboli,
3244 4518 3508 4575 desideria
3542 4514 3705 4575 multa
3742 4524 3863 4575 inu-

2282 4582 2392 4661 tilia
2436 4587 2699 4661 et__nociva
2719 4626 2733 4649 ,
2763 4582 2980 4661 dolores
3022 4588 3252 4661 r_nultos,
3282 4589 3513 4661 denique
3542 4592 3823 4646 interitum
3846 4636 3858 4657 ,

2281 4659 2335 4731 et
2367 4652 2722 4731 perditionem
2753 4654 2911 4731 (‘Vide
2934 4655 2991 4711 S.
3019 4656 3202 4731 Tuom.
3232 4661 3325 4731 2-2
3345 4704 3358 4727 ,
3382 4652 3441 4731 q:
3464 4666 3484 4715 l
3504 4663 3595 4727 19,
3621 4675 3723 4715 art.
3754 4663 3790 4716 9
3820 4652 3855 4729 ).

2285 4721 2358 4796 [ie
2385 4725 2577 4791 quibus
2607 4726 2727 4777 vide
2759 4721 2820 4777 D.
2853 4724 3174 4796 Gregorium
3221 4730 3311 4783 lib.
3348 4721 3422 4783 xv
3451 4721 3647 4787 Moral.
3676 4750 3725 4788 c.
3767 4721 3858 4785 ll.

2282 4790 2868 4865 Nec'prtetereundum
2927 4790 3065 4865 quod
3112 4800 3178 4851 de
3220 4802 3440 4854 avaritia
3483 4806 3679 4857 cecinit
3722 4803 3859 4856 Pru-

598 4864 864 4950 quodrpcr
921 4860 1127 4950 divitias
1178 4860 1333 4950 homo
1395 4861 1612 4929 acquirit
1653 4862 2169 4950 factrltatenrperpe-
2195 4870 2251 4929 Ι)
2276 4862 2487 4915 dentius
2517 4864 2566 4950 ip
2596 4880 2689 4917 sua
2718 4860 3136 4950 Pivcliomacliia
3161 4868 3310 4950 (Cap.
3337 4872 3418 4942 5),
3448 4874 3502 4928 id
3529 4885 3635 4942 est,
3659 4875 3859 4930 anima:

600 4932 771 4984 trandi
798 4934 1148 5003 quo"cumque
1163 4940 1515 5003 peccatum,et
1536 4931 1834 5003 exsequendi
1859 4931 2168 4985 desiderium

600 4949 770 4984 tranat
798 4949 1148 5003 quacumque
1163 4949 1443 5000 peccamm,
1471 4949 1515 4982 et
1536 4949 1833 5054 cxsezuenai
1859 4949 2168 4985 aesiaerium

597 5005 960 5072 cujuscumque
991 5005 1180 5068 peccati
1205 5018 1221 5063 ;
1249 5016 1306 5052 eo
1330 5002 1464 5067 quod
1491 5001 1557 5052 ad
1586 5002 1649 5053 lia
1686 5001 1815 5054 enda
1842 5017 2168 5070 quaecumque

599 5074 893 5139 temporalia
921 5076 1049 5126 bona
1080 5080 1242 5138 potest
1270 5072 1420 5141 Immo
1450 5088 1538 5140 per
1566 5074 1831 5139 pecuniam
1855 5074 2053 5141 juvari,
2088 5090 2163 5124 se-

594 5146 817 5197 cundum
864 5144 999 5212 quod
1043 5144 1231 5195 dicitur
1278 5140 1473 5195 Eccles.
1516 5158 1547 5195 x
1580 5159 1598 5195 :
1645 5140 1884 5196 Pecunia:
1928 5144 2165 5196 obediunt

595 5218 787 5268 omnia.
838 5214 984 5268 Unde
1024 5223 1069 5266 et
1098 5214 1289 5265 divitia:
1318 5229 1609 5265 mammona
1649 5214 1927 5282 iniquitatis
1970 5230 2165 5266 nuncu-

593 5295 801 5353 pantur,
827 5287 944 5355 quia
971 5285 1234 5337 materiam
1260 5283 1479 5355 praebent
1506 5283 1783 5355 multarum
1814 5284 2156 5355 iniquitatum,

594 5356 695 5407 into
719 5353 1047 5408 incitamenta
1077 5363 1193 5407 sunt
1225 5354 1293 5405 ad
1318 5369 1490 5406 onines
1518 5353 1829 5421 iniquitates,
1864 5362 1921 5404 ut
1947 5353 2001 5406 S.
2031 5354 2161 5407 Atu-

595 5422 807 5479 broaius
838 5426 1083 5493 exposuit
1111 5424 1162 5477 in
1194 5438 1312 5490 cap.
1350 5422 1506 5475 Luca:
1531 5437 1636 5493 xvi.
1670 5421 1917 5475 Secundo
1945 5423 2065 5489 quia
2099 5439 2164 5477 ex

591 5493 693 5555 lsac
732 5491 1057 5565 cupiditate,
1108 5505 1359 5563 tauquam
1397 5508 1475 5565 ex
1522 5491 1743 5565 radice,
1796 5504 1956 5545 Omne
1999 5506 2167 5565 genus

590 5561 967 5628 peccati'solet
1008 5561 1342 5635 germinare,
1378 5562 1502 5616 dum
1548 5562 1789 5635 pecunia:
1833 5576 2001 5635 causa
2037 5561 2168 5635 nihil

589 5644 695 5681 non
746 5639 940 5688 audent
987 5632 1234 5687 homines
1279 5635 1653 5698 committere,
1704 5632 1848 5686 velut
1894 5632 2160 5700 perjuria,

585 5700 801 5774 [.j‘iuas
824 5746 838 5767 ,
887 5704 1173 5756 homicidia
1201 5744 1214 5765 ,
1257 5705 1533 5774 sacrilegia
1562 5746 1574 5768 ,
1618 5713 1672 5756 et
1702 5705 1826 5774 quid
1860 5720 1963 5757 non
1987 5704 2010 5756 ?
2038 5704 2169 5760 Nul-

583 5765 703 5828 Attin
735 5765 1123 5839 est'peccatum
1162 5774 1228 5828 ad
1261 5773 1403 5842 quod
1439 5765 2041 5846 cupiditas'divitiarum
2068 5776 2167 5832 ali-

2274 4944 2450 5001 pugna
2480 4934 2741 4989 adversus
2771 4937 3077 5005 hujusmodi
3110 4934 3235 4993 vitia
3258 4934 3280 4992 ἐ

2365 5042 2521 5114 ane
2546 5045 2792 5114 hominum
2815 5051 2939 5107 rapit
2961 5050 3041 5099 illa
3064 5065 3249 5114 genus;
3274 5055 3498 5105 mortalia
3520 5067 3697 5108 cuncta

2366 5102 2580 5180 Qccupat
2600 5111 2802 5180 interitu
2828 5126 2838 5159 :
2862 5102 3174 5180 ncqnec‘nim
3201 5102 3277 5180 est
3294 5102 3732 5180 violﬁcn‘tittvs—tilvluﬁin

2366 5164 2627 5231 :IIerrarum
2658 5172 2844 5231 vitium,
2881 5164 3006 5231 quod
3032 5178 3179 5222 tantis
3204 5176 3419 5225 cladibus
3444 5164 3603 5228 έέςὲίὶαῑ

2362 5225 2589 5277 Mundani
2616 5225 3030 5296 involvat'po'puli,
3050 5234 3347 5299 damnetque
3366 5225 3632 5301 get—ieiuni.

2344 5362 2364 5387 ο
2392 5348 2617 5433 colores
2646 5366 2800 5409 vocat
2824 5366 3147 5433 prietexlus,
3167 5375 3260 5411 scu
3291 5366 3693 5427 excusationes,
3721 5380 3865 5433 qtns

2270 5424 2607 5500 proprietarii
2639 5434 2695 5500 e_t
2720 5426 2873 5500 avari
2898 5431 3150 5500 monachi
3183 5444 3292 5483 sum
3324 5435 3599 5500 cupiditati
3629 5424 3690 5488 et
3731 5424 3867 5487 ava-

2271 5493 2409 5545 ritize
2437 5495 2771 5560 praetendere
2799 5497 3143 5551 solent.Vide
3174 5500 3232 5551 D.
3256 5493 3513 5557 Basilium
3540 5507 3593 5560 in
3615 5506 3860 5561 Constit.

2272 5574 2504 5638 monast.
2534 5580 2651 5631 cap.
2683 5566 2822 5638 δὸτι
2848 5565 3180 5620 Cliinacliuui
3207 5572 3371 5638 gradu
3408 5576 3491 5627 16.

2342 5629 2455 5710 {Id
2480 5643 2584 5710 est,
2605 5629 2937 5710 portionem,
2974 5629 3315 5710 pra-bendam
3340 5682 3352 5701 ,
3389 5646 3728 5710 pensionem,
3767 5642 3865 5697 vel

2273 5703 2528 5787 quidquid
2558 5720 2586 5755 a
2617 5709 2944 5760 monasterio
2968 5703 3032 5761 ad
3060 5709 3257 5763 victum
3285 5723 3341 5766 et
3368 5703 3626 5774 amictum
3651 5703 3869 5787 cuiqud

2274 5782 2543 5829 monacho
2574 5787 2876 5841 praestatur.
3765 5782 3786 5787 ⁷
3868 5786 3873 5795 ’
