4016 6202
187 256 285 316 297

686 254 781 312 DE
819 247 1283 312 C(ENOBIORUM
1321 249 1571 309 lNSTIT.
1614 245 1745 306 LIB.
1784 244 1896 310 VII.
1919 276 1993 296 -
2018 245 2110 309 DE
2147 249 2418 309 SPIRITU
2467 244 2974 311 PHILARGYRLE.

3348 252 3458 316 298

191 368 481 422 tiinentum
511 378 625 421 non
645 364 896 420 sufﬁcere
916 361 1058 432 quod
1087 361 1375 432 praebetur,
1400 360 1503 416 nisi
1528 373 1785 431 procura-
1809 364 1863 426 Δ
1886 377 1993 419 ιιοιι
2017 363 2312 420 iracundia:
2338 364 2500 420 noxio
2534 364 2716 423 furore
2745 367 3006 440 suppleri.
3042 367 3099 424 Si
3131 382 3402 442 quoquam
3427 390 3461 433 a

191 457 334 513 verit
365 456 514 512 unde
539 456 643 512 sibi
668 455 811 511 aliud
837 453 1014 511 valeat
1041 452 1310 510 exhiberi.
1358 451 1645 508 Postremo
1683 466 1783 510 nec

196 549 290 603 diu
320 560 483 615 posse
508 546 563 601 in
592 545 777 602 eodem
804 545 922 600 loco
948 542 1034 599 vel
1058 542 1392 599 monasterio
1417 542 1779 598 commorari:

199 647 254 692 et
286 637 393 692 nisi
424 638 692 708 paraverit
720 636 822 692 sibi
852 634 1035 691 viatici
1088 643 1337 706 sumptus
1379 634 1783 706 evectionisque

201 728 582 782 transmarinae
629 727 931 784 mercedem
955 767 973 793 ,
1017 740 1125 781 non
1165 740 1329 796 posse
1364 741 1486 782 cum
1515 727 1779 795 voluerit,

206 822 613 893 transmigrare,
631 832 685 878 et
704 820 1025 878 necessitate
1043 820 1241 892 inopia:
1261 828 1621 888 coarctatum,
1639 820 1786 876 labo-

208 914 409 970 riosam
437 928 499 969 ac
544 913 900 970 miserabilem
945 911 1148 982 absque
1186 910 1300 966 ullo
1343 908 1597 981 profectu
1619 909 1783 965 vitam

207 1007 405 1078 jugiter
444 996 794 1062 tuleraturum
829 1023 843 1058 :
875 1006 1091 1075 inopem
1132 1017 1193 1059 se
1220 1017 1438 1073 quoque
1488 1015 1704 1072 semper
1726 1016 1789 1057 ac

205 1099 407 1155 nudum
434 1115 543 1156 non
567 1101 687 1155 sine
715 1098 1046 1170 improperio
1066 1096 1240 1152 aliena
1264 1095 1566 1153 substantia
1586 1103 1792 1151 susten-

202 1192 448 1248 tandum.
477 1192 659 1263 Itaque
686 1176 811 1248 cum
852 1188 1227 1260 hujuscemodi
1255 1188 1674 1260 cogitationibus
1713 1188 1791 1244 la-

199 1286 485 1356 queaverit
512 1295 750 1341 mentem
771 1326 789 1353 ,
821 1284 1052 1355 qualiter
1081 1299 1247 1339 unum
1278 1282 1476 1339 saltem
1509 1283 1791 1340 denarium

195 1379 484 1449 acquirere
502 1379 677 1449 possit
693 1378 993 1448 excogitat.
1018 1376 1172 1432 Tunc
1189 1376 1465 1446 peculiare
1489 1390 1627 1446 opus
1650 1375 1792 1447 quod

193 1477 482 1536 exerceat,
528 1469 726 1525 abbate
762 1468 961 1536 inscio,
1008 1467 1243 1523 sollicita
1284 1476 1471 1524 mente
1510 1466 1790 1538 perquirit.

193 1561 353 1629 Quod
372 1561 619 1618 vendens
650 1561 791 1617 clam
803 1572 857 1616 et
879 1570 1067 1631 optato
1092 1560 1311 1617 tandem
1328 1560 1530 1631 potitus
1551 1574 1787 1627 nummo,

193 1654 438 1725 qualiter
481 1669 608 1711 eum
651 1653 892 1724 duplicet
934 1655 1112 1710 acrius
1137 1700 1151 1724 ,
1179 1654 1653 1726 vehementiusque
1682 1666 1793 1711 tor-

1886 471 1982 527 spe
2010 465 2249 528 quaestus
2271 458 2566 526 deciderit;
2596 474 2703 516 non
2743 460 3043 519 honestatis
3062 504 3078 531 ,
3107 477 3216 519 non
3244 464 3462 523 humili-

1886 551 2013 608 tatis
2038 552 2256 608 modum
2286 553 2670 611 transcendere
2697 556 3060 625 pertimescit,
3088 556 3256 629 fitque
3294 560 3341 615 ei
3367 574 3463 628 per

1887 642 2069 700 omnia
2088 686 2105 712 ,
2132 655 2191 701 ut
2218 643 2339 700 aliis
2363 655 2572 715 venter,
2602 650 2677 702 ita
2714 646 2840 703 huic
2873 662 3062 703 aurum
3092 656 3148 704 et
3176 662 3302 718 spes
3328 650 3465 707 lucri

1887 750 1988 806 pro
2015 734 2149 792 Deo.
2175 735 2331 792 Unde
2360 735 2548 792 beatus
2577 738 2870 808 Apostolus
2908 739 3067 809 hujus
3097 742 3273 796 morbi
3304 743 3466 799 noxia

1887 839 2097 881 venena
2132 826 2502 897 prospiciens,
2535 842 2643 884 non
2695 830 2871 885 solum
2916 845 3034 886 eam
3078 833 3316 890 radicem
3346 849 3468 891 esse

1889 919 2131 975 omnium
2159 919 2448 988 malorum,
2477 934 2663 977 verum
2680 922 2843 977 etiam
2860 921 3123 979 idolorum
3151 925 3467 982 servitutem

1890 1010 2294 1082 pronuntiavit,
2323 1012 2510 1069 dicens
2544 1031 2558 1065 ε
2594 1013 2663 1067 Et
2694 1022 2717 1053 α
2745 1014 2967 1069 avaritia
2997 1015 3175 1085 (quod
3204 1016 3257 1071 in
3281 1017 3470 1075 Graeco

1891 1102 2090 1159 dicitur
2103 1104 2448 1181 φιλαργυρία),
2472 1120 2586 1175 qua:
2605 1115 2678 1161 est
2698 1106 3093 1161 simulacrorum
3111 1109 3325 1163 servitus
3348 1108 3471 1181 (Ca-

1894 1197 2022 1254 loss.
2051 1198 2156 1269 ιιι).
2187 1199 2378 1255 Cernis
2404 1199 2565 1270 igitur
2585 1199 2653 1255 ad
2681 1208 2933 1271 quantam
2955 1199 3132 1256 labem
3152 1200 3330 1257 rabies
3352 1201 3469 1259 haec

1894 1306 1993 1361 per
2019 1290 2225 1362 gradus
2241 1291 2483 1362 singulos
2514 1301 2758 1360 crescat,
2802 1304 2860 1348 ut
2896 1292 3057 1349 etiam
3097 1293 3361 1349 idolorum
3384 1298 3471 1352 vel

1893 1382 2303 1438 simulacrorum
2349 1383 2579 1438 servitus
2626 1384 2868 1454 Apostoli
2896 1398 3028 1439 voce
3068 1386 3468 1455 pronuntietur,

1896 1492 1964 1533 eo
1996 1476 2140 1548 quod
2173 1476 2343 1547 ﬁgura
2378 1476 2472 1532 Dei
2520 1485 2576 1532 et
2603 1476 2837 1549 imagine
2863 1477 3227 1547 praetermissa
3262 1477 3473 1550 (quam

1896 1569 2092 1627 devote
2118 1570 2365 1625 serviens
2394 1569 2503 1625 Deo
2544 1569 2944 1625 immaculatam
2975 1570 3028 1626 in
3057 1572 3350 1642 semetipso
3380 1573 3475 1629 de-

1894 1662 2012 1718 buit
2040 1661 2335 1733 custodire)
2357 1661 2634 1718 hominum
2664 1662 2864 1733 figuras
2881 1664 3172 1736 impressas
3195 1680 3330 1723 auro
3348 1666 3472 1723 dilio

190 1756 433 1816 quetur;
468 1746 563 1800 ubi
592 1734 822 1816 reponat
844 1786 861 1813 ,
886 1745 1043 1803 cuive
1068 1746 1213 1801 illum
1238 1745 1447 1815 credat,
1479 1746 1786 1818 ambiguus.
1820 1744 1870 1805 B
1894 1770 2026 1827 gere
2051 1770 2150 1827 pro
2179 1755 2289 1812 Deo
2309 1756 2530 1824 maluit,
2558 1764 2612 1811 et
2638 1757 2797 1811 tueri.

191 1838 419 1894 Deinde
446 1837 576 1908 quid
603 1853 671 1894 ex
696 1852 764 1893 eo
792 1852 1042 1895 coemere
1062 1879 1077 1905 ,
1106 1838 1355 1909 qualique
1379 1853 1502 1895 eum
1523 1853 1792 1895 commer-

193 1931 297 1986 cio
326 1930 509 1987 valeat
533 1930 836 2003 duplicare,
868 1947 992 1988 cura
1013 1931 1257 2003 graviore
1279 1931 1603 1989 distenditur
1629 1932 1792 2005 (Vide

187 2027 368 2078 Joan.
401 2021 645 2090 Climac.,
687 2026 913 2098 gra.‘7).
953 2024 1193 2097 Cumque
1233 2026 1306 2081 illi
1338 2035 1392 2082 et
1434 2026 1538 2083 hoc
1566 2042 1635 2083 ex
1661 2035 1791 2082 voto

186 2115 468 2181 cesserit,
494 2114 708 2171 avidior
734 2116 903 2173 fames
923 2119 1185 2174 accrescit
1226 2119 1380 2187 auri,
1416 2128 1673 2189 tantoque
1698 2133 1788 2175 ve-

189 2207 507 2263 hementius
555 2206 870 2277 suscitatur,
920 2218 1122 2279 quanto
1168 2210 1332 2267 etiam
1388 2225 1603 2266 summa
1652 2210 1792 2266 lucri

188 2296 378 2363 major
404 2295 709 2365 apponitur.
729 2304 758 2334 ι
785 2295 921 2352 Cum
950 2298 1199 2367 pecunia:
1224 2299 1429 2355 etenim
1451 2283 1793 2355 incremento

190 2381 392 2437 rabies
418 2381 726 2452 cupiditatis
750 2394 1000 2454 augetur.
1030 2384 1171 2441 Tum
1194 2385 1392 2442 deinde
1416 2386 1525 2442 vita
1552 2387 1794 2458 longaeva

191 2469 566 2540 promittitur,
596 2478 847 2526 senectus
875 2471 1102 2528 incurva
1126 2513 1144 2539 ,
1187 2473 1532 2529 infirmitates
1561 2473 1795 2529 diversa

188 2566 372 2628 atque
401 2558 654 2628 prolixae,
689 2573 809 2629 qua:
836 2558 942 2614 nisi
971 2559 1143 2630 major
1181 2575 1396 2615 summa
1428 2560 1481 2617 in
1506 2561 1794 2631 iuventute

188 2650 367 2706 fuerit
401 2658 701 2719 praeparata
726 2694 743 2720 ,
791 2651 1108 2707 tolerari.in
1150 2663 1374 2709 senecta
1420 2668 1527 2709 non
1557 2655 1790 2725 possint.

190 2744 397 2815 Agitur
423 2744 607 2814 itaque
633 2743 821 2800 infelix
844 2745 1024 2800 anima
1049 2746 1379 2816 serpentinis
1404 2747 1634 2803 nexibus
1656 2747 1796 2802 obli-

193 2845 324 2909 gata
342 2880 358 2904 ,
384 2836 513 2892 dum
543 2836 823 2893 materiam
853 2839 997 2894 male
1030 2848 1338 2895 concretam
1366 2841 1623 2911 nequiore
1666 2854 1797 2896 cura

194 2930 544 2999 concupiscit
567 2943 782 2999 augere,
806 2937 1015 2999 pestem
1041 2930 1143 2986 sibi
1166 2944 1270 3000 qua
1291 2929 1462 2986 dirius
1489 2931 1798 2989 inﬂamme-

193 3032 315 3089 tur,
351 3023 467 3093 ipsa
494 3023 800 3099 parturiens
824 3063 840 3088 ,
873 3031 1089 3092 totaque
1118 3021 1252 3078 lucri
1294 3023 1621 3093 cogitatione
1649 3037 1783 3094 pos-

2478 1892 2707 1949 CAPUT
2745 1892 2882 1948 VIII.

2078 1984 2230 2071 Quod
2253 1986 2582 2058 philargyria
2603 2000 2775 2039 omnes
2798 1986 3012 2041 virtutes
3037 1987 3306 2059 impediat.

1968 2095 1996 2135 ἀ
2026 2095 2246 2154 Talibus
2274 2097 2439 2169 igitur
2465 2096 2840 2153 decessionum
2869 2095 3206 2167 profectibus
3241 2100 3297 2154 in
3326 2098 3479 2157 dete-

1896 2189 2009 2247 rius
2046 2204 2330 2256 crescens,
2359 2188 2563 2244 nullam
2595 2187 2852 2257 deinceps
2892 2187 3244 2254 humilitatis,
3276 2190 3481 2249 nullam

1895 2281 2197 2349 charitatis,
2228 2281 2431 2337 nullam
2455 2278 2812 2345 obedientia,
2846 2293 2953 2334 non
2984 2277 3160 2334 dicam
3187 2280 3477 2349 virtutem,

1896 2374 1995 2432 sed
2021 2390 2090 2431 ne
2120 2375 2364 2432 umbram
2395 2374 2613 2446 quidem
2645 2373 2859 2429 virtutis
2889 2375 3125 2430 retinere
3152 2382 3439 2431 contentus
3461 2420 3478 2446 ,

1896 2467 2207 2539 indignatur
2235 2469 2301 2525 ad
2332 2469 2512 2526 omnia
2534 2508 2551 2537 ,
2583 2477 2638 2525 et
2663 2467 2731 2523 ad
2760 2468 2966 2538 singula
2994 2482 3159 2537 opera
3182 2478 3483 2526 murmurat

1896 2571 2061 2633 atque
2098 2563 2356 2633 suspirat.
2396 2561 2666 2632 Nullaque
2690 2561 2802 2631 jam
2834 2561 3137 2618 reverentia
3167 2571 3477 2632 reservata,

1899 2658 2048 2714 velut
2064 2671 2233 2728 equus
2256 2654 2579 2711 durissimus
2624 2653 2692 2708 ad
2723 2654 3080 2724 praecipitium
3108 2653 3278 2710 fertur
3308 2655 3482 2712 infre-

1901 2750 2032 2804 nis:
2079 2763 2180 2804 nec
2209 2747 2358 2802 victu
2402 2744 2756 2815 quotidiano,
2808 2759 2909 2801 nec
2956 2745 3120 2801 solito
3168 2746 3486 2807 indumento

1899 2848 2187 2897 contentus
2212 2883 2227 2907 ,
2256 2852 2367 2893 non
2394 2851 2453 2892 se
2484 2836 2687 2891 diutius
2722 2836 2839 2891 hzec
2871 2837 3221 2893 toleraturum
3258 2854 3380 2897 esse
3405 2851 3487 2899 te-

1901 2938 2094 2986 statur.
2126 2930 2295 2985 Deum
2334 2940 2549 2998 quoque
2574 2941 2683 2982 non
2713 2927 2785 2982 ibi
2831 2927 3173 2985 solummodo
3202 2945 3325 2987 esse
3354 2948 3485 3003 pro-

1902 3021 2143 3087 clamat,
2173 3034 2273 3075 nec
2299 3018 2529 3074 salutem
2555 3031 2708 3073 suam
2738 3018 2795 3073 iu
2824 3016 2921 3073 illo
2958 3027 3167 3075 tantum
3206 3021 3327 3077 loco
3365 3038 3487 3081 esse

193 3129 381 3182 sessa,
413 3114 545 3170 nihil
572 3114 719 3170 aliud
746 3114 967 3184 respicit
992 3114 1173 3172 cordis
1199 3115 1427 3183 intuitu,
1456 3131 1615 3188 quam
1643 3116 1792 3173 unde
1820 3126 1870 3193 ο
1898 3113 2230 3171 conclusam.
2257 3110 2414 3169 Unde
2437 3111 2483 3167 si
2506 3125 2775 3182 quoquam
2815 3125 2876 3167 se
2902 3126 3010 3167 non
3035 3111 3267 3170 celerius
3293 3128 3475 3187 aspor-

195 3207 500 3279 pecuniam
541 3220 740 3276 parare
762 3205 978 3271 valeat,
1000 3220 1096 3276 per
1120 3221 1281 3276 quam
1311 3206 1483 3277 possit
1518 3207 1588 3264 de
1614 3221 1799 3263 mona-

196 3297 370 3356 sterii
392 3296 677 3369 disciplina
704 3298 1021 3369 quantocius
1044 3299 1285 3369 evolare,
1305 3300 1505 3355 nullam
1522 3300 1793 3357 exhibens

198 3392 412 3457 ﬁdem,
444 3388 535 3444 ubi
586 3390 824 3460 potuerit
863 3390 1064 3446 nummi
1113 3406 1238 3462 spes
1281 3392 1459 3463 aliqua
1496 3391 1793 3463 refulgere.

197 3481 224 3523 δ
253 3484 372 3539 Pro
404 3483 507 3537 hac
531 3496 639 3539 non
667 3481 968 3549 mendacii,
1002 3498 1108 3538 non
1137 3483 1393 3554 periurii,
1424 3497 1531 3539 non
1557 3483 1686 3538 furti
1715 3483 1798 3540 fa-

197 3578 370 3634 cinus
398 3574 690 3631 admittere
728 3574 1132 3645 perhorrescit,
1160 3591 1271 3633 non
1311 3576 1475 3632 tidem
1503 3576 1753 3647 frangere
1777 3618 1795 3646 ,

1899 3208 2127 3275 tsverit,
2164 3222 2225 3264 se
2249 3206 2545 3278 periturum
2587 3206 2836 3277 protinus
2878 3208 3115 3279 graviter
3146 3210 3480 3279 iugemiscit.

2498 3320 2727 3380 CAPUT
2766 3320 2859 3378 IX.

1905 3415 2057 3483 Quod
2084 3415 2364 3472 monachus
2390 3402 2584 3471 habens
2624 3417 2901 3498 pecunias,
2927 3417 2983 3471 in
3020 3416 3246 3473 coenobio
3280 3434 3485 3489 perma-

2467 3503 2587 3541 nere
2607 3503 2709 3541 non
2733 3496 2916 3557 ροεεὶι.

1973 3578 2159 3649 Itaque
2190 3588 2214 3617 ⁸
2245 3578 2614 3635 instabilitatis
2651 3592 2765 3635 sure
2794 3578 3046 3635 viaticum
3075 3578 3283 3637 habens
3322 3596 3481 3636 num-

1280 3668 1539 3724 ΑΙ.Αῆῡί
1577 3662 1808 3727 (ἶΑΖλΕῐ
1842 3669 2417 3729 COMMENTARIUS.

273 3774 306 3803 λ
336 3766 544 3885 “datm,
565 3779 726 3834 quam
748 3763 869 3820 aliis
883 3764 1065 3819 verbis
1091 3762 1287 3818 extulit
1313 3770 1474 3831 poeta
1503 3759 1800 3832 (Iuvenalis

202 3835 397 3892 Satur.
464 3833 498 3887 4
523 3836 540 3892 )
573 3852 587 3889 :

244 3836 676 3963 αωέιίεέἓὶιζιιιιοι·
697 3915 877 3963 nummi
902 3916 1139 3974 quantum
1162 3912 1262 3974 ipsi.
1286 3911 1490 3974 pecunia
1517 3912 1710 3961 crescit.

202 3991 305 4048 Cui
339 4002 602 4063 con_sonat
631 3992 760 4063 illud
782 3992 995 4047 Eccles.
1028 3990 1227 4045 Avarus
1258 4006 1361 4046 non
1382 3989 1680 4061 implebitur
1709 4010 1797 4063 pc-

202 4062 371 4116 cunia
399 4058 626 4130 (Eccles.
662 4062 739 4130 v).

270 4133 306 4171 ι’
343 4131 528 4186 Habes
556 4132 645 4206 hic
669 4132 954 4206 plerasque
998 4130 1239 4206 avaritiae
1265 4174 1278 4196 ,
1328 4146 1425 4206 seu
1452 4131 1794 4206 philargyriae

203 4204 379 4266 ﬁlias,
413 4210 469 4256 et
497 4203 733 4273 soboles,
757 4219 784 4255 a
821 4203 880 4257 Ι).
908 4202 1168 4271 Gregorio
1192 4203 1440 4273 superius
1458 4202 1786 4261 'recensitas.

283 4284 309 4312 ε
348 4272 587 4326 Avaritia
613 4313 630 4338 ,
660 4274 831 4342 inquit
856 4274 921 4328 D.
947 4274 1183 4328 Thomas
1210 4315 1224 4340 ,
1253 4284 1593 4339 comparatur
1613 4276 1791 4331 idolo-

207 4344 416 4408 latriae,
447 4357 537 4408 per
562 4344 850 4412 quamdam
881 4344 1314 4409 similitudinem,
1354 4347 1477 4413 quia
1505 4347 1647 4401 sicut
1676 4348 1795 4402 ido-

208 4416 436 4470 lolatria
466 4413 680 4483 subjicit
709 4430 769 4469 se
804 4424 1094 4479 creaturae;
1118 4417 1197 4470 sic
1226 4424 1280 4470 et
1304 4429 1538 4471 avarus:
1575 4433 1682 4472 non
1715 4429 1797 4472 ta-

206 4501 355 4556 men_
371 4483 564 4556 eodem
596 4484 802 4556 modo_(
826 4485 1025 4556 2-2,q.
1054 4486 1177 4549 “8,
1209 4502 1261 4539 a.
1293 4485 1326 4540 5
1347 4486 1418 4538 ad
1448 4486 1502 4552 4,
1531 4497 1579 4541 et
1605 4489 1660 4541 in
1690 4504 1738 4542 c.
1762 4503 1794 4542 v

209 4557 279 4609 ad
315 4554 454 4626 Eph.
486 4553 606 4627 lect.
639 4555 715 4627 ὅ).
747 4553 879 4610 Nam
911 4553 1211 4610 idololatria
1242 4556 1459 4626 subjicit
1484 4572 1545 4613 se
1581 4566 1797 4613 creatu-

210 4640 296 4680 rae
329 4665 347 4689 ,
378 4634 435 4677 ut
462 4625 714 4681 exhibeat
743 4628 790 4681 ei
823 4628 1024 4681 cultum
1064 4627 1302 4682 divinum
1335 4644 1348 4679 :
1379 4642 1575 4682 avarus
1614 4636 1795 4682 autem

210 4695 443 4763 subjicit
469 4710 527 4749 se
552 4707 819 4751 creaturae
839 4697 1191 4752 immoderate
1219 4712 1338 4751 eam
1360 4697 1795 4764 concupiscendo

210 4767 279 4820 ad
307 4764 724 4839 usum_(l’bilip.
748 4782 828 4831 ιιι,
854 4765 1165 4839 S._Hieron.
1191 4768 1338 4839 epist.
1368 4767 1610 4839 22).Est
1637 4769 1797 4838 igitur

210 4850 415 4892 avarus
444 4835 748 4908 idu‘lolatra,
777 4851 882 4892 non
903 4836 1008 4891 ﬁde
1028 4848 1081 4891 et
1100 4835 1244 4892 cultu
1266 4880 1281 4904 ,
1306 4840 1400 4894 sed
1427 4835 1793 4908 affectufquia

208 4908 389 4980 magis
416 4905 666 4980 addictus
692 4922 826 4980 auro
850 4949 875 4980 ,_
904 4922 1063 4980 quam
1094 4908 1223 4975 Deo,
1254 4910 1392 4964 sicut
1420 4910 1643 4980 gulosus
1664 4905 1796 4967 ven-

208 4975 329 5032 trif
343 4975 500 5033 Unde
527 4987 581 5031 et
606 4976 675 5033 de
705 4977 909 5048 gulosis
922 4975 1131 5032 dicitur
1157 4995 1172 5033 :
1201 4975 1595 5046 Quorum'Deus
1624 4990 1795 5037 venter

208 5060 310 5103 est.
342 5048 481 5101 Hinc
506 5047 648 5113 apud
678 5048 925 5103 ethnicos
956 5049 1108 5103 Pluto
1127 5057 1183 5103 et
1220 5050 1461 5105 Bacchus
1485 5052 1538 5107 in
1567 5067 1793 5109 numero

207 5120 448 5175 deorum
482 5117 649 5189 habiti
673 5126 818 5183 sunt,
850 5119 1101 5189 quoniam
1125 5120 1214 5173 ille
1243 5134 1550 5186 avarorum,
1579 5122 1667 5179 hic
1698 5138 1795 5178 vo-

208 5190 595 5261 luptuosorum
624 5188 765 5244 Deus
795 5188 898 5245 est.
925 5188 1183 5244 Eamdem
1206 5205 1382 5261 porro,
1404 5191 1647 5261 Apostoli
1672 5208 1796 5248 sen-

207 5259 459 5330 tentiain
478 5259 714 5313 illustrat
736 5300 752 5325 ,
801 5268 855 5317 et
881 5262 1137 5330 explanat
1165 5260 1328 5315 etiam
1368 5259 1710 5317 Innocentius
1740 5263 1795 5317 in

208 5330 408 5388 libello
432 5329 501 5384 de
531 5330 750 5385 miseria
796 5329 1119 5386 conditionis
1152 5332 1397 5385 humanae
1427 5332 1480 5385 in
1508 5330 1651 5385 hunc
1677 5347 1795 5387 mo-

208 5402 348 5457 dum
383 5420 397 5454 :
426 5400 660 5454 Avaritia
685 5441 702 5467 ,
737 5401 1016 5454 secundum
1062 5401 1395 5469 Apostolum,
1436 5411 1510 5454 est
1539 5401 1798 5456 idolorum

208 5472 442 5527 servitus
472 5510 487 5534 ,
515 5472 640 5540 quia
687 5473 819 5525 sicut
847 5470 1125 5540 idololatra
1162 5472 1314 5525 servit
1354 5471 1634 5525 simulacro
1664 5512 1681 5539 ,
1727 5474 1802 5527 sic

208 5560 401 5597 coms
416 5539 571 5597 servit
588 5542 848 5603 thesauro.
866 5539 1004 5595 Nam
1024 5543 1112 5597 ille
1135 5541 1331 5595 cultum
1356 5540 1667 5595 idololatriae
1682 5544 1803 5596 dili-

247 5623 398 5667 ertter
408 5612 630 5684 ampliat
642 5628 660 5665 :
671 5613 769 5684 iste
779 5628 1014 5666 acervum
1026 5630 1116 5684 pec
1123 5615 1259 5667 unite
1270 5614 1541 5684 diligenter
1552 5614 1799 5666 cumulat.

247 5633 398 5667 enter
408 5633 626 5683 αηιριιαι
642 5633 769 5666 ἔιιιι
779 5633 1014 5666 acervum
1026 5633 1541 5684 pecuntwausgemer
1552 5633 1799 5666 cumulat.

209 5633 327 5741 ἳιιε
350 5700 467 5739 cum
493 5683 635 5737 omni
677 5682 948 5753 diligentia
984 5684 1106 5737 colit
1127 5682 1457 5753 simulacrum
1480 5699 1500 5749 ;
1546 5685 1645 5738 iste
1687 5697 1802 5753 cum

216 5755 361 5813 omni
389 5770 517 5810 cura
546 5753 767 5807 custodit
782 5751 1112 5807 thesaurum.
1155 5751 1258 5809 Ille
1278 5770 1418 5824 spem
1449 5756 1589 5826 ponit
1610 5754 1664 5807 in
1690 5751 1801 5807 ido-

506 5852 780 5914 Panos.
825 5846 1026 5918 XLIX
1042 5891 1057 5905 .

1912 3763 2155 3829 lolatria;
2180 3765 2277 3817 iste
2302 3778 2443 3831 spem
2468 3776 2614 3814 suam
2652 3762 2911 3815 constituit
2949 3762 3003 3815 in
3030 3764 3267 3831 pecunia.
3300 3765 3402 3821 Ille
3422 3771 3484 3824 ti.

1910 3846 2010 3890 met
2033 3833 2275 3888 mutilare
2303 3831 2666 3896 simulacrum;
2688 3838 2735 3885 et
2753 3833 2845 3885 iste
2873 3832 3011 3885 timet
3033 3832 3262 3889 minuere
3283 3838 3483 3895 thesau~

1909 3921 2044 3959 rum.
2094 3903 2218 3959 Haec
2247 3902 2815 3976 Innocen_tius.AAliam
2842 3904 3111 3976 rationem,
3137 3906 3324 3976 accipe
3353 3924 3381 3962 a
3416 3912 3482 3967 1).

1907 3976 2194 4048 Ambrosio
2228 3993 2239 4028 :
2276 3973 2426 4048 Sicut
2465 3971 2763 4048 idololatria
2808 3976 2899 4028 uni
2928 3974 3033 4048 Deo
3062 3971 3486 4048 nititur'auferre

1906 4046 2152 4116 gloriam,
2183 4063 2247 4099 ne
2269 4044 2405 4111 quod
2433 4045 2478 4098 ei
2502 4046 2769 4116 proprium
2795 4055 2888 4111 est,
2918 4046 3059 4100 solus
3086 4046 3272 4103 habeat
3301 4044 3485 4109 nomen
3589 4088 3597 4095 -

1906 4115 2191 4193 divinitatis
2213 4118 2319 4171 :sic
2342 4115 2560 4170 avaritia
2584 4119 2637 4171 in
2657 4115 2754 4193 _Dei
2794 4133 2849 4171 se
2886 4134 2967 4171 res
3006 4118 3082 4170 ita
3118 4122 3362 4193 eatendit,
3400 4135 3479 4193 ut,

1894 4188 1941 4241 si
1961 4189 2074 4257 ﬁeri
2092 4196 2295 4263 posset,
2328 4204 2461 4263 unus
2495 4197 2544 4241 et
2590 4189 2731 4242 solus
2771 4198 3059 4263 creaturam
3101 4188 3199 4243 sibi
3230 4188 3479 4263 usurpet,

1890 4273 2052 4329 quam
2082 4257 2218 4313 Deus
2241 4261 2472 4329 omnibus
2488 4273 2815 4329 communem
2845 4260 2970 4329 fecit
2997 4258 3087 4329 (In
3111 4257 3378 4319 comment.
3412 4257 3485 4322 ad

1889 4327 2100 4384 ‘Coloss.
2144 4330 2248 4398 ιιι).
2278 4328 2346 4382 Ει
2373 4328 2501 4383 alibi
2534 4330 2726 4383 iterum
2760 4347 2774 4382 :
2806 4327 3035 4383 Avaritia
3064 4330 3260 4387 idcirco
3308 4336 3483 4391 idolo-

1888 4399 2067 4452 διατι-ξω
2092 4406 2390 4467 comparata
2416 4409 2509 4464 est,
2541 4400 2661 4468 quia
2689 4416 2769 4467 ea,
2800 4415 2915 4467 qua
2931 4400 3028 4454 Dei
3053 4409 3196 4465 sunt,
3219 4404 3315 4458 sibi
3335 4422 3486 4462 usur-

1900 4479 1990 4535 pat
2016 4476 2064 4521 et
2090 4468 2355 4532 recondit;
2384 4477 2438 4522 ut
2463 4484 2578 4538 qua:
2608 4470 2783 4524 usibus
2810 4472 3037 4523 omnium
3058 4476 3304 4528 concessit
3340 4476 3484 4536 Deus

1900 4540 2263 4611 communiter,
2309 4541 2525 4594 avaritia
2564 4540 2801 4611 denegat,
2833 4540 3039 4607 quando
3080 4542 3273 4599 idcirco
3298 4550 3486 4606 retinet

1822 4612 1875 4673 D
1899 4624 1999 4690 sua
2023 4610 2165 4690 apud
2188 4625 2274 4690 se,_
2290 4626 2354 4690 ne
2378 4611 2472 4690 alii
2498 4609 2730 4690 utantur.
2770 4609 2953 4690 Aliam
2975 4613 3105 4667 item
3140 4628 3169 4667 a
3300 4620 3485 4690 Augu-

1896 4679 2043 4761 stino
2074 4698 2087 4734 :
2100 4680 2274 4761 .Avari
2302 4682 2407 4750 frui
2428 4682 2601 4735 volunt
2624 4698 2853 4761 nummo,
2879 4683 2953 4737 uti
2974 4694 3145 4761 autem
3173 4683 3285 4761 Deo
3312 4704 3331 4741 :
3354 4679 3485 4760 quo-

1899 4751 2038 4826 niam
2082 4751 2184 4806 rion
2232 4768 2495 4807 nummum
2546 4762 2756 4826 propter
2795 4751 3305 4826 De_um_impcndunt
3332 4751 3484 4823 {sed

1898 4819 2068 4903 Reum
2094 4833 2304 4903 propter
2323 4819 2783 4903 nummumncolunt
2807 4829 2839 4903 ft
2847 4823 2923 4878 De
2950 4819 3102 4880 Civil.
3132 4825 3170 4879 ι.
3200 4842 3256 4882 xl
3280 4819 3476 4903 (3)25).

1898 4890 2034 4949 Vide
2058 4887 2207 4961 plura
2232 4894 2299 4947 ad
2328 4894 2520 4948 Collat.
2554 4890 2622 4945 12
2654 4908 2774 4961 cap.
2806 4893 2862 4947 2.
3360 4887 3373 4906 ’

1967 4970 1995 5009 ἀ
2026 4973 2311 5042 Dionysius
2338 4971 2622 5042 dilucidius
2653 4989 2665 5024 :
2700 4972 2914 5027 Talibus
2958 4974 3281 5029 eversionum
3319 4986 3367 5030 et
3404 4980 3480 5032 vi—

1899 5043 2089 5097 tiorum
2109 5038 2456 5110 incrementis.
2486 5038 2589 5110 Ubi
2612 5053 2912 5110 opportune
2935 5046 3204 5098 succurrit
3230 5045 3322 5099 illa
3353 5060 3481 5103 sen-

1896 5111 2152 5185 tentia_D.
2177 5108 2463 5185 Augustini
2488 5108 2610 5185 huic
2632 5108 2759 5185 loco
2775 5126 3032 5185 perquam
3051 5115 3480 5185 accommodata,

1899 5195 2003 5252 qua
2034 5181 2108 5252 ait
2137 5197 2149 5231 :
2182 5177 2493 5248 Simpliciter
2517 5180 2682 5252 fateor
2709 5177 2951 5235 charitati
2969 5194 3147 5237 vestra:
3172 5199 3346 5237 coram
3365 5177 3480 5242 Do;

1901 5249 2040 5305 mino
2070 5249 2176 5304 Deo
2205 5255 2411 5314 nostro‘,
2441 5251 2528 5320 qui
2558 5251 2700 5303 testis
2720 5259 2794 5305 est
2830 5268 2983 5319 super
3009 5255 3232 5307 animum
3260 5269 3429 5312 meam
3460 5276 3480 5315 :

1901 5320 1989 5376 Ea:
2016 5338 2115 5392 quo
2145 5320 2253 5375 Deo
2284 5319 2469 5375 servire
2495 5319 2620 5392 capi
2645 5362 2661 5393 ,
2703 5337 2804 5391 quo
2833 5321 2987 5375 modo
3012 5323 3226 5393 difﬁcile
3249 5339 3365 5379 sum
3389 5346 3482 5386 ex-

1902 5401 2075 5470 pertus
2120 5393 2354 5447 meliores
2380 5408 2531 5461 quam
2570 5392 2655 5470 qui
2683 5392 2737 5447 in
2763 5392 3085 5470 monasteriis
3114 5394 3480 5470 profecerunt,

1907 5462 1983 5518 ita
2003 5480 2107 5518 non
2127 5480 2241 5518 sum
2264 5473 2499 5531 expertus
2523 5465 2721 5534 pejores
2757 5478 2919 5534 quam,
2938 5462 3024 5532 qui
3064 5462 3123 5515 in
3155 5462 3482 5534 monasteriii

1912 5536 2202 5605 ceciderunt
2250 5550 2269 5587 :
2308 5535 2384 5587 ita
2411 5544 2465 5587 ut
2503 5532 2621 5605 hinc
2663 5532 2878 5605 arbitrer
2905 5533 2959 5605 in
2988 5532 3301 5605 Apocalypsi
3355 5545 3482 5597 scri-

1910 5613 2055 5671 ptum
2086 5622 2104 5658 :
2134 5604 2318 5675 Justus
2338 5606 2533 5675 justior
2559 5604 2687 5675 ﬁat;
2716 5614 2762 5659 ct
2789 5604 2873 5674 qui
2896 5602 2952 5656 in
2979 5602 3216 5675 sordibus
3240 5647 3256 5670 ,
3306 5615 3483 5668 sorde.

1909 5686 2019 5730 παι
2038 5675 2207 5759 galbeo
2228 5673 2410 5744 (Αρὸε.
2429 5675 2585 5759 xx").
2614 5674 2738 5731 Haec
2758 5673 3089 5759 Augustinus
3109 5673 3304 5759 (ιῑρίει.
3326 5682 3477 5759 ιδι),

1985 5764 2008 5791 ο
2040 5752 2303 5809 Viaticum
2355 5753 2589 5812 sumitur
2617 5772 2718 5829 pro
2768 5755 2892 5813 cibo
2914 5798 2930 5823 ,
2959 5756 3253 5837 pecuniave
3279 5801 3295 5831 ,
3322 5752 3480 5838 quain

2905 5852 2984 5919 10

3118 6029 3147 6048 κ
