4016 6202
530 250 639 313 599

527 458 753 531 iamque
791 457 859 519 ad
908 454 1394 527 transmigrandum
1444 463 1663 525 paratus
1702 456 2002 525 insolenter
2042 458 2111 515 ad

436 551 446 562 ‘
524 551 711 619 pmnia
736 556 1011 620 praecepta
1038 546 1366 617 respondet;
1388 555 1442 601 et
1468 555 1741 617 tamquam
1765 549 2111 618 peregrinum

528 654 965 713 Aewaneumque
1012 655 1074 697 se
1100 654 1322 712 :gerens
1348 678 1369 707 ,
1426 654 1776 710 quaecumque
1818 640 2112 711 indigentia

526 738 877 799 correctione
916 736 1292 807 perspexerit,
1324 735 1546 805 negligit
1585 743 1751 806 atque
1786 737 2106 795 contemnit.

531 830 776 902 Cumque
794 830 981 887 furtim
1006 828 1283 899 possideat
1307 828 1641 885 reconditam
1671 830 1980 899 pecuniam,
2009 843 2111 885 nec

531 924 899 985 calceamenta
938 921 1158 990 quidem
1200 936 1267 977 ac
1292 923 1607 977 vestimenta
1648 936 1708 977 se
1733 920 1933 978 habere
1974 936 2109 978 con-

522 1016 793 1085 queritur,
825 1012 1054 1083 darique
1076 1012 1184 1071 sibi
1210 1011 1417 1070 tardius
1439 1011 1768 1081 indignatur.
1799 1012 1945 1069 Δοθί
1973 1012 2111 1069 forte

531 1106 937 1185 dispensatione
964 1092 1203 1165 senioris
1230 1106 1282 1162 ei
1311 1105 1479 1176 prius,
1512 1107 1603 1177 qui
1624 1106 1757 1166 nihil
1780 1108 1994 1176 penitus
2016 1107 2113 1162 ha-

524 1198 659 1257 bere
682 1199 1051 1269 cognoscitur,
1083 1196 1283 1267 aliquid
1311 1196 1503 1257 horum
1540 1199 1708 1257 fuerit
1735 1199 2106 1268 impertitum,

526 1291 823 1361 majoribus
852 1290 947 1347 ire
966 1286 1200 1345 stimulis
1217 1289 1533 1357 inardescit,
1551 1304 1715 1363 seque
1735 1290 1941 1361 despici
1962 1291 2112 1349 velut

520 1396 853 1449 extraneum
875 1393 1052 1454 putat,
1082 1399 1183 1439 nec
1207 1384 1274 1440 ad
1296 1384 1463 1439 ullum
1491 1398 1627 1453 opus
1650 1400 1839 1440 manus
1863 1398 2109 1459 suas/ae-

527 1475 876 1545 commpdare
904 1482 1224 1539 contentus,
1252 1474 1600 1545 reprehendit
1628 1474 1806 1546 omnia
1825 1520 1838 1543 ,
1862 1490 1984 1545 qua:
2015 1492 2110 1533 ne—

518 1567 765 1632 ressario
792 1566 910 1623 ﬁeri
931 1566 1243 1623 monasterii
1268 1566 1543 1636 compellit
1571 1567 1773 1622 utilitas
1794 1567 1954 1639 (Vide
1979 1566 2109 1622 Tur-

523 1677 659 1718 recr.
690 1668 840 1719 tract.
868 1658 938 1716 95
956 1661 1013 1716 in
1033 1659 1162 1731 Reg.
1194 1659 1263 1715 D.
1292 1658 1538 1729 Bened.).
1566 1660 1772 1717 Deinde
1795 1660 2107 1717 occasiones

1852 248 2131 311 JOANNIS
2167 250 2479 313 cassum
3152 256 3332 335 [as/ﬁ

530 282 639 313 Ζδυ
1852 282 2131 311 συιιιῑμιο
2167 282 2479 313 υιιῦῦιὶὶλῖι
3328 333 3333 339 ι
3586 284 3589 287 ⁷
3622 284 3623 287 ‘

530 381 677 431 mos,
706 362 760 419 in
784 376 1014 433 quorum
1044 359 1299 431 praesidio
1325 360 1532 417 alarum
1558 361 1664 419 sibi
1691 361 1862 419 instar
1887 366 2112 433 aptavit,
2138 370 2191 430 Δ
2217 368 2383 435 mnia,
2418 384 2523 424 non
2544 368 2878 442 ieiuniorum
2906 282 3606 455 modunﬂiﬁéﬁiﬁmm
3629 350 3804 452 regu-

3480 220 3658 279 WA...
3687 264 3759 279 -.Α

2212 460 2319 555 iam
2344 464 2618 520 custodire
2647 466 2936 535 permittit,
2970 460 3801 555 nongqup‘estasitm‘interces-

2207 554 2424 611 sionum
2473 558 2696 627 explere
2724 560 2905 616 ofﬁcia
2945 548 3799 648 sinitg-ddtbmwsiyaritia

2202 651 2417 707 rabiem
2446 656 2673 724 satiare,
2702 658 2789 713 vel
2818 642 3156 738 quotidiab’is
3179 633 3377 730 ausibus
3406 633 3575 727 βῖέἕιι

2206 743 2686 818 ιετθςουρὶὰἱιαιίι
2716 747 2895 817 ignem
2924 747 3053 804 dum
3080 732 3410 825 dequirendo
3438 732 3799 825 exstingiréje

2211 829 2338 886 dum
2357 816 2580 905 credit,
2608 827 2934 893 accendens.
3540 816 3544 819 ⁷
3620 816 3749 896 vi"?

2822 927 3053 984 carur
3090 919 3264 1001 x15;-

2213 1006 2365 1075 Qttod
2384 1011 2647 1065 occasione
2673 1012 3024 1066 custodiendae
3046 989 3315 1091 pecuniaq
3665 1032 3798 1071 con-

2693 1082 2931 1143 tubernia
2954 1085 3373 1155 requirantur.
3486 1106 3510 1125 κ

2693 1082 2931 1143 iubentia
2954 1082 3405 1155 requiratttur."¥..‘
3468 1106 3510 1155 ά

2283 1193 2420 1249 Hinc
2436 1193 2553 1263 jam
2590 1196 2840 1251 nonnulli
2868 1212 2967 1265 per
3004 1198 3290 1268 abruptum
3320 1199 3671 1269 praecipitium
3700 1200 3797 1255 la-

2209 1286 2294 1357 psi
2320 1287 2661 1343 irrevocabili
2690 1288 2843 1343 ruina
2872 1290 3121 1345 feruntur
3160 1290 3229 1345 ad
3276 1298 3507 1346 mortem
3532 1336 3546 1359 ,
3594 1301 3650 1347 et
3677 1309 3795 1348 non

2211 1380 2449 1435 contenti
2488 1380 2595 1435 soli
2622 1380 2904 1449 possidere
2927 1421 2944 1446 ,
2974 1396 3109 1450 quas
3130 1381 3217 1436 vel
3248 1397 3537 1450 numquam
3580 1382 3797 1439 habue-

2210 1480 2355 1540 rant,
2392 1471 2476 1541 vel
2505 1471 2660 1526 initio
2688 1473 2829 1527 malo
2856 1482 3267 1529 reservaverant
3296 1475 3572 1543 pecunias,
3607 1478 3795 1545 inqui-

2209 1574 2336 1621 runt
2364 1564 2722 1620 contubernia
2752 1564 3071 1621 feminarum
3092 1606 3107 1633 ,
3139 1582 3261 1638 qua:
3295 1567 3527 1623 debeant
3549 1585 3637 1634 ea,
3666 1588 3790 1639 qua:

2210 1657 2352 1713 male
2374 1666 2627 1727 congesta
2648 1657 2730 1712 vel
2753 1667 2962 1713 retenta
2992 1666 3141 1722 sunt,
3164 1660 3457 1715 custodire.
3492 1660 3790 1731 Tantisque

526 1752 720 1822 quibus
761 1749 959 1806 oli‘endi
983 1752 1067 1807 vel
1091 1752 1252 1807 irasci
1281 1750 1505 1819 debeat,
1538 1752 1780 1809 studiose
1818 1755 2099 1824 perquirit,
2131 1756 2180 1816 B
2207 1763 2267 1807 se
2295 1748 2742 1818 occupationibus
2768 1751 2943 1806 noxiis
2970 1762 3036 1806 ac
3062 1751 3382 1819 perniciosis
3400 1752 3702 1820 involvunt,
3731 1763 3791 1808 ut

524 1858 595 1899 ne
612 1841 805 1897 leviter
817 1851 997 1897 motus
1023 1842 1090 1897 de
1109 1842 1342 1897 ctenobii
1367 1842 1653 1912 disciplina
1665 1843 1907 1899 videatur
1932 1846 2102 1901 exire.

523 1932 634 1992 Nec
665 1934 813 1989 solus
853 1942 1029 1989 tamen
1073 1934 1459 2004 transmigrare
1496 1944 1780 1990 contentus
1804 1974 1820 2003 ,
1853 1951 1922 1991 ne
1972 1946 2107 1991 tam-

523 2043 685 2098 quam
715 2041 815 2083 suo
838 2028 972 2083 vitio
1010 2025 1318 2083 deseruisse
1357 2027 1630 2093 credatur,
1664 2037 1893 2098 quantos
1920 2036 2107 2097 potue-

521 2119 595 2174 rit
635 2118 1098 2175 susurrationibus
1131 2118 1482 2175 clandestinis
1510 2117 1807 2188 depravare
1829 2112 1935 2172 non
1964 2120 2107 2174 desi-

520 2210 620 2265 nit.
639 2210 802 2278 Quod
846 2212 892 2266 si
920 2212 1079 2266 etiam
1114 2212 1375 2280 temporis
1403 2210 1671 2279 asperitas
1697 2251 1712 2275 ,
1756 2209 1987 2276 itineris,
2011 2224 2107 2265 seu

512 2305 876 2375 navigationis
900 2305 1019 2373 ejus
1040 2303 1404 2358 intercluserit
1426 2310 1808 2368 commeatum,
1828 2315 1926 2370 per
1946 2315 2107 2356 omne

518 2397 649 2451 illud
684 2408 896 2465 tempus
922 2409 1211 2464 suspenso,
1237 2394 1509 2465 anxioque
1529 2394 1774 2451 residens
1803 2394 1987 2459 corde,
2012 2395 2109 2449 tri-

519 2488 696 2544 stitias
744 2501 926 2543 serere
958 2488 1046 2542 vel
1074 2486 1313 2542 excitare
1341 2502 1447 2542 non
1477 2496 1686 2554 cessat;
1717 2488 1988 2543 discessus
2014 2503 2105 2544 so-

510 2581 708 2637 latium
736 2589 790 2636 et
814 2580 1217 2636 excusationem
1242 2580 1476 2635 levitatis
1510 2592 1619 2634 non
1650 2594 1710 2635 se
1742 2580 1924 2646 aliter,
1945 2595 2106 2651 quam

519 2682 643 2731 nota
672 2674 760 2731 vel
790 2674 999 2729 macula
1030 2672 1348 2728 monasterii
1378 2683 1747 2743 reperturum.

1142 2782 1369 2844 CAPUT
1409 2785 1478 2843 Χ.

522 2876 685 2948 Quem
704 2880 1043 2953 philargyriaar
1067 2877 1291 2953 laborem
1320 2882 1498 2953 subeat
1524 2879 1755 2936 desertor
1779 2879 2104 2953 monasterii,

534 2960 547 2967 Γ
645 2952 735 3023 qui
763 2961 882 3005 ante
902 2967 997 3022 pro
1026 2952 1294 3006 levissimis
1321 2952 1558 3022 aperibus
1587 2952 1962 3005 murmura‘bat.

590 3036 780 3115 Agitur
802 3044 981 3113 itaque
1003 3044 1207 3100 facibus
1229 3045 1583 3114 pecuniarum
1608 3054 1826 3100 suarum
1852 3044 2022 3115 magis
2043 3056 2107 3101 ac

2209 1857 2384 1912 usque
2407 1842 2473 1895 ad
2491 1841 2814 1910 profundum
2834 1842 2991 1897 inferi
3011 1842 3423 1913 devoluti,dum
3445 1845 3793 1913 acquiescere

2208 1932 2287 1988 illi
2313 1932 2640 2001 Apostolicai
2685 1935 2972 1991 sententia
3009 1942 3281 2001 renuunt,
3320 1945 3377 1989 ut
3416 1935 3675 1990 habentes
3710 1938 3793 1992 vi-

2208 2034 2356 2081 ctum
2384 2025 2849 2085 etvestimentum
2879 2024 2963 2081 his
2988 2028 3227 2083 contenti
3268 2025 3379 2083 sint
3405 2028 3464 2098 (Ι
3492 2027 3627 2082 Tim.
3657 2028 3751 2100 vt)
3776 2072 3791 2092 ,

2209 2131 2327 2187 quae
2355 2116 2675 2171 monasterii
2703 2117 2979 2186 frugalitas
3009 2118 3327 2185 exhibebat,
3356 2117 3383 2158 ἀ
3416 2122 3517 2176 sed
3545 2121 3792 2177 volentes

2209 2208 2403 2270 divites
2431 2207 2572 2277 fieri,
2603 2207 2842 2264 incidant
2862 2209 2915 2263 in
2946 2210 3298 2269 tentationem
3329 2220 3384 2267 et
3404 2212 3655 2282 laqueum
3685 2213 3794 2267 dia-

2210 2302 2349 2367 boli,
2384 2313 2436 2356 et
2462 2300 2732 2357 desideria
2776 2302 2969 2368 multa,
3001 2312 3059 2358 et
3085 2304 3316 2371 inutilia,
3342 2311 3401 2359 et
3426 2306 3635 2369 nociva,
3672 2321 3793 2375 qua:

2208 2402 2463 2464 mergunt
2506 2394 2777 2449 hominem
2847 2394 2900 2448 in
2974 2394 3254 2450 interitum
3317 2405 3372 2451 et
3431 2397 3790 2465 perditionem

2210 2484 2440 2555 (Ibid.).
2466 2484 2634 2539 Radix
2660 2486 2807 2541 enim
2835 2486 3085 2541 omnium
3126 2489 3390 2543 malorum
3423 2497 3509 2545 est
3537 2493 3793 2559 pecunia-

2210 2597 2330 2636 rum
2354 2568 2621 2650 cupiditas
2646 2626 2661 2651 ,
2696 2581 2749 2636 id
2781 2589 2865 2636 est
2888 2626 2902 2643 .
2940 2581 3268 2654 philargyria
3316 2601 3331 2637 :
3378 2599 3537 2650 quam
3573 2586 3792 2655 quidam

2211 2683 2528 2746 appetentes
2555 2684 2879 2731 erraverunt
2904 2691 2936 2730 a
2962 2674 3067 2731 iide
3094 2718 3108 2742 ,
3137 2684 3192 2731 et
3233 2677 3579 2733 inseruerunt
3609 2694 3668 2735 se
3697 2679 3793 2735 do-

2200 2769 2417 2826 loribus
2449 2770 2653 2824 multis.

2790 2860 3018 2917 CAPUT
3056 2861 3175 2916 XII.

2208 2951 2518 3025 Exemiilum
2546 2952 2817 3021 cuiusdam
2848 2954 3005 3025 tepidi
3037 2953 3302 3020 monachi,
3334 2952 3677 3026 philarggriar
3709 2958 3794 3011 ια-

2803 3027 2949 3094 queis
2977 3026 3207 3096 obligati.

483 3136 990 3207 'magisaccensus,
1017 3148 1135 3206 qua:
1156 3150 1444 3206 possessas,
1466 3148 1755 3206 numquam
1778 3136 2102 3191 monachum
2122 3141 2175 3204 ﬁ
2277 3138 2391 3194 Non
2432 3140 2623 3208 ignoro
2667 3137 2976 3207 quemdam,
3014 3136 3103 3205 qui
3151 3137 3501 3207 semetipsum
3550 3148 3797 3195 autumat

512 3231 603 3287 vel
642 3232 694 3285 in
736 3228 1069 3285 monasterio
1112 3229 1356 3284 residere
1378 3268 1394 3295 ,
1440 3230 1529 3285 vel
1558 3231 1740 3285 vivere
1768 3231 1871 3285 sub
1896 3231 2097 3300 regulas

428 3396 431 3403 ‘
515 3324 853 3380 institutione
882 3320 1220 3392 permittunt.
1246 3330 1273 3359 ι
1302 3319 1545 3391 Cumque
1572 3322 1769 3377 exinde
1799 3337 1921 3377 eum
1950 3323 2100 3377 velut

510 3414 698 3491 feralis
738 3415 987 3485 quadam
1020 3412 1195 3470 bestia
1237 3413 1307 3470 de
1351 3422 1497 3470 cmtu
1542 3414 1726 3484 gregis
1767 3429 2058 3484 segregans
2080 3456 2097 3483 ,

516 3507 547 3549 ι)
572 3525 736 3581 pecus
768 3518 1129 3581 opportunum
1174 3508 1367 3577 praedae
1392 3547 1409 3576 ,
1439 3506 1794 3563 destitutione
1832 3508 2099 3563 sodalium

510 3605 728 3671 iecerit,
749 3614 806 3662 et
824 3603 1163 3661 devorationi
1187 3601 1400 3657 facilem
1420 3600 1766 3660 contubernii
1794 3601 2099 3672 privatione

514 3700 856 3767 reddiderit,
888 3714 1012 3755 eum
1034 3738 1049 3763 ,
1083 3697 1174 3768 qui
1220 3694 1372 3765 prius
1401 3709 1569 3764 opera
1610 3695 1926 3749 monasterii
1962 3693 2101 3748 levia

506 3788 776 3849 exercere
804 3790 1147 3861 despexerat,
1178 3788 1268 3843 die
1292 3802 1357 3843 ac
1386 3795 1548 3843 nocte
1568 3801 1666 3855 spe
1698 3798 1936 3857 quaestus
1964 3784 2100 3841 infa-

514 3874 807 3955 tigabiliter
842 3881 1087 3940 laborare
1110 3879 1387 3952 compellit
1420 3898 1434 3934 :
1467 3890 1576 3939 non
1610 3880 1915 3937 orationum
1954 3877 2099 3937 sole-

2196 3234 2543 3299 monachum,
2569 3230 2796 3301 sibique,
2823 3229 2965 3301 quod
2994 3238 3077 3284 est
3098 3229 3356 3299 deterius,
3375 3230 3442 3285 de
3461 3229 3796 3301 perfectione

2200 3322 2493 3388 blanditur,
2523 3322 2612 3391 qui
2640 3330 2884 3391 receptus
2928 3321 2981 3375 in
3010 3320 3279 3387 cmuobio,
3306 3336 3427 3376 cum
3461 3337 3493 3376 a
3532 3336 3631 3377 suo
3660 3338 3783 3378 mo-

2194 3421 2419 3469 neretur
2466 3414 2699 3477 abbate,
2738 3429 2804 3467 ne
2851 3413 3226 3468 revolveretur
3255 3413 3321 3467 ad
3366 3412 3477 3479 illa,
3519 3429 3641 3484 quae
3694 3431 3791 3471 re-

2204 3508 2456 3562 nuntians
2499 3506 2790 3567 abdicarat,
2824 3521 2991 3577 seque
3018 3506 3088 3563 de
3125 3508 3390 3561 malorum
3422 3506 3661 3563 omnium
3707 3524 3797 3563 ra-

2209 3597 2329 3654 dice
2365 3598 2719 3670 philargyria,
2760 3599 3094 3666 terrenisque
3132 3599 3341 3670 laqueis
3373 3599 3692 3669 expediret;
3729 3618 3794 3657 ac

2209 3693 2256 3747 si
2298 3682 2487 3748 mallet
2538 3690 2781 3760 pristinis
2826 3690 3165 3760 passionibus
3233 3692 3540 3756 emundari,
3596 3692 3794 3762 quibus

2206 3801 2328 3841 eum
2359 3785 2677 3856 gravissime
2702 3784 2930 3853 singulis
2969 3784 3259 3838 momentis
3315 3784 3532 3839 videbat
3578 3788 3791 3855 urgeri,

2210 3886 2233 3915 ο
2257 3883 2497 3933 cessaret
2514 3873 2766 3930 ali‘ectare
2787 3889 2868 3942 ea,
2887 3890 3006 3945 qua:
3028 3890 3095 3930 ne
3113 3884 3270 3930 antea
3292 3875 3509 3945 quidem
3532 3876 3793 3946 possede-

1600 4013 1852 4067 ALARDI
1891 4011 2124 4069 ΟΑΖᾸΞΙ
2160 4009 2723 4069 COMMENTARIUS.

513 4115 621 4183 ἱιβι·
644 4120 865 4184 agentes
887 4107 1337 4184 circumierimus,
1359 4122 1457 4184 seu
1482 4121 1585 4184 pro
1610 4116 1869 4184 apparatu
1895 4105 1964 4184 ad
1984 4105 2090 4184 iter

508 4174 905 4255 capessendum
927 4200 941 4236 :
969 4181 1094 4234 hinc
1114 4178 1311 4255 Cicero
1332 4175 1399 4233 ad
1429 4176 1663 4255 Atticum
1688 4192 1701 4230 :
1733 4174 1897 4255 Velim
1918 4176 2090 4255 videar

506 4250 563 4317 et
584 4246 709 4326 quid
735 4252 932 4326 viatici,
942 4258 1007 4326 _et
1035 4247 1159 4326 quid
1193 4248 1517 4301 instrumenti
1551 4246 1677 4301 satis
1703 4247 1789 4301 sit.
1826 4246 2088 4326 Viaticum

512 4318 695 4393 itaque
723 4318 1088 4378 instabilitatis
1112 4327 1291 4393 vocat_
1310 4326 1501 4393 auctor
1533 4331 1782 4372 nummos
1813 4319 2086 4393 repositos

514 4388 583 4451 ad
606 4388 934 4463 evagandum
960 4432 977 4456 ,
1006 4399 1098 4463 aut
1136 4388 1495 4463 recedendum
1523 4404 1553 4442 e
1583 4389 1931 4463 monasterio,
1952 4403 2090 4463 cum

510 4460 755 4529 libuerit.
774 4462 942 4525 Porro
958 4476 1026 4517 ex
1054 4460 1155 4515 hoc
1180 4462 1355 4527 capite
1377 4469 1431 4512 et
1456 4460 1810 4529 sequentibus
1834 4460 2089 4514 discimus

2200 4106 2378 4171 circuit
2402 4120 2635 4174 quaerens
2657 4120 2805 4175 quem
2831 4102 3035 4175 devoret
3054 4104 3097 4175 (l
3120 4103 3236 4161 Pet.
3260 4102 3559 4175 νηποιήιιε
3586 4104 3661 4158 rei
3686 4103 3794 4160 dno

2199 4175 2443 4249 exempla
2471 4174 2637 4249 habes
2666 4174 2804 4249 apud
2840 4173 2901 4227 ι).
2950 4173 3275 4249 Gregorium
3308 4177 3326 4247 (
3356 4174 3473 4249 Lib.
3508 4192 3545 4229 ll
3577 4176 3793 4249 Dialog.

2199 4262 2315 4316 cap.
2340 4245 2433 4315 25)
2470 4262 2481 4295 :
2518 4248 2745 4298 alterum
2775 4246 2840 4298 de
2873 4248 3141 4301 monacho
3188 4246 3279 4316 qui
3309 4245 3323 4313 ,
3355 4246 3421 4301 de
3452 4245 3792 4301 monasterio

2199 4315 2485 4383 discedens
2510 4356 2524 4379 ,
2557 4316 2849 4369 draconem
2878 4316 2929 4370 in
2959 4318 3152 4373 itinere
3177 4315 3383 4371 invenit
3419 4319 3510 4385 qui
3539 4333 3663 4370 eum
3696 4320 3786 4373 de-

2198 4402 2391 4441 vorare
2422 4385 2657 4455 volebat,
2695 4387 2797 4442 nisi
2838 4386 3031 4444 fratres
3069 4389 3494 4453 Succurrissent;
3527 4389 3791 4453 alterum,

2196 4456 2264 4532 de
2294 4459 2465 4532 altero
2489 4456 2620 4532 item
2654 4457 2918 4512 monacho
2948 4461 3031 4513 cui
3065 4460 3307 4532 (Regist.
3349 4460 3385 4513 Ι.
3439 4474 3492 4513 ix
3545 4474 3625 4527 ep.
3671 4458 3791 4530 58),

511 4528 893 4605 philargyrite,
919 4548 1013 4589 seu
1046 4527 1589 4605 proprietatisvitiuin
1619 4530 1672 4586 in
1701 4535 1963 4585 monacho
1986 4531 2090 4586 ini-
2117 4540 2171 4601 D
2196 4527 2449 4585 similiter
2471 4527 2538 4583 de
2570 4532 2901 4605 monasterio
2933 4527 3413 4605 luge_re_cogitanti,
3448 4531 3596 4605 canis
3631 4527 3790 4605 niger

513 4601 647 4661 iium
678 4601 798 4660 esse
828 4602 1115 4669 apostasia:
1155 4612 1206 4657 et
1234 4601 1556 4659 deiectionis
1586 4618 1616 4656 a
1642 4618 1739 4667 suo
1768 4613 1930 4657 statu.

587 4686 612 4713 ιι
643 4676 806 4737 Addit
827 4674 1116 4744 Dionysius
1134 4674 1544 4735 substantivum,
1565 4672 1632 4728 de
1655 4687 1760 4741 quo
1786 4674 1869 4727 hic
1893 4673 2092 4744 agitur,

515 4756 573 4815 et
606 4746 923 4801 subauditur
944 4743 1200 4815 :Cumque
1230 4744 1517 4813 praprietas
1549 4754 1812 4813 tamquam
1834 4745 1991 4797 bestia
2019 4743 2095 4813 [e4-

510 4835 608 4887 rox
636 4835 750 4879 eum
793 4816 856 4872 de
879 4824 1011 4871 cestu
1049 4816 1357 4883 separauerit
1398 4815 1657 4887 fratrum,
1688 4824 1737 4869 et
1766 4815 2094 4887 destitutione

509 4884 769 4946 sodalium
798 4888 969 4956 fecerit
1002 4887 1396 4956 errabundum,
1415 4894 1533 4956 etc.
1564 4884 1665 4940 Ubi
1698 4885 2089 4956 proprietatem

510 4954 821 5035 posuit‘pro
840 4956 1163 5035 p‘hilat‘gyria
1189 4996 1205 5021 ,
1236 4955 1379 5035 quod
1412 4955 1527 5009 haec
1554 4954 1867 5035 propriasit
1901 4972 2088 5035 [nona-

510 5026 734 5099 chorum
774 5026 1116 5100 philargyria,
1164 5036 1221 5081 ut
1265 5027 1469 5100 dictum
1489 5036 1614 5100 est._
1651 5026 1966 5100 Et_videtur
2000 5026 2090 5084 hic

508 5096 714 5167 Auctor
741 5096 1136 5169 spectassean
1164 5097 1328 5152 verba
1359 5096 1685 5169 patriarcha:
1711 5097 1882 5153 Jacob
1920 5098 2084 5152 tilium

506 5192 665 5243 suum
693 5166 924 5243 lugentis
956 5188 968 5224 :
1002 5166 1142 5223 Fere
1166 5172 1397 5243 pessima
1425 5168 1681 5243 deuorauit
1721 5170 1889 5239 ﬁlium
1920 5186 2087 5243 meum

504 5240 702 5315 Ioseph
728 5238 1208 5315 ('Genea.__xxxvtt)'.
1238 5239 1384 5315 Hanc
1417 5242 1558 5315 enim
1590 5238 1756 5295 feram
1791 5240 2081 5307 pessimam

504 5309 750 5372 nonnulli
801 5312 1079 5373 moraliter
1122 5309 1226 5367 nec
1278 5311 1457 5379 inepte
1504 5309 1927 5380 interpretantur
1954 5326 2083 5379 pro-

504 5384 796 5459 prietatem
818 5396 872 5459 et
901 5383 1206 5459 avaritiam,
1239 5380 1613 5459 quaedevorat
1643 5395 1706 5459 ac
1746 5380 1918 5459 perdit
1946 5380 2085 5435 ﬁlios

506 5446 715 5536 Ἱερῷ..
749 5446 824 5536 ἰόί
847 5446 930 5517 est
964 5446 1295 5536 monachos,
1324 5446 1522 5507 diaboli
1549 5446 1984 5521 supplantatores
2032 5460 2087 5505 et

503 5527 782 5599 spiritales
808 5525 1115 5591 Israelitas.

577 5598 605 5637 δ
647 5596 738 5651 Va:
762 5594 882 5660 soli‘,
915 5596 990 5649 ait
1023 5593 1453 5660 Ecclesiasticus,
1485 5592 1608 5663 quia
1656 5591 2041 5663 cumucec‘iderit
2067 5632 2084 5659 ,

539 5688 603 5723 on
635 5667 784 5720 habet
804 5654 1149 5735 sublevantem
1173 5676 1218 5719 et
1246 5654 1591 5735 protegeniem
1633 5679 1688 5720 se
1741 5654 1932 5735 (Eccli.
1965 5660 2041 5731 tv)
2068 5654 2081 5717 Ξ

520 5733 631 5803 ium
656 5734 872 5799 interim
901 5734 1230 5789 adversarius
1259 5733 1457 5807 noster,
1479 5744 1740 5808 tamquam
1769 5733 1849 5790 lea
1873 5735 2085 5805 rugiens

2194 4616 2316 4655 eum
2342 4609 2629 4654 voraturus
2658 4602 2935 4669 apparuit;
2970 4599 3062 4657 sed
3108 4599 3333 4656 fratrum
3370 4602 3623 4670 precibus
3648 4599 3791 4658 libeo

2194 4680 2345 4728 ratus
2370 4681 2453 4724 est
2479 4713 2494 4735 ,
2517 4680 2571 4725 et
2597 4673 2662 4725 ad
2691 4672 2963 4726 saniorem
2994 4682 3228 4728 tuentem
3262 4671 3541 4727 reductus.

2271 4754 2292 4781 ε
2324 4741 2376 4795 Id
2405 4753 2487 4799 est
2530 4743 2783 4797 honestas
2812 4747 3195 4811 occupationes
3232 4753 3285 4797 et
3331 4742 3596 4813 regularis
3630 4758 3794 4798 exer—

2192 4815 2340 4876 citia,
2369 4820 2492 4882 puta
2526 4814 2761 4881 privatas
2789 4815 3060 4870 orationes
3091 4857 3103 4878 ,
3138 4812 3403 4870 lectiones
3430 4858 3443 4881 ,
3478 4812 3795 4869 meditatio-

2194 4899 2312 4949 nes,
2340 4884 2735 4952 disputationes
2758 4926 2772 4947 ,
2806 4895 2988 4940 mutua
3016 4886 3299 4955 obsequia,
3330 4887 3544 4955 aliaque
3576 4886 3795 4939 exerci-

2190 4956 2289 5019 tia,
2318 4956 2509 5024 quibus
2536 4969 2630 5017 per
2676 4955 2823 5011 vices
2853 4967 2908 5012 et
2940 4956 3224 5012 interstitia
3257 4964 3563 5025 temporum
3596 4970 3793 5010 mona-

2196 5025 2289 5094 chi
2300 5038 2436 5094 gron
2445 5036 2656 5094 patitur.

2266 5088 2561 5170 aﬂiinotat
2587 5093 3011 5170 Chrysostontus
3053 5115 3156 5151 non
3182 5096 3789 5170 dixisse_Apostolum_:

2195 5171 2285 5235 qui
2317 5166 2510 5221 divites
2541 5166 2812 5236 suntfsed
2839 5169 2939 5234 Qui
2966 5168 3344 5222 voluntdiuitea
3375 5168 3507 5235 ﬁeri,
3541 5177 3607 5236 ut.
3628 5167 3797 5221 intel-

2195 5236 2329 5308 ligas
2362 5254 2468 5292 non
2519 5235 2732 5294 divitias
2766 5282 2779 5305 ,
2819 5238 2912 5292 sed
2945 5241 3132 5294 harutn
3160 5240 3511 5307 cupiditatem
3542 5238 3610 5293 ab
3642 5238 3798 5306 Apu-

2195 5310 2334 5365 stolo
2366 5308 2628 5363 damnari.
2664 5308 2796 5365 Vide
2845 5308 2902 5363 S.
2938 5309 3197 5364 Thomam
3245 5312 3295 5364 in
3345 5312 3751 5365 commentario
3778 5351 3795 5374 ,

2197 5380 2281 5435 ubi
2315 5381 2455 5436 inter
2484 5381 2587 5434 alia
2617 5381 2746 5435 dicit
2780 5397 2790 5430 :
2837 5377 3046 5435 Divitior
3094 5382 3398 5451 (potationes
3422 5390 3543 5433 sunt
3570 5422 3588 5444 ,
3609 5389 3660 5432 et
3708 5377 3800 5433 (a-

2194 5452 2346 5521 quei;
2372 5452 2457 5520 qui
2486 5453 2650 5518 primo
2682 5458 2900 5514 tentant,
2928 5452 2979 5505 in
2999 5462 3243 5523 quantum
3266 5451 3607 5523 alliciunt,ret
3630 5451 3799 5519 indu-

2194 5524 2407 5593 cuntad
2433 5524 2595 5576 multa
2616 5529 2848 5593 peccata,
2878 5530 2923 5593 et
2968 5534 3078 5590 post
3103 5524 3156 5575 in
3184 5523 3405 5592 peccatis
3446 5522 3708 5589 detinent,
3753 5533 3805 5576 et

2192 5588 2339 5663 quasi
2379 5596 2558 5662 laqueo
2582 5588 2871 5663 involvunt.
2893 5588 3078 5663 Itaque
3101 5588 3289 5663 divitia:
3310 5604 3427 5663 sunt
3461 5609 3561 5645 non
3597 5593 3807 5648 haben-

2194 5656 2330 5719 tibus
2360 5666 2424 5717 ad
2445 5656 2814 5727 'tentationem,
2853 5656 3154 5733 habentibus
3269 5656 3532 5733 laqueum.

2267 5745 2289 5773 ο
2331 5734 2485 5791 Tales
2524 5736 2687 5790 etiam
2726 5726 3025 5791 munachos
3064 5726 3343 5807 suggillat'
3371 5745 3423 5793 et
3463 5735 3821 5808 perstringit
