4016 6202
252 251 353 315 30!

758 248 850 308 DE
886 244 1373 309 C(ENOBIORUM
1406 240 1654 300 INSTIT.
1692 240 1824 298 LIB.
1864 236 2164 297 VII.——DE
2197 233 2471 294 SPIRITU
2510 230 3021 294 PHILARGYRIE.

3420 234 3534 299 δοι

255 381 364 439 rat,
421 379 657 439 quorum
696 363 924 423 nexibus
978 359 1321 430 compedium
1348 358 1412 415 ad
1457 355 1838 428 purgationem
1864 354 1919 416 Α
1942 368 2185 424 sionibus
2210 369 2547 439 pulsaremur
2579 365 2692 439 [Αι.
2724 362 3116 441 pulsarentur],
3150 364 3358 439 absque
3394 386 3530 431 con-

257 463 525 518 vitiorum
552 472 772 513 suorum
802 454 920 508 sine
938 451 1107 507 dubio
1145 451 1430 521 pervenire
1461 462 1567 504 non
1609 454 1831 516 posset:

257 553 571 611 truculento
600 550 748 606 vultu
789 546 964 601 eidem
995 542 1333 613 respondere
1380 557 1483 596 non
1530 539 1835 596 haesitavit:

262 645 325 701 Si
352 654 408 699 tu
440 643 605 701 hach
648 639 789 696 unde
829 638 1092 710 plurimos
1140 642 1436 701 sustentes,
1465 644 1554 699 me
1586 630 1839 691 similiter

263 738 472 794 habere
499 734 786 807 prohibes?

841 822 1072 881 CAPUT
1110 822 1252 879 XIII.

339 923 478 992 Quid
497 920 757 992 conferant
773 919 998 999 seniores
1007 914 1310 999 artioribus
1333 914 1389 968 in
1421 910 1767 968 denudattone

927 997 1188 1043 vitiorum.

327 1108 454 1163 Haec
476 1113 656 1162 autem
682 1103 887 1160 nemini
915 1103 1205 1159 videantur
1244 1098 1514 1169 superﬂua
1542 1098 1630 1154 vel
1660 1096 1837 1155 mole-

251 1209 358 1254 sta.
388 1209 412 1237 ει
443 1198 560 1255 Nisi
586 1199 730 1253 enim
763 1199 913 1267 prius
944 1195 1197 1265 exposita
1240 1193 1442 1249 fuerint
1478 1206 1678 1264 genera
1721 1191 1840 1245 vul-

252 1307 466 1357 nerum,
499 1298 553 1347 et
572 1291 809 1360 origines
840 1302 1127 1357 causaeque
1157 1285 1477 1359 morborum
1515 1283 1715 1340 fuerint
1751 1284 1835 1338 in-

251 1385 490 1455 dagatze:
522 1399 619 1439 nec
649 1382 876 1438 infirmis
900 1381 1094 1451 poterit
1124 1378 1369 1434 adhiberi
1400 1392 1641 1446 congrua
1670 1377 1840 1432 medi-

250 1478 387 1533 cina:
405 1477 635 1544 curatio,
672 1490 773 1531 nec
801 1474 995 1528 validis
1031 1471 1271 1527 conferri
1302 1469 1557 1540 perfectae
1585 1470 1831 1526 custodia

248 1568 519 1624 sanitatis.
541 1566 679 1623 Nam
708 1577 763 1623 et
788 1565 907 1621 haec
933 1574 988 1620 et
1017 1564 1189 1618 multo
1218 1562 1303 1617 his
1353 1562 1503 1632 plura
1543 1562 1609 1616 ad
1637 1561 1835 1619 instru-

246 1661 485 1716 ctionem
511 1661 787 1730 juniorum
826 1657 1007 1712 solent
1042 1671 1071 1709 a
1105 1655 1428 1719 senioribus,
1460 1656 1547 1725 qui
1578 1654 1827 1711 innume-

1947 462 2180 525 fusionis
2207 470 2412 516 nostra:
2441 460 2766 518 verecundia
2811 461 3155 530 curabamur,
3185 477 3307 520 cum
3344 474 3401 520 et
3438 482 3529 524 re-

1944 558 2119 614 media
2166 557 2368 627 pariter
2396 564 2450 611 et
2490 570 2683 611 causas
2728 553 3098 611 infestantium
3141 571 3240 612 nos
3268 557 3526 616 vitiorum

1943 650 2091 709 taciti
2115 649 2471 717 disceremus,
2500 663 2621 717 quae
2654 662 2755 704 nos
2782 657 2805 687 ο
2828 662 2936 703 non
2975 646 3328 706 fraternitatis
3368 650 3527 711 veriti

1939 759 2139 815 corpus
2191 742 2279 799 vel
2337 741 2645 807 obteximus
2686 742 2775 797 vel
2803 742 3197 811 praeterivimus
3253 759 3270 804 :
3317 743 3413 801 sed
3454 761 3526 802 ne

1941 837 2081 892 forte
2109 835 2363 905 delapsus
2404 834 2543 890 liber
2585 835 2642 890 in
2689 849 2881 889 manus
2915 848 3127 904 eorum,
3172 835 3262 905 qui
3309 836 3363 891 in
3420 837 3524 894 hoc

1937 927 2215 998 proposito
2251 929 2433 983 minus
2463 927 2696 985 instituti
2724 928 2993 993 videntur,
3037 927 3324 997 patefaciet
3363 929 3522 986 inex-

1938 1020 2124 1089 pertis,
2168 1034 2290 1089 quae
2316 1018 2708 1075 desudantibus
2735 1019 2869 1074 solis
2904 1034 2967 1074 ac
2999 1017 3384 1077 festinantibus
3408 1023 3524 1077 cul-

1938 1125 2061 1171 men
2096 1110 2448 1180 perfectionis
2470 1109 2759 1180 attingere,
2782 1109 2981 1165 debent
3001 1122 3122 1166 esse
3144 1117 3442 1180 comperta.

2434 1318 2437 1329 η
2521 1243 2752 1303 CAPUT
2792 1243 2928 1299 xw.

2260 1358 2611 1431 Philargyriaa
2634 1360 2839 1415 morbus
2868 1360 3173 1430 tripartitus.

2004 1474 2033 1513 (ι
2068 1473 2287 1545 Triplex
2339 1474 2521 1544 itaque
2571 1482 2654 1545 est
2696 1472 2857 1543 hujus
2897 1471 3217 1549 valetudinis
3260 1472 3515 1544 morbus,

1935 1570 2026 1641 qui
2064 1569 2134 1625 ab
2177 1567 2447 1624 universis
2478 1567 2730 1624 Patribus
2786 1565 2975 1635 aequali
3025 1565 3382 1643 detestatione
3423 1567 3521 1625 da-

1938 1672 2175 1719 mnatur.
2210 1662 2362 1718 Unus
2402 1661 2508 1728 hic,
2539 1660 2693 1731 cujus
2722 1662 2973 1730 superius
3013 1661 3403 1730 descripsimus
3442 1663 3521 1719 la-

244 1769 340 1810 ros
368 1754 711 1809 diversorum
736 1764 898 1805 casus
920 1764 984 1804 ac
1014 1751 1199 1804 ruinas
1220 1748 1422 1819 experti
1447 1758 1588 1815 sunt,
1622 1749 1676 1803 in
1706 1749 1831 1806 (ἔοι-
1858 1743 1908 1803 Β
1933 1756 2080 1820 bern,
2115 1755 2207 1825 qui
2239 1754 2516 1824 decipiens
2537 1752 2875 1809 miserabiles
2905 1768 3172 1823 quosque,
3210 1768 3273 1809 ea
3302 1769 3423 1825 qua;
3449 1771 3522 1812 ne

241 1848 457 1903 latione
484 1846 736 1917 proferri.
768 1845 1006 1912 Quorum
1048 1844 1213 1901 multa
1238 1858 1602 1912 saepenumero
1628 1858 1828 1914 cogno-

240 1946 470 1995 scentes
510 1939 565 1993 in
614 1936 796 2003 nobis,
847 1937 920 1991 ita
974 1935 1275 1991 senioribus
1320 1936 1720 2004 exponentibus
1766 1952 1830 1992 sc

240 2032 638 2095 revelantibus,
686 2030 831 2086 velut
860 2028 889 2068 δ
927 2028 1018 2100 qui
1045 2027 1249 2084 eisdem
1293 2028 1393 2098 ipsi
1440 2042 1656 2098 quoque
1688 2044 1828 2098 ppas-

1935 1859 2093 1905 antea
2121 1847 2361 1918 quidem,
2389 1861 2514 1902 cum
2535 1846 2590 1903 in
2609 1847 2809 1905 saeculo
2837 1846 3118 1918 degerent,
3146 1846 3521 1919 possidebant,

1937 1955 2271 2011 congregare
2299 1940 2605 2008 persuadet.
2645 1940 2799 1998 Alius
2838 1941 2930 2009 qui
2963 1939 3079 1997 haec
3108 1957 3229 2011 qua:
3261 1952 3284 1979 θ
3327 1942 3383 1998 in
3410 1944 3525 2014 pri-

1932 2032 2162 2087 mordiis
2191 2046 2311 2087 suae
2351 2031 2770 2088 renuntiationis
2810 2031 3117 2102 abiecerat,
3146 2043 3339 2104 postea
3366 2051 3527 2093 resu-

1305 2168 1559 2223 ALARDI
1596 2168 1831 2226 GAZIEI
1867 2169 2434 2229 COMMENTARIUS.

243 2290 310 2345 Ι).
344 2290 705 2360 Hieronymus
731 2286 785 2341 in
811 2285 1037 2360 epistola
1070 2285 1139 2338 ad
1182 2283 1540 2360 Heliodorum
1589 2283 1674 2337 his
1706 2300 1833 2360 ver-

242 2361 358 2415 bis:
394 2360 496 2412 Alii
524 2356 788 2411 nummum
814 2357 1009 2410 addant
1049 2371 1278 2419 nummo,
1320 2365 1367 2408 et
1416 2356 1469 2407 in
1511 2356 1831 2419 marsupium

244 2430 559 2497 suﬂocantes
586 2439 937 2482 matronarum
968 2444 1087 2497 apes
1119 2435 1360 2497 venentur
1399 2426 1648 2493 obsequiis
1680 2442 1697 2479 :
1727 2428 1832 2480 sint

244 2502 461 2554 ditiores
492 2500 740 2559 monachi.
772 2516 924 2565 quam
957 2496 1163 2569 fuerant
1188 2496 1465 2551 saeculares
1493 2514 1512 2569 ξ
1541 2498 1832 2569 possideant

242 2588 372 2642 opes
401 2570 489 2625 sub
515 2587 737 2640 paupere
777 2567 1000 2632 Christo,
1040 2585 1170 2637 quas
1199 2568 1292 2642 s_ub
1322 2567 1591 2642 locuplete
1623 2568 1829 2622 diabolo

240 2639 349 2697 non
394 2644 692 2702 habuerant,
734 2652 783 2694 et
824 2643 1039 2710 suspiret
1068 2656 1152 2693 eos
1204 2639 1436 2693 Ecclesia
1474 2640 1672 2705 diuites,
1706 2656 1830 2708 quos

241 2715 405 2767 tenuit
438 2714 655 2766 mundus
684 2722 803 2765 ante
832 2713 1107 2765 mendicos.
1155 2711 1216 2763 Ι).
1254 2715 1381 2764 item
1410 2711 1742 2777 Augustinus
1776 2712 1826 2764 in

240 2784 447 2853 Regula
470 2799 596 2837 suos
623 2784 852 2838 clericos
874 2781 1453 2853 regularesiadmonet,
1489 2794 1551 2834 ne
1588 2796 1647 2835 ea
1686 2797 1829 2842 qua:-

238 2852 366 2908 rant
400 2857 452 2907 in
482 2857 805 2918 monasterio,
850 2870 966 2921 qua:
1010 2869 1100 2907 nec
1140 2852 1264 2920 foris
1303 2854 1487 2905 habere
1517 2862 1829 2920 potuerunt;

238 2943 338 2979 nec
361 2927 471 2978 ideo
499 2942 552 2979 se
581 2935 755 2997 putent
786 2926 1111 2997 essefelices,
1144 2924 1265 2997 quia
1305 2923 1598 2976 invenerunt
1642 2925 1829 2977 victum

236 3008 286 3051 et
316 3008 678 3068 tegumentum,
717 2997 865 3064 quale
891 2996 1018 3068 {oris
1049 2996 1272 3068 invenire
1303 3010 1401 3046 non
1432 3004 1705 3064 poterant:
1741 3010 1831 3047 nec

237 3066 439 3135 erigant
467 3070 726 3123 ceruicem.
752 3068 872 3129 quia
899 3067 1161 3120 sociantur
1188 3066 1279 3130 eis,
1327 3071 1393 3118 ad
1432 3081 1557 3131 quos
1582 3067 1708 3133 foris
1739 3082 1828 3118 ac-

1937 2301 2033 2341 seu
2068 2289 2258 2341 morbo
2290 2286 2480 2343 animi.
2513 2284 2625 2357 Sed,
2651 2283 2716 2339 ad
2741 2298 2854 2339 rem
2884 2290 2945 2338 ut
2973 2282 3277 2357 veniamus,
3317 2287 3523 2357 triplex

1937 2356 2025 2413 bic
2069 2360 2289 2414 morbus
2334 2356 2681 2427 philargyriae
2735 2370 2832 2410 seu
2887 2354 3123 2429 avaritize
3172 2354 3523 2429 describitur,

1937 2443 2044 2505 quo
2080 2439 2192 2505 tres
2231 2430 2615 2505 monachorum
2647 2428 3120 2505 proprietariorum
3147 2442 3243 2505 seu
3276 2428 3521 2505 proprie;

1938 2496 2064 2554 tatis
2094 2501 2227 2555 vitio
2274 2501 2633 2555 laborantium
2679 2497 2890 2568 species
2942 2497 3059 2551 sive
3110 2496 3328 2553 ordines
3374 2496 3525 2557 desi-

1936 2581 2190 2638 gmntur.
2237 2572 2403 2627 Primi
2453 2570 2660 2623 ordinis
2710 2579 2857 2632 sunt,
2890 2571 2977 2633 qui
3006 2568 3243 2637 divitias,
3283 2570 3526 2639 aliasque

1938 2642 2352 2697 commoditates
2388 2650 2645 2707 appetunt
2688 2639 2740 2693 in
2778 2640 3032 2706 claustro,
3086 2655 3219 2710 quas
3260 2656 3359 2697 nec
3396 2654 3524 2701 ante

1940 2712 2211 2767 habebant
2244 2717 2296 2767 in
2324 2713 2554 2776 saeculo;
2608 2712 2708 2777 hoc
2738 2717 2841 2770 est.
2868 2711 2976 2779 qui,
3014 2724 3135 2763 cum
3174 2712 3358 2780 inopes
3399 2713 3523 2770 fue-

1940 2783 2045 2836 rint
2069 2797 2194 2839 ante
2237 2783 2637 2847 monachatum,
2667 2781 2860 2835 divites
2889 2787 2942 2832 et
2967 2782 3242 2846 pecuniosi
3278 2799 3399 2839 esse
3428 2801 3525 2840 cu-

1939 2854 2092 2919 piunt
2131 2855 2182 2907 in
2237 2854 2587 2907 monasterio.
2622 2852 2700 2907 De
2728 2850 2923 2919 quibus
2964 2850 3028 2904 D.
3065 2850 3425 2919 Hieronymus
3465 2859 3522 2914 in

1938 2925 2097 2990 epist.
2131 2922 2574 2995 adﬂeliodorum
2604 2940 2625 2995 g:
2674 2921 2895 2995 ltitiores
2919 2930 3039 2995 sunt
3078 2921 3334 2992 monachi,
3366 2945 3519 2995 quam

1936 2996 2208 3049 seculares
2247 2993 2421 3063 (Hier.
2454 3011 2534 3063 ep.
2568 2993 2643 3067 1).
2691 2992 2930 3067 Itemque
2962 2994 3012 3046 in
3036 2996 3215 3067 Aepist.
3248 2997 3312 3067 ad
3343 2992 3521 3067 Nepo-

1941 3067 2143 3119 tianum
2176 3068 2227 3118 in
2257 3061 2494 3131 persona
2542 3066 2723 3118 talium
2764 3061 2986 3129 loquens
3018 3061 3186 3120 dicit:
3243 3061 3439 3122 Natus'
3464 3072 3519 3124 in

234 3126 422 3192 cedere
451 3156 551 3192 non
589 3126 845 3191 audebant
878 3154 896 3190 :
939 3138 1028 3190 sed
1069 3126 1276 3189 sursum?
1310 3151 1397 3188 cor
1444 3126 1696 3199 habeant;
1743 3152 1832 3189 nec
1858 3126 1902 3187 C
1934 3150 2162 3206 paupere
2181 3126 2356 3200 domo,
2390 3144 2436 3189 et
2462 3139 2516 3188 in
2559 3135 2762 3207 tugurio
2791 3126 3075 3207 rusticano.
3119 3138 3203 3206 qui
3242 3140 3324 3194 uia:
3375 3141 3520 3196 utilia

237 3220 471 3271 terrena,
510 3227 569 3262 ac
592 3225 723 3261 rana
746 3219 997 3278 quierant,
1029 3224 1090 3261 ne
1116 3208 1365 3277 incipiant
1394 3223 1501 3261 esse
1515 3208 1829 3261 monasteria

236 3282 482 3334 divitibus
523 3281 694 3341 utilia,
723 3297 825 3331 non
859 3280 1188 3349 pauperibus,
1234 3280 1278 3332 si
1304 3278 1483 3332 divites
1512 3279 1622 3349 illi_c
1653 3278 1827 3330 humi-

237 3353 454 3409 lientur.
498 3352 545 3405 et
578 3366 824 3417 pauperes
860 3347 978 3403 illic
1016 3351 1263 3419 inﬂentur
1287 3348 1437 3419 (Cap.
1491 3350 1526 3406 4
1567 3347 1826 3417 Regula).

236 3423 453 3477 Similia
482 3422 641 3477 habet
686 3423 746 3475 l).
780 3420 1087 3475 Bernardus
1125 3420 1348 3477 bomilia
1378 3425 1413 3475 4
1438 3435 1604 3490 super
1633 3420 1831 3474 Missus

240 3502 343 3547 est.

320 3573 350 3601 α
377 3565 749 3618 Consentanee
762 3562 1062 3618 Germanus
1084 3561 1253 3617 abbas
1272 3560 1469 3615 Collat.
1498 3559 1705 3616 decima
1728 3575 1829 3615 no-

242 3650 315 3689 na
343 3653 358 3687 :
387 3636 534 3689 Nulli
556 3650 774 3701 namque
796 3634 1005 3687 dubium
1024 3643 1097 3688 est
1124 3632 1274 3686 illum
1296 3648 1443 3698 posse
1468 3632 1748 3685 rectissime
1767 3631 1831 3685 de

240 3707 489 3760 remediis
528 3708 789 3759 malarum
832 3706 1179 3758 raletudinum
1212 3703 1494 3771 disputare,
1536 3702 1622 3770 qui
1660 3718 1833 3754 earum

242 3779 399 3850 prius
449 3794 631 3850 causas
677 3787 827 3850 atque
853 3777 1085 3850 origines
1110 3773 1491 3850 wgnrotanntium,
1521 3773 1833 3850 conscientia

242 3841 549 3919 bttestaute,
570 3841 983 3919 deprehenderii,
1008 3854 1115 3899 etc.
1142 3841 1300 3919 (Coll.
1327 3844 1526 3919 θηται)ἶ
1551 3841 1663 3919 i5).
1687 3842 1833 3919 idem

241 3920 415 3973 docet
438 3920 492 3973 S.
524 3912 814 3988 Gregorius
850 3917 1109 3970 Nissenus
1139 3912 1440 3988 inrepis‘tola
1463 3913 1528 3965 ad
1550 3912 1829 3988 Latoium,

243 3991 342 4044 ubi
378 4003 503 4043 ante
534 3984 1047 4043 medicamentorum
1088 3984 1497 4056 applicationem
1542 3984 1712 4039 morbi
1744 3998 1836 4056 Cof

240 4060 551 4131 gnitionem
583 4061 939 4130 prterequirit.
1084 4055 1604 4131 SLChryso‘stomus
1637 4055 1832 4131 ‘optimi

242 4124 451 4188 Βιρᾶίρί
483 4124 599 4184 esse
628 4124 941 4201 pronuntiat
964 4128 1185 4201 (Ho_mil.
1216 4128 1248 4182 5
1276 4124 1339 4179 de
1354 4124 1833 4201 f’wnitent.)._c:tu-

242 4219 342 4257 sas
373 4196 686 4255 morborum
728 4196 1017 4269 inquirere.
1057 4199 1296 4268 Eamque
1314 4196 1393 4269 (ob
1431 4196 1644 4251 causam
1675 4197 1835 4253 Gale-

244 4289 359 4327 rius
395 4272 581 4326 librum
606 4268 822 4339 scripsit
860 4282 917 4326 et
946 4269 1219 4340 inscripsit
1248 4287 1261 4323 :
1296 4268 1370 4322 De
1394 4270 1762 4338 cognoscendis
1788 4278 1835 4322 et

240 4344 497 4399 curandis
512 4344 668 4396 animi
696 4342 904 4396 morbis.

328 4413 356 4453 ι)
400 4412 471 4466 ha
508 4415 868 4470 emendatum.
899 4430 1019 4467 cum
1050 4428 1116 4468 ex
1152 4428 1276 4475 ms.,
1321 4420 1431 4466 tum
1472 4427 1538 4467 ex
1580 4411 1835 4482 Dionysio

1931 3215 1979 3260 et
2021 3206 2377 3283 cibariopane
2431 3206 2653 3283 ventrem
2703 3206 2983 3283 rugientem
3026 3207 3233 3283 satiare,
3259 3222 3515 3283 poteram,

1932 3295 2071 3332 nunc
2123 3279 2347 3332 similam
2375 3286 2424 3332 et
2468 3279 2566 3331 mel
2595 3276 3025 3350 fastidioA(Hier.
3074 3296 3155 3347 ep.
3186 3276 3270 3349 2):
3314 3276 3521 3350 Quibus

1931 3350 2126 3420 similia
2153 3358 2277 3420 sunt
2300 3364 2420 3418 qua:
2448 3351 2697 3418 superius
2718 3364 2780 3405 ex
2812 3348 2875 3403 D.
2906 3348 3520 3420 Augustino'citavimus

1934 3419 2088 3489 (Cap.
2118 3419 2185 3473 12
2206 3422 2358 3488 hujus
2382 3419 2521 3489 lib.).
2558 3420 2717 3474 Tales
2744 3435 2907 3488 porro
2936 3421 3229 3475 monachos
3254 3425 3521 3481 assimilat

1933 3491 2219 3547 Cassianus
2246 3490 2394 3549 Giezi
2419 3489 2617 3545 famulo
2641 3490 2823 3546 Elizaei
2852 3492 3149 3562 pmpbetaa,
3174 3493 3263 3560 qui
3297 3508 3394 3558 pro
3424 3495 3517 3550 be-

1933 3564 2128 3619 neﬁcio
2154 3562 2449 3619 curationis
2496 3562 2754 3627 Naaman,
2815 3562 3028 3629 propria
3079 3564 3423 3618 auctoritate.
3456 3574 3515 3619 et

1932 3633 2225 3702 cupiditate
2250 3647 2412 3688 ausus
2444 3641 2525 3702 est
2548 3639 2730 3702 petere
2757 3639 3039 3702 argentum
3079 3641 3133 3685 et
3160 3642 3360 3702 vestes,
3392 3649 3517 3701 qua:

1936 3701 2033 3760 suo
2058 3706 2218 3759 statui
2247 3714 2301 3759 et
2327 3701 2621 3760 conditioni
2652 3701 2875 3755 minime
2903 3702 3294 3769 congruebant.
3338 3701 3398 3756 In
3427 3718 3519 3759 se-

1935 3775 2115 3833 cundo
2140 3776 2329 3830 ordine
2355 3781 2502 3837 sunt,
2534 3773 2622 3838 qui
2650 3769 2883 3827 divitias.
2914 3785 3045 3837 quas
3072 3771 3223 3824 initio
3247 3786 3360 3825 sum
3379 3788 3517 3829 con-

1935 3846 2197 3902 versionis
2227 3855 2281 3899 et
2314 3842 2727 3915 renuntiationis
2768 3840 3247 3915 abjecerunt,__aut
3272 3843 3512 3915 relique-

1936 3928 2081 3984 runt,
2112 3930 2300 3970 rursus
2329 3915 2385 3985 in
2409 3910 2750 3967 monasteriis
2782 3917 3048 3978 repetere,
3074 3910 3285 3985 sibique
3315 3910 3515 3985 appro-

1938 3990 2136 4052 priare,
2178 4002 2242 4042 ac
2266 3984 2538 4039 vindicare
2570 3993 2939 4052 prmsumunt:
2972 3999 3107 4052 quos
3138 3984 3359 4042 similes
3387 3987 3520 4047 dicit

1936 4059 2089 4116 Iuda:
2116 4056 2399 4128 proditori,
2449 4056 2538 4128 qui
2580 4070 2701 4128 cum
2745 4056 2953 4109 czcteris
2995 4056 3273 4128 apostolis,
3311 4058 3516 4118 relictis

1937 4126 2208 4191 omnibus,
2238 4138 2456 4185 secutus
2488 4126 2793 4189 Dominum,
2820 4137 2999 4192 postea
3018 4127 3258 4183 avaritiae
3284 4131 3519 4188 stimulis

1937 4201 2165 4269 agitatus
2190 4215 2256 4255 eo
2278 4199 2513 4262 (invenit,
2552 4207 2609 4252 ut
2637 4208 2691 4252 et
2716 4197 3001 4269 Dominum
3032 4197 3227 4252 Judaais
3258 4200 3519 4259 venderet

1937 4268 1992 4324 et
2033 4271 2282 4338 proderet
2326 4269 2539 4338 (Matth.
2591 4270 2761 4339 xvm).
2806 4268 3046 4324 Tertium
3080 4269 3256 4324 locum
3283 4271 3388 4325 illis
3422 4274 3519 4328 tri-

1938 4340 2073 4403 buit,
2109 4344 2195 4408 qui
2226 4342 2413 4394 nolunt
2440 4355 2498 4393 se
2524 4340 2758 4408 spoliare
2788 4341 3035 4394 omnibus
3068 4340 3220 4395 bonis
3246 4352 3300 4397 et
3342 4342 3521 4400 facul-

1943 4411 2158 4487 tatibus,
2192 4410 2288 4487 sed
2320 4421 2522 4487 partem
2568 4412 2798 4487 aliquam
2846 4410 2949 4465 sibi
2970 4411 3162 4487 volunt
3200 4429 3513 4487 reservare,

243 4485 606 4569 paraphraste
626 4528 641 4549 ,
686 4496 754 4573 ult
774 4485 956 4568 verbis
996 4483 1345 4573 sequentibus
1376 4481 1729 4573 respondeat.
1758 4482 1833 4563 Ue
1861 4514 1913 4573 D
1941 4482 2189 4548 exemplo
2231 4481 2457 4573 Ana‘nize
2486 4491 2540 4536 et
2579 4481 2846 4573 S‘i'aphirge,
2894 4482 2983 4573 qui
3014 4496 3133 4536 cum
3164 4482 3327 4573 vitam
3366 4481 3520 4541 comi

246 4552 445 4620 iseipso
472 4559 612 4610 enim
656 4556 866 4625 sibique
891 4552 1157 4609 similibus
1188 4554 1423 4625 loquitur
1465 4552 1748 4625 Cassianus
1777 4552 1833 4606 in

243 4628 438 4679 verbis
466 4630 648 4696 primae
679 4624 943 4695 personae.
976 4625 1226 4695 Alioquin
1272 4624 1543 4696 videretur
1579 4624 1833 4696 seniores

248 4697 392 4752 illos
414 4694 481 4750 et
508 4694 835 4767 antiquiores
868 4707 1071 4767 taxare,
1105 4694 1244 4767 quod
1289 4711 1321 4750 a
1364 4695 1622 4751 modestia
1664 4694 1834 4763 ipsius

244 4769 491 4823 alienum
526 4779 580 4823 et
605 4770 906 4823 insolitum.

337 4851 359 4877 ε
407 4839 687 4911 Dionysius
714 4841 1099 4911 paraphrastes
1130 4837 1600 4911 clarioresyntaxi
1634 4836 1708 4891 ita
1732 4850 1830 4911 ex-

246 4912 447 4981 ponit:
481 4908 607 4975 Qua:
632 4908 729 4964 nos
744 4909 1042 4973 celavimus,
1074 4926 1132 4963 ac
1179 4910 1544 4981 prteterivimus
1594 4924 1697 4962 non
1745 4908 1836 4962 de-

241 4983 544 5062 scribenda,
581 4998 684 5062 uon
708 4998 769 5062 ea;
799 4983 977 5036 timore
1016 4982 1390 5062 communitatis
1439 4981 1678 5062 fratrum,
1723 4987 1830 5033 etc.

1937 4566 2152 4606 munem
2221 4551 2460 4627 profiteri
2528 4550 2663 4608 velle
2718 4550 3061 4627 viderentur,
3108 4556 3328 4627 vendito
3385 4573 3518 4627 agro

1936 4638 2093 4693 quem
2119 4622 2489 4694 possidebant,
2528 4636 2730 4690 partem
2762 4623 2917 4694 pretii
2948 4623 3050 4677 sibi
3090 4625 3226 4680 clam
3278 4622 3518 4684 retinue-

1936 4692 2082 4749 ru‘nt.
2114 4692 2271 4750 Unde
2315 4696 2574 4749 continuo
2622 4696 2688 4749 ab
2726 4692 2968 4764 apostolo
2998 4694 3160 4750 Petro
3208 4698 3405 4753 detecti
3462 4713 3521 4757 et

1938 4768 2220 4835 increpati,
2250 4774 2413 4836 atque
2443 4780 2470 4818 a
2508 4765 2617 4820 Deo
2660 4766 3003 4821 invisibiliter
3030 4768 3271 4834 percussi
3301 4769 3519 4826 interie-

1936 4845 2066 4893 runt
2096 4838 2228 4909 (Act.
2270 4836 2347 4909 v).
2394 4837 2557 4891 Primi
2588 4838 2767 4905 itaque
2797 4845 2987 4907 petunt
3010 4852 3127 4908 quae
3172 4856 3275 4895 non
3309 4840 3516 4896 habue-

1936 4916 2061 4964 runt
2094 4927 2106 4961 :
2134 4908 2355 4964 secundi
2389 4917 2639 4975 repetunt
2676 4925 2794 4980 quae
2830 4909 3171 4963 habuerunt:
3207 4915 3346 4967 tertii
3394 4916 3516 4980 par-

1936 4989 2043 5036 tem
2093 4981 2329 5033 retinent
2357 4991 2542 5029 eorum
2587 4994 2707 5044 quae
2738 4978 3059 5034 habuerunt.
3090 4981 3223 5036 Vide
3244 4978 3438 5037 Collat.
3481 4984 3519 5037 5

245 5046 633 5108 Fraternitatis
686 5054 826 5125 enim
892 5068 1087 5125 corpus
1131 5061 1287 5106 vocat
1324 5046 1628 5125 Cassianus
1662 5046 1832 5119 ipsam
1934 5066 2056 5117 cap.
2089 5048 2175 5102 11.
2207 5047 2309 5125 Ubi
2334 5050 2454 5125 haec
2486 5046 2585 5098 tria
2614 5048 2949 5125 philnigytjte
2979 5065 3177 5125 genera
3205 5054 3400 5125 itidem
3430 5068 3521 5108 re-

242 5126 702 5178 communitatern
749 5121 1002 5185 fratrum,
1031 5124 1144 5177 Sive
1181 5132 1377 5177 emtum
1423 5121 1830 5187 monachorum,

244 5194 355 5264 lib.
382 5210 401 5249 ι
429 5211 545 5264 cap.
574 5197 609 5251 3
630 5203 683 5247 et
705 5194 830 5248 alibi
844 5194 1062 5262 sacpius,
1089 5204 1146 5247 ut
1166 5193 1413 5264 superius
1435 5193 1829 5247 annotavimus.

330 5263 359 5302 τι
402 5263 684 5336 Dionysius
715 5268 833 5319 loco
862 5266 1180 5319 valetudinis
1209 5263 1371 5316 habet
1403 5264 1636 5336 avaritia:
1675 5277 1835 5330 para-

242 5332 553 5407 phrasticei
582 5336 735 5391 Unde
759 5336 1023 5404 suspicari
1048 5338 1167 5407 quis
1190 5342 1381 5407 posset
1403 5332 1683 5407 legendum
1714 5346 1836 5407 esse

240 5403 645 5475 involetudinis,
680 5407 730 5460 id
766 5416 848 5460 est
874 5403 1227 5476 mgritudinis,
1267 5403 1831 5476 scilicetuspirituaiis,

234 5492 422 5551 quam
457 5479 549 5534 ille
578 5473 859 5533 avaritiam
894 5473 1296 5551 interpretatur.
1337 5474 1408 5529 At
1440 5473 1571 5551 nihil
1601 5474 1702 5529 tale
1744 5489 1834 5527 sn-

236 5546 597 5621 ipicandum,
640 5564 763 5605 cum
796 5548 1044 5621 valetudo
1075 5546 1388 5621 vocabulum
1436 5549 1521 5621 sit
1552 5558 1751 5621 auceps
1783 5552 1839 5599 et

236 5614 520 5683 niedium,
550 5637 659 5688 quo
695 5631 749 5671 et
777 5619 977 5672 sanitas
1019 5629 1071 5672 et
1112 5617 1448 5672 imbecillitas
1482 5614 1837 5688 signiﬁcatur,

232 5705 313 5749 nt
342 5703 498 5747 notat
535 5683 743 5746 Cellius
777 5688 931 5743 Noct.
967 5692 1128 5748 Attic.
1159 5690 1251 5751 lib.
1285 5703 1354 5739 xit
1380 5703 1495 5754 cap.
1525 5685 1578 5738 9.
1609 5683 1758 5754 Unde
1787 5691 1841 5734 et

234 5766 468 5837 passim
514 5763 656 5835 apud
691 5760 1007 5814 Cassianum
1065 5761 1291 5813 sumitur
1333 5752 1843 5825 pru‘mvalelwltue

1933 5114 2240 5174 censentur.
2258 5117 2330 5168 De
2347 5114 2541 5182 quibus
2564 5118 2724 5169 etiam
2752 5114 2838 5171 D.'
2867 5114 3174 5175 Bernartius
3201 5121 3256 5175 in
3289 5132 3520 5178 tractatu

1936 5190 2003 5248 de
2033 5186 2193 5243 modo
2220 5186 2357 5239 bene
2387 5183 2600 5238 vivendi
2622 5200 2785 5239 serui.
2814 5189 2904 5242 48.

2008 5269 2032 5297 ε
2071 5256 2403 5313 Vocabulum
2438 5257 2849 5330 renuntiationis
2875 5268 3183 5326 sumptum,
3219 5270 3274 5315 et
3301 5262 3366 5315 ad
3400 5276 3522 5330 pro-

1935 5330 2227 5393 fessionem
2278 5328 2633 5399 monasticam
2686 5328 3024 5399 translatum,
3070 5347 3134 5384 ex
3184 5330 3293 5385 illis
3344 5328 3523 5391 verbis

1940 5402 2179 5466 Domini,
2208 5401 2367 5456 Lucae
2396 5414 2487 5455 xxv
2514 5416 2528 5454 :
2565 5397 2742 5453 Omnis
2766 5414 2826 5453 ea:
2847 5397 3016 5463 vobis,
3030 5401 3117 5467 qui
3138 5417 3238 5454 non
3265 5406 3525 5460 renuntiat

1900 5495 1908 5506 -
1942 5473 2176 5529 omnibus
2204 5487 2318 5543 qua
2353 5471 2605 5544 possidet,
2635 5487 2735 5544 non
2770 5479 2936 5544 potest
2948 5540 2956 5544 _
2978 5486 3119 5523 meus
3160 5488 3266 5527 esse
3300 5474 3526 5542 discipu-

1945 5546 2043 5601 lus.
2076 5545 2176 5599 Est
2217 5540 2396 5597 autein
2442 5542 2750 5596 renuntiare
2794 5540 3044 5595 omnibus
3090 5540 3527 5611 pus~essionibus

1941 5617 2183 5683 proprie,
2236 5614 2315 5665 eis
2361 5623 2555 5677 sponte
2580 5612 2793 5673 cedere,
2843 5611 3108 5683 etiveluti
3144 5613 3405 5669 valedicto
3435 5633 3528 5671 eas

1944 5682 2215 5739 dimittere
2246 5700 2261 5735 :
2292 5697 2396 5749 quo
2428 5684 2586 5735 modo
2612 5683 2690 5735 eis
2714 5682 3153 5739 renuntiaverunt
3191 5688 3440 5752 apostoli,
3476 5692 3526 5740 in

1945 5770 2171 5823 quorum
2197 5770 2421 5823 persona
2456 5768 2641 5822 p05tea
2678 5756 2812 5808 dixit
2856 5755 3040 5808 l’clrus
3072 5775 3082 5808 :
3123 5758 3247 5810 [facit
3287 5780 3375 5811 .ms
3406 5761 3534 5813 reli<
