4016 6202
483 240 590 301 507

1803 237 2079 295 JOANNIS
2113 238 2426 307 CASSIANI

3647 227 3754 290 308

483 376 645 431 quam
673 360 908 430 accipere
931 358 1065 433 (Act.
1094 358 1211 432 ιι).
1242 355 1407 431 Cujus
1454 358 1904 429 interpretatione
1934 373 2062 429 pra-
2090 364 2144 423 Α
2168 373 2265 429 pro
2290 358 2510 419 Christo
2533 352 2826 428 gloriosam
2849 369 2969 411 cum
2996 350 3262 426 Apostolo
3288 348 3571 422 suscipere
3593 350 3757 405 nudi-

484 455 730 525 vissima,
762 464 1073 511 enervatam
1106 456 1322 511 Domini
1377 464 1566 525 putant
1611 455 1758 509 illam
1790 468 1913 510 esse
1941 468 2065 509 sen-

483 547 735 616 tentiam,
768 562 871 617 qua
911 546 1143 603 dicitur:
1174 556 1201 584 α
1225 547 1283 602 Si
1318 547 1403 602 vis
1435 546 1706 616 perfectus
1735 560 1877 612 esse,
1905 546 2061 613 vade,

481 641 662 695 vende
688 642 1015 712 omniaquae
1058 641 1251 708 habes,
1281 650 1338 696 et
1374 640 1441 695 da
1478 641 1842 711 pauperibus,
1871 649 1926 696 et
1963 640 2064 694 ha-

487 732 647 790 bebis
673 732 989 788 thesaurum
1022 733 1076 787 in
1120 734 1281 800 coelo,
1317 742 1375 789 et
1413 733 1555 801 veni,
1604 748 1834 804 sequere
1860 747 1967 789 me.
1998 733 2067 789 Et

482 823 824 881 arbitrantur
850 824 959 879 hoc
983 823 1168 880 colore
1198 825 1419 880 divitias
1447 840 1572 881 suas
1599 841 1660 882 se
1694 825 1932 897 abjicere
1958 838 2065 882 non

483 910 721 973 debere:
746 915 1019 972 beatiores
1045 917 1261 973 scilicet
1277 919 1599 989 semetipsos
1628 919 2060 987 pronuntiantes,

483 1004 533 1060 si
561 1005 804 1075 pristinis
824 1006 1026 1062 suﬁulti
1047 1008 1385 1076 substantiis,
1408 1009 1531 1065 aliis
1546 1023 1765 1081 quoque
1778 1010 1848 1066 de
1869 1025 2061 1066 earum

480 1098 979 1170 superabundantia
1035 1100 1335 1172 largiantur
1383 1119 1399 1158 :
1453 1102 1688 1175 dumque
1736 1104 2062 1160 erubescunt

2170 460 2333 508 tatem
2359 492 2373 517 ,
2405 464 2507 505 nec
2550 464 2719 521 opere
2764 464 3048 514 manuum,
3083 463 3185 504 nec
3230 444 3545 502 monasterii
3576 444 3757 514 parci-

2170 547 2349 603 monia
2376 545 2564 601 volunt
2597 558 2719 601 esse
2748 544 3009 600 contenti.
3036 542 3243 610 Quibus
3266 546 3550 610 superest,
3578 546 3640 593 ut
3664 544 3760 592 aut

2169 640 2493 708 semetipsos
2516 637 2915 693 circumvenire
2936 636 3203 701 noverint,
3227 640 3283 687 et
3306 643 3646 701 nequaquam
3673 644 3761 686 re-

2170 731 2453 786 nuntiasse
2463 730 2587 785 huic
2603 726 3037 796 mundo,divitiis
3049 725 3293 797 pristinis
3306 722 3622 778 incubantes
3637 737 3654 776 :
3668 731 3761 776 aut

2171 824 2216 879 si
2244 822 2636 894 professionem
2660 821 2908 878 monachi
2936 835 2995 876 re
3031 828 3191 889 atque
3212 831 3379 887 opere
3406 816 3630 886 cupiant
3658 831 3761 870 ει-

2171 917 2363 987 periri,
2391 916 2653 986 dispersis
2682 924 2842 985 atque
2862 913 3091 983 abiectis
3115 910 3387 975 omnibus,
3419 909 3666 979 nihilque
3695 923 3763 964 ex

2169 1010 2258 1066 his
2298 1009 2495 1080 quibus
2532 1007 2979 1064 renuntiaverunt
3021 1011 3401 1069 reservantes,
3441 1016 3562 1057 cum
3612 1005 3765 1070 Apo-

2168 1100 2312 1160 stoio
2335 1103 2635 1174 glorientur
2656 1103 2711 1159 in
2732 1101 2873 1158 fame
2892 1108 2948 1157 et
2972 1098 3087 1168 siti,
3106 1097 3163 1154 in
3191 1096 3395 1167 frigore
3413 1102 3473 1152 et
3489 1093 3759 1154 nuditate.

1550 1317 1807 1376 ALARDI
1847 1319 2080 1377 GAZA'ZI
2114 1317 2681 1377 COMMENTARIUS.

477 1490 772 1563 dinariam,
803 1495 1095 1565 reSpondet
1117 1536 1131 1560 ,
1162 1495 1385 1550 Paulum
1417 1496 1501 1551 vel
1540 1496 1609 1552 ab
1645 1496 1767 1551 aliis
1794 1496 2058 1565 apostolis

478 1572 532 1626 id
572 1571 872 1637 accepisse,
904 1567 988 1621 vel
1028 1581 1125 1636 per
1160 1568 1392 1633 Spiritus
1430 1568 1602 1621 sancti
1644 1567 2054 1634 revelationem,

478 1643 563 1695 vel
578 1637 972 1697 .ratiocinando
1019 1637 1304 1705 collegisse
1345 1654 1414 1693 ex
1446 1638 1569 1692 aliis
1595 1638 1895 1705 Scriptura:
1934 1653 2059 1693 sen-

475 1717 661 1773 tentiis
687 1708 920 1777 idipsum
951 1708 1400 1777 significantibus,
1425 1708 1724 1776 cuiusmodi
1754 1720 1881 1763 sunt
1912 1708 2054 1765 illae:

480 1784 633 1841 omni
669 1780 854 1848 petenti
898 1778 1160 1843 retribue;
1190 1789 1277 1841 et,
1312 1776 1442 1831 Date
1480 1787 1733 1841 mutuum,
1769 1778 1900 1833 nihil
1940 1780 2058 1835 inde

480 1847 745 1919 sperantes
789 1847 977 1918 (Lacte
1004 1848 1110 1919 vi).
1154 1848 1227 1901 Ita
1260 1849 1452 1904 Sixtus
1495 1850 1753 1904 Senensis
1784 1852 1875 1904 lib.
1901 1866 1939 1904 II
1967 1852 2053 1904 Bi-

2161 1495 2323 1561 ribus,
2355 1501 2404 1547 et
2432 1492 2566 1558 veni,
2600 1506 2810 1561 sequere
2849 1505 2949 1545 me.
2990 1488 3226 1561 Adheum
3267 1486 3497 1557 loquitur
3522 1486 3615 1557 qui
3638 1488 3766 1561 vult

2160 1580 2271 1620 esse
2299 1558 2594 1634 perfectus;
2625 1558 2716 1628 qui
2741 1578 2859 1615 cum
2878 1558 3144 1634 apostolis
3164 1567 3364 1631 patrem
3382 1599 3397 1623 ,
3438 1559 3761 1634 naviculam,

2160 1646 2210 1692 et
2235 1648 2338 1691 rete
2364 1632 2595 1689 dimittit.
2622 1634 2730 1688 Iste
2760 1650 2911 1702 quem
2937 1643 2993 1685 tu
3018 1633 3210 1686 laudas
3231 1674 3246 1697 ,
3272 1632 3535 1685 secundus
3567 1641 3612 1685 et
3651 1642 3761 1683 ter-

2162 1709 2261 1760 tius
2300 1707 2494 1778 gradus
2542 1716 2636 1770 est,
2692 1721 2842 1778 quem
2891 1713 2936 1757 et
2980 1702 3763 1778 nos_recipimus;_du_mmodo

2159 1772 2382 1832 sciamus
2414 1778 2580 1845 prima
2610 1772 2871 1839 secundis,
2903 1784 2950 1829 et
2975 1774 3512 1845 tertiisprtefrrenda.
3538 1772 3664 1826 Her
3698 1772 3761 1827 S.

2162 1843 2522 1919 Hieronymus
2546 1846 2769 1915 (Contra
2798 1846 2957 1916 Vigil.
2988 1862 3103 1915 cap.
3132 1843 3340 1919 5)._Sed
3361 1843 3581 1899 brevius
3606 1853 3665 1919 et
3692 1846 3762 1899 ad

478 1915 675 1975 bfioth.
708 1915 912 1974 Verum
958 1915 1247 1990 Apostolus
1301 1920 1433 1974 satis
1490 1921 1693 1975 indicat
1743 1921 1881 1976 hanc
1934 1937 2055 1978 esse
2085 1915 2132 1975 B
2160 1915 2389 1975 formam
2429 1919 2732 1990 argumenti
2781 1922 2959 1986 aptius
3003 1915 3319 1990 responderi
3364 1925 3573 1990 potest,
3606 1915 3763 1990 illam

476 1990 682 2045 Christi
720 1991 1051 2046 sententiam
1099 1991 1169 2045 ab
1211 1990 1443 2060 ipsomet
1487 1992 1784 2061 prolatam,
1821 2009 1923 2046 non
1956 1994 2057 2048 sibi

478 2062 575 2116 uni
603 2062 896 2133 revelatam
918 2102 933 2126 ,
973 2077 1145 2133 neque
1176 2064 1457 2117 collectam
1489 2079 1553 2116 ex
1586 2064 1706 2116 aliis
1734 2064 2015 2118 sententiis
2041 2110 2055 2133 ,

479 2133 533 2187 in
564 2132 759 2202 quibus
791 2133 938 2185 nulla
971 2132 1030 2186 fit
1057 2134 1389 2201 Comparatio
1432 2135 1573 2187 inter
1618 2134 1835 2187 dantem
1870 2146 1924 2187 et
1964 2132 2055 2189 ac?

476 2204 763 2272 cipientem
783 2219 799 2257 :
820 2203 914 2258 sed
938 2205 1167 2272 primum
1193 2220 1222 2256 a
1244 2204 1459 2259 Christo
1481 2215 1758 2274 acceptam
1780 2221 1843 2260 ac
1862 2206 2060 2262 deinde

476 2274 907 2329 Christianorum
942 2290 1037 2346 ore
1062 2276 1235 2327 tritam
1263 2285 1321 2329 et
1347 2277 1639 2345 vulgatam.
1684 2276 1814 2343 Quze
1838 2277 2055 2346 quidem

477 2346 777 2411 sententia,
822 2346 923 2398 etsi
970 2343 1279 2399 hominibus
1316 2343 1497 2399 avaris
1554 2358 1609 2401 et
1651 2343 1931 2402 tenacibus
1973 2349 2049 2402 vi-

476 2415 668 2486 deatur
699 2415 988 2486 paradoxa,
1018 2425 1075 2468 ut
1100 2416 1189 2483 qui
1217 2431 1405 2469 manus
1428 2417 1661 2471 habeant
1685 2418 1752 2471 ad
1782 2419 2053 2486 accipien-

478 2484 631 2552 dum,
658 2498 816 2555 quam
840 2485 906 2559 ad
933 2484 1167 2559 dandum
1197 2490 1558 2555 promptiores
1592 2506 1604 2541 :
1629 2504 1818 2543 revera
1850 2484 2052 2559 tamen,

477 2561 643 2611 etiam
675 2556 970 2628 secundum
1029 2556 1319 2611 humanam
1355 2559 1749 2628 philosophiam
1806 2571 1861 2614 et
1907 2556 2059 2617 com-

477 2642 695 2682 munem
745 2625 1077 2681 intellectum
1132 2637 1215 2681 est
1260 2625 1583 2686 Certissima;
1630 2630 1764 2685 Nam
1810 2632 2057 2688 absolute

475 2697 772 2774 loquendo,
800 2706 857 2753 et
870 2699 1094 2774 exteris
1133 2698 1378 2774 paribus,
1401 2701 1612 2756 beatius
1633 2715 1713 2755 est
1738 2703 1869 2757 dare
1896 2719 2056 2774 quam

476 2764 759 2843 accipere;
786 2776 849 2843 et
869 2768 1081 2825 beatior
1118 2764 1215 2843 qui
1245 2772 1336 2825 dat
1362 2764 1522 2839 quam
1564 2774 1655 2843 qui
1682 2764 2056 2842 recipit.bare

476 2841 621 2896 enim
648 2840 942 2915 potentiam
957 2841 1260 2915 quamdam
1286 2844 1509 2898 denotat
1545 2840 1599 2899 et
1632 2840 1883 2915 copiam:
1918 2846 2055 2900 reci-

476 2926 609 2982 pere
629 2924 789 2982 vero,
824 2910 1060 2981 inopiam
1087 2921 1142 2966 et
1163 2913 1473 2981 defectum;
1504 2925 1580 2980 et,
1614 2927 1671 2969 ut
1703 2910 1782 2971 ait
1815 2918 1875 2971 ί).
1909 2916 2055 2972 Th0-

476 2981 625 3057 r_n_as_,
653 2981 800 3057 Dare
812 2994 875 3057 _et
916 2984 1377 3057 recipereyhabent
1421 3003 1475 3039 se
1517 2988 1650 3040 sicut
1678 3004 1829 3057 agere
1871 2998 1917 3042 et
1945 2990 2056 3057 pati

477 3053 630 3126 (2-2,
660 3070 711 3122 q.
744 3054 934 3126 117m.
963 3052 1103 3121 4,7ad
1128 3052 1211 3126 5).
1236 3057 1411 3122 Agere
1440 3069 1620 3111 autem
1655 3052 1886 3112 nobilius
1933 3052 2054 3115 esse

477 3125 636 3194 quam
660 3125 768 3194 pati
794 3125 1218 3194 nemoambigit.
1243 3126 1396 3181 Unde
1419 3128 1579 3181 etiam
1609 3130 1753 3182 avari
1785 3131 2053 3186 feliciores

477 3193 538 3251 se
580 3193 798 3269 putant,
830 3193 1000 3269 quod‘
1024 3193 1257 3269 habeant
1294 3199 1434 3251 unde
1479 3200 1686 3266 possint
1727 3200 1856 3254 dare
1894 3216 2051 3269 quam

475 3268 620 3340 quod
658 3268 867 3333 possint
893 3265 1169 3340 recipere;
1203 3268 1366 3321 immo
1397 3265 1659 3340 idrunum
1689 3265 1961 3340 spectant,
1998 3285 2054 3326 ut

475 3338 674 3409 nullius
702 3346 931 3407 egeant,
963 3338 1106 3406 quod
1133 3340 1352 3393 aliunde
1377 3339 1607 3393 debeant
1652 3341 1914 3409 recipere.
1950 3338 2056 3398 De—

475 3408 569 3464 bet
606 3417 782 3463 tamcn
830 3409 951 3479 fieri,
992 3412 1325 3477 comparatio
1374 3412 1514 3464 inter
1565 3408 1819 3479 personas
1869 3424 1923 3467 et
1973 3429 2058 3469 res

476 3480 719 3548 ejusdem
767 3478 987 3550 generis
1013 3519 1030 3545 ,
1070 3490 1127 3534 ut
1158 3495 1281 3534 vera
1320 3482 1389 3535 sit
1432 3478 1868 3537 htecsententia.
1919 3485 2059 3540 Inter

474 3565 738 3620 personas
758 3550 998 3621 quidem,
1026 3551 1127 3606 hoc
1153 3561 1257 3616 est,
1278 3552 1419 3607 inter
1446 3554 1691 3608 homines
1710 3572 1720 3605 :
1739 3570 1861 3608 nam
1890 3556 1933 3609 si
1962 3557 2060 3609 ho-

473 3622 653 3677 mines
692 3636 815 3676 cum
863 3622 974 3693 Deo
1002 3624 1271 3688 conferas,
1325 3624 1496 3693 majus
1547 3638 1630 3679 εει
1679 3627 1828 3693 diligi
1869 3642 1894 3677 a
1949 3628 2056 3681 Deo

477 3694 820 3768 quamDeurn
846 3692 1102 3768 diligere;
1127 3692 1679 3768 et‘donum'accipere
1707 3692 1866 3751 ab’eo
1896 3715 2055 3768 quam

475 3764 608 3839 illud
640 3767 705 3839 in
743 3764 883 3839 alios
919 3766 1296 3821 transfundere
1330 3783 1343 3819 :
1375 3780 1520 3839 nam,
1554 3764 1614 3823 ιιι
1652 3769 1725 3822 ait
1755 3768 1817 3822 D.
1855 3764 2054 3839 Diony-

477 3836 593 3889 sius
624 3836 982 3912 Areopagita,‘
1004 3839 1340 3912 suscipiendo
1366 3855 1399 3891 a
1442 3836 1555 3912 Deo
1598 3841 1761 3912 magis
1790 3836 2057 3912 perﬁcitur

475 3913 737 3974 creatura,
769 3906 1118 3981 quamdando
1148 3906 1293 3977 (ιιι.
1336 3910 1497 3981 rvhde
1524 3910 1639 3963 Div.
1674 3906 1890 3981 NonL).
1911 3912 2058 3969 inter

475 3990 569 4029 res
594 3989 743 4053 vero,
771 3976 894 4053 quia
920 3975 1125 4053 debent
1148 3975 1465 4053 temporalia
1488 3995 1609 4053 cum
1638 3975 2049 4053 temporalibus,

477 4054 532 4120 et
559 4045 865 4120 spiritualia
884 4060 1005 4099 cum
1034 4047 1409 4120 spiritualihus
1432 4049 1838 4120 conferri.Nam
1869 4054 1911 4103 si
1946 4045 2051 4120 spil

474 4116 690 4170 rituaiia
714 4131 835 4169 cum
860 4118 1245 4183 temporalibus
1267 4118 1539 4181 conferas,
1568 4119 1777 4173 beatius
1805 4130 1889 4174 est
1919 4116 2054 4177 reci-

473 4201 608 4258 pere
634 4186 939 4258 spiritualiﬁa
972 4200 1132 4258 quam
1164 4186 1367 4241 donare
1410 4191 1747 4258 temporalia.
1789 4190 1897 4245 Sed
1927 4193 2053 4249 bea-

474 4256 583 4309 tius
623 4269 707 4313 est
743 4258 873 4310 dare
903 4256 1210 4330 hominibus
1247 4256 1543 4330 spi‘ritnalia
1581 4275 1738 4330 quam
1773 4262 1862 4315 illa
1909 4265 2049 4318 reci-

474 4341 626 4395 pere,
656 4338 711 4384 et
733 4327 1053 4406 temporalia
1082 4328 1260 4406 largiri
1284 4327 1812 4406 (dequibus—Paulus
1834 4334 2049 4406 agebat)

473 4413 638 4468 quam
669 4398 857 4455 eadem
886 4398 1151 4466 accipere.
1183 4398 1354 4454 Porro
1385 4398 1482 4456 hac
1520 4406 1783 4458 sententia
1825 4398 2048 4460 abutenl

474 4477 564 4546 _tes_
592 4469 870 4546 nonnulli,
901 4483 1040 4539 quos
1089 4472 1178 4526 hic
1218 4472 1507 4546 Cassianus
1538 4476 1833 4545 redarguit,
1866 4476 2050 4546 inepte

471 4539 600 4617 inde
626 4540 956 4617 colligebant
974 4549 1163 4617 contra
1192 4542 1500 4617 religiosam
1532 4539 1904 4617 paupertatem
1930 4539 2046 4603 nie-

472 4611 722 4689 l_i_us_esse
750 4627 873 4689 suas
906 4612 1188 4689 facultates
1222 4616 1478 4689 retinere,
1518 4611 1677 4689 quam
1707 4633 1935 4689 erogare
1955 4630 2047 4677 aut

2163 1992 2433 2055 Vigilantii
2467 1985 2519 2045 εἷ
2572 1985 2894 2045 caeterorum
2943 1988 3190 2058 negando
3246 1986 3569 2058 illationem.
3617 1985 3763 2041 Nam

2159 2063 2374 2118 caeteris
2405 2062 2643 2131 paribus,
2676 2072 2732 2115 ut
2763 2061 2967 2113 dictum
3000 2056 3101 2124 est,
3132 2057 3347 2131 beatius
3367 2067 3458 2111 est
3484 2056 3761 2131 dareom-

2158 2135 2246 2188 nia
2278 2149 2370 2187 sua
2401 2127 2565 2188 simul
2596 2145 2818 2203 propter
2836 2131 3221 2203 Christum,_ut
3250 2127 3456 2203 faciunt
3485 2129 3759 2203 religiosi,

2156 2214 2215 2261 et
2266 2205 2510 2275 recipere
2560 2199 2747 2276 postea
2789 2202 2994 2276 aliquid
3034 2200 3312 2276 modicum
3360 2199 3762 2276 ad.victum_et

2157 2269 2445 2341 amictum;
2477 2269 2636 2347 quam
2666 2269 3023 2347 parum—dare
3046 2314 3061 2340 ,
3095 2282 3150 2326 et
3182 2271 3316 2347 nihil
3342 2269 3763 2347 accii_iere._Bo-

2158 2363 2279 2401 num
2313 2358 2397 2402 est
2415 2389 2428 2412 ,
2460 2342 2633 2414 inquit
2661 2342 2991 2415 Augustinus
3013 2385 3028 2409 ,
3056 2358 3173 2396 cum
3202 2342 3589 2415 dispensatione
3616 2342 3762 2396 bona

2157 2419 2469 2491 pauperibus
2498 2434 2711 2488 erogare
2742 2413 2769 2470 5
2787 2416 2878 2469 sed
2908 2416 3097 2491 melius
3127 2422 3201 2467 est
3244 2414 3296 2465 in
3342 2413 3625 2491 intentione
3660 2430 3756 2468 se-

2157 2483 2341 2561 quendi
2372 2483 2653 2561 Christum,
2684 2496 2846 2561 totum
2882 2487 3048 2561 simul
3064 2486 3281 2561 donare,
3324 2490 3373 2535 et
3401 2483 3699 2561 absolutum
3725 2503 3761 2539 a

2158 2556 2509 2614 sollicitudine
2525 2561 2576 2611 in
2598 2559 2803 2614 Christo
2824 2573 2998 2627 agere.
3018 2556 3254 2611 Proinde
3275 2568 3401 2627 vere
3421 2556 3606 2627 beatus
3630 2557 3749 2618 ille.

2157 2633 2246 2700 qui
2294 2647 2387 2696 per
2437 2630 2834 2701 professionem
2862 2626 3236 2701 monasticam
3276 2626 3437 2679 simul
3488 2634 3544 2680 et
3562 2629 3751 2701 semel

2157 2696 2335 2756 omnia
2366 2696 2459 2756 dai
2504 2718 2601 2771 pro
2623 2702 2839 2755 Christo
2873 2714 2888 2753 :
2915 2700 3004 2767 qui
3056 2698 3177 2771 plus
3205 2696 3317 2763 dat,
3347 2711 3511 2767 quam
3542 2696 3757 2771 ditissi-

2156 2788 2277 2827 mus
2299 2817 2314 2839 ,
2339 2784 2395 2829 et
2422 2768 2831 2827 liberalissimus
2861 2773 3093 2841 quisque
3136 2768 3267 2822 dare
3318 2776 3498 2841 potest
3541 2768 3607 2841 in,
3640 2768 3757 2825 hoc

2158 2837 3107 2914 szeculo:quandoquidem'spo'liet
3158 2854 3217 2893 se
3265 2840 3411 2894 omni
3462 2837 3751 2908 dominio,

2156 2918 2412 2986 omnique
2438 2916 2559 2983 jure
2585 2931 2648 2969 ac
2694 2916 2947 2968 facultate
2989 2921 3303 2986 cunctarum
3344 2924 3536 2986 rerum
3560 2951 3578 2976 ,
3611 2926 3755 2986 quas

2158 2980 2369 3048 habet',
2402 2980 2494 3041 aut
2520 2986 2717 3040 habere
2749 2995 2943 3054 potest.
2978 2982 3133 3050 Atqui
3174 2982 3290 3053 plus
3320 2980 3520 3046 donat,
3545 2980 3757 3051 quiar-

2157 3056 2326 3110 borem
2356 3058 2509 3111 simul
2541 3074 2658 3110 cum
2681 3055 2931 3125 fructibus
2959 3071 3113 3126 quam
3136 3054 3243 3126 qui
3254 3054 3390 3126 solos
3421 3057 3624 3126 fructus
3648 3054 3757 3107 do-

2156 3138 2265 3193 nat,
2302 3129 2377 3181 ait
2408 3128 2464 3182 S.
2500 3124 2789 3183 Anselmns
2820 3124 3061 3196 (Libido
3092 3124 3306 3179 Similit.
3334 3140 3379 3176 c.
3413 3124 3493 3196 8);.

2232 3208 2256 3235 α
2293 3198 2350 3253 S.
2385 3198 2690 3253 Bernartius
2732 3199 2785 3252 in
2831 3194 3227 3253 declamatione
3266 3210 3427 3262 super
3464 3194 3606 3248 hunc
3658 3194 3750 3250 io-

2160 3283 2281 3323 cum
2310 3286 2323 3321 :
2354 3268 2484 3322 Ha'c
2508 3279 2645 3329 sunt.
2672 3270 2874 3339 inquit,
2895 3269 3066 3331 verba,
3090 3281 3208 3336 qua:
3230 3274 3573 3335 contemptum
3594 3282 3751 3319 mun-

2161 3340 2217 3393 di
2243 3342 2295 3392 in
2316 3342 2548 3394 universo
2587 3338 2778 3394 mundo
2799 3382 2811 3406 ,
2843 3350 2891 3394 et
2918 3338 3260 3409 voluntariam
3287 3353 3585 3409 persuasere
3606 3354 3750 3407 pau—

2163 3421 2412 3481 pertatem
2442 3420 2467 3465 :‘
2485 3414 2593 3464 hare
2620 3421 2743 3465 sunt
2787 3426 2902 3479 qua:
2937 3408 3222 3481 monachis
3250 3408 3474 3461 claustra
3503 3412 3705 3481 replent
3730 3428 3754 3475 ,-

2161 3478 2367 3537 deserta
2394 3484 2738 3536 anachoretis.
2767 3478 2829 3536 Et
2854 3483 2921 3537 de
2946 3482 3001 3537 S.
3030 3478 3261 3534 Antonio
3291 3482 3481 3533 scribit
3507 3480 3753 3533 Athana-

2160 3555 2293 3618 sius,
2322 3571 2434 3607 eum
2454 3595 2468 3617 ,
2502 3570 2619 3607 cum
2650 3553 2877 3607 audisset
2912 3554 2966 3605 in
2997 3551 3233 3605 Ecclesia
3261 3549 3361 3620 legi
3389 3550 3485 3604 hoc
3514 3548 3753 3621 Evange-

2160 3625 2307 3687 lium,
2332 3624 2490 3679 veluti
2533 3635 2742 3695 propter
2769 3641 2823 3678 se
2854 3625 2961 3678 haec
2991 3634 3120 3695 esset
3162 3622 3445 3695 Scriptura
3486 3623 3701 3675 recitata
3729 3664 3747 3691 ,

2158 3699 2335 3750 statim
2379 3692 2743 3768 possessiones,
2776 3712 2902 3768 quas
2929 3694 3172 3768 habebat,
3202 3692 3494 3768 vendidisse
3520 3708 3582 3768 ac
3614 3710 3753 3768 pan-

2159 3768 2362 3836 peribus
2379 3763 2641 3838 erogasse.
2676 3763 2817 3822 Idem
2842 3767 2909 3821 de
2946 3767 3002 3820 S.
3031 3764 3321 3838 Francisco
3346 3763 3516 3838 refert
3532 3765 3607 3838 Ρ.
3636 3764 3749 3838 Bo-

2159 3834 2494 3892 iiaventuraI
2524 3840 2694 3892 Porro
2740 3837 3033 3893 notandum
3059 3876 3074 3902 ,
3110 3837 3163 3889 in
3212 3837 3293 3887 his
3321 3835 3501 3889 verbis
3531 3834 3748 3891 Domini

2114 3908 2121 3920 '
2157 3908 2263 3962 duo
2292 3909 2519 3964 consilia
2556 3909 2876 3978 Evangelica
2916 3909 3213 3961 Contineri:
3250 3908 3749 3978 paupertatis,rsci-

2158 3980 2305 4043 licet,
2357 3990 2413 4035 et
2461 3977 2803 4034 obedientiaz.
2858 3978 2990 4033 Nam
3032 3987 3401 4049 paupertatem
3458 3977 3751 4049 manifeste

2156 4055 2385 4104 suadent
2412 4060 2463 4103 et
2494 4052 2786 4105 consulunt
2825 4051 2910 4103 illa
2939 4046 3102 4104 verba
3130 4068 3143 4103 :
3180 4046 3340 4111 Vade,
3374 4048 3533 4101 vende
3570 4051 3751 4102 omnia

2154 4136 2270 4188 quw
2297 4122 2470 4187 habes,
2515 4132 2561 4173 et
2609 4122 2676 4173 da
2722 4120 3055 4192 pauperibus.
3088 4122 3328 4192 Eamque
3356 4119 3647 4192 perfectam
3690 4131 3752 4176 et

2154 4192 2453 4245 absolutam
2482 4190 2783 4261 requirunt.
2805 4192 2938 4245 Nam
2963 4194 3053 4260 qui
3080 4192 3259 4245 omnia
3283 4190 3435 4257 dicit,
3466 4191 3603 4245 nihil
3630 4207 3751 4245 0m-

2155 4264 2284 4316 nino
2313 4271 2575 4316 reservat.
2607 4264 2737 4315 Cum
2766 4277 2897 4317 vero
2928 4264 3164 4317 vendere
3194 4261 3406 4326 suadet,
3436 4275 3557 4315 eam
3587 4264 3750 4317 abdi-

2152 4333 2419 4387 cationem
2452 4332 2757 4400 significat,
2800 4349 2918 4403 quae
2968 4341 3227 4404 perpetua
3262 4334 3352 4399 sit,
3383 4338 3441 4387 et
3468 4333 3752 4388 irrevoca-

2154 4404 2275 4458 bilis
2300 4445 2313 4467 ,
2348 4414 2403 4456 ιιι
2438 4405 2495 4456 lit
2527 4418 2623 4473 per
2650 4415 2851 4458 votum.
2882 4404 3257 4460 Ohedientiam
3311 4418 3441 4458 vero
3467 4416 3749 4473 poSIrema

2152 4475 2241 4528 illa
2267 4476 2575 4528 insinuant:
2604 4474 2671 4527 Et
2690 4476 2835 4540 veni,
2864 4492 3075 4541 sequere
3100 4492 3196 4529 me.
3223 4474 3361 4542 Quid
3389 4476 3534 4529 enim
3559 4477 3629 4530 sit
3655 4491 3750 4531 se-

2191 4552 2238 4598 ui
2258 4547 2553 4612 Christum,
2582 4547 3325 4615 ipsemetdeclaravitMatth.
3357 4562 3487 4600 xxvi
3513 4548 3707 4602 dicens
3729 4566 3747 4603 :

2191 4562 2238 4598 ιιι
2258 4561 2553 4612 ωιιιιειιιιιι,
2582 4561 3119 4615 ipsemetuecmravrt
3136 4561 3325 4602 luatur.
3357 4562 3487 4600 xxv:
3513 4561 3707 4602 dicens
3729 4566 3747 4603 :

2151 4561 2257 4684 διιὶ
2284 4618 2391 4669 vult
2423 4619 2592 4671 venire
2621 4627 2735 4688 post
2762 4636 2860 4683 me,
2893 4623 3103 4690 abneget
3130 4619 3479 4689 semetipsum,
3515 4633 3562 4672 et
3594 4620 3747 4673 tollat

470 4683 767 4740 dimittere.
791 4684 880 4739 Sic
897 4685 1039 4739 enim
1054 4685 1512 4759 ratiocinabantur
1528 4683 1773 4743 {Beatius
1794 4683 2042 4759 estdare,
2072 4685 2125 4745 D
2150 4683 2355 4742 crucem
2382 4706 2546 4750 suam,
2577 4683 2630 4741 et
2648 4699 2891 4759 sequatur
2910 4707 3007 4743 me.
3027 4683 3197 4757 Quasi
3226 4683 3432 4744 diceret
3455 4683 3474 4747 ἐ
3492 4690 3592 4745 ille
3624 4701 3747 4759 post

469 4770 629 4824 quam
660 4759 944 4825 accipere:
972 4764 1113 4825 ergo
1132 4755 1326 4809 melius
1357 4768 1437 4809 est
1465 4768 1552 4809 tua
1579 4761 1836 4825 retinere,
1867 4772 1924 4814 ut
1950 4755 2044 4815 ha;

469 4826 601 4882 beas
632 4829 776 4896 quod
805 4828 904 4899 des
938 4842 1137 4897 :quam
1183 4840 1246 4881 ea
1287 4826 1695 4899 diniittere,iita
1747 4844 1802 4883 ut
1832 4834 2043 4899 cogaris

468 4899 687 4955 aliunde
738 4896 1123 4970 accipere’ant
1154 4896 1517 4970 _mendicare.
1577 4898 1674 4955 Cui
1723 4896 2044 4970 argumento

467 4986 574 5025 non
607 4974 769 5027 aliter
810 4967 1103 5041 respondet
1142 4967 1437 5023 Cassianus
1464 5012 1477 5035 ,
1532 4987 1691 5041 quam
1724 4967 1951 5041 objectis
1988 4978 2042 5031 in

466 5044 800 5098 contrarium
828 5041 1061 5096 diversis
1087 5040 1377 5109 Scriptura:
1430 5040 1747 5099 testimoniis
1775 5040 1830 5100 et
1856 5055 2044 5102 aucto-

465 5114 733 5170 ritatibus.
771 5113 967 5167 Verum
996 5112 1099 5165 hoc
1138 5127 1246 5186 non
1275 5122 1357 5186 est
1387 5126 1760 5186 argumentum
1791 5121 2039 5186 solvere,

440 5186 560 5243 sed
590 5185 849 5258 eludere,
870 5194 961 5237 aut
993 5185 1295 5258 prasterire.
1332 5182 1398 5236 At
1429 5183 1491 5237 Ι).
1526 5186 1885 5258 Hieronymus
1918 5182 2048 5245 con-

464 5262 549 5308 tra
596 5256 947 5325 Vigilantiam
1006 5253 1078 5309 ita
1146 5254 1473 5309 sentientem
1528 5265 1583 5309 et
1634 5253 2045 5314 ratiocinantem

464 5328 728 5393 scribens,
788 5330 888 5381 hoc
918 5325 1081 5380 modo
1110 5334 1482 5395 argumentum
1522 5325 1667 5380 istud
1710 5330 1946 5396 explodit
1994 5340 2051 5385 et

465 5397 703 5452 refutat:
737 5399 891 5466 Quod
920 5407 1090 5451 autem
1134 5400 1335 5471 asseris
1362 5411 1449 5471 eos
1496 5399 1681 5452 melius
1724 5400 1921 5467 facere,
1957 5404 2047 5471 qui

465 5476 681 5523 utuntur
708 5473 852 5525 rebus
880 5470 1019 5534 suis,
1061 5477 1112 5522 et
1138 5470 1390 5537 paulatim
1423 5468 1624 5538 fructus
1670 5468 2046 5539 possessionum

463 5553 675 5615 suarum
705 5540 1325 5615 pauperibus‘dividun‘t;
1363 5539 1675 5615 quam_illos
1700 5545 1805 5612 qui,
1836 5560 2041 5615 posses-

464 5609 712 5684 sionibus
734 5609 1075 5684 venumdatis.
1122 5609 1275 5663 semel
1302 5612 1475 5684 omnia
1521 5609 1853 5684 largiuntur}
1884 5631 1983 5667 non
2013 5630 2045 5668 a

462 5692 546 5754 me
574 5683 670 5744 eis,
699 5681 787 5754 sed
811 5696 843 5732 a
869 5679 1093 5754 Domino
1135 5683 1527 5754 respondebitur
1557 5699 1573 5736 :
1604 5679 1664 5740 Si
1694 5688 1765 5739 vis
1792 5703 1896 5739 esse
1925 5703 2044 5754 per-

460 5749 652 5817 fectus,
680 5749 807 5802 vade
834 5757 884 5803 et
915 5752 1074 5802 vende
1102 5752 1276 5802 omnia
1300 5767 1419 5819 qua:
1458 5756 1630 5823 habes,
1661 5767 1712 5810 et
1750 5758 1817 5811 da
1842 5749 2042 5826 paupe-

2154 4776 2240 4814 me
2269 4763 2435 4828 venit,
2465 4770 2520 4815 et
2544 4775 2630 4815 me
2657 4765 2923 4830 sequitur,
2955 4764 3047 4831 qui
3075 4777 3134 4817 se
3163 4762 3337 4831 ipsum
3361 4761 3615 4831 abnegat,
3641 4762 3747 4817 hoc

2152 4842 2264 4896 est,
2317 4848 2428 4885 suae
2458 4832 2752 4894 voluntati,
2798 4844 2851 4888 et
2898 4832 3183 4887 affectibus
3231 4836 3543 4896 renuntiat,
3576 4849 3747 4902 seque

2152 4909 2325 4955 totum
2370 4903 2588 4970 subjicit
2630 4904 2854 4957 alterius
2896 4904 3101 4973 judicio
3131 4913 3186 4957 et
3214 4905 3476 4958 voluntati
3520 4912 3746 4973 propter

2154 4973 2341 5026 Deum.
2373 4972 2616 5027 Perfecta
2647 4976 2790 5028 enim
2815 4975 3015 5029 Christi
3049 4976 3264 5043 sequela
3299 4976 3351 5027 in
3380 4972 3744 5044 abnegatione

2151 5045 2231 5096 sui
2258 5044 2445 5111 ipsius,
2461 5043 2514 5097 id
2534 5054 2635 5109 est,
2662 5047 2712 5098 in
2738 5045 2969 5113 perfecta
2989 5046 3299 5100 obedientia
3321 5043 3571 5101 consistit
3588 5065 3603 5100 :
3620 5061 3747 5115 quae

2152 5117 2463 5169 necessario
2484 5118 2647 5169 etiam
2675 5118 2898 5170 includit
2923 5126 3128 5181 votum,
3145 5131 3251 5185 quo
3264 5118 3385 5187 quis
3407 5118 3477 5170 ita
3501 5118 3746 5187 seipsum

2150 5187 2412 5255 abneget,
2447 5196 2505 5241 ut
2550 5203 2655 5241 non
2700 5189 2871 5256 possit
2900 5190 3268 5242 retrocedere.
3303 5188 3420 5242 Non
3459 5189 3606 5243 enim
3657 5200 3749 5242 est

2151 5260 2388 5325 perfecta
2412 5259 2705 5329 abnegatio
2731 5257 2812 5329 sui
2836 5301 2849 5325 ,
2884 5257 3106 5311 obedire
3134 5260 3293 5313 alteri
3323 5260 3391 5312 ad
3423 5268 3662 5329 tempus,
3689 5269 3751 5313 et

2151 5330 2494 5396 postmodum
2525 5346 2629 5384 non
2661 5328 2883 5383 obedire
2918 5345 2931 5381 :
2959 5332 3212 5395 quocirca
3244 5330 3508 5384 Dominus
3540 5328 3749 5385 ibidem

2149 5400 2356 5453 addidit
2384 5418 2397 5454 :
2430 5401 2496 5451 Et
2529 5399 2917 5471 tollatrrucem
2955 5416 3124 5453 suam.
3158 5400 3322 5466 Nam,
3366 5412 3425 5455 ut
3464 5403 3753 5471 eleganter

2148 5480 2335 5525 monet
2363 5471 2657 5526 CaSsianus
2694 5469 2793 5524 lib.
2837 5486 2888 5523 iv
2931 5485 2983 5524 c.
3015 5472 3117 5539 35,
3152 5472 3434 5527 Verusac
3466 5469 3753 5541 perfectus

2149 5542 2449 5597 monachus
2495 5542 2686 5597 similis
2732 5541 2995 5613 crucigﬁxo
3031 5557 3152 5597 esse
3194 5543 3395 5597 debet:
3425 5545 3518 5613 qui
3554 5556 3754 5600 autem

2151 5613 2440 5687 crucifixus
2489 5625 2613 5677 est,
2660 5626 2767 5687 non
2813 5611 2989 5687 solum
3042 5628 3149 5667 non
3182 5611 3568 5687 ambulatg'quo
3598 5620 3753 5687 vult,

2151 5699 2251 5739 nec
2306 5685 2433 5737 facit
2475 5687 2617 5755 quod
2664 5685 2805 5755 vult;
2840 5683 2934 5736 sed
2977 5698 3075 5739 nec
3105 5691 3283 5755 potest
3319 5683 3609 5743 ambulare
3654 5683 3761 5746 aui~

2150 5756 2404 5823 operari,
2436 5754 2542 5807 nisi
2571 5754 2640 5809 ab
2665 5754 2775 5808 alio
2802 5762 3102 5811 moveatur.
