3994 6202
526 233 630 297 3H

1851 225 2129 286 JOANNIS
2166 219 2482 282 CASSIANI

3686 208 3806 269 319

525 368 749 425 magnus
780 351 982 406 fructus
1007 350 1074 405 ab
1096 350 1350 421 Apostolo
1371 346 1668 402 ducebatur
1697 343 1914 415 (Actor.
1971 359 2037 396 xv
2062 341 2104 412 ),
2131 341 2188 403 Α
2211 351 2399 392 eorum
2426 334 2623 389 nostris
2653 331 2986 401 temporibus
3031 334 3436 425 successerunt,
3484 322 3806 425 imitatores

525 448 572 502 si
603 447 788 500 saltem
814 445 880 498 ab
911 444 1172 497 idolorum
1202 445 1428 496 cultu'et
1458 437 1812 493 fornicatione
1861 445 1917 490 et
1943 434 2109 490 δυσο-

520 539 662 623 εειίε
689 546 742 591 et
771 536 1036 606 sanguine
1077 534 1351 598 revocati,
1386 532 1545 586 ﬁdem
1585 529 1785 585 Christi
1831 544 1952 584 cum
1996 529 2109 583 suis

524 620 873 682 facultatibus
922 627 1325 694 suscepissent:
1401 638 1468 676 an
1521 622 1598 676 illi
1642 621 1733 691 qui
1775 620 2110 688 Evangelica

525 721 923 775 satisfacientes
971 719 1291 780 sententiae,
1340 730 1558 770 crucem
1615 715 1826 770 Domini
1873 714 2110 785 quotidie

525 823 806 884 portantes
837 811 1052 882 (Matth.
1084 810 1142 881 x)
1165 851 1180 873 ,
1216 809 1350 863 nihil
1395 809 1498 864 sibi
1528 809 1595 863 de
1621 809 1854 879 propriis
1885 810 2110 864 faculta-

524 907 670 960 tibus
728 919 1014 971 superesse
1060 903 1399 958 voluerunt?
1463 902 1706 970 Cumque
1759 904 1874 972 ipse
1922 885 2110 958 beatus

523 995 814 1064 Apostolus
841 995 1068 1048 vinculis
1094 1002 1150 1048 et
1179 994 1492 1050 carceribus
1512 994 1801 1064 obligatus,
1826 1009 1921 1050 seu
1947 1009 2110 1050 vexa-

523 1087 672 1141 tione
723 1087 933 1140 itineris
989 1085 1309 1154 impeditus,
1343 1094 1398 1141 et
1440 1085 1512 1140 ob
1564 1086 1668 1142 hoc
1720 1095 1746 1124 ι
1796 1097 2108 1143 consuetam

523 1181 698 1234 victus
727 1178 1083 1234 substantiam
1116 1193 1304 1246 parare
1325 1218 1341 1244 ,
1375 1187 1434 1232 ut
1462 1188 1578 1234 erat
1599 1179 1824 1246 solitus,
1855 1180 1969 1234 suis
1997 1196 2110 1234 ma-

522 1272 681 1327 nibus
706 1285 810 1325 non
835 1285 1130 1326 occurrens
1151 1315 1164 1338 ,
1195 1285 1225 1324 a
1255 1270 1513 1326 fratribus
1539 1314 1552 1336 ,
1585 1273 1675 1340 qui
1703 1273 1772 1328 de
1799 1273 2110 1329 Macedonia

521 1376 823 1428 venerant,
863 1365 1298 1434 supplementum
1322 1381 1436 1420 sua:
1460 1367 1802 1422 necessitatis
1828 1381 1888 1422 se
1917 1369 2112 1423 asserit

521 1459 797 1527 accepisse
822 1476 834 1510 :
864 1475 983 1511 nam
1003 1459 1142 1528 quod
1174 1457 1319 1524 mihi,
1354 1459 1604 1529 inquiens
1623 1501 1637 1525 ,
1679 1460 1870 1524 deerat,
1901 1461 2113 1529 supple-

519 1563 698 1605 verunt
728 1552 932 1618 fratres,
959 1553 1046 1619 qui
1073 1561 1315 1605 venerunt
1337 1569 1369 1605 a
1392 1553 1697 1607 Macedonia
1719 1553 1739 1623 (
1761 1553 1802 1608 ll
1820 1552 1940 1608 Car.
1973 1554 2106 1623 xu);

518 1653 572 1698 et
603 1644 667 1696 ad
699 1642 1072 1711 Philippenses
1101 1645 1215 1711 ipse
1238 1643 1476 1698 referens
1501 1662 1514 1697 :
1550 1645 1709 1699 Scitis
1739 1645 1875 1699 enim
1902 1654 1950 1698 et
1980 1663 2104 1713 vos,

2215 430 2446 486 existere
2475 444 2490 493 ;
2523 443 2630 482 non
2659 427 2860 481 nostris
2891 423 3296 481 definitionibus
3345 421 3750 492 acquiescamus
3776 458 3802 489 ,

2215 525 2282 580 de
2311 522 2413 578 hoc
2444 521 2623 590 tepido
2647 535 2711 575 ac
2732 519 3027 574 miserabili
3057 525 3198 573 statu
3221 514 3610 587 perfectionem
3640 513 3808 570 nobis

2215 615 2589 685 Evangelicam
2609 612 2928 683 pollicentes
2951 630 2963 664 :
2986 610 3082 666 sed
3107 611 3317 664 illorum
3345 615 3614 664 sectantes
3635 605 3808 662 vesti-

2213 707 2297 775 gia
2326 703 2720 760 circumvenire
2748 703 3115 774 nosmetipsos
3166 700 3392 755 minime
3444 697 3756 754 studeamus
3780 714 3801 764 ;

2213 811 2268 857 et
2295 800 2367 855 ita
2395 799 2713 854 monasterii
2741 797 3082 866 disciplinam
3119 794 3623 863 institutionemque
3651 791 3804 863 pari-

2213 901 2295 948 ter
2345 901 2709 962 expetamus,
2767 899 2825 945 ut
2879 889 2934 944 in
2987 887 3212 944 veritate
3256 885 3624 942 renuntiemus
3671 883 3806 939 huic

2213 983 2414 1040 mundo
2438 1003 2449 1037 :
2481 983 2706 1038 nihilex
2736 983 2820 1037 his
2847 997 2968 1053 quae
2996 979 3418 1049 contempsimus
3437 1017 3454 1045 ,
3482 976 3808 1032 infidelitate

2213 1093 2314 1133 nos
2343 1075 2680 1144 retrahente,
2707 1083 2992 1132 servantes
3016 1092 3029 1128 :
3054 1072 3424 1144 quotidianum
3461 1068 3657 1124 victum
3685 1085 3808 1126 non

2213 1170 2488 1227 recondita
2513 1171 2741 1241 pecunia
2764 1211 2780 1237 ,
2822 1169 2916 1226 sed
2948 1183 3116 1238 opere
3141 1165 3366 1237 proprio
3391 1163 3804 1235 conquiramus.

2803 1283 3030 1339 CAPUT
3078 1282 3220 1338 XIX.

2216 1381 2480 1436 Sententia
2503 1379 2669 1433 sancti
2692 1377 2876 1433 Basilii
2905 1379 3135 1502 eplisforti
3157 1377 3404 1432 adversus
3445 1375 3809 1446 Syncleticum

2862 1467 2954 1502 υνο
2982 1468 3012 1502 a
3039 1467 3091 1502 α.
3752 1474 3758 1478 ’

2862 1467 3091 1522 pratum.
3752 1474 3758 1478 -

2284 1545 2477 1601 Fertur
2525 1505 2790 1600 sententia
2922 1543 3108 1598 Basilii
3154 1541 3504 1598 Cesariensis
3556 1541 3807 1612 episcopi

2213 1636 2278 1691 ad
2303 1636 2595 1706 quemdam
2623 1635 2831 1706 prolata
2864 1633 2889 1672 ιι
2923 1635 3329 1706 Syncleticum;
3357 1634 3487 1701 tali,
3523 1649 3630 1704 quo
3659 1634 3810 1691 dixi-

519 1734 905 1804 Philippenses,
935 1735 1055 1802 quia
1081 1735 1132 1787 in
1163 1735 1419 1803 principio
1447 1733 1737 1806 Evangelii,
1759 1736 1964 1805 quando
1986 1753 2110 1806 pra-
2138 1733 2187 1796 Β
2215 1748 2335 1788 mus
2358 1775 2372 1795 ,
2422 1742 2616 1801 tepore
2667 1739 2968 1802 torpentem
2994 1772 3009 1796 ,
3056 1729 3146 1800 qui
3185 1744 3309 1784 cum
3353 1729 3694 1784 renuntiasse
3741 1745 3810 1786 se

519 1827 684 1896 fectus
712 1842 824 1879 sum
841 1843 872 1877 a
897 1824 1230 1892 Macedonia,
1256 1825 1284 1864 δ
1315 1827 1460 1881 nulla
1483 1826 1718 1882 Ecclesia
1740 1828 1867 1882 mihi
1888 1845 2108 1884 commu-

518 1919 706 1970 nicavit
736 1919 790 1970 in
818 1920 1015 1971 ratione
1046 1917 1154 1970 dati
1178 1928 1228 1972 et
1257 1921 1477 1987 accepti,
1510 1921 1610 1974 nisi
1637 1937 1722 1975 vos
1746 1923 1866 1987 soli,
1900 1924 2020 1990 quia
2064 1939 2112 1986 et

517 2010 942 2066 Thessalonicam
972 2022 1020 2065 et
1050 2011 1203 2065 semel
1233 2022 1280 2065 et
1323 2013 1397 2066 bis
1448 2015 1500 2066 in
1546 2031 1698 2068 usum
1729 2016 1855 2070 mihi
1903 2019 2110 2072 misistis

519 2101 895 2174 (Pliilip.1v):
944 2113 1105 2158 erunt
1158 2104 1452 2159 secundum
1509 2105 1739 2161 istorum
1786 2110 2109 2164 sententiam

517 2211 683 2264 quam
717 2205 898 2251 mente
946 2196 1124 2266 tepida
1166 2205 1566 2266 conceperunt,
1597 2207 1653 2252 et
1699 2197 1788 2253 isti
1841 2199 2111 2255 beatiores

518 2287 817 2356 Apostolo,
846 2288 973 2356 quia
1002 2289 1072 2343 de
1120 2289 1234 2342 suis
1290 2289 1637 2344 inveniuntur
1689 2291 1741 2345 ei
1794 2291 2112 2347 substantiis

518 2379 878 2448 impertisse?
929 2381 1082 2448 Quod
1130 2396 1320 2437 amens
1364 2382 1592 2451 quilibet
1644 2383 1829 2441 dicere
1873 2401 1979 2442 non
2017 2401 2113 2441 au-

519 2473 688 2529 debit.

1081 2568 1306 2626 CAPUT
1348 2570 1531 2641 xvm.

521 2680 675 2747 Quod
702 2682 745 2734 si
767 2683 1027 2753 apostolos
1051 2684 1248 2737 imitari
1275 2687 1509 2750 velimus,
1547 2703 1645 2741 non
1696 2688 1967 2742 debeamus
2017 2705 2112 2742 no-

589 2753 711 2805 stris
769 2754 1158 2835 deﬁnitionibus
1210 2757 1414 2826 vivere,
1472 2759 1560 2811 sed
1614 2757 1825 2812 illorum
1879 2762 2113 2830 exempla

589 2835 800 2878 sectart.

589 2941 953 3008 Quamobrem
1008 2945 1053 2998 si
1104 2955 1126 2984 ι’
1160 2944 1485 3015 Evangelico
1536 2956 1809 3014 pracepto
1863 2948 2114 3004 volumus

519 3034 740 3090 obedire
765 3075 779 3098 ,
813 3045 869 3089 et
893 3036 1139 3104 Apostoli
1169 3051 1232 3091 ac
1255 3038 1422 3092 totius
1449 3038 1595 3092 illius
1636 3037 1892 3094 Ecclesia:
1923 3039 2114 3109 primi-

2213 1830 2420 1884 diceret
2450 1828 2576 1882 huic
2603 1825 2834 1891 mundo,
2867 1824 3112 1896 quasdam
3141 1823 3243 1879 sibi
3266 1823 3334 1878 de
3366 1822 3601 1892 propriis
3627 1822 3809 1878 facul-

2213 1923 2410 1976 tatibus
2431 1920 2758 1986 reservavit,
2792 1920 2982 1974 nolens
3008 1917 3270 1974 exercitio
3293 1931 3550 1971 manuum
3576 1932 3807 1971 suarum

2212 2013 2524 2078 sustentari,
2557 2021 2612 2069 et
2630 2011 2986 2066 humilitatem
3008 2026 3193 2066 veram
3220 2008 3464 2064 nuditate
3513 2017 3568 2063 et
3618 2009 3808 2078 operis

2213 2106 2556 2170 contritione,
2590 2103 3012 2174 monasteriique
3044 2102 3382 2173 subjectione
3435 2101 3761 2170 conquirere
3791 2120 3805 2154 :

2213 2199 2285 2254 Et
2312 2207 2638 2263 senatorem,
2673 2198 2868 2269 inquit,
2906 2196 3211 2265 perdidisti,
3240 2204 3296 2253 et
3316 2195 3644 2252 monachum
3687 2211 3807 2253 non

2214 2293 2408 2350 fecisti.

2805 2386 3029 2444 CAPUT
3070 2386 3185 2441 XX.

2324 2481 2491 2547 Quam
2521 2479 2918 2551 ignominiosum
2950 2480 3014 2533 sit
3047 2497 3078 2533 a
3104 2479 3426 2550 philargyrta
3451 2480 3708 2550 superari.

2287 2575 2470 2646 Itaque
2498 2578 2542 2630 si
2581 2591 2808 2645 agonem
2848 2574 3146 2644 spiritalem
3188 2584 3398 2629 certare
3437 2574 3678 2642 legitime
3704 2588 3805 2630 cu-

2216 2669 2395 2738 pimus
2417 2710 2431 2733 ,
2463 2668 2605 2724 hunc
2645 2683 2859 2738 quoque
2895 2667 3258 2737 perniciosum
3299 2666 3509 2722 hostem
3541 2681 3569 2720 a
3597 2669 3810 2724 nostris

2215 2760 2474 2816 cordibus
2503 2759 2878 2815 extrudamus.
2913 2759 3082 2825 Quem
3111 2768 3370 2830 quantum
3401 2773 3657 2830 superare
3689 2775 3809 2819 non

2219 2871 2426 2927 magna:
2465 2855 2682 2910 virtutis
2711 2865 2825 2919 est,
2881 2863 3084 2908 tantum
3123 2853 3192 2909 ab
3229 2868 3295 2909 eo
3332 2853 3476 2910 vinci
3509 2863 3531 2890 ο
3563 2854 3809 2923 ignomi-

2219 2950 2437 3004 niosum
2461 2949 2786 3018 plenumque
2815 2946 3119 3002 dedecoris.
3149 2945 3195 3001 A
3225 2954 3445 3015 potente
3467 2947 3610 3001 enim
3643 2948 3808 3016 elidi,

2217 3041 2344 3097 licet
2371 3042 2443 3095 sit
2473 3043 2522 3096 in
2552 3041 2852 3111 dejectione
2884 3039 3059 3103 dolor,
3090 3050 3144 3094 et
3165 3040 3403 3110 gemitus
3427 3035 3809 3096 in"amissione

520 3130 674 3196 tivae,
736 3144 833 3185 seu
885 3129 1108 3186 Patrum
1161 3133 1251 3200 qui
1304 3133 1595 3188 virtutibus
1659 3149 1721 3188 ac
1782 3134 2101 3202 perfectioni
2129 3123 2174 3186 C
2207 3135 2486 3191 victoriae:
2523 3143 2700 3189 tamen
2729 3133 2957 3204 quodam
2983 3131 3143 3188 modo
3175 3133 3242 3188 de
3275 3131 3574 3188 adversarii
3604 3134 3808 3189 robore

1586 3289 1842 3346 ALARDI
1883 3289 2117 3348 GAZA‘JI
2154 3290 2720 3349 COMMENTARIUS.

517 3407 712 3477 quibus
736 3406 822 3460 hic
840 3406 1044 3460 mentio
1073 3405 1348 3477 habetur),
1377 3407 1477 3460 hoc
1499 3415 1601 3474 est,
1625 3416 1682 3461 ut
1708 3407 1899 3464 diebus
1920 3408 2098 3463 domi-

518 3476 655 3533 nicis
695 3479 747 3531 in
789 3489 1056 3532 conventu
1086 3476 1523 3532 Christianorum
1556 3479 1794 3543 pecunia:
1826 3495 1852 3532 a
1886 3481 2098 3534 ditiori-

517 3551 618 3605 bus
638 3551 1050 3618 colligerentur,
1083 3549 1409 3618 pauperihus
1439 3550 1725 3619 erogandae
1749 3590 1763 3614 ,
1805 3551 1967 3621 idque
1997 3567 2094 3618 pro

517 3622 740 3674 arbitrio
794 3631 848 3674 et
887 3621 1174 3675 devotione
1221 3621 1638 3684 conferentium,
1697 3630 1753 3674 ut
1798 3638 1865 3676 ex
1915 3623 2099 3677 multis

517 3693 648 3746 locis
674 3693 912 3760 Apostoli
969 3693 1020 3745 in
1051 3692 1155 3747 hoc
1175 3706 1296 3760 cap.
1326 3693 1502 3746 citatis
1525 3693 1815 3762 colligitur.

588 3763 864 3835 éPhrasis
915 3764 1148 3835 obscura
1199 3774 1253 3818 et
1299 3779 1488 3832 parum
1535 3766 1728 3818 usitata
1759 3807 1774 3832 ,
1825 3780 1945 3835 pro,
1990 3781 2098 3820 non

517 3834 724 3893 valens,
752 3845 842 3887 aut
869 3833 1144 3890 sufficiens
1175 3851 1367 3903 parare
1394 3835 1596 3890 victum
1619 3833 1934 3891 consuetum
1958 3856 1970 3890 :
1993 3839 2098 3900 vel,

515 3916 575 3958 ut
593 3907 894 3978 Dionysius
922 3907 1098 3961 reddit
1132 3925 1143 3960 :
1177 3905 1304 3960 Cum
1329 3924 1427 3960 non
1451 3909 1700 3978 potuisset
1725 3909 1820 3960 sibi
1842 3910 1942 3978 ipsi
1980 3925 2101 3978 pro-

516 3977 646 4046 priis
678 3977 906 4029 manibus
933 3979 1194 4045 acquirere
1221 3981 1409 4031 victum
1434 3977 1813 4044 quotidianum.

588 4046 614 4084 δ
642 4047 700 4100 1d
728 4059 832 4108 est,
862 4048 1004 4100 nulla
1029 4047 1271 4101 Ecclesia
1298 4062 1640 4102 cmnmunem
1676 4050 1861 4100 habuit
1890 4064 2097 4104 mecum

516 4118 782 4172 rationem
823 4117 930 4170 dati
963 4128 1014 4169 et
1043 4119 1246 4183 accepti
1283 4135 1294 4168 :
1346 4117 1471 4184 quia
1521 4119 1664 4169 nulla
1709 4119 1952 4171 Ecclesia
2003 4135 2099 4186 pro

516 4191 755 4256 acceptis
782 4189 1148 4256 spiritualibus
1181 4187 1493 4255 temporalia
1523 4190 1956 4242 communicavit.
1989 4189 2096 4243 Ra-

518 4259 596 4312 tio
625 4261 767 4313 euim
802 4260 1005 4325 accepti
1037 4267 1138 4322 cst,
1170 4273 1329 4327 quam
1373 4258 1531 4327 vulgo
1558 4266 1830 4327 receptam
1865 4271 2057 4314 vocant
2083 4279 2097 4314 :

515 4331 656 4383 ratio
686 4330 825 4396 dati,
856 4344 1014 4396 quam
1038 4345 1332 4396 expensas,
1375 4328 1486 4382 sive
1514 4339 1780 4395 sumptus.
1813 4328 2096 4386 Rationem

517 4415 647 4468 ergo
669 4399 873 4466 accepti
908 4398 1166 4459 fecerant,
1197 4401 1322 4469 quia
1350 4399 1652 4468 spiritualia
1685 4401 1753 4452 ab
1785 4402 1901 4466 ipso
1942 4417 2096 4456 rece-
2147 4409 2150 4420 '

515 4479 752 4541 perant:
789 4472 1054 4524 rationem
1100 4471 1209 4524 dati
1262 4487 1369 4524 non
1421 4469 1678 4532 fecerant,
1711 4474 1834 4541 quia
1865 4473 1996 4527 nihil
2047 4476 2094 4528 ei

515 4540 755 4594 vicissim
780 4542 846 4595 de
871 4542 1025 4595 bonis
1063 4543 1175 4595 suis
1205 4541 1416 4595 fuerant
1461 4542 1666 4608 elargiti
1690 4588 1702 4609 ,
1730 4540 1960 4611 proinde
1992 4560 2093 4599 non

516 4613 1136 4679 communicaverantei,
1169 4614 1203 4665 i.
1236 4629 1284 4665 e.
1310 4629 1415 4666 non
1441 4628 1780 4667 communem
1807 4625 1861 4670 et
1888 4631 2094 4682 aequam

515 4683 763 4737 fecerant
802 4684 1061 4737 rationem
1090 4684 1196 4736 dati
1225 4692 1279 4738 et
1304 4686 1542 4753 accepti;
1573 4685 1714 4752 quod
1739 4685 1944 4740 Gallice
1963 4687 2092 4740 dici-

518 4769 640 4807 mus
661 4796 675 4819 ,
711 4753 864 4808 Tenir
889 4764 1085 4823 compte
1106 4755 1168 4808 de
1195 4757 1246 4809 la
1275 4766 1457 4810 recette
1499 4764 1546 4808 et
1572 4757 1658 4809 des
1681 4758 1829 4811 mises
1869 4759 2098 4826 recipro-

516 4835 768 4894 quement.

596 4906 617 4932 ε
659 4896 992 4968 Praeceptum
1031 4896 1419 4965 Evangelicum
1459 4896 1709 4968 intelligit
1740 4897 1869 4952 illud
1907 4899 2096 4954 Matth.

515 4981 644 5040 xix:
689 4967 748 5022 Si
775 4969 846 5020 vis
875 4970 1127 5038 perfectus
1166 4985 1300 5035 esse,
1341 4970 1504 5034 vade,
1561 4967 1718 5023 vende
1767 4971 1942 5022 omnia
1988 4987 2101 5040 qua:

517 5035 671 5090 habes
699 5079 714 5100 ,
741 5035 885 5101 etc.;'
911 5035 1064 5106 cujus
1091 5040 1468 5109 meminitcap.
1497 5056 1606 5095 xvr.
1637 5041 1726 5096 Vel
1752 5041 1896 5096 illam
1924 5035 2101 5096 Evan-

514 5109 745 5183 gelicam
771 5111 1094 5183 sententiam
1127 5113 1193 5166 de
1218 5127 1378 5166 cruce
1405 5112 1615 5167 Domini
1645 5113 1902 5183 portanda
1928 5156 1941 5179 ,
2000 5128 2099 5180 per

515 5180 872 5252 voluntariam
920 5183 1129 5236 scilicet
1187 5193 1554 5252 paupertatem
1606 5180 1660 5238 et
1705 5185 2093 5239 obedientiam.

514 5247 848 5324 Prii-ceptum
881 5266 1058 5308 autem
1091 5247 1253 5309 hic'et
1280 5247 1406 5309 alibi
1437 5255 1744 5322 frequenter
1773 5256 1964 5324 accipit
1999 5271 2095 5323 pro

511 5323 739 5394 consilio
771 5323 1096 5394 Evangelico
1121 5368 1136 5390 ,
1193 5342 1341 5380 more
1371 5337 1425 5380 et
1483 5342 1586 5379 usu
1633 5323 1928 5392 primorum
1961 5326 2095 5380 lide-

511 5391 664 5459 lium,
698 5397 786 5464 qui
829 5391 1031 5451 noriita
1059 5398 1271 5452 curiose
1314 5391 1717 5465 distinguebant
1772 5395 1912 5449 inter
1952 5412 2093 5463 pra:-

511 5473 667 5532 cepta
688 5475 744 5539 et
769 5469 993 5522 consilia
1019 5468 1340 5539 Evangelica
1367 5486 1380 5529 ;
1412 5469 1505 5522 sed
1559 5468 1776 5539 fervore
1796 5466 2094 5539 devotionis

513 5535 775 5602 accensi,
806 5538 1065 5607 quidquid
1096 5535 1214 5594 era't
1235 5539 1569 5608 Evangelicaa
1608 5537 1869 5592 doctrinae
1894 5579 1908 5601 ,
1949 5538 2095 5592 velut

511 5617 843 5675 praeceptum
876 5611 1341 5678 amplexabantur,
1393 5619 1446 5663 et
1487 5624 1705 5664 scrvare
1757 5608 2044 5664 studebant
2079 5628 2088 5660 :

512 5683 573 5728 ut
599 5686 744 5749 patet
772 5679 824 5732 in
853 5682 937 5733 his
959 5682 1048 5749 qui
1083 5690 1203 5749 post
1229 5683 1603 5734 ascensionem
1654 5681 1897 5746 Domini,
1929 5679 2091 5748 primi

513 5747 866 5803 crediderunt
893 5747 1266 5816 Jer‘osolymis.
1297 5751 1630 5820 Quamquam
1661 5753 1824 5810 etiam
1853 5747 2091 5809 Athana-

2206 3409 2316 3463 sius
2362 3409 2414 3461 in
2446 3408 2563 3460 Vita
2594 3407 2652 3461 S.
2689 3407 2942 3469 Antonii,
2983 3416 3038 3461 et
3085 3406 3312 3461 Basilius
3356 3405 3409 3460 in
3439 3405 3684 3461 oratione
3730 3409 3805 3464 ad

2204 3480 2427 3547 divites,
2464 3489 2786 3548 praeceptum
2827 3478 3163 3532 Dominicum
3211 3488 3405 3530 vocant
3447 3477 3537 3531 illa
3583 3480 3752 3533 verba
3785 3528 3799 3548 ,

2213 3550 2386 3614 Vade,
2419 3551 2574 3603 vende
2607 3552 2776 3602 omnia
2797 3567 2911 3620 qua:
2937 3549 3112 3607 habes.
3157 3558 3202 3601 et
3232 3548 3300 3600 da
3327 3549 3659 3619 pauperibus.
3688 3551 3801 3605 Sed

2205 3620 2514 3691 intelligunt
2563 3631 2888 3690 praeceptum
2946 3621 3372 3676 conditionatum
3393 3661 3407 3683 ,
3438 3636 3543 3674 non
3576 3620 3802 3675 absolu-

2206 3702 2357 3757 tum;
2405 3693 2528 3762 quia
2563 3709 2670 3746 non
2699 3693 2954 3747 omnibus
2991 3692 3172 3746 datum
3205 3701 3318 3756 est,
3350 3691 3445 3745 sed
3465 3692 3542 3762 iis
3588 3700 3799 3748 tantmn

2204 3764 2292 3832 qui
2322 3761 2558 3833 cupiunt‘
2573 3779 2694 3818 esse
2721 3763 2973 3833 perfecti,
3002 3773 3058 3818 et
3083 3763 3185 3817 sub
3211 3762 3310 3816 hac
3338 3761 3653 3816 conditione
3683 3779 3696 3813 :
3737 3766 3803 3818 Si

2203 3838 2276 3886 vis
2303 3839 2555 3889 perfectus
2581 3852 2718 3889 esse.
2745 3845 2853 3889 etc.

2275 3856 2276 3859 η
2303 3839 2555 3905 perfectus
2581 3852 2718 3900 esse,
2745 3845 2853 3890 etc.

2275 3903 2300 3941 ἀ
2332 3906 2573 3961 Graecam
2604 3908 2740 3961 hanc
2753 3921 2940 3962 vocem
2963 3920 3031 3960 ex
3054 3903 3312 3958 Vaticano
3333 3903 3628 3973 exemplari
3657 3905 3799 3960 scite

2204 3991 2268 4030 ac
2299 3979 2490 4032 tnerito
2517 3979 2752 4032 restituit
2780 3975 3066 4031 Ciaconius
3085 4017 3097 4039 ,
3144 3991 3268 4029 cum
3295 3979 3559 4029 hactenus
3600 3975 3799 4031 vitiose

2203 4046 2471 4115 legeretur
2486 4049 2826 4118 Syncletium,
2845 4047 3294 4116 quemadmodum
3316 4047 3478 4118 etiam
3496 4045 3792 4116 Dionysius

2204 4121 2493 4185 expressit,
2522 4135 2728 4182 errore,
2757 4120 2841 4182 vel
2871 4121 3107 4180 incuria;
3153 4128 3208 4170 ut
3229 4117 3447 4181 caeteri;
3497 4119 3646 4185 quasi
3698 4135 3798 4170 no-

2204 4205 2326 4242 men
2350 4202 2489 4244 esset
2523 4191 2798 4259 pr0prium
2841 4189 3021 4253 illius,
3071 4191 3154 4242 cui
3207 4191 3307 4259 hoc
3355 4205 3382 4241 a
3431 4188 3557 4242 divo
3592 4187 3795 4243 Basilio

2203 4259 2433 4319 dictum.
2476 4259 2607 4313 Nam
2631 4258 2990 4332 συγκλητικὸς
3016 4260 3227 4332 Graece,
3279 4258 3742 4332 Latinesenator
3776 4300 3791 4324 ,

2202 4333 2342 4383 sicut
2397 4339 2451 4385 et
2489 4329 2769 4402 ωγκλητὸς
2824 4343 3044 4386 senatus
3099 4331 3316 4385 dicitur.
3376 4329 3548 4402 Verba
3601 4329 3792 4384 Graeca

2205 4402 2367 4454 etiam
2393 4416 2421 4454 a
2451 4401 2702 4456 CiaConio
2735 4404 2900 4455 relata
2926 4443 2940 4463 ,
2983 4414 3037 4456 et
3064 4402 3220 4455 fidem
3265 4401 3481 4455 lectioni
3514 4411 3790 4464 astruunt,

2202 4483 2254 4524 et
2284 4487 2465 4537 parem
2497 4487 2616 4526 cum
2651 4473 2856 4527 Latinis
2885 4473 3204 4542 elegantiam
3238 4470 3473 4529 habent:
3525 4487 3584 4524 ca
3619 4484 3748 4525 sunt
3778 4490 3790 4524 :

2202 4548 2283 4597 καὶ
2303 4546 2387 4596 τὸν
2415 4545 2741 4615 συγκλητικὸν
2763 4545 3034 4605 ἀπόλεσας.
3056 4550 3140 4598 καὶ
3160 4544 3390 4618 μονᾳχὸν
3411 4544 3498 4596 οὐκ
3521 4544 3790 4618 ἐποίησας.

2201 4619 2518 4670 Senatorem
2541 4619 2687 4670 enim
2727 4616 2815 4670 ille
2839 4615 3170 4684 perdiderat,
3201 4615 3323 4684 quia
3347 4615 3672 4667 senatoriam
3709 4615 3792 4667 di-

2122 4720 2178 4783 D
2201 4687 2458 4755 gnitatetn
2483 4687 2834 4783 deposluerat,
2866 4696 2926 4740 ut
2949 4691 3242 4783 monachus
3291 4684 3483 4783 fieret“;
3525 4694 3578 4738 et
3609 4695 3792 4783 tamen

2211 4772 2396 4812 verum
2453 4759 2775 4812 monachum
2834 4773 2937 4811 non
2971 4759 3202 4817 fecerat,
3237 4771 3359 4824 qu'a
3414 4767 3790 4820 paupertatem

2209 4830 2559 4883 monasticam
2587 4831 2770 4883 subire
2810 4830 3046 4882 nolebat.
3093 4828 3261 4881 Porro
3305 4827 3358 4879 in
3406 4825 3541 4880 Vitis
3571 4825 3792 4881 Patrum

2208 4901 2395 4954 eadem
2429 4904 2694 4953 sententia
2723 4901 2794 4953 ita
2814 4900 3044 4954 refertur
3071 4918 3080 4949 :
3115 4898 3178 4950 Et
3199 4909 3408 4951 senator
3437 4913 3544 4950 esse
3570 4899 3792 4960 desiisti,

2209 4980 2256 5023 et
2285 4974 2587 5023 monachum
2617 4988 2718 5023 non
2747 4972 2928 5040 fecisti.
2962 4972 3038 5024 Ex
3062 4969 3254 5038 quibus
3283 4967 3421 5038 (Lib.
3459 4983 3510 5029 v,
3546 4969 3706 5022 libell.
3733 4970 3793 5037 6)

2207 5050 2356 5114 patet
2385 5057 2568 5114 vocem
2621 5039 2764 5114 illam
2800 5043 3153 5114 Syncleticum
3191 5040 3460 5109 superﬂue
3505 5039 3742 5114 additam
3777 5085 3792 5104 ,

2210 5112 2432 5180 proinde
2463 5115 2513 5165 in
2543 5113 2642 5167 hac
2691 5111 2929 5167 editione
2979 5112 3173 5166 merito
3223 5120 3549 5179 expunctum
3599 5111 3792 5166 fuisse.

2207 5182 2338 5237 Cum
2359 5186 2500 5237 enim
2541 5185 2880 5254 Syncleticus
2911 5184 3053 5238 idem
3095 5184 3166 5236 sit
3203 5183 3344 5252 quod
3384 5191 3641 5254 senatori,
3675 5192 3794 5233 tau-

2205 5254 2400 5318 tologia
2441 5251 2626 5310 esset:
2661 5251 2728 5308 Et
2768 5267 3052 5308 senatorem
3085 5251 3439 5324 Syncleticum
3485 5253 3793 5321 perdidisti,

2203 5335 2250 5378 et
2279 5326 2586 5379 monachum
2622 5344 2725 5380 non
2756 5327 2940 5396 fecisti.

2278 5407 2300 5432 θ
2329 5399 2565 5451 Avaritia
2609 5392 2765 5466 turpe
2807 5399 2994 5451 vitium
3033 5407 3085 5452 et
3138 5396 3604 5466 ignominiosum;
3629 5392 3796 5449 Unde

2202 5469 2398 5547 merito
2444 5463 2762 5547 indeomnis:
2808 5469 2879 5547 ab
2920 5463 3216 5547 Aristotele
3237 5468 3377 5547 dicta
3423 5467 3534 5547 (Vl-1‘
3547 5463 3794 5547 (Ellum),

2202 5541 2322 5609 quia
2352 5555 2441 5594 res
2466 5543 2534 5595 ab
2565 5537 2779 5593 honiine
2808 5539 2983 5594 libero
3007 5543 3240 5595 maxime
3262 5537 3458 5594 aliena.
3492 5537 3562 5593 Et
3593 5537 3794 5590 Cicero

2201 5611 2433 5679 quodam
2465 5614 2584 5668 loco
2615 5612 2754 5665 dixit
2780 5652 2795 5676 ,
2828 5612 2959 5666 nihil
2986 5627 3107 5667 esse
3138 5624 3245 5668 tam
3268 5613 3518 5684 angusti,
3556 5622 3795 5684 tamque

2200 5684 2350 5752 parvi
2375 5686 2560 5752 animi,
2589 5700 2748 5754 quam
2772 5697 2952 5739 amare
2980 5685 3263 5753 pecuniam
3299 5683 3436 5757 (Lib.
3472 5701 3511 5741 ιι
3537 5683 3736 5759 0/ﬁc.).
