4016 6202
145 213 248 275 515

146 333 298 389 victis
325 333 580 390 nascitur
608 337 938 391 consolatio.
970 334 1068 390 Sin
1096 346 1229 388 vero
1256 342 1312 388 et
1339 333 1589 389 inimicus
1618 334 1735 388 exi-

145 427 243 492 lis,
290 436 349 483 et
393 443 572 498 genus
617 426 1011 484 colluctationis
1055 425 1366 482 infirmum:
1398 425 1535 480 ultra
1575 424 1732 495 deje-

144 518 343 574 ctionis
385 518 637 574 dolorem
676 518 923 574 confusio
960 518 1195 588 turpior,
1233 527 1287 572 et
1315 516 1603 588 ignominia
1628 515 1732 573 de-

146 614 411 668 trimento
440 613 661 684 gravior
699 612 947 670 infertur.

706 716 733 745 ⁸
761 706 988 763 CAPUT
1025 704 1172 762 XXI.

334 800 782 869 Quemadmodum
808 800 1103 872 superanda
1127 799 1196 855 sit
1212 797 1556 871 phitarggria.

219 892 298 949 De
340 909 451 964 quo
498 894 615 949 haec
657 893 761 949 erit
804 908 1017 949 summa
1060 892 1289 949 victoria
1318 890 1734 962 triumphusque

149 996 447 1056 perpetuus
482 1003 496 1039 :
540 995 599 1041 ut
634 986 1092 1057 quemadmodum
1129 985 1347 1050 dicitur,
1390 996 1495 1040 nec
1528 984 1735 1042 minuto

142 1077 365 1146 quidem
389 1092 614 1133 nummo
640 1078 973 1134 conscientia
1000 1077 1258 1134 monachi
1290 1075 1589 1147 polluatur.
1622 1074 1732 1131 lm-

140 1170 406 1239 possibile
455 1186 691 1242 namque
738 1179 844 1237 cst,
894 1186 1044 1239 eum,
1095 1171 1184 1243 qui
1228 1171 1408 1225 victus
1450 1169 1503 1224 in
1538 1168 1731 1240 exigua

137 1262 285 1333 stipe
332 1264 788 1336 concupiscentia:
832 1265 1001 1320 semel
1050 1264 1103 1319 in
1146 1261 1310 1320 corde
1357 1276 1459 1317 suo
1492 1260 1730 1317 radicem

137 1359 475 1427 susceperit,
510 1373 619 1414 non
646 1358 874 1430 majoris
903 1358 1164 1415 desiderii
1203 1357 1456 1429 protinus
1481 1356 1732 1413 incendio

132 1447 489 1520 conﬂagrari.
521 1448 755 1505 Tamdiu
783 1464 1019 1518 namque
1043 1450 1199 1505 miles
1226 1447 1434 1504 Christi
1462 1448 1641 1503 victor
1666 1461 1731 1503 ac

134 1554 390 1608 securus,
416 1538 446 1580 δ
480 1550 785 1612 cunctaque
822 1540 1138 1611 cupiditatis
1178 1540 1583 1612 impugnatione
1627 1540 1731 1595 erit

132 1645 432 1701 externus,
458 1634 638 1691 donec
663 1635 816 1690 initia
845 1634 1301 1702 concupiscentiae
1325 1633 1488 1705 hujus
1516 1633 1603 1688 bic
1631 1648 1725 1688 ne-

131 1730 438 1799 quissimus
466 1729 693 1798 spiritus
732 1729 788 1784 in
826 1728 948 1798 ejus
975 1727 1140 1784 corde
1168 1743 1278 1784 non
1324 1730 1542 1784 severit.
1575 1727 1722 1796 Qua-
1752 1734 1804 1797 Β

128 1832 366 1892 propter
378 1836 503 1876 cum
527 1820 585 1875 in
607 1821 819 1878 cunctis
829 1821 1121 1892 generibus
1132 1820 1386 1877 vitiorum
1397 1821 1725 1891 generaliter

126 1915 419 1984 serpentis
447 1922 612 1985 caput
638 1922 891 1985 oporteat
916 1925 939 1954 ο
966 1915 1204 1980 servari,
1238 1914 1291 1969 in
1322 1913 1425 1969 hoc
1452 1913 1726 1984 praecipue

126 2010 453 2079 diligentius
477 2010 739 2065 convenit
756 2008 1075 2081 praecaveri.
1100 2006 1256 2077 Quod
1280 2007 1328 2063 si
1353 2007 1518 2063 fuerit
1547 2009 1721 2063 intro-

128 2104 363 2159 missum
389 2144 405 2169 ,
451 2117 552 2157 sua
588 2103 814 2157 materia
848 2101 1269 2168 convalescens,
1296 2100 1475 2171 ipsum
1506 2099 1727 2157 sibimet

127 2194 542 2251 vehementiora
586 2192 874 2250 suscitabit
909 2194 1179 2249 incendia.
1218 2192 1454 2263 Ideoque
1494 2208 1603 2248 non
1636 2207 1726 2248 so-

126 2286 240 2340 lum
273 2286 623 2356 pecuniarum
646 2294 732 2341 est
749 2285 996 2341 cavenda
1025 2284 1322 2355 possessio,
1342 2299 1530 2339 verum
1555 2286 1721 2340 etiam

128 2379 389 2433 voluntas
432 2378 546 2447 ipsa
590 2377 660 2432 ab
710 2378 893 2433 animo
940 2378 1157 2448 penitus
1193 2375 1554 2432 extrudenda.
1604 2376 1720 2433 Non

127 2472 285 2526 enim
317 2478 427 2525 tam
470 2470 693 2525 effectus
720 2469 1066 2542 pbilargyriae
1109 2469 1365 2526 vitandus
1406 2479 1529 2538 est,
1558 2484 1719 2540 quam

126 2565 363 2621 aﬂ’ectus
407 2564 575 2633 ipsius
627 2564 888 2620 radicitus
938 2562 1323 2635 amputandus.
1378 2561 1524 2619 Nihil
1575 2562 1720 2619 enim

127 2658 373 2728 proderit
402 2656 664 2728 pecunias
692 2671 801 2711 non
834 2656 1071 2724 habere,
1116 2655 1164 2711 si
1185 2655 1441 2713 voluntas
1479 2654 1535 2710 in
1563 2652 1721 2710 nobis

128 2750 290 2807 fuerit
311 2748 647 2821 possidendi.

716 2839 943 2897 CAPUT
972 2840 1142 2896 XXII.

128 2934 287 3001 Quod
316 2936 474 3006 possit
501 2934 638 3005 quis,
666 2933 822 2988 etiam
849 2948 954 2987 non
982 2932 1176 3006 habens
1200 2933 1481 3004 pecunias,
1513 2930 1716 3003 philar-

710 3020 871 3075 ggrus
886 3004 1142 3075 judicari.

618 216 709 275 ne
750 213 1226 274 moritorium
1263 211 1509 272 INSTIT.
1550 212 1685 272 un.

1829 253 1842 273 .
1868 242 1941 260 -
1969 214 2058 273 DE
2096 215 2372 275 SPIRITU
2410 215 2926 279 PHILARGYRIE.

3313 224 3426 290 δη

1831 336 2101 404 prodesse
2138 328 2167 370 τι
2210 335 2537 391 beneﬁcium
2580 336 2886 406 nuditatis,
2933 338 3059 409 quia
3107 341 3428 411 cupiditatis

1837 428 2030 483 vitium
2078 441 2331 484 resecare
2378 444 2485 485 non
2524 430 2722 498 valuit;
2755 433 3086 503 paupertatis
3111 434 3277 502 bono.
3311 454 3424 499 non

1843 522 2057 579 virtutis
2085 523 2281 579 merito
2310 522 2632 592 delectatus,
2662 535 2716 582 et
2745 528 3087 585 necessitatis
3110 544 3281 587 onere
3311 547 3420 590 non

1833 615 1955 671 sine
2013 616 2196 672 cordis
2256 616 2515 688 languore
2566 620 2892 678 contentus.
2954 621 3423 691 Quemadmodum

1834 707 1980 764 enim
2007 722 2239 779 corpore
2269 725 2373 764 non
2399 711 2634 780 pollutos
2666 722 2689 750 °
2715 712 3073 784 Evangelicus
3095 729 3277 772 sermo
3303 732 3424 787 pro-

1835 800 2051 855 nuntiat
2097 801 2261 857 corde
2291 802 2588 859 mmcbatos
2620 804 2849 877 (Matth.
2884 807 3001 878 tu);
3049 807 3125 863 ita
3174 810 3420 879 pecunia:

1833 906 2052 963 quoque
2076 893 2317 963 pondere
2342 893 2569 951 minime
2585 896 2906 965 sarcinatos,
2928 897 3127 955 aﬂ'ectu
3154 914 3218 956 ac
3238 911 3422 957 mente

1835 1000 1956 1042 cum
1986 985 2317 1058 philargyris
2348 988 2702 1044 condemnari
2744 990 3006 1061 possibile
3043 1001 3148 1047 est.
3192 992 3421 1048 Occasio

1834 1083 1983 1141 enim
2006 1083 2087 1138 eis
2115 1081 2349 1139 habendi
2380 1084 2572 1152 defuit,
2602 1100 2709 1141 non
2741 1085 3022 1154 voluntas;
3053 1101 3175 1157 quae
3198 1102 3419 1156 semper

1834 1174 1975 1245 apud
2002 1175 2173 1230 Deum
2216 1176 2357 1231 solet
2404 1178 2576 1248 magis
2612 1192 2772 1249 quam
2804 1179 3103 1235 necessitas
3139 1180 3414 1235 coronari.

1840 1265 2031 1338 Itaque
2054 1267 2419 1325 festinandum
2451 1270 2607 1326 nobis
2633 1278 2740 1339 est,
2771 1286 2842 1327 ne
2862 1270 2917 1326 in
2940 1286 3137 1327 vanum
3165 1272 3417 1328 laborum

1834 1367 2150 1416 nostrorum
2178 1359 2545 1417 emolumenta
2574 1361 2888 1434 depereant.
2933 1362 3236 1419 Miserabile
3261 1379 3417 1420 natu-

1833 1466 1938 1522 que
1971 1459 2060 1507 est
2105 1452 2439 1522 paupertatis
2483 1467 2547 1509 ac
2589 1453 2847 1510 nuditatis
2891 1454 3072 1511 exitus
3118 1455 3416 1524 tolerasse;

1828 1542 2034 1602 fructus
2054 1559 2186 1602 vero
2203 1559 2385 1601 earum
2409 1559 2576 1601 cassae
2595 1545 2891 1603 voluntatis
2918 1548 3054 1605 vitio
3080 1546 3411 1620 perdidisse.

2376 1680 2607 1739 CAPUT
2652 1681 2845 1739 XXIII.

2321 1795 2631 1865 Exemplum
2654 1796 2719 1851 de
2742 1795 2905 1853 Iuda.

1900 1905 1993 1963 Vis
2014 1919 2184 1964 nosse
2205 1921 2366 1978 quam
2392 1909 2716 1977 perniciose,
2736 1924 2895 1980 quam
2918 1912 3079 1969 noxie
3099 1911 3271 1971 fomes
3287 1913 3417 1986 iste,-

1826 2001 1931 2057 nisi
1956 2001 2118 2058 fuerit
2144 2001 2433 2074 diligenter
2458 2004 2696 2073 excisus,
2730 2005 2798 2059 ad
2824 2005 2946 2075 ejus
2975 2006 3256 2063 interitum
3274 2053 3289 2078 ,
3318 2011 3412 2080 qui

1827 2109 1951 2150 eum
2004 2096 2315 2164 conceperit
2339 2137 2355 2162 ,
2387 2095 2682 2153 fructificet
2705 2137 2722 2163 ,
2768 2107 2825 2153 et
2853 2100 3154 2170 omnigenis
3185 2102 3414 2171 pullulet

1825 2188 2150 2243 ramusculis
2178 2187 2482 2244 vitiorum?
2525 2189 2758 2257 Respice
2797 2189 2990 2245 Judam
3036 2193 3409 2262 apostolorum

1826 2294 2058 2335 numero
2083 2279 2433 2349 deputatum,
2469 2281 2599 2353 quia
2630 2281 2804 2337 noluit
2828 2282 3097 2353 serpentis
3128 2284 3285 2354 hujus
3314 2300 3411 2341 ca-

1825 2380 1925 2442 put
1951 2370 2152 2427 lethale
2181 2382 2487 2439 conterere,
2528 2374 2765 2444 qualiter
2784 2388 2908 2431 eum
2932 2388 3032 2431 suo
3052 2390 3263 2432 veneno
3288 2392 3411 2448 per-

1825 2462 2020 2518 emerit
2042 2470 2098 2519 et
2134 2464 2593 2534 concupiscentia:
2618 2464 2830 2535 laqueis
2860 2465 3129 2523 irretitum
3153 2466 3221 2523 ad
3246 2482 3408 2539 quam

1822 2554 2036 2628 abrupti
2073 2555 2357 2627 praecipitii
2404 2557 2607 2614 crimen
2639 2557 2961 2628 impegerit,
3006 2568 3066 2614 ut
3103 2558 3411 2630 redempto-

1823 2662 1939 2704 rem
1987 2648 2173 2703 mundi
2218 2657 2273 2703 et
2321 2647 2575 2704 humanae
2621 2649 2812 2705 salutis
2859 2659 3138 2707 auctorem
3189 2652 3410 2724 triginta

1823 2740 2095 2809 argenteis
2120 2741 2455 2809 persuaserit
2482 2740 2739 2797 vendere.
2774 2741 2880 2810 Qui
2902 2757 3241 2816 nequaquam
3262 2760 3411 2805 esset

1821 2835 1891 2890 ad
1922 2845 2035 2890 tam
2077 2835 2367 2890 scelestum
2396 2836 2719 2905 proditionis
2757 2836 2969 2893 facinus
3006 2837 3291 2897 devolutus
3314 2883 3329 2907 ,
3358 2844 3406 2899 si

1824 2942 1932 2983 non
1980 2927 2328 2999 philargyria
2369 2928 2565 2983 morbo
2603 2926 2795 2984 fuisset
2838 2929 3070 2986 infectus
3104 2949 3119 2987 :
3159 2948 3260 2989 nec
3297 2933 3407 2990 Do-

1822 3024 2037 3079 minicaa
2069 3022 2089 3061 ί
2115 3021 2416 3094 negationis
2445 3021 2555 3095 [ΑΙ.
2585 3023 2911 3098 necationis]
2955 3041 3083 3083 reus
3112 3029 3407 3100 sacrilegus

190 3120 468 3177 Possibile
495 3133 733 3189 namque
773 3118 935 3172 etiam
982 3132 1089 3172 non
1119 3117 1411 3173 habentem
1459 3116 1715 3184 pecunias
1741 3123 1790 3189 α
1819 3115 2159 3183 exstitisset,
2207 3115 2311 3169 nisi
2342 3116 2491 3186 prius
2529 3114 2723 3173 solitus
2761 3115 2956 3175 fuisset
2979 3128 3005 3167 δ
3035 3119 3272 3178 creditos
3299 3121 3405 3180 sibi

128 3227 470 3285 nequaquam
514 3210 862 3283 pbilargyria:
893 3209 1089 3266 morbo
1119 3224 1337 3279 carere,
1387 3208 1630 3282 nihilque
1656 3208 1707 3265 ei
1816 3208 2024 3264 loculos
2048 3208 2362 3277 compilare.

1190 3345 1451 3402 ALARDI
1489 3345 1725 3403 ΕΑΖᾸΞΙ
1759 3344 2328 3404 COMMENTARIUS.

203 3464 448 3523 'Totum
488 3465 595 3520 hoc
632 3470 799 3532 caput
842 3462 1126 3533 praeclaris
1168 3462 1455 3519 sententiis
1502 3470 1560 3518 et
1600 3477 1715 3518 me-

133 3541 325 3595 moria
345 3534 795 3593 commendandis
819 3534 1117 3590 redundat:
1147 3549 1281 3603 quas
1298 3533 1366 3587 ad
1390 3533 1550 3588 ﬁnem
1580 3548 1713 3603 ope-

132 3612 197 3665 ris
218 3624 357 3665 cum
388 3609 511 3662 aliis
537 3605 915 3661 selectioribus
944 3605 997 3659 in
1024 3604 1271 3661 ordinem
1293 3603 1624 3672 redigemus.

191 3681 216 3720 δ
249 3679 487 3736 Pbrasis
507 3678 769 3733 Cassiano
796 3676 1104 3745 peculiaris.
1138 3675 1244 3729 Pro
1266 3688 1374 3743 quo
1396 3674 1713 3745 Dionysius:

138 3752 201 3806 Ab
226 3752 373 3806 omni
399 3748 787 3821 impugnatione
811 3748 1111 3821 cupiditatis
1256 3746 1519 3798 immunis.

202 3834 221 3862 ε
246 3823 306 3878 1d
331 3831 421 3876 est
443 3814 729 3882 observari,
749 3818 854 3883 vel,
877 3814 939 3871 ut
960 3816 1094 3872 infra
1125 3816 1276 3881 dicit,
1305 3816 1602 3883 praecaveri,
1627 3814 1718 3869 ubi

140 3903 441 3964 serpentem
470 3901 631 3964 vocat
657 3889 966 3964 diabolum,
999 3885 1451 3964 quemadmodum
1483 3894 1537 3940 et
1561 3900 1722 3955 supe-

140 3956 271 4021 riore
300 3965 487 4019 libro:
534 3961 688 4031 cujus
710 3958 984 4031 serpentis
1018 3956 1182 4025 caput
1212 3956 1551 4031 observatur,
1581 3972 1721 4031 prae-

140 4016 375 4098 etiam”,
424 4016 478 4089 et
521 4016 820 4088 secundum
850 4016 1119 4099 vulgatam
1152 4016 1456 4082 versionem
1485 4016 1721 4083 conteri-

144 4118 239 4172 tur,
283 4110 420 4161 dum
447 4104 566 4175 ejus
592 4100 1033 4173 suggestionibus
1064 4100 1272 4155 fortiter
1319 4112 1383 4153 ac
1411 4099 1529 4155 sine
1566 4114 1718 4154 mora

142 4181 429 4233 resistitur.

205 4247 230 4287 ἀ
262 4250 318 4303 id
362 4256 491 4312 est,
542 4243 814 4316 professio
852 4240 1201 4314 paupertatis.
1249 4240 1407 4316 Nulla
1450 4241 1716 4316 siquidem

147 4320 311 4388 major
360 4333 484 4375 esse
524 4312 743 4372 nuditas
788 4312 983 4384 potest,
1028 4328 1207 4388 qua_m_
1234 4312 1714 4388 religiosistatus,

145 4383 255 4457 quae
300 4404 414 4445 non
472 4389 648 4444 solum
698 4383 1071 4456 paupertatem
1121 4384 1359 4457 inducit;
1415 4383 1509 4457 sed
1553 4385 1715 4457 etiam

147 4454 379 4515 omnium
407 4472 590 4515 rerum
621 4454 966 4527 possessione
989 4496 1005 4520 ,
1035 4455 1364 4525 proprietate
1386 4469 1450 4508 ac
1471 4454 1716 4527 dominio

147 4547 405 4601 quemque
450 4528 775 4585 monachum
825 4529 1041 4601 penitus
1089 4527 1255 4601 exuit‘
1277 4533 1331 4580 et
1374 4526 1575 4601 spoliat
1600 4543 1629 4601 Δς
1660 4535 1718 4601 ut

150 4595 252 4656 non
292 4595 449 4655 modo
493 4614 685 4670 agrum
733 4595 842 4652 aut
861 4597 1117 4661 domum,
1144 4595 1281 4670 sed,
1331 4605 1389 4650 ut
1422 4596 1550 4650 alibi
1579 4597 1723 4670 dixit

149 4671 460 4739 Cassianus,
491 4668 595 4725 non
624 4679 842 4734 vestem,
873 4684 975 4722 non
1002 4668 1309 4739 graphium,
1334 4683 1437 4720 non
1459 4669 1719 4739 calamum

1822 3461 2309 3533 possessionesque
2366 3464 2711 3535 relinquere,
2770 3475 2864 3522 aut
2910 3466 2979 3522 iis
3022 3480 3251 3534 carere;
3302 3471 3403 3528 sed

1822 3541 2042 3603 oportet
2096 3548 2312 3589 omnem
2369 3550 2555 3591 earum
2601 3536 2898 3603 affectum,
2952 3545 3009 3591 et
3064 3539 3403 3597 voluntatem

1860 3603 2139 3659 ossidendi
2198 3604 2555 3672 deposuisse,
2612 3616 2672 3661 ut
2722 3608 2812 3660 hic
2875 3607 3034 3662 docet
3085 3608 3400 3666 Cassianus.

1869 3691 1955 3730 am
1988 3674 2315 3757 philargyria
2367 3691 2475 3757 non
2518 3685 2626 3730 tam
2661 3679 2712 3757 iu
2764 3678 3119 3757 possessione
3148 3694 3306 3747 quam
3347 3681 3403 3738 in

1822 3761 2010 3802 amore
2032 3746 2341 3800 divitiarum
2367 3756 2460 3799 aut
2510 3748 2864 3814 pecuniarum
2895 3746 3179 3810 consistit,
3209 3759 3268 3802 ut
3297 3764 3397 3805 no-

1823 3833 1946 3872 men
1979 3818 2152 3887 ipsum
2183 3825 2362 3871 sonat.
2393 3815 2571 3887 iUnde
2602 3816 2803 3885 passim
2838 3816 2905 3887 in
2923 3817 3221 3884 Scripturis
3243 3859 3260 3885 ,
3310 3821 3402 3879 ubi

1822 3889 2008 3962 Graece
2033 3887 2353 3962 φιλάργιςρρι,
2386 3886 2579 3962 Latine
2617 3886 2914 3962 cupidi_vel
2939 3888 3091 3941 avari
3122 3888 3400 3962 dicuntur,

1822 3959 1976 4028 quasi
2008 3957 2326 4026 airis'a'vi'di,
2361 3964 2418 4010 ut
2446 3957 2652 4012 dictum
2676 3967 2758 4011 est
2780 3957 2959 4028 (Lucas
2984 3974 3099 4025 xvr,
3129 3959 3152 4016 l
3181 3959 3314 4019 Tim.
3342 3957 3403 4021 ut

1824 4040 1871 4084 et
1899 4030 1941 4085 ll
1969 4028 2108 4084 Tim.
2132 4026 2233 4097 in).
2948 4086 2951 4087 ν

1824 4040 1871 4084 et
1899 4032 1941 4084 ll
1969 4032 2108 4084 Tim.
2132 4032 2233 4084 in).

1898 4110 1921 4138 ο
1963 4100 2200 4175 Matthmi
2240 4113 2325 4175 v_:
2369 4099 2471 4165 Qui
2504 4099 2689 4175 viderit
2731 4101 3011 4175 mulierem,
3041 4102 3112 4155 ad
3152 4108 3403 4175 concupi-

1820 4172 2064 4226 scendam
2102 4188 2240 4235 eam,
2272 4173 2389 4240 jam
2416 4170 2693 4226 moechatus
2723 4183 2803 4226 est
2837 4189 2952 4226 eam
2994 4174 3050 4227 in
3096 4176 3249 4229 corde
3281 4170 3399 4232 suo.

1822 4244 2284 4313 Quemadmodum
2304 4256 2433 4313 ergo
2454 4243 2570 4296 sola
2594 4242 3030 4313 concupiscentia
3059 4248 3245 4300 uxoris
3270 4247 3403 4303 alie-

1823 4329 1908 4368 nte
1952 4312 2178 4369 efﬁcitur
2224 4312 2344 4382 quis
2372 4328 2498 4367 reus
2542 4312 2791 4370 mmchiaé
2829 4324 2884 4370 et
2908 4314 3163 4371 adulterii
3214 4331 3399 4376 coram

1824 4384 1935 4458 Deo
1961 4399 1976 4439 :
2010 4385 2081 4438 ita
2111 4384 2223 4436 sola
2248 4381 2539 4458 adfectione
2576 4396 2631 4458 et
2683 4385 2975 4454 cupiditate
3006 4387 3357 4455 pecuniarum
3379 4432 3396 4458 ,

1823 4455 1906 4528 vel
1926 4494 1941 4519 ,
1976 4462 2035 4509 ut
2052 4455 2419 4528 communiter
2451 4455 2740 4526 loquimur.
2771 4459 2892 4511 solo
2934 4458 3283 4528 proprietatis
3314 4455 3402 4516 afl-

1823 4524 1963 4607 fectu
2001 4524 2242 4607 efficitur
2278 4524 2577 4581 monachus
2616 4542 2741 4583 reus
2779 4524 3125 4599 philargyriae
3159 4538 3216 4584 et
3268 4546 3401 4600 pro-

1823 4604 2085 4665 prietaus.

1897 4664 1917 4703 ί
1949 4665 2258 4723 Necationis
2284 4668 2485 4738 potius,
2517 4677 2608 4724 aut
2633 4670 2814 4737 necis,
2846 4678 2906 4725 ut
2933 4671 2985 4725 in
3018 4670 3264 4739 margine
3295 4687 3400 4729 an-

150 4745 298 4834 plossit
341 4737 531 4811 aliquis
578 4737 1033 4834 appettareksuurii
1056 4737 1349 4834 ςδιιρίιέὶιτ.ἰ
1372 4737 1715 4834 luctantia).
1741 4772 1798 4834 Β
1822 4745 2056 4834 notatur.
2090 4739 2202 4795 Non
2233 4740 2605 4834 euiin‘llegitur
2624 4741 2792 4825 Judas
2815 4742 3102 4834 Dominum
3134 4737 3392 4834 negasse;

154 4812 308 4882 Hujus
336 4807 518 4869 autem
547 4807 806 4867 nu'ditatis
844 4807 1441 4882 benefici’um‘declarat
1459 4808 1545 4882 _l_).
1566 4807 1716 4882 Cre-

152 4877 320 4949 gorius
352 4884 437 4939 his
466 4884 650 4939 verbis
673 4922 691 4947 ,
740 4896 861 4951 quae
891 4882 1101 4934 tametsi
1126 4878 1194 4933 ad
1229 4893 1420 4934 omnes
1448 4877 1716 4933 Christia-

154 4969 243 5007 nos
268 4972 365 5010 suo
391 4956 554 5010 modo
578 4950 887 5024 pertineant
904 4950 1180 5024 ,7pr0prie
1210 4959 1385 5006 tamen
1424 4959 1479 5005 et
1509 4951 1718 5020 specia-

154 5025 247 5079 lius
271 5033 334 5080 ad
359 5030 506 5081 solos
537 5023 819 5093 religiosos
862 5023 1211 5078 referuntur:
1247 5025 1599 5090 Quicumque.
1636 5024 1719 5076 in-

152 5097 278 5161 quit,
307 5099 376 5150 ad
401 5097 527 5165 ﬁdei
550 5111 771 5168 agonem
797 5095 1055 5168 venimus,
1078 5092 1330 5147 luctamen
1356 5102 1542 5168 contra
1566 5094 1720 5168 mati-

150 5184 268 5235 gnos
296 5164 509 5240 spiritus
549 5164 802 5240 sumimus
844 5181 862 5220 :
900 5165 1032 5219 nihil
1050 5175 1234 5240 autem
1258 5164 1477 5240 maligni
1505 5166 1719 5233 spiritus

152 5231 197 5288 iu
240 5231 334 5291 hoc
370 5239 562 5293 mundo
588 5231 1558 5309 prapriumupossidenteNudi_ergo
1600 5251 1718 5289 cum

152 5312 291 5362 nudis
340 5309 529 5364 luctari
559 5305 823 5362 debemus.
864 5306 1007 5360 Nam
1033 5308 1078 5360 si
1104 5306 1313 5359 vestitus
1338 5305 1718 5374 quisquiscum

153 5384 279 5433 nullo
314 5383 554 5445 luctatur,
598 5379 752 5434 citius
780 5379 847 5431 ad
877 5387 1065 5433 terram
1108 5377 1374 5447 dejicitur,
1411 5375 1533 5447 quia
1571 5373 1722 5447 habet

156 5451 282 5505 unde
320 5444 570 5508 teneatur.
616 5450 756 5518 Quid
796 5450 932 5509 enim
968 5458 1085 5503 sunt
1138 5444 1338 5501 terrena
1375 5444 1582 5511 omnia,
1622 5446 1724 5518 nisi

153 5522 376 5594 quadam
400 5515 999 5594 corporis'indumenta?
1044 5518 1145 5594 Qui
1178 5534 1315 5594 ergo
1338 5523 1517 5594 contra
1543 5515 1723 5571 diabo-

156 5588 253 5644 lum
278 5596 345 5647 ad
370 5587 620 5650 certamen
643 5600 906 5662 properat,
936 5587 1495 5662 uestimentaiabjjciat,
1525 5603 1586 5662 ne
1606 5604 1725 5662 s__uc-

156 5664 372 5718 cumbat.
411 5668 539 5722 Hac
564 5656 859 5732 Gregorius
889 5661 1118 5734 (Homil.
1142 5658 1210 5714 55
1236 5660 1291 5713 in
1324 5656 1725 5734 Evang.)._C:e-

154 5740 326 5789 terum
370 5737 434 5794 ad
480 5727 782 5809 perfectam
825 5727 1129 5790 nuditatem
1180 5744 1285 5787 non
1332 5727 1539 5786 sufﬁcit
1583 5727 1723 5784 bona

1821 4809 1920 4865 sed
1948 4810 2015 4865 ad
2050 4826 2233 4867 necem
2266 4810 2570 4877 prodidisse
2600 4828 2613 4867 :
2652 4813 2757 4867 nisi
2796 4814 3135 4882 negationem
3172 4809 3269 4881 pro
3299 4809 3399 4871 del-

1822 4881 2062 4953 s_ertione
2082 4883 2452 4953 defectioneve
2490 4885 2751 4951 accipias,
2778 4881 2931 4953 juxta
2959 4883 3088 4938 illud
3115 4885 3395 4953 Apostoli:

1823 4950 2146 5075 glori/iteratur
2206 4969 2259 5006 se
2319 4952 2484 5005 Deum
2532 4950 2743 5019 nosse;
2774 4950 2929 5025 factis
2984 4950 3181 5009 autem'
3210 4968 3401 5027 negant

1894 5041 1909 5075 ι
1940 5063 1953 5075 .
1984 5040 1999 5075 ι
2034 5062 2047 5075 .

1894 5026 1953 5077 it.
1984 5026 2047 5077 ι).

1826 5024 2138 5166 "Nilne
2180 5105 2326 5166 aegre
2370 5091 2573 5166 ferens
2598 5092 2856 5150 damnum
2893 5104 2950 5151 et
2987 5096 3252 5166 jacturam
3297 5112 3400 5152 un-

1823 5163 2003 5237 guenti
2032 5175 2063 5215 a
2089 5161 2399 5237 biagdaiena
2420 5160 2606 5227 effusi,
2633 5167 2797 5219 verba
2842 5166 2932 5221 illa
2965 5160 3399 5237 indignabundus

1826 5232 2011 5287 effudit
2033 5248 2047 5285 :
2074 5232 2246 5300 Quare
2271 5232 2367 5284 hoc
2388 5243 2703 5303 unguentum
2730 5252 2837 5289 non
2864 5238 3021 5290 veniit
3046 5232 3282 5292 trecentis
3309 5238 3401 5294 de-

1822 5305 2008 5367 nariis,
2031 5313 2077 5359 et
2098 5306 2275 5359 datum
2294 5312 2370 5357 est
2392 5304 2597 5373 egenis?
2621 5304 2761 5359 Dixit
2785 5315 2958 5362 autem
2982 5309 3099 5373 hoc,
3123 5308 3198 5362 ait
3222 5307 3398 5364 Evan-

1820 5378 2043 5446 gelista,
2088 5393 2192 5432 non
2225 5375 2348 5444 quia
2392 5375 2455 5429 de
2490 5377 2661 5448 egenis
2706 5377 2993 5447 pertinebat
3021 5382 3089 5432 ad
3121 5393 3239 5431 eum
3270 5379 3397 5448 (hoc

1824 5456 1929 5512 est,
1956 5462 2063 5519 non
2084 5450 2208 5519 quia
2232 5462 2496 5518 pauperes
2522 5457 2771 5513 curaret,
2809 5457 2907 5503 aut
2927 5450 2995 5504 de
3021 5448 3100 5505 eis
3128 5448 3395 5509 sollicitus

1825 5517 1993 5593 esset)
2019 5535 2034 5585 ;
2082 5517 2173 5574 sed
2216 5518 2608 5593 quiafur‘erat,
2655 5528 2705 5573 et
2736 5519 2935 5593 (omitas
2964 5520 3177 5586 habens,
3200 5536 3261 5574 ea
3284 5539 3401 5593 quia

1829 5588 2161 5665 mittebantur
2194 5588 2429 5665 portabat
2465 5588 2648 5665 (Icari.
2674 5589 2802 5665 Διιι).
2834 5590 3182 5665 Εμζθηιᾷθιιιη
3210 5588 3399 5665 appel—

1832 5660 1928 5726 lat,
1958 5661 2083 5730 quia
2112 5661 2318 5715 loculos
2337 5701 2353 5726 ,
2383 5670 2443 5716 ut
2468 5660 2557 5716 hic
2582 5660 2799 5730 dicitur,
2830 5662 2934 5717 sibi
2961 5677 2992 5718 a
3022 5660 3400 5721 Domino'con

1834 5731 2093 5800 creditos,
2123 5730 2318 5788 solitus
2348 5740 2468 5789 erat
2495 5733 2812 5805 compilare,
2842 5733 2946 5792 hoc
2966 5744 3074 5804 est,
3098 5735 3399 5807 surripere,
