4016 6202
608 204 711 269 5‘15

1179 321 1403 381 CAPUT
1430 322 1621 381 XXIV.

689 480 837 551 Quod
862 480 1201 555 philargyria,
1228 481 1329 537 nisi
1356 481 1612 546 nuditate,
1640 482 1772 538 vinci
1798 500 1900 539 non
1929 493 2109 553 possit.

680 610 919 670 Immane
946 614 1075 670 satis
1112 624 1166 670 et
1202 614 1425 673 evidens
1459 617 1763 687 tyrannidis
1795 618 1960 688 hujus
1995 634 2188 677 exem-

621 705 792 774 plum,
821 721 940 776 quas
966 708 1133 767 semel
1162 707 1245 779 (ut
1270 708 1529 781 diximus)
1551 712 1744 767 animat
1766 713 2047 782 captivam
2073 713 2166 769 nul

617 798 721 852 lam
751 799 1017 868 permittit
1040 799 1341 858 honestatis
1367 804 1607 873 regulam
1635 805 1930 872 custodire,
1957 821 2057 862 nec
2077 806 2186 863 ulla

609 900 847 960 quaestus
877 891 1181 960 adjecttone
1211 894 1419 949 satiari.
1469 895 1618 953 Finis
1648 898 1794 953 enim
1826 898 1995 953 rabiei
2025 897 2187 967 hujus

606 997 712 1034 non
747 981 973 1050 divitiis,
999 984 1095 1040 sed
1128 985 1371 1042 nuditate
1402 988 1759 1058 conquiritur.
1799 989 2051 1061 Denique.
2066 1004 2191 1047 cum

610 1073 695 1127 hic
726 1076 842 1143 ipse
869 1076 942 1131 ob
972 1076 1073 1133 hoc
1102 1078 1314 1136 loculos
1338 1081 1733 1151 dispensationi
1762 1098 2057 1153 pauperum
2094 1083 2190 1141 de-

604 1176 842 1237 putatas,
868 1183 981 1225 sum
1010 1173 1261 1239 potestati
1288 1173 1527 1231 creditos
1550 1177 1873 1246 accepisset,
1906 1183 1967 1232 ut
1993 1177 2186 1232 saltem

612 1261 964 1327 pecuniarum
989 1263 1317 1322 abundantia
1340 1268 1568 1324 satiatus
1597 1271 2055 1341 concupiscentia:
2075 1284 2186 1327 sum

604 1354 820 1410 modum
848 1356 1181 1425 imponeret;
1212 1360 1266 1415 in
1299 1368 1507 1418 tantum
1536 1364 1694 1433 c0pia
1722 1379 1908 1420 earum
1934 1366 1987 1419 in
2018 1364 2184 1420 abun-

1868 212 2151 272 JOANNIS
2189 212 2504 270 CASSIANI

2217 331 2267 389 A
2293 328 2590 387 dantiorem
2639 327 2883 385 fomitem
2911 329 3222 400 cupiditatis
3250 329 3490 395 exarsit,
3522 337 3578 384 ut
3603 330 3714 401 jam
3742 346 3843 387 non

2236 496 2239 499 _
2289 423 2496 478 loculos
2543 422 2787 479 clanculo
2828 424 3123 494 compilare
3149 466 3162 491 ,
3216 422 3312 478 sed
3355 424 3534 492 ipsum
3576 423 3848 481 Dominum

3755 215 3853 272 516

2293 516 2616 571 venumdare
2656 516 2929 572 maluerit.
2970 525 2995 553 α
3026 515 3321 587 Universas
3365 516 3509 571 enim
3553 515 3849 573 divitiarum

2291 611 2466 667 moles
2492 609 2801 680 cupiditatis
2833 610 2993 681 hujus
3019 611 3203 667 rabies
3227 620 3541 680 exsuperat.

2866 724 3092 781 CAPUT
3130 724 3300 780 XXV.

2292 820 2370 875 De
2397 820 2537 876 exitu
2562 819 2801 881 Ananiae,
2832 827 2882 874 et
2903 818 3175 891 Saphiraz,
3207 828 3257 891 et
3276 817 3467 884 ludat,
3494 833 3644 887 quem
3662 817 3847 890 philer-

2686 893 2835 962 gyria
2857 890 3149 962 impellente
3167 890 3460 945 subierunt.

2360 985 2601 1058 Denique
2624 984 2877 1053 princeps
2903 983 3272 1053 apostolorum
3298 982 3382 1039 his
3405 979 3655 1037 eruditus
3682 996 3852 1038 exem-

2290 1077 2414 1147 plis,
2466 1078 2644 1133 sciens
2689 1077 2985 1133 habentem
3033 1075 3306 1146 quippiam
3359 1073 3669 1143 cupiditatis
3713 1073 3853 1129 frena

2290 1185 2395 1226 non
2427 1183 2589 1239 posse
2635 1168 2942 1236 moderari,
2974 1182 3076 1224 nec
3114 1166 3277 1222 ﬁnem
3306 1165 3423 1235 ejus.
3451 1165 3507 1219 in
3534 1180 3697 1237 parva
3721 1180 3854 1220 sum-

2288 1278 2375 1319 ma
2406 1275 2670 1331 magnave
2697 1260 3031 1327 consistere,
3061 1259 3158 1315 sed
3190 1259 3243 1317 in
3268 1258 3380 1313 sola
3409 1255 3437 1295 ι)
3471 1256 3669 1313 virtute
3713 1259 3855 1314 nudi-

2287 1360 2455 1415 tatis:
2487 1370 2509 1398 ο
2542 1356 2807 1414 Ananiam
2849 1365 2927 1411 et~
2966 1354 3251 1425 Sapbiram
3279 1397 3298 1425 ,
3347 1373 3577 1428 quorum
3621 1355 3855 1426 superius

1672 1500 1927 1555 ALARDI
1970 1496 2204 1555 GAZ/EI
2238 1488 2804 1551 COMMENTARIUS.

604 1620 658 1665 et
679 1611 823 1685 clam
852 1612 1168 1669 subtrahere
1190 1614 1467 1681 nonnihil,
1504 1613 1652 1669 velut
1688 1617 1741 1669 in
1772 1617 2042 1685 proprium
2073 1630 2165 1683 pe-

603 1683 826 1756 culium,
860 1698 926 1738 ex
956 1685 1193 1739 denariis
1237 1695 1292 1740 et
1339 1686 1718 1755 eleemosynis.
1750 1683 1881 1756 quae
1922 1702 1949 1740 a
1982 1687 2081 1754 piis
2110 1697 2163 1741 et

603 1751 817 1807 devotis
846 1758 1089 1821 personis
1138 1756 1367 1810 Domino
1405 1751 1880 1811 mittebantur'aut
1918 1751 2165 1811 confere-

605 1824 836 1889 bantur;
867 1840 1094 1895 quorum
1132 1826 1249 1893 ipse
1280 1830 1427 1881 velut
1466 1828 1744 1881 bursarius
1769 1839 1824 1883 et
1848 1842 2163 1884 oeconomus

605 1905 723 1967 erat
767 1896 1108 1967 constitutus.
1166 1896 1295 1953 Ideo
1338 1897 1710 1967 indignabatur
1752 1908 1801 1953 et
1862 1914 2163 1954 murmura-

604 1965 715 2040 bat,
744 1967 865 2035 quia
888 1966 1103 2023 dolebat
1130 1970 1337 2024 lucrum
1365 1965 1472 2023 sibi
1498 1968 1749 2038 periisse,
1778 1973 1916 2040 quod
1950 1985 2014 2023 ex
2038 1986 2164 2024 ven-

605 2036 716 2110 dito
767 2049 1037 2110 unguento
1083 2049 1137 2094 et
1174 2040 1291 2110 ejus
1325 2036 1508 2110 pretio
1528 2036 2041 2108 coiisequi'furando
2074 2055 2165 2108 po-

606 2108 817 2179 tuisset.
850 2108 956 2163 Sed
986 2125 1105 2174 cur,
1134 2108 1379 2179 inquies,
1414 2112 1665 2165 Dominus
1699 2111 1775 2165 illi
1805 2112 2008 2166 loculos
2037 2126 2163 2164 con-

603 2178 867 2245 credidit,
913 2196 1035 2235 cum
1064 2178 1229 2237 sciret
1266 2198 1386 2237 eum
1428 2198 1549 2238 esse
1578 2182 1730 2235 malae
1760 2182 1923 2247 ﬁdei,
1956 2192 2011 2237 et
2042 2182 2165 2237 hinc

604 2249 951 2323 occasionem
991 2263 1336 2322 accepturum
1381 2252 1621 2307 avaritiae
1663 2262 1717 2307 et
1756 2268 1867 2307 suae
1911 2254 2159 2323 perditio-

605 2320 725 2394 nis?
753 2322 975 2376 Causam
1002 2320 1160 2377 unam
1192 2325 1423 2378 insinuat
1448 2322 1652 2377 Auctor
1678 2320 1925 2394 sequenti
1950 2325 2120 2392 capite
2148 2342 2160 2377 :

608 2389 678 2445 Ut
706 2394 883 2445 saltem
929 2396 1265 2461 pecuniarum
1309 2396 1628 2448 abundantia
1657 2389 1871 2448 satiatus
1919 2389 2165 2464 concupi-

604 2464 809 2538 scentite
836 2480 943 2517 sum
971 2467 1176 2538 modum
1196 2468 1497 2538 imponeret.
1546 2466 1781 2521 Dabatur
1816 2466 1959 2521 enim
1996 2468 2044 2521 ei
2073 2481 2166 2520 occ

605 2534 750 2608 casio
776 2536 1031 2608 curandae
1061 2534 1299 2591 avaritiae
1318 2578 1331 2602 ,
1358 2545 1413 2592 et
1446 2538 1751 2608 mitigandae
1780 2540 2163 2607 concupiscen-

606 2603 694 2675 tia:
722 2620 733 2655 :
761 2620 947 2659 verum
974 2606 1060 2659 ille
1088 2609 1225 2663 hanc
1253 2603 1591 2664 occasionem
1618 2609 1719 2663 sibi
1746 2610 1907 2662 vertit
1949 2603 2002 2662 in
2039 2623 2164 2675 per-

607 2674 819 2748 niciem,
857 2676 962 2731 Deo
986 2677 1080 2743 ita,
1104 2679 1313 2733 occulto
1335 2694 1430 2733 suo
1451 2678 1675 2748 judicio,
1713 2674 2074 2747 permittente,
2110 2689 2166 2734 ut

606 2744 661 2799 in
692 2760 758 2800 eo
784 2749 1123 2815 ostenderet,
1167 2765 1326 2819 quam
1378 2744 1673 2817 periculosa
1714 2744 1786 2803 sit
1822 2744 2163 2817 pecuniarum

607 2819 856 2890 tractatio
894 2827 950 2873 et
998 2835 1157 2890 opum
1189 2821 1533 2876 abundantia.
1587 2822 1835 2877 Secundo
1868 2823 2035 2876 voluit
2061 2822 2167 2875 Do—

608 2889 786 2962 minus
814 2889 914 2944 hoc
936 2889 1093 2945 etiam
1122 2893 1405 2957 beneficio,
1424 2903 1479 2944 ut
1507 2902 1561 2947 et
1586 2894 1706 2947 aliis
1738 2893 1945 2962 multis,
1973 2891 2162 2946 Judatn

608 2957 705 3011 sibi
736 2960 1094 3025 devincire,ct
1122 2965 1185 3017 ad
1214 2966 1296 3017 sui
1315 2979 1551 3017 amorem
1580 2964 1818 3025 allicere.
1847 2957 1949 3017 eta
1975 2978 2165 3031 perpe-

2194 1651 2241 1711 B

2274 1627 2397 1665 mox
2429 1610 2698 1665 corruisse
2725 1618 2776 1663 et
2802 1608 3127 1677 exspirasse,
3161 1617 3216 1665 et
3236 1620 3301 1665 aa
3327 1610 3635 1679 sepulcrum
3661 1610 3854 1667 delatos

2267 1682 2452 1737 fuisse.
2485 1680 2589 1735 Sed
2616 1679 2903 1733 difﬁcultas
2936 1690 3014 1732 est
3046 1690 3112 1734 an
3138 1679 3327 1735 Petrus
3349 1697 3477 1736 vere
3502 1694 3555 1735 et
3579 1682 3855 1737 efﬁcaciter

2267 1768 2360 1807 eos
2390 1751 2721 1805 interfecerit
2769 1760 2824 1805 et
2873 1759 3048 1805 morte
3091 1753 3383 1817 mulctarit,
3416 1763 3474 1806 ut
3518 1752 3607 1808 hic
3655 1754 3854 1810 dicitur.

2266 1824 2397 1877 Nam
2434 1824 2620 1877 Patres
2653 1823 2751 1876 hac
2775 1822 2845 1877 de
2871 1838 2931 1876 re
2973 1821 3337 1878 diversimode
3383 1825 3701 1892 loquuntur.
3749 1826 3851 1879 Ori-

2266 1910 2429 1964 genes
2453 1895 2594 1948 enim
2628 1901 2776 1962 putat
2802 1909 2906 1964 non
2939 1907 3058 1948 esse
3084 1894 3243 1949 Petro
3290 1896 3670 1949 ascribendum
3727 1898 3852 1949 Ana-

2269 1961 2372 2020 niae
2398 1961 2703 2028 interitum;
2737 1963 2829 2017 sed
2858 1961 3117 2018 Ananiam
3147 1979 3251 2019 non
3284 1965 3605 2020 sustinuisse
3638 1966 3853 2020 acrimo-

2266 2038 2408 2090 niam
2433 2036 2719 2090 verborum
2745 2035 2912 2101 Petri,
2950 2038 3252 2102 praesertim
3286 2036 3500 2090 illorum
3531 2055 3541 2088 :
3576 2037 3680 2092 Cur
3712 2047 3856 2090 tenta-

2266 2109 2337 2160 vit
2365 2108 2593 2163 Satanas
2620 2122 2709 2160 cor
2734 2114 2913 2172 tuum,
2947 2117 3078 2172 etc.,
3128 2117 3288 2177 atque
3331 2106 3469 2162 adeo
3518 2108 3626 2163 illis
3670 2110 3855 2163 auditis

2268 2194 2379 2247 prte
2407 2179 2574 2233 nimio
2605 2177 2833 2232 horrore
2861 2189 2912 2231 et
2939 2178 3097 2248 animi
3128 2193 3326 2248 angore
3363 2189 3636 2248 mortuum
3677 2182 3852 2234 conci-

2267 2245 2433 2304 disse.
2468 2249 2712 2312 Audiens,
2740 2249 2913 2317 inquit
2934 2245 3129 2316 (Tract.
3155 2245 3267 2303 8'in
3298 2247 3538 2316 Matt/1.),
3566 2251 3668 2303 Ilth
3692 2256 3851 2317 verba,

2267 2321 2379 2373 ideo
2420 2322 2601 2373 cadens
2641 2321 2942 2389 exspiravit.
2983 2318 3121 2389 quod
3160 2336 3259 2373 non
3301 2322 3547 2373 sustinuit
3598 2324 3854 2386 reprehen-

2266 2393 2461 2444 sionem
2490 2390 2669 2455 Petri;
2690 2392 2777 2444 sed
2800 2393 3059 2444 cruciatus
3079 2392 3206 2444 adeo
3232 2391 3287 2444 in
3326 2408 3381 2445 se
3420 2401 3495 2445 est
3540 2394 3772 2459 punitus,
3812 2402 3857 2445 ut

2268 2464 2422 2516 etiam
2477 2463 2776 2530 exspiraret.
2828 2461 3033 2517 Eodem
3083 2462 3242 2517 modo
3291 2463 3491 2517 sentire
3542 2463 3754 2517 videtur
3801 2465 3850 2517 ι).

2269 2532 2649 2605 Hieronymus,
2679 2532 2803 2605 dum
2834 2532 3109 2602 Porphyrii
3141 2532 3479 2605 calntnniatu
3508 2532 3749 2588 refutans
3792 2535 3853 2588 ait

2270 2603 2374 2672 (Ad
2402 2602 2778 2656 Demetriadem
2807 2606 2956 2671 epist.
2991 2604 3044 2669 8.)
3073 2620 3084 2655 :
3124 2604 3398 2671 Apostolus
3445 2602 3631 2675 Petrus
3676 2622 3854 2675 nequa-

2268 2691 2422 2744 quam
2462 2676 2769 2747 imprecatur
2797 2678 2888 2747 _eis
2930 2684 3173 2747 mortem,
3217 2684 3274 2728 ut
3313 2674 3503 2729 stultus
3545 2673 3852 2747 Porphyrius

2270 2747 2630 2809 calumniatur,
2663 2746 2752 2798 sed
2785 2744 2879 2798 Dei
2898 2745 3161 2816 judicium
3208 2747 3504 2816 praphetico
3546 2744 3741 2813 spiritu
3773 2764 3854 2799 an-

2270 2818 2510 2883 nuntiat,
2550 2826 2605 2869 ut
2650 2833 2799 2888 paena
2841 2815 3059 2869 duorum
3097 2815 3362 2869 hominum
3392 2818 3457 2869 sit
3483 2817 3715 2871 doctrina
3738 2820 3854 2871 mul-

2270 2896 2459 2940 torum.
2493 2887 2778 2958 Dionysius
2808 2888 3190 2940 Cartltusianus
3214 2888 3371 2940 docet
3402 2888 3470 2942 ab
3516 2889 3708 2955 angelo
3751 2904 3856 2958 per.

2270 2973 2485 3012 cussum
2530 2962 2826 3024 Ananiam,
2858 2970 2908 3011 et
2949 2973 3169 3012 nitorem
3203 2959 3318 3027 ejus
3350 2958 3657 3025 Sapbiram.
3705 2961 3853 3015 Porro

609 3032 799 3104 trando
828 3032 1051 3097 scelere,
1081 3046 1339 3104 quantum
1364 3034 1417 3088 in
1445 3049 1503 3089 se
1525 3045 1671 3102 erat,
1704 3029 1987 3097 remeare;
2021 3029 2164 3103 quod
2191 3032 2238 3095 C
2268 3029 2558 3104 Cassianus
2582 3029 2683 3083 huc
2705 3030 2821 3104 loco
2839 3029 3210 3104 dicitPetrum
3235 3044 3329 3104 eos
3355 3040 3527 3085 morte
3553 3032 3849 3104 mulctassc;

609 3100 680 3163 ei,
715 3113 770 3153 ut
794 3103 1027 3158 maxime
1054 3100 1158 3158 ﬁdo
1204 3116 1254 3158 et
1283 3106 1477 3167 charo,
1510 3100 1697 3159 curam
1748 3107 1825 3160 rei
1857 3100 2168 3159 domesticas

610 3173 1000 3239 commisisset;
1032 3177 1171 3229 sicut
1199 3176 1378 3230 solent
1407 3176 1697 3243 prudentes
1720 3175 1924 3229 domini
1952 3192 2043 3228 eos
2066 3176 2169 3231 sibi

608 3257 922 3315 teconomos
973 3245 1208 3314 deligere
1229 3289 1243 3313 ,
1276 3262 1503 3315 quorum
1540 3246 1660 3300 ﬁdei
1689 3256 1745 3300 et
1772 3246 2025 3315 probitati
2057 3264 2167 3300 ma-

610 3312 752 3367 xime
785 3316 969 3371 fidunt.
1004 3312 1187 3371 Tertio
1217 3312 1404 3385 putant
1430 3317 1592 3385 aliqui
1616 3312 1900 3385 pecuniam
1931 3332 2171 3371 commu-

610 3398 732 3438 nem
777 3385 926 3441 Judze
967 3387 1132 3443 fuisse
1161 3388 1497 3441 commissam
1520 3430 1534 3449 ,
1580 3388 1722 3455 quod
1751 3397 1895 3442 esset
1920 3387 2171 3441 minimus

607 3458 973 3527 apostolorum
1001 3504 1015 3527 ,
1059 3468 1114 3513 et
1150 3459 1292 3513 inter
1327 3472 1421 3512 eos
1452 3458 1671 3512 minime
1705 3459 2038 3527 spiritualis:
2068 3461 2175 3513 sic-

607 3541 713 3599 que
758 3526 1033 3583 Christum
1073 3530 1270 3585 docere
1316 3528 1583 3593 voluisse,
1620 3529 1924 3599 hujusmodi
1959 3532 2169 3598 negotia

608 3597 718 3651 illis
747 3601 925 3667 potius
950 3600 1335 3656 committenda
1363 3645 1377 3668 ,
1428 3601 1517 3668 qui
1547 3600 1613 3654 ad
1650 3597 1871 3656 meliora
1910 3610 1963 3654 et
2003 3597 2171 3655 subli-

608 3669 776 3741 rniora
840 3682 1024 3727 essent
1068 3675 1243 3727 minus
1298 3671 1410 3741 apti
1449 3688 1461 3723 :
1508 3671 1955 3739 quemadmodum
2008 3672 2170 3726 etiam

608 3738 903 3810 Apostolus
931 3742 1239 3798 Corinthios
1281 3738 1488 3797 monuit
1513 3738 1537 3794 τί
1564 3741 1631 3797 Ut
1674 3742 1944 3798 stecularia
1975 3743 2174 3811 judicia

604 3812 652 3863 si
674 3812 912 3884 haberent
935 3855 949 3879 ,
981 3815 1388 3883 contemptibiles
1410 3855 1421 3872 .
1446 3814 1535 3884 qui
1560 3827 1725 3869 essent
1751 3816 1805 3868 in
1835 3811 2066 3869 Ecclesia
2096 3814 2172 3884 (id

606 3892 710 3957 est,
746 3883 801 3957 in_
840 3883 1560 3957 catigregationefideliam)
1591 3887 1952 3957 constituerent
1995 3888 2063 3937 ad
2081 3889 2176 3957 ju-

607 3950 888 4025 dicandum
918 3954 959 4021 (l
982 3950 1101 4008 Cor.
1136 3957 1230 4025 v1).
1263 3956 1460 4007 Verum
1516 3950 1780 4021 praacipua
1807 3970 1869 4009 ac
1898 3950 2172 4022 potissima

607 4022 747 4094 ratio
792 4023 889 4075 fuit
934 4035 1131 4077 nostr-zu
1178 4022 1367 4078 salutis
1403 4024 1762 4094 dispensatio,
1799 4029 1867 4077 ob
1895 4041 2053 4094 quam
2084 4040 2176 4079 vo-

608 4092 708 4144 luit
735 4102 791 4147 et
820 4094 1003 4148 debuit
1039 4095 1219 4148 divina
1269 4092 1600 4160 providentia
1643 4093 1796 4147 Judte
1838 4092 2172 4162 impietatem

606 4172 663 4216 et
686 4166 982 4218 caecitatem
1035 4165 1377 4231 permittere,
1422 4172 1480 4215 ut
1506 4172 1559 4235 et
1589 4164 1883 4231 Scriptura;
1913 4165 2174 4235 adimple-

609 4242 817 4306 rentur,
850 4236 1170 4288 etChristus
1204 4236 1462 4288 Dominus
1492 4234 1559 4287 ab
1586 4250 1652 4288 eo
1676 4235 1902 4290 traditus
1930 4250 2028 4306 pro
2060 4234 2176 4290 0m-

608 4302 755 4357 nium
804 4306 978 4360 salute
1031 4316 1353 4361 moreretur.

680 4382 717 4447 εξ
739 4375 801 4429 D.
835 4375 1193 4447 Hieronymus
1218 4379 1269 4431 in
1298 4377 1570 4446 epitaphio
1601 4377 1820 4433 Paula}:
1854 4377 1937 4431 Ne
1964 4393 2177 4434 consuc-

609 4445 789 4519 tudine
828 4448 943 4517 plus
993 4445 1217 4502 habendi
1261 4445 1711 4518 locumprmberet
1760 4450 2027 4512 avaritiae,
2060 4464 2176 4519 qua:

608 4515 765 4592 nullis
805 4515 1038 4592 capietur
1082 4520 1304 4586 opibus;
1342 4529 1386 4573 et
1416 4515 1604 4588 quanto
1651 4521 1872 4592 amplius
1916 4515 2174 4588 habuerit,

608 4589 725 4661 plus
748 4590 999 4656 requirit:
1029 4603 1079 4645 et
1108 4607 1266 4655 neque
1306 4593 1478 4661 capia,
1525 4608 1685 4659 neque
1705 4589 1883 4660 inopia
1912 4594 2176 4646 minuitur.

608 4660 673 4732 Et
706 4660 755 4710 in
782 4662 1007 4729 cpistola
1040 4664 1104 4715 ad
1142 4660 1423 4715 Paulinum
1457 4681 1469 4714 :
1504 4664 1784 4732 Antiquam
1830 4663 2025 4716 dictum
2068 4674 2178 4717 est:

606 4729 776 4803 ᾼυαιξο
818 4742 921 4783 tant
965 4734 1102 4787 deest
1157 4734 1295 4800 quod
1326 4734 1475 4785 habet
1501 4729 1651 4800 quam
1702 4734 1836 4803 quod
1882 4751 1981 4786 non
2010 4734 2177 4788 habet.

607 4800 845 4855 Credenti
875 4813 1008 4855 totus
1028 4805 1253 4857 mundus
1281 4805 1579 4857 divitiarum
1608 4800 1722 4859 est}
1750 4804 1978 4874 inﬁdelis
2009 4815 2180 4859 autent

605 4873 758 4945 etiam
783 4875 930 4927 obolo
958 4877 1169 4945 indiget.

676 4943 702 5019 ξι
730 4944 785 4997 ld
818 4956 921 5009 est,
955 4943 1203 5016 religiosa
1234 4954 1567 5019 paupertate,
1604 4956 1659 5019 ut
1685 4946 1882 5001 dictum
1906 4956 1988 5002 est
2016 4946 2179 5019 (Cap.

603 5015 721 5085 an),
756 5033 848 5085 per
876 5033 1030 5088 quam
1064 5015 1238 5073 nudus
1263 5017 1591 5084 monachus,
1639 5018 1743 5073 hoc
1787 5031 1889 5081 est,
1938 5015 2183 5074 omnibus

602 5088 759 5144 bonis
804 5091 1188 5159 temporalibus
1232 5098 1287 5143 et
1331 5104 1515 5144 eorum
1567 5089 1843 5145 affectibus
1875 5090 2105 5143 nudatus
2131 5098 2186 5144 et

604 5176 817 5229 exutus,
848 5164 1045 5215 nudum
1067 5162 1339 5216 Christum
1366 5161 1627 5230 sequitur,
1661 5172 1718 5215 ut
1744 5163 1947 5215 monuit
1974 5163 2030 5214 D.
2070 5162 2185 5214 Ilie-

600 5246 860 5304 ronymus
908 5249 1063 5287 suum
1092 5233 1368 5287 Rusticum
1412 5238 1731 5304 monachum
1768 5231 1963 5304 (Epist.
1989 5230 2184 5304 74).__De

604 5302 892 5370 qua‘etiam
922 5305 1164 5360 nuditate
1192 5304 1423 5358 Joannes
1452 5302 1718 5356 Climacus
1741 5304 1905 5367 gradu
1939 5302 2036 5354 16:
2067 5302 2184 5353 Nu-

605 5376 759 5438 ditas,
791 5378 885 5443 ait,
919 5393 1090 5431 rerum
1116 5376 1341 5427 omnium
1373 5389 1612 5426 curarum
1635 5383 1709 5426 est
1747 5372 2015 5443 depositio,
2041 5387 2185 5423 secu-

604 5448 730 5499 ritas
757 5442 891 5513 vittt,
920 5450 1081 5500 viator
1107 5446 1338 5498 omnibus
1362 5443 1735 5511 impedimentis
1760 5442 1909 5513 liber,
1957 5444 2185 5513 maeroris

604 5512 1252 5576 alicnatio.7mandntorum
1280 5516 1447 5583 ﬁdes;
1495 5515 1660 5567 nudus
1708 5512 1985 5566 monachus
2028 5512 2183 5565 totius

606 5590 786 5639 mundi
819 5601 890 5638 cst
920 5590 1191 5650 dominus;
1220 5598 1271 5638 et
1300 5588 1401 5637 alia
1431 5601 1549 5653 qua:
1581 5596 1895 5654 sequntuur.

680 5668 702 5695 ο
733 5657 913 5709 Refert
940 5658 997 5711 S.
1024 5657 1195 5706 Lucas
1219 5655 1418 5723 (Actor.
1443 5658 1494 5721 v)
1523 5662 1777 5708 Ananiatn
1802 5668 1855 5709 et
1878 5654 2179 5723 Saphiram,

606 5724 787 5779 audita
814 5725 958 5778 Petri
987 5724 1237 5785 Apostoli
1269 5724 1631 5793 increpatione
1660 5736 1713 5782 et
1740 5724 2180 5796 reprehensione,

2272 3112 2326 3152 et
2351 3101 2474 3155 alibi
2502 3098 2848 3169 expressius.)
2866 3101 3081 3156 eosdem
3108 3100 3399 3170 Apostolico
3429 3117 3516 3154 ore
3551 3112 3710 3155 morte
3739 3102 3854 3169 mul-

2271 3180 2432 3241 ctatos
2457 3172 2609 3241 fuisse
2632 3170 2784 3241 (Cap.
2819 3171 2905 3235 19,
2938 3174 3118 3239 supra)
3144 3190 3154 3223 :
3184 3174 3376 3240 quibus
3403 3172 3583 3226 verbis
3614 3170 3853 3227 indicata

2274 3240 2463 3304 Petro,
2484 3243 2588 3296 hoc
2614 3240 2717 3303 est,
2770 3242 2911 3295 Petri
2961 3246 3125 3295 Verbo
3175 3254 3229 3296 et
3278 3244 3549 3310 imperio,
3603 3252 3850 3313 tamquam

2272 3326 2429 3364 causa
2461 3314 2681 3382 physica
2706 3322 2759 3366 et
2786 3313 3201 3379 iustrumentali,
3228 3322 3284 3366 ut
3316 3313 3620 3382 philosophi
3643 3314 3855 3383 loquun-

2274 3392 2384 3447 tur,
2427 3398 2548 3437 esse
2599 3384 2929 3437 interfectos.
2991 3383 3088 3437 Cui
3122 3384 3403 3454 sntl'ragari
3447 3383 3657 3439 videtur
3684 3384 3854 3453 Augu-

2275 3457 2469 3516 stinus,
2506 3469 2599 3508 seu
2627 3456 2868 3523 quisquis
2895 3464 3082 3509 auctor
3112 3455 3203 3509 lib.
3243 3456 3310 3509 de
3338 3454 3667 3509 Mirabilihus
3716 3454 3857 3512 Scri-

2275 3535 2464 3592 pturae,
2498 3526 2586 3578 ubi
2613 3536 2691 3577 att
2714 3524 2803 3593 (In
2834 3526 2939 3592 ﬁne
2964 3527 3053 3580 lib.
3083 3537 3326 3597 uittam.
3360 3526 3423 3580 Ill
3473 3525 3638 3597 oper.)
3675 3544 3689 3581 :
3735 3526 3857 3580 Ecce

2310 3606 2465 3649 uanta
2484 3608 2558 3648 est
2582 3599 2865 3664 apostolica
2886 3598 3042 3651 virtus
3065 3598 3116 3649 in
3139 3595 3344 3653 Christo
3368 3613 3386 3651 .'
3415 3595 3601 3652 sanum
3621 3595 3855 3651 Arioniam

2328 3679 2465 3720 etrus
2490 3671 2677 3738 arguit,
2710 3678 2757 3721 et
2788 3684 2876 3735 per
2905 3668 3155 3721 sermonis
3182 3679 3380 3722 tantum
3409 3669 3683 3733 imperium
3707 3679 3855 3721 morte

2276 3738 2490 3808 ligauit;
2515 3750 2562 3791 et
2591 3738 2868 3792 Tabitham
2915 3741 3089 3793 mortis
3133 3739 3339 3793 vinculo
3375 3739 3649 3808 alligatam
3693 3739 3853 3793 eadem

2276 3809 2475 3879 imperii
2507 3821 2752 3879 potestate
2782 3810 3033 3864 dissolvit.
3070 3810 3131 3863 D.
3176 3808 3469 3880 Gregorius
3515 3811 3677 3864 etiam
3714 3826 3856 3864 eum-

2277 3880 2400 3935 dem
2430 3881 2821 3936 intcrl’ectionis
2866 3880 3084 3935 modum
3133 3880 3361 3946 indicat,
3409 3880 3601 3935 dicens
3653 3882 3855 3935 Petrum

2277 3950 2609 4023 increpando
2632 3952 2843 4021 utrique
2864 3952 3085 4023 conjugi
3102 3954 3259 4004 vitam
3278 3952 3607 4023 abstulisse,
3645 3954 3729 4023 qui
3764 3951 3854 4006 Ta-

2280 4020 2443 4075 bithze
2491 4023 2722 4076 reddidit
2756 4020 2995 4076 orando.
3047 4021 3197 4077 Unde
3226 4022 3380 4088 (Lib.
3416 4037 3452 4076 ll
3481 4022 3627 4076 Dial.
3653 4020 3700 4077 ἐ.
3728 4024 3793 4078 50
3814 4033 3856 4075 et

2277 4090 2369 4159 3i)
2391 4091 2596 4161 colligit
2618 4134 2633 4155 ,
2667 4094 2883 4147 Sanctos
2912 4094 3041 4145 mira
3072 4096 3274 4158 operari
3296 4095 3490 4146 duobus
3537 4096 3700 4147 modis
3731 4094 3856 4149 :ali-

2277 4164 2481 4235 quando
2510 4162 2741 4235 videlicet
2762 4180 2826 4217 ca:
2851 4180 3016 4233 prece,
3038 4164 3326 4235 aliquando
3356 4180 3419 4218 ea:
3438 4174 3707 4235 potestate.
3735 4166 3855 4230 Quia

2280 4234 2435 4305 enim,
2467 4233 2658 4302 inquit,
2690 4248 2903 4305 utroque
2925 4234 3077 4289 modo
3104 4233 3358 4290 miracula
3386 4233 3677 4303 exhibeant,
3716 4248 3855 4288 testa-

2281 4312 2365 4355 tur
2394 4302 2601 4368 Petrus,
2632 4306 2719 4373 qui
2748 4302 3015 4359 Tabitham
3043 4316 3297 4360 mortuam
3345 4306 3541 4359 orando
3587 4302 3853 4361 suscitauit.

2280 4372 2536 4450 Ananiam
2556 4372 2672 4450 gero
2695 4387 2742 4430 et
2764 4376 3040 4450 Saphiram
3062 4380 3358 4450 mentientes
3378 4378 3530 4450 morti
3552 4376 3853 4450 increpando

2282 4445 2516 4499 tradidit.
2544 4444 2725 4516 Neque
2750 4444 2885 4501 enim
2912 4464 3085 4503 orasse
3108 4449 3165 4501 in
3194 4463 3377 4502 eorum
3394 4444 3723 4503 esstinctions
3743 4448 3857 4515 legi-

2282 4525 2384 4579 tur,
2408 4516 2837 4587 sedisolummodo
2859 4520 3065 4587 culpam
3086 4535 3241 4585 quam
3269 4529 3679 4585 perpetraveth
3706 4520 3855 4571 incre-

2281 4603 2445 4661 passe.
2480 4586 2689 4661 Gonstat
2714 4607 2832 4659 ergo
2864 4592 2999 4656 quod
3033 4590 3314 4661 aliquando
3342 4590 3451 4643 haec
3494 4606 3558 4661 ea;
3598 4598 3852 4661 potesttge.

2282 4658 2560 4731 alguando
2597 4676 2715 4713 vero
2747 4658 2979 4715 exhibent
3021 4679 3084 4717 ea:
3110 4658 3447 4730 postulatione
3476 4662 3494 4731 (
3520 4658 3645 4713 Vide
3675 4660 3736 4715 S.
3770 4658 3853 4712 Th.

2283 4727 2398 4801 2-2,
2428 4747 2479 4799 q.
2516 4729 2636 4797 178,
2665 4749 2717 4785 ιι.
2752 4733 2803 4796 1,
2835 4735 2901 4786 ad
2931 4733 3005 4797 1).
3040 4727 3162 4787 Haec
3189 4727 3511 4801 Gregorius;
3547 4742 3854 4799 acpostmo-

2283 4800 2409 4852 dum
2441 4802 2602 4857 refert
2620 4803 2729 4858 duo
2751 4805 3007 4860 miracula
3032 4805 3138 4859 divi
3168 4800 3339 4857 Patris
3371 4802 3537 4858 nostri
3570 4801 3855 4860 Benedicti,

2283 4871 2510 4941 alterum
2541 4888 2606 4927 ex
2636 4884 2896 4941 potestate
2937 4878 3161 4941 factum,
3209 4875 3435 4927 alterum
3488 4889 3553 4930 ex
3602 4876 3855 4927 oratione.

2286 4940 2367 4994 Ex
2394 4944 2586 5011 quibus
2616 4940 2955 5001 manifestum
2984 4956 3067 5001 est
3090 4940 3374 5013 utrumque
3404 4952 3513 4998 tam
3541 4944 3859 4999 interfectio

2286 5013 2370 5064 nis
2398 5029 2554 5080 quam
2580 5016 2864 5071 locutionis
2891 5017 3103 5071 modum
3133 5015 3342 5071 admitti
3367 5029 3549 5081 posse,
3579 5031 3703 5070 cum
3725 5025 3859 5070 uter-

2286 5097 2391 5151 que
2438 5086 2605 5141 tirmis
2651 5088 2947 5142 rationibus
2992 5097 3046 5142 et
3089 5086 3504 5141 auctoritatibus
3548 5087 3779 5150 nitatur;
3812 5094 3861 5137 ut

2286 5155 2534 5209 videlicet
2561 5160 2767 5213 dicatur
2797 5159 2987 5213 Petrus
3013 5172 3225 5227 pinnam
3258 5158 3446 5212 mortis
3474 5157 3757 5222 indixisse,
3784 5157 3861 5210 vel

2289 5228 2507 5297 physice
2534 5241 2588 5282 et
2612 5229 2902 5284 efﬁcaciter
2930 5244 3025 5282 ore
3054 5243 3152 5282 suo
3175 5228 3504 5296 apostolico,
3540 5244 3637 5284 seu
3673 5229 3854 5290 verbo,

2240 5311 2247 5318 ’
2291 5311 2557 5367 tamquam
2586 5302 2759 5369 gladio
2788 5298 3017 5367 quodam
3044 5300 3338 5368 spirituali,
3368 5315 3462 5354 seu
3510 5300 3863 5355 instrumento

2286 5370 2514 5435 efﬁcaci,
2537 5387 2643 5440 quo
2667 5382 2723 5423 ut
2748 5369 2844 5423 Dei
2868 5371 3111 5425 minister
3133 5370 3397 5436 utebatur,
3430 5379 3487 5424 ut
3516 5371 3574 5425 ﬁt
3602 5374 3655 5426 in
3686 5372 3863 5427 Sacra-

2288 5444 2484 5495 mentis
2514 5442 2790 5504 Ecclesia;
2842 5440 2922 5492 vel
2961 5441 3252 5509 improprie
3299 5453 3354 5496 et
3394 5442 3676 5499 moraliter
3716 5445 3863 5496 dum-

2274 5521 2454 5577 taxat,
2484 5526 2592 5568 tum
2621 5513 2742 5581 quia
2768 5509 3081 5578 prophetico
3107 5514 3318 5581 spiritu,
3344 5522 3403 5567 ut
3429 5514 3583 5575 aitll.
3606 5515 3863 5584 Hierony-

2287 5601 2427 5651 mus,
2452 5585 2709 5653 judicium
2736 5584 2823 5635 Dei
2847 5598 2967 5635 [nux
2996 5594 3304 5643 secuturum
3334 5586 3732 5651 pronuntiavit;
3754 5597 3862 5638 tum

2274 5659 2409 5724 quia
2457 5656 2601 5710 Deus
2646 5654 2790 5709 Petri
2832 5657 3120 5724 sententiae
3158 5670 3420 5721 annuens,
3453 5670 3592 5723 quos
3622 5657 3715 5713 ilte
3745 5671 3863 5711 reos

2286 5723 2351 5779 ex
2398 5725 2578 5779 divina
2623 5723 2951 5779 revelatione
2997 5724 3307 5795 redarguit,
3353 5728 3533 5783 statim
3580 5726 3862 5798 repentina
