4016 6202
154 286 259 346 317

642 290 733 348 DE
769 282 1526 359 C(ENOBIORUM.INSTIT.
1571 282 1700 340 LIB.
1742 283 1851 341 VH.
1882 316 1952 327 --
1976 286 2067 343 DE
2105 285 2376 345 SPlRlTU
2419 286 2935 346 PHILARGYRLE.

3327 295 3439 356 318

154 410 389 465 fecimus
416 410 754 467 mentionem
779 452 795 477 ,
840 411 963 480 quia
1006 410 1109 464 sibi
1138 410 1406 480 quippiam
1430 407 1498 463 de
1527 422 1627 462 sua
1655 406 1738 461 fa-
1769 414 1820 470 Ᾱ
1848 421 2027 463 coram
2059 409 2363 464 hominibus
2397 409 2751 478 praaferentes
2769 451 2783 477 ,
2817 410 3012 466 affectu
3040 412 3435 484 concupiscen-

149 506 363 561 cultate
391 516 775 573 servaverant,
806 513 979 559 morte
1010 503 1323 558 mulctavit:
1354 511 1412 557 ut
1442 501 1737 569 interitum,

148 612 326 668 quem
358 598 453 653 ille
476 599 620 652 ultro
648 596 749 651 sibi
777 610 876 667 pro
906 606 1062 650 reatu
1092 595 1387 651 Dominicae
1425 593 1741 665 proditionis

150 688 462 756 intulerat,
508 690 561 743 hi
610 703 704 758 pro
750 687 1030 743 mendacio
1074 686 1384 757 cupiditatis
1431 687 1740 755 exciperent

146 780 373 853 (Actor.
406 783 483 851 v).
539 780 742 849 Quanta
782 780 835 834 in
863 779 964 834 hoc
992 795 1209 851 quoque
1249 779 1505 834 facinoris
1530 792 1593 832 ac
1614 791 1740 847 sup-

148 874 315 944 plicii
336 874 635 931 similitudo
663 873 964 928 concurrit!
997 873 1077 928 lbi
1104 887 1335 944 namque
1358 872 1740 943 pbilargyriam

139 968 430 1035 proditio,
462 964 549 1019 hic
580 964 786 1019 falsitas
816 965 1106 1020 subsecuta
1138 975 1239 1020 est.
1274 964 1355 1019 lbi
1382 965 1589 1019 veritas
1620 979 1743 1027 pro-

138 1053 327 1119 ditur,
360 1054 445 1109 hic
480 1053 746 1110 mendacii
787 1056 992 1109 crimen
1032 1055 1356 1109 admittitur.
1409 1053 1564 1109 Licet
1594 1054 1739 1109 enim

133 1149 339 1217 operis
369 1162 559 1202 eorum
613 1145 891 1201 dissimilis
925 1144 1176 1202 videatur
1203 1145 1426 1203 eﬂ'ectus
1448 1187 1464 1212 ,
1491 1161 1631 1200 unus
1659 1154 1739 1199 ta-

130 1254 280 1293 men
328 1238 451 1293 tinis
491 1239 545 1293 in
574 1248 804 1309 utroque
848 1241 1147 1295 concurrit.
1204 1239 1301 1295 Ille
1332 1255 1565 1310 namque
1595 1239 1739 1295 relu-

127 1331 311 1401 giens
343 1339 743 1401 paupertatem,
796 1347 1106 1399 resumere,
1138 1347 1259 1405 quae
1288 1333 1581 1402 abiecerat,
1612 1347 1740 1388 con-

125 1422 384 1492 cupivit;
413 1422 467 1477 bi
495 1438 567 1479 ne
594 1423 790 1479 ﬁerent
809 1439 1079 1494 pauperes
1108 1467 1123 1491 ,
1168 1425 1237 1479 de
1274 1424 1578 1480 substantia
1619 1439 1734 1493 sua,

123 1530 308 1585 quam
350 1523 445 1570 aut
480 1517 744 1585 apostolis
773 1516 973 1572 oti‘erre
1008 1517 1264 1583 ﬁdeliter,
1307 1528 1399 1571 aut
1451 1527 1613 1571 t0tam
1660 1518 1739 1572 di-

123 1622 408 1676 spergere
439 1607 704 1662 fratribus
734 1608 1331 1677 debuerant,quiddam
1357 1611 1590 1665 retinere
1622 1619 1735 1664 ten-

125 1710 431 1756 taverunt.
464 1702 536 1756 Et
566 1700 692 1757 ideo
717 1702 1007 1772 utrobique
1032 1704 1277 1772 sequitur
1300 1704 1488 1758 mortis
1517 1703 1730 1758 damna-

1850 502 1940 556 tite
1968 514 2151 557 coram
2180 500 2292 556 Deo
2320 500 2516 557 divites
2545 502 3011 573 comprobantur?

2404 614 2630 674 CAPUT
2670 617 2860 674 X-XVI.

1880 709 2035 777 Quod
2065 711 2387 781 philargyria
2414 712 2613 783 lepram
2643 712 2830 765 anima:
2856 711 3046 781 inferat
3074 711 3384 781 spiritalem.

1912 805 2013 870 Qui
2055 802 2351 858 secundum
2394 803 2805 858 similitudinem
2852 801 3001 858 Giczi
3051 802 3145 874 (ιν
3189 804 3323 875 Reg.
3372 802 3430 872 ν)

1845 905 1872 934 ι
1895 896 2090 966 spiritu
2116 910 2178 950 ac
2211 904 2390 950 mente
2418 895 2621 963 leprosi
2645 908 2767 950 esse
2791 902 3106 960 noscuntur,
3131 897 3221 963 qui
3246 895 3431 949 mundi

1842 990 2002 1061 hujus
2044 989 2277 1045 caducas
2320 988 2576 1058 pecunias
2604 988 2992 1059 concupiscens
3027 987 3319 1042 immunda:
3358 988 3432 1041 le-

1842 1102 1955 1158 pra:
1996 1084 2318 1154 contagione
2349 1097 2631 1152 respersus
2666 1090 2771 1137 est.
2820 1080 2923 1136 Per
2953 1095 3111 1150 quam
3138 1081 3293 1136 nobis
3322 1080 3433 1135 evi-

1842 1178 1978 1233 dens
2006 1176 2225 1242 reliquit
2254 1174 2586 1244 exemplum,
2616 1188 2829 1228 omnem
2858 1173 3093 1227 animam
3118 1172 3431 1242 cupiditatis

1841 1266 1963 1323 labe
2003 1267 2266 1337 pollutam
2307 1266 2535 1335 spiritali
2572 1265 2823 1320 vitiorum
2863 1266 3013 1333 lepra
3036 1264 3309 1335 respergi,
3334 1265 3434 1319 im-

1841 1361 2203 1431 mundamque
2246 1360 2388 1429 apud
2439 1359 2727 1414 Dominum
2774 1357 2998 1428 perenni
3043 1358 3429 1413 maledictione

1840 1462 2099 1524 reputa”
2396 1520 2622 1578 CAPUT
2661 1522 2875 1577 xxvu.

1840 1615 2153 1670 Testimonia
2178 1616 2241 1669 ds
2266 1615 2579 1686 Scripturis,
2618 1615 2801 1684 quibus
2841 1615 3203 1685 perfectionem
3234 1614 3433 1670 deside-

1870 1704 1992 1741 rans
2014 1689 2250 1742 edocetur
2272 1702 2373 1740 non
2387 1702 2641 1740 resumere
2661 1702 2775 1756 qutr
2796 1686 3392 1742 renuntiansabdicavit.

121 1795 252 1859 tio,
286 1795 417 1863 quia
448 1804 741 1863 utrumque
770 1795 977 1850 crimen
1002 1795 1072 1851 de
1100 1794 1439 1867 philargyriae
1468 1796 1732 1850 radicibus
1763 1804 1810 1864 B
1907 1804 2076 1875 Igitur
2114 1803 2157 1857 si
2188 1801 2542 1872 perfectionis
2576 1802 2848 1856 desiderio
2888 1801 3175 1859 dimittens
3204 1803 3385 1857 omnia
3413 1845 3428 1871 ,

116 1888 459 1959 pullulavit.
514 1888 698 1959 Itaque
736 1888 781 1945 si
826 1890 879 1944 in
917 1904 1011 1945 eos
1044 1892 1132 1960 qui
1164 1906 1266 1945 non
1297 1890 1497 1945 alienas
1526 1906 1729 1946 concu-

123 1984 371 2051 pierunt
413 1983 745 2038 substantias
772 2024 787 2049 ,
820 1984 914 2038 scd
950 1986 1180 2054 pr0priis
1215 1999 1439 2054 parcere
1476 1994 1723 2041 tentave.

119 2084 283 2141 runt,
315 2090 421 2131 nec
448 2076 687 2132 habuere
710 2076 1042 2133 desiderium
1065 2078 1402 2146 acquirendi,
1430 2078 1527 2133 sed
1556 2093 1726 2133 reser-

122 2168 303 2223 vandi
331 2169 707 2224 tantummodo
732 2170 1090 2240 voluntatem,
1114 2174 1382 2241 processit
1402 2184 1510 2228 tam
1534 2188 1723 2229 severa

117 2263 407 2317 sententia
443 2280 455 2314 :
490 2262 621 2333 quid
663 2263 991 2318 censendum
1041 2263 1109 2319 de
1152 2264 1237 2319 his
1286 2266 1375 2335 qui
1426 2282 1722 2334 numquam

116 2369 422 2424 possessas
450 2356 702 2425 pecunias
719 2356 941 2426 cupiunt
963 2370 1315 2426 congregare,
1346 2366 1401 2412 et
1424 2358 1720 2413 nuditatem

1835 1906 2055 1952 secutus
2080 1910 2138 1949 es
2159 1894 2429 1949 Christum
2453 1894 2723 1949 dicentem
2740 1894 3070 1963 tibi(Matth.
3094 1897 3209 1966 xu)
3226 1914 3238 1949 :
3256 1896 3426 1963 Vade,

1831 1988 2005 2043 vende
2033 1987 2210 2042 omnia
2238 2001 2359 2056 quae
2390 1986 2577 2051 habes,
2606 1996 2658 2041 et
2686 1986 2753 2040 da
2788 1988 3130 2057 pauperibus,
3166 1996 3220 2042 et
3260 1987 3428 2043 habe-

1833 2080 1913 2135 bis
1959 2080 2265 2136 thesaurum
2315 2081 2367 2133 in
2414 2081 2585 2144 caelo,
2632 2088 2684 2133 et
2715 2081 2854 2141 veni.
2890 2095 3117 2149 sequere
3144 2096 3263 2145 me;
3299 2082 3427 2151 quid

1832 2174 1993 2229 missa
2014 2188 2176 2243 super
2200 2184 2437 2227 aratrum
2462 2186 2626 2225 manu
2650 2172 2873 2239 respicis
2897 2180 3069 2237 retro,
3097 2154 3156 2226 ut
3182 2172 3427 2239 ejusdem

1832 2265 2045 2319 Domini
2077 2279 2208 2320 voce
2232 2264 2431 2335 (Lacte
2460 2279 2513 2318 ts
2543 2273 2593 2316 et
2618 2263 2750 2334 xvn)
2781 2262 3143 2331 pronuntieris
3173 2276 3277 2316 non
3306 2278 3429 2317 esse

1830 2367 1984 2427 aptus
2021 2372 2185 2427 regno
2234 2354 2532 2412 caelorum?
2589 2354 2821 2424 bSuper
2873 2361 3069 2408 tectum
3119 2352 3425 2423 Evangelici

1210 2449 1468 2504 ALARDI
1509 2450 1741 2506 GAZ/El
1780 2448 2352 2505 COMMENTARlUS.

118 2545 314 2594 morte
344 2535 576 2607 punivit.
606 2534 872 2595 Caeterum
902 2552 967 2592 an
995 2537 1095 2591 ista
1140 2553 1286 2593 mors
1333 2542 1579 2607 corporis
1618 2551 1733 2594 tan-

118 2620 241 2665 tum
290 2608 458 2663 fuerit
508 2618 561 2662 et
605 2610 938 2674 tetuporalis,
972 2625 1038 2663 an
1090 2625 1223 2664 vero
1268 2612 1427 2664 etiam
1457 2613 1651 2665 animae
1679 2620 1733 2665 et

118 2692 363 2745 aeterna,
400 2694 505 2734 non
537 2694 641 2734 una
674 2680 855 2734 itidem
889 2682 985 2733 luit
1039 2690 1281 2735 veterum
1334 2680 1553 2735 Patrum
1608 2697 1731 2736 sen-

121 2753 321 2807 tentia.
356 2749 513 2819 Quod
544 2752 684 2806 enim
712 2752 1039 2819 sempiterna
1085 2763 1255 2804 morte
1303 2752 1542 2805 mulctati
1588 2754 1725 2818 sint,

120 2824 429 2876 Cassianus
457 2836 567 2893 pra:
596 2836 654 2875 se
685 2820 788 2874 fert
810 2822 896 2893 his
929 2822 1112 2876 verbis
1144 2821 1353 2893 (Collat.
1400 2823 1467 2877 18
1494 2839 1611 2889 cap.
1638 2826 1725 2893 7):

122 2894 323 2948 Beatus
367 2892 630 2959 apostolus
676 2892 950 2964 praedictos
996 2894 1113 2944 nori
1162 2894 1404 2962 facinoris
1451 2892 1726 2964 principes,

122 2982 223 3018 non
252 2964 579 3029 pwnitentia,
605 2979 706 3015 non
733 2963 843 3016 ulla
866 2980 1052 3033 passus
1076 2972 1147 3016 est
1169 2964 1515 3034 satisfactione
1534 2963 1728 3031 curari,

123 3038 210 3089 sed
231 3035 950 3106 pernicioxissimumgermen
975 3034 1129 3086 celeri
1152 3043 1310 3087 morte
1333 3036 1567 3091 succidit.
1590 3037 1730 3091 Alibi

126 3104 310 3160 tamen
331 3104 552 3175 (Collat.
570 3106 602 3157 6
623 3121 675 3159 c.
691 3104 782 3173 li)
803 3106 958 3159 aliter
978 3106 1177 3159 sentire
1191 3106 1398 3175 etloqui
1427 3107 1660 3173 videtur,
1677 3116 1734 3161 ut

127 3178 480 3246 postmodum
504 3177 823 3231 referemus.
844 3176 904 3228 D.
927 3175 1157 3229 Basilius
1170 3185 1225 3230 et
1248 3178 1385 3229 Beda
1410 3178 1463 3230 in
1486 3179 1730 3233 eamdem

125 3251 461 3303 sententiam
479 3248 826 3313 inclinant,ut
842 3255 1031 3313 putent
1044 3262 1135 3301 eos
1150 3249 1201 3300 in
1216 3258 1469 3302 aeternum
1484 3250 1730 3318 periisse.

128 3319 311 3374 Basilii
329 3320 496 3372 verba
517 3328 641 3371 sunt
659 3318 803 3371 haec:
824 3318 958 3382 Quid
978 3335 1091 3371 vero
1102 3319 1624 3388 Ananias?numquid
1647 3320 1736 3375 ille

1838 2552 2003 2597 sextae
2033 2555 2152 2609 cap.
2188 2541 2276 2603 ll,
2309 2540 2412 2595 sub
2439 2554 2666 2610 persona
2698 2538 2907 2594 abbatis
2937 2536 3242 2610 Theodori:
3275 2538 3430 2595 Inue-

1836 2615 2035 2677 nimus,
2080 2608 2269 2681 iittiuit,
2318 2608 2473 2665 etiam
2521 2628 2613 2681 pro
2656 2610 2924 2674 levioribus
2965 2608 3130 2676 culpis
3157 2613 3431 2669 nonnullos

1835 2685 2062 2736 eamdem
2106 2684 2283 2735 mortis
2321 2684 2387 2735 ad
2430 2698 2650 2749 presens
2684 2682 2941 2751 excepisse
2968 2682 3291 2749 sententiam,
3326 2701 3429 2750 qua

1832 2765 1951 2806 sunt
1978 2753 2331 2826 etillipuniti
2360 2770 2487 2823 quos
2517 2752 2849 2826 prwdiagimus
2872 2752 3142 2826 exstitisse
3159 2753 3427 2826 sacrilegtc

1832 2825 2272 2892 pravaricationis
2297 2821 2571 2893 auctores;
2600 2834 2658 2876 ut
2685 2823 2881 2892 factum
2902 2832 2975 2874 est
3001 2824 3052 2875 in
3082 2821 3174 2875 illo
3204 2827 3291 2893 qui
3312 2821 3431 2878 sab-

1834 2896 1950 2948 bato
1977 2896 2119 2964 ligna
2145 2896 2449 2966 collegerat;
2479 2892 2553 2966 vel
2578 2893 2631 2945 in
2676 2893 2983 2966 Ananiaet
3014 2892 3251 2966 Saphira
3276 2937 3292 2961 ,
3341 2899 3430 2966 qui

1834 2963 2026 3037 parum
2045 2965 2166 3033 quid
2194 2965 2329 3016 clam
2357 2964 2420 3017 de
2449 2964 2731 3037 substantia
2760 2981 2856 3037 sua
2882 2963 3213 3037 infidelitatis
3251 2963 3428 3022 errore

1835 3033 2187 3101 servaverant;
2220 3051 2320 3088 non
2347 3036 2482 3105 quod
2510 3033 2733 3105 azqualia
2757 3034 2945 3104 fuerint
2984 3037 3212 3101 pondera
3250 3055 3429 3107 pecca-

1837 3117 2024 3171 torum,
2057 3107 2147 3160 sed
2175 3108 2296 3173 quia
2322 3122 2465 3159 nova:
2490 3107 2904 3177 transgressionis
2932 3122 3317 3178 praesumptores
3344 3127 3428 3163 re-

1834 3180 1987 3249 perti,
2008 3178 2288 3233 debuerunt
2304 3177 2527 3249 prtebere
2539 3178 2754 3242 ceteris,
2772 3177 3199 3247 quemadmodum
3211 3183 3426 3249 peccati,

1836 3251 1909 3322 ita
1958 3251 2110 3303 etiam
2155 3264 2315 3322 patrue
2356 3265 2417 3302 ac
2442 3250 2652 3304 terroris
2681 3249 2999 3322 exemplum;
3030 3260 3087 3302 ut
3114 3252 3345 3322 quisquis
3369 3269 3429 3308 ea

1838 3267 1909 3303 ua
1958 3267 2110 3303 etiam
2190 3267 2315 3303 tents
2356 3267 2417 3302 ac
2442 3267 2652 3304 terroris
2681 3267 2999 3319 exemptum;
3030 3267 3087 3302 ut
3114 3267 3345 3322 quisquis
3369 3269 3429 3308 ea

1838 3321 2078 3387 deinceps
2105 3267 2347 3387 (εἰδείητε
2373 3331 2636 3385 tentasset,
2672 3333 2836 3374 nosset
2860 3319 2955 3375 sibi
2978 3323 3265 3374 secundum
3291 3340 3429 3376 eant-

129 3392 273 3444 aliud
302 3391 494 3463 fecisse
517 3366 1120 3463 maleficium‘reperitur,
1148 3402 1334 3463 prd-ter
1354 3393 1408 3442 id
1429 3366 1588 3444 animi
1609 3408 1728 3462 pro-
1762 3366 1807 3429 C
1838 3392 1952 3445 dem
1977 3366 2345 3461 forrma'r'n.qua
2372 3393 2452 3445 illi
2478 3366 2707 3446 damnati
2729 3402 2869 3457 sunt,
2894 3393 3095 3445 etiamsi
3117 3396 3169 3445 in
3190 3397 3427 3463 praesenti

130 3471 239 3527 pter
270 3462 417 3531 quod
445 3461 621 3532 acerbe
638 3460 765 3512 adeo
792 3462 1066 3532 mulctatus
1090 3465 1197 3514 est?
1224 3461 1322 3515 Ubi
1344 3464 1499 3531 igitur
1515 3460 1728 3532 apparet

130 3548 338 3601 gravem
389 3531 521 3585 adeo
563 3547 765 3601 poenam
813 3533 971 3601 fuisse
994 3531 1140 3585 illum
1168 3534 1553 3585 commeritum?
1582 3533 1728 3586 Prte—

132 3604 272 3657 dium
301 3619 459 3656 suum
488 3603 814 3663 vendiderat,
846 3603 1066 3673 pretium
1106 3604 1380 3666 attulerat,
1422 3604 1572 3668 idque
1612 3613 1728 3656 ante

132 3677 488 3740 apostolorum
518 3673 670 3742 pedes
693 3682 981 3726 statuerat:
1013 3683 1236 3727 attamen
1266 3674 1403 3743 quod
1434 3685 1627 3742 partem
1666 3676 1729 3728 de

133 3761 185 3797 eo
225 3747 373 3799 clam
416 3743 674 3798 malitiose
700 3745 1050 3813 compilasset,
1083 3755 1353 3813 propterea
1399 3744 1570 3796 eodem
1616 3745 1728 3811 ipso

132 3825 357 3880 tempore
384 3832 491 3868 una
522 3830 637 3867 cum
679 3831 837 3868 uxore
884 3826 1048 3867 morte
1090 3815 1339 3883 afficitur,
1390 3830 1491 3865 non
1538 3815 1727 3883 dignus

136 3886 333 3941 habitus
360 3888 449 3957 qui
481 3886 542 3939 de
567 3887 766 3956 agenda
792 3886 854 3939 ob
884 3885 1169 3937 admissum
1198 3892 1459 3954 peccatum
1484 3888 1728 3953 paeniten-

136 3958 200 4010 tia
227 3956 520 4027 quidquam
547 3957 826 4020 inaudiret,
853 3957 1073 4027 nonrqui
1108 3956 1261 4021 spatii
1303 3957 1489 4008 saltem
1533 3965 1728 4027 tantum

134 4032 536 4088 nancisceretur.
585 4044 676 4097 per
719 4027 855 4097 quod
893 4026 972 4080 vel
1003 4028 1177 4079 leuiter
1204 4027 1374 4079 animo
1403 4026 1655 4080 indoleret
1681 4038 1728 4081 et

136 4108 585 4169 compungeretur,
616 4115 716 4151 non
739 4100 824 4168 qui
853 4114 1049 4151 moram
1079 4099 1295 4165 denique
1317 4098 1384 4149 ad
1406 4114 1458 4151 se
1480 4099 1728 4152 redeundi

135 4171 290 4241 ultam
319 4168 638 4241 impetraret.
672 4170 796 4222 Hzec
824 4169 1073 4241 Basilius.
1106 4168 1297 4241 Verum
1322 4183 1352 4223 e
1377 4169 1592 4222 diverso
1619 4184 1723 4223 non

135 4240 331 4296 desunt
356 4240 446 4294 alii
474 4255 663 4310 graves
692 4250 964 4306 auctores,
990 4240 1079 4309 qui
1107 4240 1265 4293 aliter
1291 4244 1548 4300 sentiant,
1584 4241 1728 4294 Ana-

136 4310 270 4365 niam
305 4310 559 4366 videlicet
587 4319 642 4365 et
669 4310 957 4373 Saphiram
988 4313 1055 4364 de
1094 4321 1316 4380 peccato
1362 4326 1460 4364 suo
1508 4312 1558 4364 in
1611 4314 1726 4379 ipso

138 4384 321 4437 mortis
352 4382 583 4435 articulo
610 4383 947 4449 paenituisse,
976 4397 1039 4434 ac
1068 4382 1292 4449 proinde
1321 4390 1547 4435 mortem
1571 4381 1725 4434 dum-

139 4459 275 4506 taxat
289 4454 524 4508 subiisse
538 4454 909 4523 temporalem,
930 4467 1101 4521 eaque
1115 4454 1355 4521 expiatos
1368 4463 1596 4507 mortem
1609 4468 1726 4506 eva-

139 4523 267 4579 sisse
290 4526 698 4591 sempiternam.
725 4523 817 4579 Sic
844 4525 1101 4592 Origenes
1123 4524 1189 4577 de
1225 4524 1305 4575 his
1335 4538 1499 4592 agens
1524 4523 1723 4592 (Tract.

140 4593 241 4647 8in
265 4594 481 4664 Matth.)
511 4614 521 4647 :
557 4593 734 4661 Digni,
770 4595 964 4664 inquit,
997 4604 1141 4646 erant
1171 4596 1223 4646 in
1246 4596 1343 4647 hoc
1376 4594 1565 4647 sarculo
1600 4596 1727 4646 reci-

142 4681 251 4733 pere
287 4676 555 4734 peccatum
576 4682 743 4729 suum,
775 4675 827 4717 ut
859 4665 1153 4717 mundiores
1180 4674 1358 4718 exeant
1384 4666 1446 4717 ab
1477 4664 1575 4715 hac
1598 4666 1720 4728 vita,

1824 3462 2133 3533 supplicium
2155 3462 2444 3529 differatur,
2468 3466 2522 3516 in
2543 3464 2703 3532 futuri
2717 3464 2906 3532 judicii
2926 3462 3301 3518 examinatione
3320 3469 3427 3518 red-

1828 3534 2076 3588 dendum.
2105 3535 2228 3587 Haec
2259 3535 2351 3588 ibi.
2380 3540 2557 3603 Atque
2586 3535 2704 3587 haec
2748 3533 2963 3600 quidem
3015 3536 3281 3588 sententia
3306 3576 3321 3598 ,
3373 3550 3427 3591 ut

1830 3603 2012 3668 pietati
2039 3621 2103 3660 ac
2128 3607 2326 3661 divina;
2362 3604 2750 3659 misericordiae
2798 3606 2968 3671 magis
3012 3616 3378 3659 consentanea
3406 3650 3420 3670 ,

1828 3674 2062 3729 Baronio
2082 3678 2309 3743 aliisque
2329 3676 2681 3744 scriptoribus
2702 3673 3082 3744 ecclesiasticis
3110 3675 3280 3743 magis
3302 3691 3425 3743 pro-

1828 3745 1985 3800 batur
2010 3746 2167 3816 (Bar.
2206 3758 2328 3799 tom.
2362 3747 2401 3807 Ι,
2434 3743 2889 3816 amatr-isti“).

1900 3828 1925 3854 ⁸
1957 3812 2030 3870 De
2062 3818 2208 3885 lepra
2235 3816 2497 3881 spirituali
2524 3815 2728 3881 juverit
2755 3812 2841 3885 hic
2871 3828 2938 3867 ex
2979 3812 3144 3885 Petro
3188 3814 3424 3869 Bercho-

1829 3888 1910 3941 rio
1944 3882 2190 3957 quaetliim
2239 3896 2420 3939 notato
2461 3886 2641 3957 digna_
2661 3884 2970 3957 ascribere:
3020 3882 3220 3951 Sicuti,
3254 3887 3424 3956 inquit

1829 3903 1910 3941 rio
1944 3900 2190 3957 quaedam
2239 3900 2420 3939 notatu
2461 3900 2620 4009 digna
2661 3900 2970 3939 ascribere:
3020 3900 3220 3951 nicuu,
3254 3900 3424 3956 inquit

1828 3957 1919 4028 (In
1950 3959 2174 4013 Diction.
2208 3957 2396 4010 Moral.
2432 3972 2514 4009 ver
2553 3995 2565 4007 .
2613 3952 2828 4028 Lepra),
2856 3955 2999 4028 lepra
3029 3959 3316 4024 corporalis
3360 3976 3424 4014 ex

1828 4026 2041 4083 diuersis
2062 4032 2229 4084 causis
2259 4030 2422 4083 oritur
2442 4029 2555 4101 ,‘7sic
2583 4028 2725 4097 lepra
2753 4026 3065 4101 spiritualis,
3088 4028 3279 4101 scilicet
3306 4048 3423 4101 pec-

1828 4111 2019 4163 catum,
2053 4101 2337 4155 rationibus
2368 4100 2520 4153 variis
2547 4096 2857 4171 generatur._
2875 4096 3055 4152 Oritur
3082 4098 3225 4171 lepra
3252 4096 3419 4171 quan-

1827 4172 1991 4235 doque
2014 4189 2076 4225 επ)
2102 4173 2428 4239 corruptione
2456 4168 2722 4242 sanguinis
2742 4209 2757 4234 ,
2803 4168 3138 4240 phlegmatis,
3180 4168 3421 4237 choleraz,

1831 4243 2201 4298 melancholicc.
2237 4242 2298 4296 Et
2327 4246 2611 4295 secundum
2636 4242 2760 4294 istas
2789 4252 3009 4311 quatuor
3035 4257 3217 4295 causas
3247 4260 3421 4310 possu-

1826 4328 1939 4365 mus
1966 4314 2257 4384 intelligere
2281 4323 2499 4383 quatuor
2525 4328 2712 4381 genera
2741 4312 2897 4384 lepra:
2923 4311 3210 4379 spiritualis
3233 4355 3248 4376 ,
3280 4314 3421 4368 scili-

1827 4393 1903 4454 cet
1949 4383 2218 4437 simoniam
2237 4427 2250 4447 ,
2279 4383 2570 4454 superbiam
2594 4424 2607 4442 ,
2661 4383 2929 4454 avaritiam
2950 4425 2963 4447 ,
3012 4385 3416 4443 immunditiam.

1831 4452 1969 4518 Quia
1993 4455 2185 4507 scilicet
2210 4471 2299 4522 per
2324 4452 2515 4525 lepram
2534 4462 2697 4524 potest
2722 4452 2939 4519 intelligi
2963 4455 3145 4508 horror
3165 4459 3416 4523 simoniaa,

1828 4534 1995 4576 tumor
2043 4526 2325 4591 superbiae,
2376 4526 2532 4579 ardor
2575 4525 2831 4590 avaritiae,
2878 4527 3008 4590 fetor
3055 4525 3416 4583 immunditiaz.

1828 4592 2035 4648 Deinde
2064 4606 2183 4662 post
2208 4599 2393 4659 multa,
2421 4599 2489 4651 de
2518 4599 2660 4662 lepra
2684 4594 2942 4657 avaritias,
2968 4595 3033 4649 de
3060 4612 3161 4665 qua
3194 4597 3281 4652 hic
3304 4601 3419 4664 agi—

1828 4674 1932 4724 tur,
1967 4668 2036 4717 ita
2067 4667 2282 4722 subdit:
2319 4666 2488 4720 Tertio
2527 4667 2641 4719 dico
2684 4668 2822 4735 quod
2872 4664 3022 4719 homo
3070 4664 3415 4736 spiritualiter

144 4739 367 4811 mandati
394 4738 726 4811 castigatione
754 4737 849 4789 sibi
874 4736 1020 4811 illata
1044 4751 1131 4806 per
1152 4744 1361 4811 mortem
1382 4751 1718 4811 comantnem.
1748 4739 1799 4798 D
1826 4736 1886 4803 ﬁt
1917 4737 2148 4805 leprosus
2178 4757 2269 4809 per
2298 4739 2529 4811 avaritiae
2568 4739 2887 4807 grauitatem.
2919 4737 3067 4791 Sicut
3089 4744 3224 4792 enim
3249 4742 3419 4811 lepro-

145 4806 364 4875 ldipsuin
391 4804 556 4863 etiam
589 4810 650 4861 Ι),
680 4808 1005 4876 Augustinus
1030 4804 1230 4860 Sentire
1255 4806 1471 4859 videtur
1498 4804 1721 4874 (Contra

145 4877 543 4932 Parmenianum
587 4878 677 4930 lib.
721 4875 783 4932 tu
829 4894 945 4942 cap.
982 4877 1036 4945 1)
1064 4919 1078 4941 ,
1121 4878 1247 4931 dum
1306 4892 1470 4947 agens
1519 4875 1586 4930 de
1612 4877 1719 4933 Co-

144 4950 365 5015 rinthio,
412 4966 572 5019 quem
620 4948 820 5003 Paulus
859 4949 1071 5001 tradidit
1119 4948 1325 5002 Satame
1371 4949 1421 5001 in
1461 4948 1721 5003 interitum

145 5024 298 5073 carnis
327 5020 369 5091 (ι
394 5019 516 5076 Cor.
546 5019 622 5090 ν),
654 5020 724 5072 ita
756 5020 989 5087 loquitur
1013 5036 1024 5070 :
1064 5019 1201 5085 Quid
1224 5035 1344 5090 ergo
1368 5020 1547 5088 agebat
1574 5019 1718 5088 Apo-

144 5091 313 5153 stolus,
344 5093 443 5145 nisi
469 5101 525 5143 ut
546 5107 638 5159 per
665 5092 926 5143 interitum
954 5091 1122 5141 carnis
1154 5092 1305 5141 saluti
1344 5092 1553 5160 spiritus
1594 5107 1721 5145 con-

144 5162 358 5227 suleret;
390 5172 444 5215 ut
467 5164 571 5215 sive
596 5161 771 5230 aliqua
801 5178 967 5229 pcena.
995 5160 1073 5213 vel
1098 5171 1258 5212 morte
1281 5162 1563 5230 corporali,
1591 5165 1721 5215 sicut

144 5233 361 5286 Ananias
390 5242 435 5286 et
464 5249 596 5285 uxor
626 5228 733 5301 ejus
762 5228 877 5285 ante
901 5231 1054 5302 pedes
1082 5228 1306 5302 apostoli
1338 5228 1478 5282 Petri
1519 5233 1718 5284 cecide-

144 5314 283 5369 runt;
318 5304 417 5356 sive
448 5320 539 5370 per
572 5300 941 5370 paenitentiam,
970 5304 1209 5370 quoniam
1248 5300 1456 5352 Satanae
1501 5302 1719 5355 traditus

144 5384 256 5435 erat,
287 5376 600 5428 interimeret
638 5375 690 5426 in
724 5390 776 5426 se
814 5372 1112 5425 sceleratam
1156 5372 1329 5440 carnis
1368 5372 1719 5440 concupiscen-

145 5443 283 5511 tiam,
332 5458 436 5499 etc.
484 5446 674 5499 Petrus
713 5445 869 5498 etiam
917 5444 1150 5496 Damiani
1179 5442 1273 5495 lib.
1303 5439 1370 5493 de
1397 5439 1717 5509 Contempto

144 5517 314 5570 surculi
364 5519 434 5571 ita
484 5517 671 5569 scribit
697 5532 708 5567 :
754 5514 983 5567 Ananias
1013 5524 1060 5567 et
1088 5512 1313 5583 Saphira
1342 5512 1463 5583 quia
1493 5512 1645 5583 rudes
1670 5524 1719 5565 et

145 5586 202 5633 ad
230 5587 377 5651 fidem
408 5589 471 5640 de
502 5602 632 5639 noro
656 5588 937 5645 venientes,
972 5594 1019 5637 et
1062 5585 1113 5636 in
1159 5587 1269 5652 ipso
1317 5582 1437 5650 ﬁdei
1483 5582 1715 5652 tirocinio

144 5658 511 5721 quodammodo
536 5657 834 5725 simpliciter
860 5651 1209 5722 peccaverunt,
1236 5651 1711 5725 districtoquidem,

145 5726 223 5775 sed
249 5729 327 5790 pio
344 5730 569 5797 judicio,
604 5723 732 5791 sola,
759 5736 810 5779 ut
834 5726 1105 5790 credimus,
1137 5736 1250 5777 sunt
1290 5723 1517 5797 corporis
1557 5733 1716 5797 morte

147 5792 381 5852 mutuati.
410 5799 468 5853 ln
497 5798 740 5852 eamdem
756 5799 1077 5852 sententiain
1094 5792 1384 5851 Cassianus
1406 5792 1713 5850 collationis

1824 4823 1911 4859 sus
1952 4819 2023 4861 est
2062 4814 2231 4879 gravis
2272 4819 2317 4863 et
2366 4810 2706 4877 ponderosas,
2738 4820 2783 4863 et
2808 4812 2859 4861 in
2889 4824 3041 4862 carne
3066 4814 3219 4864 sentit
3243 4813 3419 4877 pruri-

1826 4886 1933 4931 tum
1964 4889 2009 4931 et
2039 4881 2311 4945 ardorem;
2342 4882 2413 4933 sic
2446 4896 2629 4932 avarus
2655 4890 2725 4933 est
2751 4880 2938 4947 grauis.
2970 4887 3019 4932 et
3044 4883 3111 4934 ad
3141 4892 3341 4936 terrena
3369 4892 3416 4936 et

1827 4953 2130 5021 temporalia
2160 4953 2458 5012 inclinatus,
2489 4960 2535 5021 et
2572 4952 2752 5003 ardore
2783 4950 3014 5003 avaritia:
3058 4954 3302 5007 continue
3332 4953 3416 5005 in-

1824 5021 2137 5090 ﬂammatus.
2176 5021 2324 5073 Unde
2353 5020 2561 5087 proprie
2582 5022 2798 5073 avaritia
2822 5031 2893 5075 est
2922 5022 3064 5088 lepra
3090 5039 3204 5090 qua:
3226 5024 3415 5077 dicitur

1824 5088 2176 5151 elephantina,
2203 5104 2319 5157 qua:
2348 5103 2410 5157 ea:
2434 5090 2644 5139 humore
2662 5106 2839 5156 grosso
2862 5100 3026 5144 terrea
3048 5088 3412 5147 etmelancho-

1825 5158 1927 5231 lico
1952 5169 2242 5231 generatur,
2276 5167 2322 5231 et
2345 5156 2462 5231 ideo
2493 5158 2755 5231 elephanti
2777 5160 2994 5213 animali
3016 5203 3030 5225 ,
3066 5164 3210 5231 gravi
3232 5203 3247 5226 ,
3284 5180 3414 5228 pon-

1825 5230 2004 5282 deroso
2020 5239 2067 5281 et
2088 5227 2479 5289 melancholico,
2507 5226 2597 5295 qui
2621 5229 2814 5281 scilicet
2843 5226 3119 5297 postquam
3149 5226 3410 5295 ceciderit,

1824 5316 1927 5353 non
1957 5309 2122 5363 potest
2147 5316 2382 5370 surgere,
2409 5309 2757 5367 comparatur.
2792 5300 2916 5354 llaec
2942 5300 3031 5355 ille
3064 5310 3119 5356 et
3148 5303 3249 5355 alia
3290 5319 3411 5372 quae

1822 5385 2141 5423 SBGUllnllﬂ‘.
3233 5386 3243 5394 ’

1854 5387 1883 5426 8
1926 5387 2141 5426 uuntur.
3233 5387 3243 5394 ’

1887 5388 1921 5481 (11’
1952 5442 2165 5497 litoralis
2192 5443 2383 5497 allusio
2409 5444 2475 5498 ad
2502 5441 2651 5497 illum
2686 5444 2857 5495 locum
2886 5439 3046 5495 Lucae
3093 5457 3201 5496 xvu
3246 5458 3366 5512 cap.
3394 5463 3406 5500 ;

1821 5510 1888 5566 In
1914 5514 2006 5567 illa
2032 5513 2135 5580 die,
2166 5516 2253 5583 qui
2280 5516 2431 5585 fuerit
2460 5516 2525 5585 in
2539 5522 2686 5576 tecto,
2719 5521 2766 5566 et
2791 5528 2911 5566 vasa
2939 5515 3051 5584 ejus
3076 5513 3128 5566 in
3156 5510 3326 5579 domno,
3350 5533 3410 5569 ne

1821 5586 2090 5639 descendat
2122 5583 2303 5638 tollere
2336 5586 2449 5640 illa.
2481 5583 2548 5637 Et
2575 5584 2662 5650 qui
2714 5585 2766 5638 in
2819 5583 2965 5653 agro,
3017 5584 3256 5638 similiter
3306 5603 3410 5643 non

1818 5658 1992 5726 redeat
2014 5666 2168 5708 retro.
2206 5657 2316 5709 Hoc
2341 5667 2457 5723 est,
2492 5658 2659 5723 inquit
2684 5654 2745 5710 D.
2776 5657 3090 5711 Ambrosius
3120 5655 3261 5726 (Lib.
3292 5658 3326 5713 8
3356 5660 3409 5713 in

1818 5723 2063 5800 Lucam),
2099 5726 2163 5800 Si
2188 5731 2301 5794 quis
2327 5730 2596 5798 superiora
2624 5726 2801 5781 domus
2830 5744 2937 5783 sua
2977 5723 3408 5800 eminentiuqu

1816 5797 1966 5850 virtut
1975 5814 2061 5850 um
2078 5796 2279 5853 culmen
2299 5796 2549 5869 ascendit,
2567 5802 2633 5854 ad
2658 5811 2860 5856 terrena
2880 5802 3061 5859 mundi
3083 5803 3238 5875 hujus
3251 5796 3407 5875 opera
