4016 6202
641 195 750 254 519

1965 191 2246 252 JOANNIS
2278 191 2594 253 CASSIANI

3796 191 3886 257 δέω

638 309 886 367 culminis
912 308 1200 378 stabilitus,
1231 312 1356 382 quid
1385 308 1669 366 descendis
1694 309 1884 364 tollere
1912 307 2110 378 aliquid
2152 307 2301 380 ἀει-Α
2324 307 2652 377 parvissimae
2681 305 2967 377 cujuslibet
2994 307 3144 378 stipis
3171 307 3225 363 in
3257 306 3418 363 corde
3445 314 3634 363 nostro
3663 307 3884 369 residere

639 404 801 459 domo
831 412 944 471 tua,
976 419 1042 459 ex
1067 403 1149 458 his
1176 403 1421 458 videlicet
1457 418 1574 472 quae
1615 411 1771 457 antea
1808 401 2217 472 contempsisti?

637 494 974 552 Constitutus
1001 496 1052 550 in
1081 510 1211 566 agro
1235 505 1394 566 atque
1416 496 1731 565 operatione
1759 495 2044 562 virtutum,
2089 494 2217 549 sub.

636 591 833 643 stantia
862 587 1068 652 mundi,
1098 603 1201 657 qua
1232 597 1284 644 te
1311 588 1625 646 renuntians
1656 589 1897 659 spoliasti
1917 630 1930 654 ,
1973 587 2100 659 quid
2133 603 2218 644 re-

637 695 863 736 currens
889 680 1077 735 niteris
1102 681 1379 736 revestiri'?
1407 681 1460 737 Si
1488 696 1617 737 vero
1643 689 1954 752 paupertate
1973 696 2218 751 preven-

636 785 721 827 tus
745 773 872 827 nihil
895 773 1033 843 quod
1054 773 1354 830 dimitteres
1376 775 1630 840 habuisti,
1657 776 1825 830 multo
1846 776 2022 829 minus
2044 774 2221 844 acqui-

636 878 754 920 rere
777 863 940 919 debes
969 866 1110 934 quod
1139 865 1295 922 antea
1328 882 1433 923 non
1464 867 1773 937 possedisti.
1802 867 1882 923 Ob
1903 867 1956 922 id
1977 868 2116 921 enim
2143 867 2218 921 ita

633 958 843 1012 Domini
893 957 1151 1014 benelicio
1198 972 1525 1033 praeparatus
1569 979 1659 1030 es,
1711 971 1772 1018 ut
1817 962 2116 1030 expeditior
2148 962 2215 1017 ad

633 1063 756 1103 eum
782 1048 943 1104 nullis
963 1052 1307 1120 pecuniarum
1329 1053 1530 1123 laqueis
1562 1054 1850 1124 impeditus
1878 1069 2212 1110 accurreres.

635 1141 1012 1200 Verumtamen
1042 1146 1222 1202 nullus
1251 1148 1304 1202 in
1335 1148 1436 1203 hoc
1461 1163 1625 1219 egens
1655 1150 1967 1219 frangatur;
1999 1159 2215 1228 {nemo

631 1242 716 1290 est
760 1235 930 1303 enim,
976 1239 1065 1308 qui
1107 1254 1213 1293 non
1261 1239 1454 1296 habeat
1481 1242 1620 1311 quod
1651 1241 1902 1297 dimittat.
1934 1243 2216 1300 Universis

630 1329 953 1383 renuntiavit
1006 1329 1342 1387 facultatibus
1391 1334 1613 1404 mundi,
1665 1335 1910 1406 quisquis
1963 1333 2214 1391 aﬂ'ectum

630 1420 946 1491 possidendi
979 1437 1071 1480 eas
1097 1423 1352 1482 radicitus
1380 1429 1694 1498 amputavit.

1132 1540 1158 1580 δ
1185 1543 1410 1600 CAPUT
1448 1544 1688 1600 XXVIII.

735 1630 885 1697 Quod
912 1631 1157 1688 adversus
1182 1635 1550 1706 philargyriam
1586 1639 1799 1692 victoria
1825 1653 1930 1692 non
1956 1637 2105 1692 aliter

1007 1706 1165 1775 possit
1197 1707 1294 1759 nisi
1321 1708 1548 1762 nuditate
1575 1710 1831 1778 conquiri.

698 1792 824 1850 Ilzec
848 1802 930 1850 est
957 1795 1117 1865 igitur
1151 1797 1220 1853 de
1242 1797 1565 1871 philargyria
1594 1800 1830 1870 perlecta
1865 1801 2109 1868 victoria,
2139 1809 2200 1855 ut

2240 1717 2290 1780 B

2322 415 2428 455 non
2480 402 2717 455 sinamus
2771 401 3096 470 igniculum,
3153 402 3285 457 certi
3340 402 3481 471 quod
3535 402 3881 472 restinguendi

2319 511 2442 550 eum
2473 509 2575 549 non
2605 493 2917 549 habebimus
2947 496 3168 551 ulterius
3205 496 3551 562 facultatem,
3583 499 3631 552 si
3671 512 3877 570 quantu-

2319 586 2656 657 lamcumque
2691 586 2941 642 scintillae
2979 586 3134 657 hujus
3170 588 3224 642 in
3265 587 3418 645 nobis
3445 590 3730 646 materiam
3755 589 3878 648 tore-

2318 679 2504 736 rimus.

2873 769 3098 827 CAPUT
3137 771 3327 827 XXIX.

2593 884 2661 939 In
2688 900 2786 956 quo
2815 890 3094 941 monastica
3122 887 3328 942 nuditas
3357 889 3625 944 consistat.

2391 1042 2559 1110 Quam
2589 1041 2849 1098 virtutem
2877 1056 2984 1096 non
3013 1041 3144 1097 alias
3172 1042 3412 1098 retinere
3449 1043 3752 1100 valebimus
3789 1045 3874 1099 illi-

2318 1137 2519 1204 batam,
2551 1136 2655 1190 nisi
2683 1138 2737 1191 in
2783 1134 3112 1191 monasterio
3150 1136 3551 1202 consistentes;
3598 1138 3874 1195 secundum

2319 1231 2656 1300 Apostolum,
2693 1243 2714 1270 ε
2743 1231 3003 1287 habentes
3035 1231 3237 1290 victum
3264 1241 3320 1288 et
3344 1231 3624 1301 vestitum,
3662 1233 3746 1290 his
3769 1248 3874 1291 cou-

2321 1324 2451 1381 tenti
2478 1323 2738 1381 fuerimus
2767 1324 2843 1396 (Il
2874 1323 3003 1378 Tim.
3033 1322 3130 1395 vt).

2891 1502 3116 1563 CAPUT
3153 1503 3324 1561 XXX.

2552 1639 2798 1695 Remedia
2824 1648 3005 1695 contra
3029 1639 3260 1694 morbum
3285 1639 3648 1712 philargyrite.

2379 1796 2407 1834 ά
2436 1795 2841 1851 Damnationem
2867 1808 2997 1866 ergo
3023 1796 3248 1852 Ananiae
3269 1804 3325 1853 et
3344 1795 3593 1868 Saphirae
3620 1796 3639 1828 ’
3645 1797 3808 1852 Actor.
3826 1797 3870 1849 vi

1691 1934 1948 1990 ALARDI
1983 1932 2218 1990 GAZA‘JI
2255 1929 2818 1988 COMMENTARIUS.

624 2042 728 2081 non
753 2026 983 2081 accedat.
1011 2026 1079 2082 Et
1113 2025 1438 2096 Augustinus
1485 2026 1582 2081 lib.
1622 2043 1658 2082 ιι
1689 2028 1892 2094 Quaest.
1945 2027 2201 2096 Evangel.

622 2097 692 2164 (c.
725 2097 853 2165 4!):
886 2096 952 2152 In
978 2107 1107 2153 tecto
1130 2107 1224 2160 est.
1271 2097 1477 2168 inquit,
1523 2098 1609 2168 qui
1649 2100 1894 2152 excedens
1939 2096 2200 2161 carnalia,

621 2176 876 2239 tamquam
902 2171 956 2222 in
986 2187 1114 2222 aura
1143 2168 1302 2222 libera
1321 2169 1618 2239 spiritaliter
1642 2171 1792 2232 vivit;
1813 2185 1932 2223 vasa
1955 2170 2008 2221 in
2031 2169 2202 2232 domo,

617 2251 736 2293 sunt
755 2257 930 2312 sensus
952 2241 1201 2303 carnales,
1221 2241 1402 2309 quibus
1420 2240 1487 2294 ad
1501 2240 1904 2312 investigandum
1923 2243 2202 2302 veritatem,

616 2327 730 2394 quia
746 2311 1007 2365 intellectu
1027 2312 1245 2394 capitur,
1269 2312 1417 2394 multi
1443 2321 1636 2365 utentes
1655 2311 1859 2394 pen-itus
1886 2321 2202 2394 erraverunt.

618 2380 808 2435 Caveat
856 2398 974 2452 ergo
1022 2382 1270 2452 spiritalis
1315 2382 1500 2450 homo,
1552 2399 1614 2435 ne
1647 2380 1702 2436 in
1726 2383 1812 2437 die
1839 2383 2202 2448 tribulationis,

615 2468 790 2525 rursus
812 2451 1151 2525 vitacarnali,
1174 2468 1288 2525 qua:
1308 2469 1396 2517 per
1420 2470 1596 2508 sensus
1621 2456 1871 2525 pascitur,
1905 2454 2202 2522 delectatus,

615 2522 1023 2606 ad-vosahujys
1051 2523 1230 2606 mundi
1257 2525 1550 2606 descendat.

688 2601 716 2630 ι
748 2593 893 2649 Scite
923 2593 975 2648 id
1004 2595 1236 2666 explicat
1263 2595 1325 2648 D.
1354 2595 1682 2666 Augustinus
1715 2596 1767 2650 in
1798 2596 2061 2666 psalmum
2087 2612 2202 2662 cm,

615 2663 882 2737 docetque
914 2665 1182 2720 neminem
1215 2680 1335 2737 esse
1362 2663 1498 2722 adeo
1528 2663 1818 2737 pauperem
1860 2675 1916 2722 et
1957 2669 2200 2737 inopem,

613 2735 702 2803 qui
745 2752 849 2790 non
897 2737 1062 2791 multa
1098 2751 1195 2804 pro
1223 2736 1438 2791 Christo
1467 2735 1725 2801 dimittat,
1756 2739 1800 2792 si
1831 2735 2203 2807 paupertatem

612 2807 984 2878 evangelicum
1002 2808 1376 2875 amplectatur.
1411 2809 1500 2864 Sic
1521 2813 1663 2863 enim
1693 2810 1840 2863 illum
1865 2810 2059 2878 psalmi
2079 2825 2204 2864 ver-

612 2877 843 2950 siculurn
866 2895 878 2930 :
914 2876 1033 2930 Illic
1057 2894 1286 2948 passeres
1316 2879 1680 2946 nidiﬁcabunt,
1704 2876 2106 2950 interpretatur,
2148 2889 2204 2933 ut

610 2948 863 3016 ejusmodi
890 2964 1143 3019 passeres,
1173 2959 1349 3020 utpote
1375 2952 1583 3020 minutte
1607 2948 1860 3013 aviculte,‘
1882 2951 1982 3004 sint
2011 2968 2206 3020 paupe-

609 3034 689 3092 res
716 3027 762 3092 et
795 3021 937 3087 parvi
953 3064 966 3085 ,
993 3020 1080 3090 qui
1106 3021 1368 3092 audientes
1395 3022 1447 3072 in
1477 3019 1762 3091 Evangelia
1793 3019 2019 3092 (Matth.
2043 3021 2156 3090 xu)
2187 3039 2200 3074 :

619 3086 801 3155 Vade,
844 3086 1014 3143 vende
1035 3091 1210 3143 omnia
1262 3092 1573 3162 qutehabes
1599 3086 1698 3154 ,ἐι
1739 3086 1810 3144 dri
1848 3086 2199 3162 pauperibus,

609 3169 656 3213 et
687 3161 800 3214 veni
820 3202 834 3226 ,
866 3173 1076 3230 sequere
1106 3177 1212 3224 me,
1244 3170 1347 3214 toto
1386 3160 1441 3212 id
1475 3164 1645 3214 animo
1674 3160 1930 3229 amplexi,
1955 3160 2206 3216 decreve-

608 3240 727 3283 runt
749 3248 856 3303 non
873 3231 1031 3303 jungi
1056 3231 1322 3303 uxoribus,
1370 3247 1472 3284 non
1492 3235 1748 3303 macerari
1801 3249 1926 3285 cura
1953 3233 2198 3302 ﬁliorum,

2308 2023 2461 2077 limus
2484 2025 2537 2076 in
2550 2024 2684 2077 hunc
2706 2023 2994 2089 mundum;
3016 2022 3138 2078 Job.
3160 2035 3212 2095 l_:
3239 2022 3426 2095 Nudus
3448 2041 3688 2095 egressus
3702 2041 3804 2080 smn
3822 2029 3870 2079 de

2309 2105 2451 2168 utero
2478 2095 2657 2148 matris
2677 2111 2831 2168 mete;
2853 2104 3111 2168 quantum
3134 2093 3200 2149 ad
3224 2094 3406 2168 ﬁnem,
3429 2093 3550 2164 quia
3575 2114 3673 2151 nec
3693 2099 3869 2168 aufem

2307 2167 2432 2236 quid
2459 2182 2748 2234 possumus.
2785 2165 2998 2220 Psalmo
3044 2181 3222 2220 Lxxv:
3271 2163 3606 2220 Dormierunt
3659 2163 3868 2222 somnum

2308 2253 2482 2296 suum.
2510 2247 2558 2290 et
2587 2236 2718 2289 nihil
2746 2237 3046 2289 invenerunt
3076 2252 3251 2289 omnes
3275 2237 3371 2288 viri
3390 2238 3697 2292 divitiarum
3717 2241 3766 2292 in
3787 2256 3868 2291 nia-

2309 2309 2458 2362 nibus
2484 2312 2612 2364 suis.
2645 2307 2766 2362 Job.
2800 2322 2943 2361 xxvlt
2967 2305 3160 2360 :‘Dives
3185 2323 3302 2360 cum
3333 2306 3620 2370 dormierit,
3661 2312 3781 2363 nihil
3805 2328 3867 2364 se-

2306 2396 2422 2433 cum
2445 2383 2676 2447 auferet;
2710 2379 2906 2448 aperiet
2937 2380 3112 2432 oculos
3141 2394 3283 2446 suos,
3315 2387 3364 2432 et
3392 2379 3524 2433 nihil
3548 2381 3785 2435 inveniet.

2379 2451 2406 2487 ά
2436 2451 2842 2504 Damnationem
2865 2449 2979 2502 sive
3009 2460 3288 2510 aeternam,
3309 2450 3424 2501 sive
3444 2453 3861 2516 temporaneam;

2308 2519 2377 2576 de
2393 2538 2498 2591 qua
2522 2536 2683 2588 supra
2718 2519 2866 2589 (Cap.
2891 2519 3003 2589 25).
3035 2519 3222 2591 Solent
3250 2518 3350 2591 SS.
3370 2519 3583 2584 Patres.
3608 2523 3863 2590 proposito

2308 2589 2534 2648 Anania:
2564 2604 2618 2647 et
2639 2592 2884 2660 Saphirre
2907 2590 3156 2658 exemplo
3180 2599 3234 2644 et
3253 2589 3533 2645 horrendo
3555 2589 3750 2657 exitio,
3769 2608 3865 2645 lllO-

2309 2664 2512 2718 nachos
2547 2679 2578 2715 a
2609 2663 2958 2733 proprietatis
3002 2670 3075 2733 et_
3101 2662 3381 2733 peculatus
3413 2662 3543 2716 vitio
3573 2664 3860 2719 deterrere.

2307 2733 2398 2789 Sic
2428 2735 2494 2788 D.
2523 2731 2752 2788 Basilius
2781 2748 2945 2786 serm.
2977 2734 3000 2787 1
3046 2731 3114 2786 de
3166 2731 3402 2787 Institut.
3441 2735 3823 2790 monachorum
3849 2753 3860 2786 :

2309 2804 2393 2870 Si,
2422 2805 2612 2874 inquit,
2645 2819 2736 2875 per
2763 2804 3005 2857 vitiorum
3040 2804 3445 2875 evacuationem,
3471 2805 3540 2858 ad
3574 2803 3678 2860 Dei
3701 2806 3862 2860 simili-

2307 2872 2540 2929 tudinem
2577 2872 2765 2930 animm
2791 2885 2979 2927 nostra:
3006 2872 3355 2928 characterem
3397 2892 3711 2945 componere
3737 2877 3859 2930 nobis

2305 2946 2362 2999 in
2382 2949 2558 2999 animo
2581 2957 2677 3011 est,
2704 2954 2752 3000 et
2794 2948 2890 2997 hac
2919 2949 3119 2998 ratione
3145 2947 3508 3015 sempiternam
3546 2950 3699 3003 nobis
3722 2949 3858 3000 vitam

2307 3019 2594 3086 acquirere,
2628 3016 2800 3070 danda
2829 3016 3044 3088 omnino
3079 3016 3223 3088 nobis
3269 3016 3450 3070 sedulo
3497 3033 3662 3088 opera
3688 3029 3783 3082 est,
3811 3035 3858 3070 ne

2306 3089 2431 3155 quid
2459 3088 2772 3157 professione
2811 3096 2990 3139 nostra
3026 3086 3297 3157 indignum
3327 3086 3604 3156 faciamus,
3664 3107 3777 3144 neve
3803 3091 3859 3142 si-

2309 3157 2419 3210 mili
2448 3156 2601 3229 atque
2619 3157 2856 3229 Ananias
2858 3156 3066 3223 judicio
3096 3157 3379 3229 efficiamur
3407 3159 3642 3214 obnoxii.
3679 3161 3856 3214 Liccbat

2307 3231 2445 3281 enim
2484 3227 2637 3282 initio
2685 3228 2907 3281 Ananiae
2938 3227 3410 3295 possessiunculam
3436 3246 3588 3283 suam
3619 3231 3729 3286 Deo
3769 3247 3854 3284 non

610 3317 714 3383 non
731 3298 923 3384 habere
946 3298 1183 3393 prap'rias
1201 3301 1366 3365 sedes,
1393 3301 1575 3370 quibus
1603 3298 1960 3393 deligarentur
1975 3320 1992 3364 ;
2022 3305 2111 3384 sed
2127 3298 2202 3393 ire
2230 3329 2276 3393 Ο
2309 3298 2632 3393 polliceriag
2656 3314 2839 3393 vovere
2861 3315 2879 3362 ,°
2898 3299 2988 3393 sed
3019 3309 3289 3393 postqu'am
3309 3299 3549 3393 huptonq:
3574 3304 3756 3393 gloria:
3782 3319 3857 3355 cu.

607 3373 664 3424 in
693 3373 850 3426 vitam
895 3372 1168 3442 quamdam
1207 3389 1545 3443 communem.
1597 3373 1702 3428 Sed
1720 3374 1864 3439 quid,
1896 3374 2082 3443 inquit,
2113 3374 2198 3426 di-

610 3443 855 3497 miserunt
886 3445 970 3497 isti
1000 3446 1267 3516 passeres?
1292 3442 1486 3516 Minuti
1513 3444 1648 3516 enim.
1677 3443 1852 3516 saeculi
1879 3442 2038 3516 hujus
2082 3461 2203 3512 pas-

605 3529 741 3568 seres
769 3516 1026 3586 videntur.
1060 3515 1199 3581 Quid
1220 3515 1523 3586 dimiserunt
1544 3516 1569 3568 ?
1597 3514 1733 3582 Quid
1765 3514 2008 3586 magnum
2047 3516 2201 3570 dimi.

605 3595 781 3658 serunt
807 3586 832 3638 ?
873 3585 1022 3639 Alius
1051 3601 1104 3639 se
1128 3588 1373 3658 convertit
1417 3601 1435 3638 :
1458 3585 1650 3639 dimisit
1695 3585 1879 3640 cellam
1916 3588 2078 3658 patris
2118 3587 2200 3658 sui

606 3655 830 3726 inapem,
868 3658 954 3709 vix
981 3672 1139 3709 unum
1187 3656 1374 3711 lectum
1425 3664 1472 3709 et
1528 3673 1683 3710 unam
1723 3655 1925 3712 arcam.
1967 3655 2091 3712 Non
2120 3657 2198 3712 illi

602 3726 941 3791 insultemus;
967 3743 1068 3780 non
1090 3727 1322 3782 dicamus
1344 3727 1455 3782 illi:
1482 3726 1635 3782 Nihil
1664 3729 1923 3783 dimisisti.
1958 3729 2083 3783 Non
2111 3746 2198 3783 su-

601 3798 818 3863 perbiat,
852 3800 940 3870 qui
963 3800 1124 3851 multa
1154 3800 1371 3853 dimisit.
1397 3798 1586 3854 Petrus
1605 3807 1661 3854 ut
1692 3811 1984 3870 sequeretur
2013 3800 2196 3855 Domi-

602 3882 746 3939 num,
782 3868 1014 3939 novimus
1040 3870 1179 3937 quod
1205 3872 1433 3938 piscator
1469 3881 1620 3936 erat;
1650 3868 1774 3936 quid
1823 3873 1988 3939 potuit
2025 3871 2198 3926 dimit-

603 3945 705 3986 tere
730 3937 752 3987 ?
777 3935 852 4007 vel
880 3937 1036 4004 frater
1052 3935 1173 4006 ejus
1200 3935 1437 3993 Andreas
1455 3979 1471 4005 ,
1529 3942 1608 3993 vel
1636 3935 1737 4007 ﬁlii
1761 3935 1994 3996 Zébedtei
2030 3940 2196 3996 Joan-

601 4019 688 4077 nes
718 4014 766 4058 et
790 4004 1035 4077 Jacob_us,
1061 4004 1218 4061 etiam
1247 4011 1346 4076 ipsi
1378 4004 1659 4072 piscatores
1681 4026 1702 4074 ;
1749 4019 1797 4062 et
1846 4020 2012 4063 tamen
2067 4013 2194 4077 quid

600 4075 846 4129 dixerunt
867 4077 892 4128 ?
922 4075 1055 4130 Ecce
1077 4093 1170 4130 nos
1197 4075 1486 4130 dimisimus
1520 4081 1711 4141 omnia,
1743 4089 1789 4131 et
1816 4081 1974 4132 sec-uti
2017 4075 2193 4136 sumus

602 4155 667 4197 te.
697 4146 821 4219 Non
870 4147 917 4219 ei
951 4147 1095 4219 dixit
1141 4144 1433 4219 Dominus:
1491 4146 1692 4201 Oblitus
1737 4165 1788 4202 es
1840 4161 2192 4219 paupertatem

601 4227 741 4290 tuam
762 4218 787 4268 ?
832 4218 959 4290 quid
992 4218 1254 4290 dimisisti,
1305 4227 1375 4290 ut
1405 4227 1566 4290 totum
1618 4218 1866 4272 mundum
1893 4221 2146 4290 acciperes
2168 4224 2194 4277 ?

601 4286 818 4358 multum
836 4286 1051 4352 dimisit,
1077 4288 1264 4358 fratres
1281 4289 1400 4354 mei,
1421 4289 1640 4341 multum
1653 4290 1868 4352 dimisit,
1896 4286 2190 4346 nonvsolum

598 4357 789 4431 dimisit
817 4357 1330 4431 quidquidhabebat
1357 4400 1372 4425 ,
1408 4359 1496 4412 sed
1525 4361 1678 4413 etiam
1704 4362 1954 4431 quidquid
2004 4360 2191 4418 habere

598 4428 1009 4500 cupiebatoQuis
1029 4429 1166 4483 enim
1195 4446 1390 4497 pauper
1416 4446 1520 4483 non
1547 4428 1777 4486 tumescit
1816 4428 1872 4486 in
1897 4449 1987 4500 spe
2013 4436 2190 4488 steculi

597 4499 750 4573 hujus
782 4500 807 4552 ?
835 4499 961 4564 Quis
1002 4516 1105 4553 non
1140 4500 1364 4573 quotidie
1407 4503 1546 4573 cupit
1596 4517 1780 4572 augere
1806 4499 1944 4573 quod
1988 4503 2184 4558 habet?

596 4566 716 4642 Ista
743 4572 1012 4642 cupiditas
1046 4566 1263 4641 praecisa
1286 4581 1378 4624 est.
1411 4566 1529 4624 Ibat
1563 4573 1614 4642 in
1640 4566 1960 4638 immensum,
1993 4577 2188 4642 accepit

595 4640 827 4706 modum,
861 4652 908 4695 et
937 4640 1071 4695 nihil
1120 4642 1391 4695 dimissum
1435 4645 1545 4697 est?
1573 4641 1799 4697 Prorsus
1844 4654 2006 4698 totum
2035 4640 2186 4699 mun-

595 4712 719 4764 dum
743 4702 937 4765 dimisit
969 4711 1178 4776 Petrus,
1201 4721 1252 4767 et
1280 4721 1442 4766 totum
1470 4715 1720 4766 mundum
1745 4714 1931 4769 Petrus
1959 4717 2176 4782 accepit.
2209 4702 2264 4762 Ῑ)

596 4782 759 4857 Quasi
782 4782 913 4836 nihil
933 4784 1196 4857 habentes,
1218 4794 1268 4838 et
1291 4785 1470 4857 omnia
1487 4786 1802 4857 possidentes
1831 4786 1903 4857 (Il
1925 4786 2046 4840 Cor.
2077 4789 2173 4852 ix).

591 4851 667 4907 Ita
700 4853 889 4908 beatus
915 4851 1269 4922 Augustinus.
1299 4854 1507 4909 Similia
1536 4855 1600 4908 D.
1629 4851 1938 4911 Bernardus
1979 4857 2034 4911 in
2078 4851 2179 4911 ne-

590 4924 807 4996 clamat.
841 4940 1007 4994 super
1028 4925 1160 4980 illud
1186 4942 1203 4980 :
1236 4925 1366 4979 Ecce
1394 4942 1486 4979 nos
1516 4927 1813 4996 reliquimus
1843 4929 2034 4981 omnia.

663 4993 690 5034 δ
733 4996 848 5069 Hoc
876 4993 1037 5064 caput
1065 5011 1188 5051 cum
1218 4997 1392 5051 tribus
1432 4993 1800 5069 sequentibus,
1829 5000 1972 5069 quod
2004 4999 2177 5053 brevia

589 5067 714 5135 sint,
749 5068 916 5141 simul
930 5077 978 5121 et
1007 5083 1111 5121 uno
1143 5076 1388 5141 contemtu
1410 5069 1587 5139 jungit
1622 5067 1918 5141 Dionysius.
1953 5071 2029 5125 De
2073 5071 2174 5125 hac

590 5151 755 5206 porro
789 5138 1057 5204 nuditate,
1080 5154 1178 5194 seu
1207 5138 1456 5208 religiosa
1483 5138 1818 5208 paupertate,
1855 5152 2051 5207 praeter
2069 5142 2173 5194 alia

588 5209 839 5277 superius
879 5210 1042 5264 allata
1073 5209 1258 5266 videre
1297 5210 1482 5264 licebit
1528 5210 1798 5266 lsidorum
1841 5212 2167 5268 Pelusiotem

588 5278 685 5333 lib.
717 5294 755 5334 ιι
785 5281 946 5336 epist.
983 5280 1106 5336 161.

612 5294 685 5333 in.
717 5294 946 5363 ti_epist.
983 5294 1144 5363 161..
1603 5349 1638 5363 ν
1797 5350 1810 5363 ,
1835 5351 1886 5363 ,,

664 5359 687 5387 ε
731 5351 880 5406 Hauc
911 5352 1235 5407 sententiam
1259 5350 1384 5406 alibi
1407 5349 1764 5418 expendimus
1790 5350 1939 5420 (Lib.
1965 5367 1980 5405 ι
2003 5368 2052 5404 c.
2081 5351 2171 5422 5).

591 5420 893 5492 Annotavit
923 5432 1185 5492 praeterea
1217 5422 1278 5475 D.
1310 5420 1550 5492 Thomas
1594 5421 1866 5491 duplicem
1909 5421 2176 5477 rationem

588 5491 656 5543 ab
688 5489 952 5559 Apostolo
991 5493 1209 5547 allatam
1237 5492 1292 5546 in
1321 5491 1623 5548 Comment.
1661 5489 1758 5548 cur
1800 5492 1882 5548 his
1925 5492 2169 5558 duobus,

587 5575 791 5627 nempe
813 5563 960 5615 victu
992 5573 1049 5616 et
1076 5563 1299 5630 vestitu,
1333 5565 1574 5618 contenti
1603 5579 1726 5619 esse
1754 5565 2075 5620 debeamus:
2097 5565 2177 5618 al-

588 5637 762 5701 teram
783 5647 811 5684 a
830 5631 1236 5701 principiovitaa
1258 5641 1311 5685 et
1330 5635 1649 5690 conditionis
1672 5645 1887 5701 nostra,
1908 5636 2128 5688 alteram
2145 5651 2177 5691 a

589 5699 735 5751 line:
769 5698 1031 5766 quantum
1051 5698 1118 5752 ad
1141 5701 1481 5771 principium,
1513 5706 1706 5776 inquit,
1731 5708 1855 5776 quia
1875 5698 2013 5760 nihil
2041 5708 2179 5760 intu-u

2305 3370 2521 3438 piditate
2545 3371 2808 3431 inductus,
2839 3369 3092 3438 quidquid
3111 3370 3170 3423 in
3200 3369 3347 3423 bouis
3375 3369 3610 3436 habebat,
3639 3390 3729 3438 per
3757 3391 3859 3437 pro-

2303 3440 2572 3514 fessionem
2601 3440 2705 3514 Deo
2734 3441 3070 3514 consecravit,
3089 3456 3190 3514 quo
3214 3442 3446 3514 videlicet
3474 3444 3673 3514 egregio
3697 3446 3859 3498 istius-

2301 3512 2443 3563 modi
2465 3512 2601 3580 facto
2626 3511 2888 3564 hominum
2911 3511 2975 3563 de
3001 3526 3056 3562 se
3085 3511 3484 3567 admirationem
3509 3511 3777 3579 excitaret,
3805 3516 3858 3566 de

2301 3582 2464 3649 pretio
2507 3591 2680 3636 autem
2731 3582 2919 3634 callide
2955 3592 3133 3654 postea
3170 3584 3339 3636 nescio
3383 3585 3522 3654 quod
3567 3586 3852 3645 intervenit,

2299 3655 2554 3727 ejusmodi
2594 3655 2861 3727 adversum
2898 3669 2951 3707 se
2995 3652 3404 3727 indignationem
3432 3655 3528 3727 Dei
3557 3658 3854 3727 provocarit,

2299 3726 2455 3794 cujus
2501 3723 2690 3780 Petrus
2736 3724 2973 3777 minister
3019 3724 3141 3792 fuit,
3169 3733 3276 3778 etc.
3318 3724 3409 3780 Sic
3453 3725 3524 3779 D.
3557 3723 3855 3782 Ambrosius

2299 3808 2464 3850 serm.
2492 3795 2560 3852 59
2593 3813 2606 3850 :
2635 3795 2963 3862 Exemplum,
2987 3796 3082 3863 ait,
3114 3797 3284 3849 avaris
3307 3797 3543 3852 omnibus
3568 3798 3625 3851 in
3669 3799 3855 3852 Anania

2297 3869 2624 3940 prapositum
2651 3877 2753 3940 est,
2773 3875 2828 3940 ut
2855 3866 2941 3940 qui
2967 3867 3223 3940 ejusdem
3264 3867 3499 3921 criminis
3551 3885 3671 3922 reus
3695 3869 3852 3940 fuerit,

2297 3939 2528 4008 ejusdem
2579 3938 2826 4008 supplicii
2875 3938 2928 3988 in
2947 3937 3142 4006 judicii
3190 3936 3274 3990 die
3324 3940 3581 3992 sententia
3629 3936 3850 4008 feriatur.

2297 3955 2325 3988 e
2353 3955 2528 3990 usaem
2579 3955 2825 4005 suppucu
2875 3955 2928 3988 in
2947 3955 3142 4006 juatcu
3190 3955 3274 3990 are
3324 3955 3581 3992 sententia
3629 3955 3850 4008 feriatur.

2296 3955 2507 4062 drande
2527 4009 2682 4076 igitur
2711 4007 2902 4060 malum
2930 4018 3002 4059 est
3027 4009 3270 4073 avaritia,
3303 4008 3458 4060 immo
3486 4009 3738 4063 malorum
3761 4026 3853 4062 om-

2297 4079 2441 4149 nium
2473 4079 2791 4149 origo,sicut
2818 4079 2891 4129 ait
2915 4077 3188 4149 Apostolus
3212 4093 3230 4130 :
3249 4078 3432 4133 Radix
3450 4090 3630 4132 autem
3647 4082 3853 4135 omnium

2293 4147 2645 4201 malorum—est
2668 4149 2945 4214 cupiditas.
2973 4147 3154 4201 lTiin.
3171 4165 3242 4203 vr.
3259 4149 3349 4204 Sic
3374 4160 3430 4204 et
3456 4152 3516 4205 ι).
3544 4151 3852 4206 Benedictus

2292 4232 2415 4292 cap.
2444 4220 2511 4292 57
2540 4219 2781 4292 Regulae,
2826 4217 3242 4292 de__artiﬁcihus
3291 4222 3610 4276 monasterii
3652 4236 3848 4292 agens:

2295 4289 2354 4343 Si
2383 4290 2529 4356 quid,
2561 4291 2655 4352 ait,
2688 4306 2752 4342 ea:
2773 4289 3010 4357 operibus
3039 4291 3303 4359 artiﬁcum
3330 4289 3744 4347 venumdanduin
3768 4303 3850 4352 est,

2291 4359 2494 4435 videant
2533 4362 2633 4430 ipsi
2662 4377 2752 4435 per
2788 4375 3008 4429 quorum
3049 4365 3594 4435 manustransigenda
3634 4377 3770 4427 sunt,
3798 4378 3850 4414 ne

2289 4431 2510 4498 aliquam
2541 4431 2778 4498 fraudem
2822 4442 3137 4503 praesumant
3167 4433 3394 4501 inferre;
3422 4431 3849 4503 inemorenturque

2289 4517 2486 4567 semper
2513 4504 2725 4555 Ananiae
2749 4511 2798 4572 et
2830 4501 3090 4569 Saphirce,
3116 4519 3177 4556 ne
3199 4506 3334 4571 forte
3356 4515 3576 4558 mortem
3602 4522 3753 4572 quam
3776 4501 3849 4557 illi

2287 4572 2340 4624 in
2369 4587 2583 4644 corpore
2612 4571 2954 4645 pertulerunt,
2978 4573 3113 4626 hanc
3139 4574 3247 4640 isti,
3281 4580 3360 4628 vel
3403 4592 3578 4629 omnes
3616 4571 3714 4645 qui
3759 4576 3844 4628 alio

2288 4660 2441 4716 quam
2462 4642 2707 4716 fraudem
2733 4645 2793 4696 de
2821 4642 2973 4716 rebus
3008 4646 3304 4698 monasterii
3337 4648 3576 4716 fecerint,
3608 4642 3662 4700 in
3686 4649 3845 4701 anima

2287 4715 2575 4784 patiantur.
2602 4715 2658 4769 lu
2689 4730 2847 4784 quem
2899 4714 3078 4768 locum
3135 4714 3510 4772 commentans
3568 4718 3846 4773 Turrccre-

2287 4797 2468 4838 matus
2500 4803 2512 4838 :
2547 4785 2696 4850 Haec,
2729 4787 2926 4854 inquit,
2957 4785 3116 4854 plana
3143 4795 3284 4850 sunt,
3311 4798 3358 4840 et
3398 4790 3716 4843 advertenda
3743 4788 3846 4854 plu-

2283 4859 2473 4908 rimam
2514 4855 2577 4908 ab
2619 4856 2698 4909 his
2743 4858 2829 4927 qui
2853 4873 2934 4910 res
2976 4861 3403 4911 monasteriorum
3435 4869 3767 4928 pertractant,
3798 4869 3846 4911 ut

2282 4939 2859 5000 coyuoscantquantunt
2873 4929 3156 5000 periculum
3167 4928 3233 4981 sit
3254 4929 3305 4981 in
3313 4930 3532 4995 fideliter
3555 4931 3845 5000 fraudulen-

2282 5006 2561 5072 terque-res
2588 4999 2880 5072 monasterii
2903 5008 3126 5072 tractare
3154 5014 3173 5052 :
3200 4999 3383 5065 infelix
3411 4999 3590 5072 plane,
3610 5005 3701 5072 qui
3730 5001 3846 5054 tanti

2282 5068 2504 5143 fulguris
2533 5070 2958 5143 tonitruum‘aure
2975 5069 3135 5143 surda
3161 5068 3498 5143 prieterit.Et
3528 5068 3846 5143 Sii‘iaragdus

2279 5140 2479 5215 ibidem
2515 5157 2527 5190 ε
2560 5138 2721 5215 Pejor
2743 5140 2899 5215 enim,
2926 5140 3117 5215 inquit,
3148 5149 3195 5215 et_
3217 5140 3502 5215 durior‘est
3535 5160 3676 5198 mors
3699 5138 3842 5215 quam

2281 5211 2520 5268 fraudem
2558 5210 2792 5284 faciendo
2815 5211 3047 5284 monachi
3092 5213 3356 5284 patiuntur
3395 5213 3451 5266 in
3477 5216 3678 5278 anima,
3704 5210 3846 5284 quam

2283 5298 2424 5334 mors
2436 5282 2667 5349 corporis
2679 5296 2827 5346 quam
2847 5281 2984 5352 passi
2997 5291 3114 5333 sunt
3130 5283 3356 5336 Ananias
3375 5296 3421 5337 et
3447 5284 3484 5338 S
3494 5304 3523 5335 ιι
3530 5285 3700 5352 phira.
3716 5281 3764 5340 Μ
3773 5302 3845 5336 ars

2277 5355 2414 5406 enim
2443 5353 2725 5420 corporalis
2754 5350 2977 5423 omnium
3002 5361 3074 5405 est
3105 5355 3387 5407 communis
3435 5366 3481 5407 et
3527 5350 3844 5423 temporalis,

2277 5438 2414 5476 mors
2456 5438 2556 5476 iero
2581 5423 2768 5476 animae
2790 5420 3069 5484 impiorum
3094 5432 3165 5476 est
3184 5435 3228 5475 et
3251 5433 3475 5490 wterna;
3495 5427 3605 5480 ha'c
3629 5420 3847 5482 animam

2278 5494 2530 5566 disjungit
2559 5510 2589 5545 a
2616 5506 2843 5566 corpore,
2879 5492 2972 5566 illa
2999 5510 3113 5546 vero
3142 5505 3347 5558 separat
3377 5514 3407 5548 a
3435 5495 3716 5564 Creatore;
3747 5503 3846 5551 ha’c

2279 5562 2540 5638 cofpugm
2568 5565 2879 5638 sepulcrum,
2908 5562 3003 5638 illa
3035 5566 3326 5638 veroimittit
3357 5569 3586 5638 animum
3609 5571 3665 5622 in
3692 5562 3842 5638 infer-

2277 5651 2421 5688 num.
2460 5635 2532 5686 Ita
2580 5635 2686 5686 ille.
2739 5632 2904 5684 Porro
2929 5634 2996 5686 ad
3026 5637 3338 5704 ampliorem
3373 5636 3533 5703 hujus
3577 5641 3680 5697 loci
3729 5632 3844 5694 illu-

2278 5706 2594 5760 strationem
2656 5712 2958 5772 Opportune
3028 5705 3115 5759 hic
3170 5706 3525 5774 subjicientur
3591 5711 3843 5768 nonnulla
