4016 6202
126 271 219 334 321

771 272 859 334 DE
896 270 1373 333 C(ENOBIORUM
1410 266 1660 331 INSTIT.
1702 267 1830 331 LIB.
1872 268 2007 332 VIII.
2030 304 2102 319 —
2129 275 2215 331 DE
2254 272 2526 334 SPIRITU
2567 273 2727 334 IRIE.

3297 280 3398 352 δερ

125 402 443 450 memoriter
488 394 813 461 retinentes,
855 394 1230 449 horrescamus
1278 391 1481 463 aliquid
1529 395 1597 448 ex
1630 404 1711 448 nis
1737 395 1790 458 Α
1816 391 2009 447 minica
2044 391 2239 463 dirigi:
2287 396 2316 427 ⁸
2365 391 2574 462 Stulte,
2623 393 2723 449 hac
2769 402 2929 452 nocte
2973 394 3205 454 animam
3253 408 3399 461 tuam

126 502 411 543 reservare
451 503 577 557 quae
618 486 982 543 renuntiantes
1010 487 1227 557 penitus
1255 484 1507 541 abdicare
1548 484 1714 541 devo-

127 579 325 636 vimus.
378 578 536 637 Giezi
579 596 789 652 quoque
838 577 936 650 (IV
984 577 1116 651 Reg.
1166 579 1223 650 v)
1269 578 1712 648 pertimescamus

128 671 469 743 exemplum,
493 673 584 743 qui
605 672 675 727 ob
704 671 1041 743 philargyrize
1063 672 1274 742 culpam
1297 681 1514 726 aeterna:
1540 669 1714 743 [aiter-

131 760 224 833 no]
269 763 542 833 supplicio
569 763 730 833 leprze
756 764 1068 830 mulctatur;
1103 779 1170 819 ex
1198 764 1281 820 his
1311 778 1432 834 quae
1462 778 1563 820 nec
1590 771 1713 821 ante

131 854 497 926 possedimus,
525 870 807 913 caveamus
833 855 1138 926 acquirere.
1165 854 1389 913 Necnon
1417 857 1579 912 etiam
1620 857 1714 912 Ju-

132 945 243 1018 (ιω,
274 949 357 1004 vel
383 950 654 1015 meritum,
680 949 764 1006 vel
792 950 993 1006 exitum
1028 949 1398 1016 formidantes,
1428 950 1720 1022 quidquam

133 1044 378 1111 pecuniae
405 1055 687 1099 resumere
717 1042 896 1116 (quam
926 1042 1094 1099 semel
1130 1056 1161 1097 a
1202 1043 1359 1099 nobis
1400 1042 1720 1114 abiecimus)

132 1141 244 1187 tota
273 1133 469 1190 virtute
493 1135 749 1192 vitemus.
774 1134 949 1204 Super
971 1136 1087 1191 haec
1105 1137 1286 1191 omnia
1309 1135 1720 1192 considerantes

128 1225 500 1282 conditionem
524 1225 732 1296 fragilis
760 1227 1089 1298 incertaeque
1116 1235 1322 1282 natura;
1350 1234 1552 1281 nostra:
1572 1269 1587 1294 ,
1631 1240 1722 1281 ca-

129 1330 357 1374 veamus
383 1334 450 1374 ne
478 1319 595 1374 dies
624 1319 837 1375 Domini
863 1324 1002 1375 sicut
1040 1318 1127 1375 fur
1168 1320 1221 1374 in
1266 1326 1426 1374 nocte
1466 1332 1722 1389 superve~

128 1410 311 1478 niens,
341 1412 684 1475 maculatam,
712 1412 799 1468 vel
828 1428 936 1467 uno
965 1412 1145 1478 obolo.
1177 1423 1415 1470 nostram
1444 1412 1723 1467 conscien-

125 1505 266 1559 tiam
294 1504 661 1577 deprehendat
689 1505 734 1574 (Ι
752 1504 932 1560 Thess.
956 1504 1042 1577 v);
1075 1505 1166 1577 qui
1186 1520 1377 1561 omnes
1401 1504 1607 1561 fructus
1626 1521 1722 1561 no-

126 1604 266 1651 stre
290 1576 706 1653 renuntiationis
733 1576 1020 1662 evacuans,
1053 1576 1182 1652 illud
1212 1596 1356 1668 quod
1386 1597 1440 1653 in
1478 1596 1721 1669 Evange-

126 1689 206 1747 lio
238 1690 395 1746 diviti
423 1690 629 1747 dictum
656 1698 762 1758 est,
791 1689 858 1745 ad
891 1704 993 1746 nos
1017 1705 1230 1762 quoque
1252 1689 1411 1745 faciat
1438 1705 1570 1746 voce
1615 1690 1719 1746 Do-

1814 495 2066 557 repetunt
2107 504 2138 543 a
2184 497 2269 553 te;
2317 503 2437 559 qua:
2482 496 2660 544 autem
2692 490 3029 560 prmparasti,
3056 491 3211 563 cujus
3238 505 3400 551 erunt

1813 579 1996 651 (Luca:
2038 580 2176 650 xu)?
2216 579 2467 652 Nihilque
2512 579 2581 637 de
2624 581 2862 637 crastino
2891 582 3209 652 cogitantes,
3243 601 3398 642 num~

1812 687 1974 744 quam
2003 686 2101 729 nos
2129 671 2197 729 de
2221 671 2455 730 cmnobii
2482 671 2764 743 disciplina
2796 675 3058 743 patiamur
3090 675 3267 731 avelli.

2380 806 2607 865 CAPUT
2643 806 2839 865 XXXI.

1827 902 1976 970 Quod
2023 919 2126 957 non
2168 902 2330 965 possit
2376 901 2489 969 quis
2540 900 2915 972 philarggriam
2954 902 3177 968 vincere,
3218 903 3321 957 nisi
3351 905 3405 958 in

1893 973 2119 1028 canobio
2151 987 2521 1043 perseverum;
2551 981 2598 1026 et
2642 971 3075 1043 quemadmodum
3113 975 3274 1041 possit
3304 974 3405 1029 ibi-

1893 1046 2008 1099 dem
2034 1059 2352 1113 permanere.

1892 1132 2045 1202 Quod
2066 1135 2186 1190 sine
2206 1133 2371 1189 dubio
2400 1147 2739 1205 nequaquam
2761 1134 3126 1205 permittimur
3146 1134 3397 1208 implere,

1820 1228 1918 1285 sed
1943 1243 2012 1284 ne
2039 1227 2139 1284 sub
2180 1226 2532 1283 institutionis
2575 1227 2792 1299 quidem
2824 1228 3008 1300 regula
3053 1245 3397 1299 permanere,

1824 1321 1929 1378 nisi
1971 1320 2121 1390 prius
2147 1318 2421 1391 patientiae
2462 1321 2654 1386 virtus,
2679 1337 2799 1390 quae
2836 1337 2946 1378 non
2991 1321 3210 1378 aliunde
3239 1339 3402 1393 quam

1825 1415 1895 1471 de
1924 1413 2240 1470 humilitatis
2270 1412 2415 1469 fonte
2444 1414 2708 1482 procedit,
2756 1415 2812 1470 in
2847 1415 3005 1471 nobis
3044 1413 3210 1472 fuerit
3246 1416 3406 1473 ﬁrma

1826 1505 2100 1563 soliditate
2150 1503 2391 1560 fundata.
2422 1503 2518 1559 Illa
2567 1520 2800 1575 namque
2840 1506 2971 1561 nulli
3014 1509 3408 1563 commotiones

1826 1599 1980 1655 novit
2005 1599 2229 1664 inlerre,
2264 1599 2382 1653 haec
2428 1588 2559 1654 vero
2607 1597 2711 1654 sibi
2767 1598 2943 1655 illatas
2991 1598 3402 1670 magnanimiter

1826 1691 2082 1746 tolerare.

1208 1797 1463 1854 ALARDI
1502 1797 1737 1854 GAZAEI
1775 1797 2350 1856 COMMENTARIUS.

125 1896 245 1954 SS.
277 1894 505 1949 Patrum
538 1894 709 1964 elogia
751 1901 805 1949 et
830 1892 1077 1961 exempla
1100 1933 1115 1957 ,
1144 1892 1338 1962 quibus
1366 1891 1497 1946 illud
1526 1893 1717 1947 vitium
1748 1899 1798 1959 Β
1822 1895 1986 1964 igitur
2011 1894 2097 1948 die
2131 1894 2314 1947 ciceris
2342 1895 2537 1964 fascem
2564 1894 2798 1961 uirentis,
2831 1897 2964 1951 sicut
2992 1897 3046 1951 in
3079 1898 3250 1954 herbis
3278 1909 3409 1964 erat.

124 1966 505 2039 prOprietatis
527 1976 580 2021 et
608 1965 962 2039 philargyrias
982 1966 1341 2039 in__mon_acn_i_s
1370 1978 1718 2039 summOpere

126 2033 396 2095 deteStati
441 2033 897 2107 comprobantur.
933 2034 1237 2107 §Cl'lbilAD.
1279 2034 1645 2107 Hieronymus
1670 2033 1723 2107 in

128 2112 316 2181 epist._
353 2104 822 2181 ad'Eustochiuin
879 2104 1218 2181 (ἡνίας-,22
1264 2121 1380 2175 cap.
1434 2104 1727 2181 ii),_.Ali-

130 2174 353 2253 quando
375 2181 431 2233 in
457 2179 679 2253 quodam
722 2174 1032 2253 monasterio
1056 2174 1250 2231 Nitriae
1275 2174 1537 2253 repertum
1564 2176 1728 2253 fuisse

132 2247 456 2309 monachum
507 2251 598 2321 qui
642 2260 842 2321 centum
898 2249 1115 2315 solidos,
1173 2264 1300 2321 quos
1354 2247 1460 2321 lina
1489 2247 1729 2321 texendo

130 2325 480 2395 acquisierat,
512 2317 739 2395 moriens
769 2320 1039 2395 dereliquit
1082 2335 1099 2371 :
1134 2318 1398 2395 quocirca
1426 2317 1553 2371 inito
1584 2320 1731 2395 inter

131 2389 433 2450 monachos
458 2393 674 2447 consilio
699 2394 842 2461 (nam
863 2393 915 2444 in
942 2390 1121 2461 eodem
1141 2390 1254 2443 loco
1274 2389 1481 2461 circiter
1508 2389 1733 2457 quinque

132 2468 322 2521 millia
344 2464 517 2518 diuisis
538 2460 743 2518 cellulis
772 2460 1090 2531 habitabant)
1116 2461 1239 2531 quid
1260 2460 1400 2529 facto
1422 2469 1730 2531 opusesset,

134 2539 235 2592 alii
271 2535 581 2607 pauperibus
604 2534 989 2607 distribuendos
1018 2529 1733 2607 esse‘dicebantmliidandos

135 2599 680 2677 Eccl'esitetnonnulli
708 2604 1005 2677 parentibus
1051 2603 1428 2677 remittendos;
1465 2599 1730 2655 Macarius

138 2697 291 2744 vero,
322 2686 373 2733 et
403 2676 619 2740 Pambo,
647 2686 695 2729 et
710 2672 982 2739 'lsidorus,
1014 2683 1062 2728 et
1094 2675 1264 2728 caueri
1302 2672 1515 2739 Patres,
1555 2682 1733 2725 sancto

138 2754 192 2807 in
217 2751 303 2806 eis
351 2751 592 2821 loquente
638 2746 871 2821 Spiritu,
900 2748 1234 2821 decreuerunt
1264 2754 1349 2821 ut__
1373 2760 1490 2797 cum
1516 2751 1736 2821 ‘mortuo

142 2822 385 2893 pecunia
412 2812 791 2893 iiifoderentur,
823 2817 1162 2893 clamantibus
1187 2815 1424 2893 omnibus
1455 2832 1483 2893 ί
1507 2812 1737 2893 Pecunia

144 2886 241 2949 ἱνα
273 2905 444 2946 tecum
470 2886 535 2945 sit
561 2890 618 2943 in
643 2888 988 2960 perditionem
1005 2886 1164 2957 (Vide
1183 2902 1337 2960 serm.
1362 2886 1418 2949 5,
1434 2887 1738 2960 augustino

143 2965 472 3035 ascriptum,
503 2960 573 3035 ad,
590 2955 788 3035 fratres
833 2960 889 3012 iu
908 3030 919 3035 _
938 2955 1149 3035 eremo;
1175 2964 1221 3010 et
1250 2956 1533 3035 Ctesarium
1564 2955 1653 3035 lib.
1684 2970 1739 3035 is

146 3026 351 3090 κεναὶ.
397 3050 518 3102 cap.
552 3026 667 3102 65),
700 3034 876 3099 Atque
907 3030 1010 3083 hoc
1058 3029 1427 3102 ide_m_postea
1470 3028 1529 3102 i_n
1574 3026 1742 3081 simili

145 3123 283 3163 casu
322 3098 525 3161 fecisse
552 3098 961 3172 B.'Gregorium
989 3098 1179 3172 scribit
1203 3099 1442 3172 Joannes
1461 3098 1741 3172 Diaconus

144 3180 285 3233 lib.|
314 3193 370 3231 c.
395 3177 461 3231 l5
495 3174 628 3229 Vita:
652 3168 802 3243 ejus-'7;
832 3173 1025 3243 etipse
1054 3170 1217 3243 etiam
1245 3168 1539 3243 Gregorius
1562 3168 1665 3243 _l_i_h.
1687 3183 1742 3243 iv

152 3249 510 3315 Dialogorum
568 3238 696 3315 cap:
734 3242 835 3315 55.7
869 3241 1033 3315 Unde
1072 3252 1126 3296 et
1173 3238 1532 3315 Innocentius
1562 3238 1656 3302 lll,
1686 3238 1739 3292 in

151 3310 358 3376 celebri
393 3317 488 3371 illo
512 3310 774 3372 decreto:
800 3314 930 3368 Cum
971 3314 1037 3366 ad
1077 3314 1471 3375 monasterium,
1500 3310 1571 3366 de
1598 3320 1743 3364 statu

152 3389 554 3446 monachorum
599 3389 671 3441 ita
720 3387 945 3440 statuit:
979 3384 1128 3449 Quod
1180 3384 1226 3436 si
1264 3386 1557 3452 proprietas
1601 3382 1743 3452 apud

154 3475 469 3530 quemquam
506 3460 706 3513 inventa
734 3457 893 3526 fuerit
923 3457 977 3509 in
1006 3465 1189 3530 morte,
1215 3455 1329 3530 ipsa
1368 3468 1570 3530 cum__eo
1597 3453 1652 3504 in
1676 3452 1747 3530 si-

157 3522 332 3604 gnum.
341 3530 646 3604 perditionis
668 3522 813 3583 exlra
824 3527 1185 3604 monasterium
1207 3522 1261 3577 in
1278 3522 1603 3604 sterquilinio
1621 3522 1746 3575 sub—

160 3594 418 3667 ierretur;
447 3602 730 3655 secundum
750 3598 899 3669 quod,
930 3599 1123 3669 beatus_
1141 3594 1421 3669 Gregorius
1470 3596 1677 3669 dialogo
1696 3609 1750 3647 se

158 3676 346 3745 fecisse
368 3664 572 3745 narrat.
598 3664 985 3745 Haecibitlfib.
1007 3683 1067 3745 in
1098 3664 1383 3745 _l)ecrétal.,
1416 3673 1549 3745 θρα..
1578 3664 1752 3745 Super

158 3735 415 3815 quodam,
446 3742 626 3815 eodem
652 3743 781 3810 tit.).
802 3741 971 3815 _Al_in_d
1006 3738 1216 3815 insigne
1246 3735 1553 3815 exemplum
1580 3736 1749 3815 refert

161 3803 309 3872 idem
332 3803 778 3883 Do'Hlel'Ottylntl'S
800 3813 853 3873 in
876 3810 997 3865 Vita
1019 3807 1310 3883 Hilarionis
1330 3824 1343 3858 :
1362 3803 1745 3883 Detestabmur,

161 3888 365 3959 inquit,
393 3884 455 3942 S.
482 3875 729 3938 Hilarion
752 3883 1007 3951 praecipue
1028 3876 1311 3959 monachos
1331 3878 1419 3947 qui
1442 3875 1748 3959 infidelitate

163 3946 396 4022 quadam
434 3959 489 4010 in
515 3946 761 4023 futurum'
790 3946 1124 4023 reservarent
1156 3965 1272 4016 sua,
1320 3946 1370 4001 et
1420 3946 1746 4023 diligentiam

164 4018 414 4084 haberent
443 4018 525 4081 vel
549 4036 866 4097 sumptuum,
897 4024 972 4097 vel
1002 4020 1233 4084 vestitus,
1262 4029 1369 4097 aut_
1390 4018 1613 4097 alicujus
1663 4032 1749 4069 ea-

164 4116 279 4154 rum
307 4115 482 4154 rerum
506 4114 621 4167 qua:
645 4088 760 4149 cum
790 4092 979 4150 swculo
1011 4098 1294 4167 transeunt.
1323 4088 1556 4167 Denique
1590 4103 1747 4141 unum

168 4172 230 4223 de
258 4162 530 4242 fratribus,
554 4170 618 4242 in
647 4168 822 4242 quinto
866 4167 971 4242 fere
997 4180 1029 4242 ᾳ
1048 4178 1113 4242 se
1144 4162 1390 4242 milliaria
1434 4169 1745 4242 manentem,

167 4230 296 4311 quia
342 4230 679 4307 comperiebai
711 4230 1013 4311 hortu'lisui
1048 4233 1205 4311 nimis
1245 4242 1454 4287 cautum
1484 4230 1751 4311 timidum:

167 4299 267 4380 que
326 4299 607 4375 custodem,
632 4319 678 4364 et
724 4309 1015 4380 pauxillum
1064 4304 1249 4380 habere
1297 4317 1646 4380 nummorum,
1692 4299 1754 4353 ab

171 4374 344 4437 oculis
392 4374 770 4452 abegerat;qui
816 4378 991 4452 uolens
1037 4377 1133 4431 sibi
1183 4374 1533 4452 reconciliari
1561 4387 1752 4452 senem,

173 4454 464 4525 frequenter
482 4441 744 4525 'veniebat
772 4451 837 4503 ad
876 4453 1083 4525 fratres,
1108 4458 1154 4525 et
1194 4447 1418 4525 maxime
1465 4445 1561 4525 adn
1579 4441 1755 4525 Hesy-

173 4513 349 4578 chium
373 4542 469 4595 quo
494 4524 587 4579 ille
634 4513 1079 4575 vehementissime
1120 4517 1491 4574 delectabatur.
1519 4513 1756 4581 Quadam

175 4662 1572 4689 ___________________

1769 3277 1817 3343 C

1830 1963 2052 2028 detulit;
2081 1981 2230 2035 quem
2252 1963 2379 2038 cum
2421 1963 2714 2038 Hesychius
2753 1969 3006 2038 posuisset
3038 1969 3093 2021 in
3133 1986 3307 2025 mensa
3343 1963 3413 2024 ad

1829 2052 2114 2110 uesperam,
2146 2036 2451 2110 caclamauit
2482 2052 2637 2090 aenea:
2664 2053 2719 2090 se
2739 2036 2971 2110 putorem
3002 2041 3111 2106 ejus
3141 2044 3280 2110 ferre
3310 2058 3413 2096 non

1831 2123 2013 2180 posse,
2032 2107 2289 2180 simulque
2332 2106 2469 2180 unde
2509 2117 2660 2171 esset,
2685 2109 2883 2178 rogavit
2903 2124 2922 2162 :
2953 2106 3290 2180 respondente
3318 2129 3414 2165 au-

1833 2190 1931 2231 tem
1961 2176 2393 2249 Hesychioquod
2415 2176 2579 2249 frater
2596 2176 2807 2246 quidam
2842 2176 3101 2249 primitias
3144 2181 3302 2249 agelli
3329 2185 3413 2236 sui

1832 2246 2091 2317 fratribus
2109 2248 2394 2321 detulisset,
2420 2246 2545 2301 Non
2574 2250 2753 2313 sentis,
2784 2246 2971 2321 inquit,
3005 2246 3243 2321 putorem
3268 2262 3415 2304 teter-

1831 2324 2041 2380 rimum,
2058 2328 2102 2373 et
2127 2320 2178 2372 in
2200 2323 2362 2372 cicere
2384 2322 2538 2389 fetere
2558 2321 2830 2373 auaritiam
2848 2321 2872 2373 ?
2893 2319 3044 2373 Mitte
3068 2320 3247 2386 bobus,
3273 2328 3417 2376 mitte

1833 2390 1994 2443 brutis
2020 2390 2349 2453 animalibus,
2401 2402 2449 2443 et
2500 2390 2621 2444 uide
2678 2407 2745 2443 an
2788 2390 3075 2444 comedunt.
3113 2390 3266 2458 Quod
3296 2408 3414 2446 cum

1832 2460 1945 2526 ille,
1976 2464 2137 2532 juxta
2162 2469 2493 2533 praeceptum,
2522 2463 2575 2514 in
2619 2477 2844 2533 praesepe
2883 2464 3418 2533 posuisset,iexterriti

1840 2535 2007 2599 boves,
2040 2541 2086 2585 et
2116 2531 2233 2600 plus
2278 2531 2430 2603 solito
2472 2531 2773 2603 mugientes,
2806 2534 2975 2601 ruptis
3004 2532 3222 2587 vinculis
3251 2536 3305 2586 in
3331 2535 3418 2587 di-

1834 2619 1980 2657 uersa
2024 2606 2285 2675 fugerunt.
2320 2601 2594 2675 Hactenus
2640 2601 2705 2656 D.
2743 2605 3125 2675 Hieronymus.
3179 2604 3313 2660 Vide
3348 2605 3418 2659 D-

1836 2672 2198 2744 Augustinnm
2240 2686 2409 2744 serm.
2442 2674 2465 2727 1
2511 2672 2598 2744 de,
2619 2675 2894 2728 communi
2923 2672 3035 2728 vita
3063 2676 3414 2729 clericorum.

1838 2742 1941 2814 ubi
1957 2746 2068 2814 agit
2092 2744 2161 2798 de
2188 2742 2432 2814 quodam,
2459 2743 2784 2813 presbytero
2810 2759 2931 2809 suo,
2959 2745 3050 2814 qui
3081 2754 3270 2800 contra
3298 2761 3418 2813 pro,

1839 2813 2129 2868 fessionem
2163 2813 2368 2882 aliquid
2394 2813 2497 2867 sibi
2529 2816 2851 2885 retinuerat,
2880 2824 2937 2871 et
2966 2813 3093 2872 inde
3124 2824 3423 2873 testamen-

1839 2894 1974 2951 tum,
2005 2899 2127 2939 cum
2160 2890 2491 2948 moreretur,
2528 2884 2752 2938 fecerat.

1915 2963 1942 2992 ι
1971 2955 2205 3009 Vocatur
2232 2967 2431 3007 avarus
2450 2955 2669 3019 stultus,
2694 2966 2752 3010 ut
2783 2956 2834 3011 in
2865 2956 3043 3011 veteri
3071 2955 3426 3014 Testamento

1842 3025 2013 3082 Nabal
2043 3024 2137 3096 ille
2166 3024 2258 3096 qui
2285 3025 2475 3096 egenti
2520 3025 2705 3079 Davidi
2735 3028 2806 3081 de
2830 3028 3118 3096 superﬂuis
3159 3031 3274 3085 suis
3295 3031 3427 3085 dare

1843 3098 2036 3152 noluit.
2086 3094 2253 3150 Nabal
2304 3093 2449 3149 enim
2496 3097 2717 3151 stultum
2769 3093 3078 3166 signiﬁcat;
3124 3112 3180 3155 et
3233 3115 3427 3156 revera

1843 3183 2037 3237 magna
2067 3166 2225 3240 avari
2241 3167 2482 3240 stultitia
2511 3178 2615 3233 est,
2648 3168 2793 3236 quod
2824 3170 3071 3240 improbo
3099 3172 3286 3227 labore
3304 3188 3427 3225 con-

1845 3247 1998 3311 gerat
2038 3253 2101 3293 ea
2141 3238 2339 3311 quibus
2384 3237 2524 3292 forte
2574 3255 2866 3306 numquam
2896 3237 2988 3297 ‘eSt
3034 3242 3322 3298 fruiturus.
3358 3243 3424 3296 Et

1850 3308 2141 3381 propterea
2164 3308 2328 3381 quasi
2356 3320 2669 3378 perpetuam
2714 3320 2771 3366 et
2790 3324 2992 3367 certam
3042 3316 3181 3368 hanc
3213 3328 3425 3381 pinnam

1850 3381 2031 3436 avaris
2063 3380 2405 3453 inﬂigendam
2434 3391 2584 3453 notat
2613 3380 2843 3452 Spiritus
2870 3382 2959 3449 S.,
2990 3392 3049 3437 ut
3072 3380 3432 3453 exspectatio-

1851 3468 1921 3509 ne
1947 3466 2043 3506 sua
2076 3451 2423 3523 frustrentur,
2446 3462 2516 3523 Aut
2536 3452 2624 3523 hic
2650 3451 2845 3509 dicitur
2879 3472 2891 3507 :
2929 3455 3055 3520 Quae
3083 3451 3308 3523 par—usti,
3334 3471 3430 3508 cu-

1850 3527 1938 3593 ius
1957 3524 2143 3577 erunt?
2168 3522 2261 3577 Sic
2289 3521 2460 3593 David
2492 3540 2505 3573 :
2538 3522 2813 3593 Relinquet
2843 3526 3025 3579 alienis
3051 3521 3258 3580 divitias
3299 3541 3425 3577 suas

1853 3592 2082 3667 (Psalm.
2116 3596 2321 3667 sunt).
2354 3592 2422 3647 Et
2448 3608 2663 3667 rursum
2689 3592 2713 3649 :'
2742 3594 3105 3667 Thesaurizat,
3136 3606 3183 3667 et
3228 3598 3434 3667 ignorat

1854 3664 1937 3717 cui
1968 3660 2289 3733 congregabit
2316 3679 2377 3716 ea
2423 3670 2438 3727 (
2474 3660 2677 3717 Psalm.
2714 3680 2915 3718 xxxvm
2942 3664 2982 3732 ).
3013 3660 3103 3719 Sic
3138 3660 3430 3719 Salomon:

1866 3733 1983 3788 Vidi
2004 3735 2277 3788 stultitiam
2306 3735 2538 3794 multum,
2557 3744 2605 3802 et
2622 3750 2849 3802 gravem,
2873 3735 3083 3787 diuitias
3105 3742 3433 3788 conservatas

1854 3806 1909 3858 in
1947 3805 2143 3858 malum
2178 3804 2384 3856 Domini
2410 3804 2493 3855 sui
2515 3801 2739 3871 (EcCles.
2770 3802 2850 3872 v).
2882 3803 3036 3870 Quod
3068 3818 3117 3858 et
3149 3805 3249 3859 Joh
3281 3815 3436 3858 nota-

1854 3877 1931 3930 vit
1962 3895 1975 3930 :
2000 3874 2142 3947 Cum
2170 3875 2400 3947 habuerit
2425 3887 2759 3947 quiscumque
2808 3874 3140 3947 concupierit,
3166 3874 3436 3947 possidere

1853 3962 1956 4018 non
1982 3946 2167 4018 poterit
2189 3941 2481 4018 (Job._xx).
2517 3943 2652 4018 illnc
2695 3944 2760 3997 Ι).
2793 3941 3113 4002 Ambrosius
3158 3941 3225 4001 ad
3277 3948 3430 4001 illum

1855 4012 2033 4090 locuiu
2080 4012 2235 4090 Luca:
2268 4031 2281 4066 :
2315 4012 2560 4090 Fruitra,
2592 4016 2793 4090 inquit,
2836 4030 3112 4089 congregat
3162 4035 3302 4090 apes,
3335 4018 3427 4089 qui

1855 4105 1909 4142 se
1935 4087 2017 4142 his
2040 4089 2456 4161 nescitusurum.
2485 4085 2634 4142 Sicut
2663 4086 2753 4141 ille
2777 4091 2863 4155 qui
2887 4085 3002 4141 cum
3026 4085 3224 4161 repleta
3255 4085 3440 4147 horrea

1854 4160 1999 4212 novis
2048 4159 2292 4213 messibus
2323 4167 2731 4230 rrumperentur,
2763 4159 3152 4214 exuberantiam
3183 4162 3280 4214 sibi
3321 4162 3436 4230 fru-

1855 4243 2033 4303 ctuum
2044 4229 2363 4300 receptacula
2385 4230 2730 4301 praparabat,
2744 4233 2828 4285 cui
2850 4243 3182 4303 congregaret
3204 4229 3438 4301 ignarus.

1859 4299 2041 4374 Neque
2068 4299 2201 4354 enim
2232 4299 2409 4374 nostra
2454 4299 2573 4354 sunt
2620 4317 2735 4371 qua:
2775 4318 2878 4356 non
2914 4299 3188 4373 possumus
3229 4299 3443 4374 auferre

1858 4372 2148 4445 nobiscum.
2181 4370 2310 4445 Sola
2343 4372 2507 4445 uirtus
2537 4370 2718 4445 carnes
2765 4383 2837 4427 est
2883 4370 3282 4445 defunctorum;
3309 4370 3443 4429 'sola

1858 4458 1954 4495 nos
1983 4443 2213 4517 sequitur
2243 4442 2622 4517 misericordia,
2644 4460 2760 4514 qua:
2809 4442 3141 4501 tabernacula
3185 4446 3443 4517 defunctis

1859 4516 2074 4581 acquirit
2105 4521 2319 4567 aeterna.
2345 4513 2471 4569 llaec
2497 4515 2559 4569 ι).
2593 4513 2936 4571 Ambrosius.
3035 4568 3044 4576 .

1578 4652 1903 4671 ————I

1144 4748 1619 4863 LIBER
1705 4730 2462 4859 OCTAVUS.

1538 4912 1625 4965 DE
1657 4910 1908 4963 SPIRITU
1943 4910 2087 4962 “UE.

1564 5019 2000 5034 ἡ

622 5116 849 5175 CAPUT
879 5112 1170 5172 PRIMUM.

1864 5108 2012 5163 virus
2051 5106 2117 5161 de
2170 5104 2478 5161 recessibus
2506 5106 2701 5163 animae
2750 5121 2947 5168 nostrae
2975 5113 3211 5169 funditus
3254 5127 3447 5168 eruen-

255 5216 457 5285 Quarto
495 5223 524 5253 ι
563 5226 778 5284 quoque
806 5208 1104 5267 certamine
1145 5214 1230 5263 est
1280 5205 1375 5261 ira
1412 5205 1753 5262 mortiferum
1862 5201 2012 5258 dum.
2065 5199 2178 5255 Hac
2226 5198 2368 5254 enim
2405 5201 2460 5255 in
2506 5201 2766 5261 cordibus
2810 5208 3016 5299 nostris
3060 5207 3350 5276 insidente,
3393 5215 3448 5263 et

1247 5311 1506 5371 ALARDI
1542 5310 1777 5368 GAZEI
1814 5305 2383 5368 COMMENTARIUS.

273 5429 303 5459 ⁸
330 5422 505 5478 Nostri
527 5434 664 5476 mss.
684 5435 697 5471 :
716 5417 1047 5484 Quartoloco
1067 5410 1334 5469 certamini
1354 5408 1497 5462 adest
1520 5407 1613 5460 irw
1638 5422 1779 5459 mor-
1806 5409 1860 5471 D
1884 5406 2002 5484 loco
2032 5406 2085 5461 in
2118 5405 2312 5484 ordine
2351 5405 2660 5484 capitalium
2691 5406 2969 5484 vitiorum,
3001 5416 3051 5464 et
3072 5407 3449 5484 Apost‘philar-

184 5496 397 5563 tifersm
416 5497 582 5557 virus,
598 5498 707 5545 etc.
731 5485 1089 5544 Basileensis?
1120 5484 1371 5550 Quartum
1395 5493 1596 5560 quoque
1609 5487 1775 5530 certa-

184 5582 306 5617 men
337 5576 405 5617 est
426 5568 540 5617 irae.
568 5562 706 5617 auod
729 5561 1046 5617 mortiferum
1068 5558 1346 5617 virus,etc.
1377 5550 1666 5617 Dionysuis
1693 5563 1775 5614 pa-

185 5617 510 5702 riphrasis;
532 5617 546 5690 ξ
578 5617 780 5701 Quarto
796 5617 1072 5702 ceriamine
1085 5617 1329 5702 debemus
1356 5617 1775 5702 de‘interioribus

182 5558 306 5621 men
337 5576 405 5619 est
426 5568 540 5624 irae.
568 5562 706 5632 quod
729 5561 1046 5632 mortiferum
1068 5558 1346 5632 virus,etc.

186 5689 621 5762 nimiis—sm;
660 5705 895 5775 funditus
923 5700 1227 5775 eradicare
1256 5692 1579 5773 mortiferum
1610 5689 1771 5775 uirus,

1883 5477 2091 5551 gyriam
2114 5476 2388 5551 prosime,
2417 5480 2791 5551 substituatur,
2817 5479 2945 5533 alibi
2976 5493 3044 5534 ex
3069 5476 3186 5551 ipsi»
3213 5478 3449 5536 Auctore

1883 5546 2167 5621 retulimus
2199 5546 2338 5621 (Lib.
2366 5566 2400 5600 v
2431 5564 2477 5604 c.
2501 5551 2576 5620 i);
2609 5549 2676 5604 de
2703 5566 2804 5619 qua
2855 5560 3032 5621 tamen
3080 5546 3187 5605 non
3228 5565 3451 5621 magno-

1921 5634 2017 5674 ere
2063 5618 2436 5687 laborandum,
2482 5618 2603 5675 cum
2653 5618 2753 5676 nec
2792 5621 2856 5676 D.
2888 5620 3201 5690 Gregorius,
3234 5618 3337 5677 nec
3387 5621 3445 5677 S.

1930 5691 2140 5751 homas,
2176 5704 2275 5744 nec
2319 5692 2409 5745 alii
2463 5690 2603 5748 hunc
2647 5692 2896 5749 ordinem
2946 5694 3275 5761 observent,
3318 5694 3450 5759 quin

185 5792 306 5838 etc.
338 5761 508 5837 Porro
548 5761 815 5833 rationem
846 5773 1008 5846 hujus
1054 5769 1283 5837 ordinis,
1315 5761 1421 5823 cur
1456 5763 1535 5818 ira
1580 5767 1773 5831 quarto
1881 5761 2062 5833 potius
2091 5761 2387 5835 invertant,
2412 5762 2531 5822 aliis
2556 5762 2701 5822 ducti
2724 5765 3046 5826 rationibus.
3071 5766 3176 5826 Sed
3198 5767 3300 5825 hoc
3326 5766 3449 5824 loco
