4016 6202
614 233 719 301 32$

1922 238 2204 299 JOANNIS
2239 234 2550 299 CASSIANI

3790 234 3895 294 524

615 360 832 415 oculum
874 358 1072 414 mentis
1093 356 1271 413 noxiis
1300 355 1539 413 tenebris
1571 366 1599 394 ιι
1626 356 1960 420 obcaecante,
1993 371 2094 413 nec
2111 356 2198 427 ju—
2225 364 2272 418 Α
2305 356 2542 412 tionibus
2569 354 2926 425 aestimemur,
2954 354 3083 425 quia
3111 354 3194 410 ira
3219 354 3323 409 viri
3347 352 3619 422 justitiam
3643 354 3753 410 Dei
3785 373 3891 415 non

616 453 821 508 dicium
873 460 1038 507 rectae
1082 450 1431 507 discretionis
1480 450 1788 520 acquirere,
1826 466 1925 508 nec
1954 449 2195 509 honestat

617 547 1091 617 contemplationis
1123 545 1398 611 intuitum,
1432 560 1533 600 nec
1581 545 1949 599 maturitatem
1980 526 2198 600 consilii

619 641 926 710 possidere,
961 653 1060 693 nec
1082 636 1207 691 vitae
1239 636 1670 706 participes,nec
1695 635 1928 706 justitiae
1953 645 2192 704 tenaces,

592 731 712 787 sed
741 745 806 785 ne
829 728 1086 799 spiritalis
1116 727 1332 797 quidem
1361 741 1425 782 ac
1444 729 1559 782 veri
1589 726 1811 781 luminis
1844 741 2071 796 capaces
2099 741 2193 795 ρος

619 827 840 878 terimus
870 822 1123 885 existere,
1156 820 1281 889 quia
1317 820 1569 874 turbatus
1599 829 1704 885 est,
1741 820 1939 889 inquit,
1974 836 2083 889 pra:
2114 819 2193 875 ira

617 913 803 968 oculus
836 926 992 965 meus
1022 909 1197 981 (Psal.
1228 909 1384 981 xxx).
1413 909 1523 965 Nec
1571 910 1852 979 sapientiae
1903 909 2195 979 participes

616 1005 781 1073 efﬁci,
810 1004 1024 1059 tametsi
1046 1003 1321 1073 sapientes
1351 1004 1592 1056 omnium
1623 1000 1960 1070 pronuntiari
1984 1000 2195 1071 Opinio-

617 1117 684 1154 ne
709 1099 1008 1164 videamur,
1034 1097 1154 1167 quia
1181 1097 1257 1151 ira
1281 1096 1335 1151 in
1361 1098 1479 1150 sinu
1504 1095 1877 1165 insipientium
1903 1094 2197 1164 requiescit

622 1188 847 1264 (Eccles.
877 1187 997 1261 vti).
1035 1189 1141 1245 Sed
1175 1203 1242 1242 ne
1290 1188 1455 1241 vitam
1502 1184 1718 1257 quidem
1773 1184 2199 1240 immortalitatis

617 1284 874 1352 consequi
919 1282 1248 1352 poterimus,
1279 1281 1527 1350 quamvis
1576 1279 1869 1346 prudentes
1917 1276 2198 1333 videam'ur

619 1374 934 1430 definitione
962 1373 1239 1427 hominum
1266 1370 1522 1441 judicari,
1554 1370 1679 1440 quia
1720 1369 1797 1423 ira
1830 1370 2006 1439 perdit
2032 1370 2197 1424 etiam

620 1467 914 1536 prudentes
942 1463 1211 1537 (Proverb.
1236 1481 1325 1530 xv,
1355 1480 1455 1518 sec.
1488 1462 1676 1534 LXX).
1705 1462 1815 1517 Nec
1835 1462 2061 1532 iustitiae
2084 1478 2201 1517 mo-

619 1559 895 1614 deramina
952 1556 1246 1627 perspicaci
1283 1556 1615 1611 discretione
1670 1556 1853 1610 cordis
1896 1554 2199 1611 valebimus

621 1652 890 1720 obtinere,
923 1649 1048 1705 licet
1074 1648 1298 1719 perfecti
1330 1649 1611 1717 sanctique
1652 1656 1973 1701 cunctorum
2013 1648 2202 1717 opina-

2299 458 2556 520 operatur
2586 444 2791 519 (Iacob.
2823 448 2889 517 ι).
2924 446 3101 517 Ipsam
3149 462 3364 518 quoque
3416 446 3728 501 honestatis
3767 464 3889 519 gra-

2299 541 2544 607 vitatem,
2572 556 2691 611 qua:
2721 541 2887 595 etiam
2916 540 3047 597 viris
3077 539 3266 597 saeculi
3290 539 3455 610 hujus
3482 539 3624 594 solet
3646 538 3886 595 familia-

2296 635 2374 691 ris
2401 634 2664 699 existere,
2699 632 2849 687 nullo
2877 631 3043 687 modo
3074 631 3357 700 possidere
3395 632 3724 701 poterimus,
3764 633 3885 689 licet

2301 727 2509 782 nobiles
2548 734 2605 780 et
2635 724 2850 780 honesti
2898 723 3158 779 natalium
3206 723 3562 793 praerogativa
3609 732 3886 792 putemur,

2300 822 2424 891 quia
2461 819 2545 874 vir
2586 818 2879 875 iracundus
2920 818 3239 873 inhonestus
3267 826 3351 872 est
3370 814 3647 887 (Proverb.
3677 831 3764 883 ιι,
3792 834 3888 870 sec.

2299 909 2487 981 LXX).
2529 909 2757 965 Consilii
2803 910 2965 965 etiam
2994 908 3365 964 maturitatem
3395 907 3716 963 nullatenus
3750 908 3889 962 vale-

2301 1003 2479 1059 bimus
2519 1002 2767 1058 obtinere
2786 1044 2801 1071 ,
2831 1002 3076 1072 quamvis
3105 1015 3298 1071 graves
3334 1008 3394 1056 et
3424 1014 3638 1057 summa
3660 1002 3889 1057 scientia

2302 1097 2516 1169 praediti
2568 1097 2870 1166 videamur,
2903 1097 3027 1166 quia
3056 1095 3140 1151 vir
3162 1093 3457 1150 iracundus
3485 1095 3596 1164 agit
3620 1096 3750 1151 sine
3770 1111 3891 1149 con-

2301 1189 2427 1245 silio
2456 1188 2728 1261 (Proverb.
2763 1204 2876 1255 xiv,
2912 1204 3015 1243 sec.
3038 1186 3227 1257 LXX).
3270 1186 3379 1243 Sed
3428 1201 3529 1243 nec
3569 1188 3745 1257 quieti
3777 1203 3890 1243 esse

2297 1296 2328 1335 a
2376 1278 2873 1352 perturbationibus
2926 1280 3143 1345 noxiis,
3200 1294 3303 1335 nec
3358 1279 3664 1349 poterimus
3710 1295 3890 1335 carere

2302 1374 2559 1445 peccatis,
2594 1372 2811 1428 tametsi
2842 1371 3365 1452 nequaquammobis
3389 1372 3804 1440 inquietudines
3828 1373 3888 1427 ab

2305 1468 2421 1522 aliis
2466 1468 2794 1532 inferantur,
2843 1467 2965 1536 quia
2996 1466 3080 1520 vir
3109 1465 3383 1521 animosus
3422 1466 3566 1535 parit
3612 1466 3791 1529 rixas,
3818 1467 3891 1520 vir

2303 1571 2481 1616 autem
2508 1560 2800 1616 iracundus
2825 1558 2854 1598 δ
2888 1558 3075 1616 effodit
3100 1566 3323 1628 peccata
3354 1556 3541 1630 (Prov.
3573 1574 3643 1615 xv
3667 1568 3720 1615 et
3745 1575 3887 1627 xxix,

2304 1670 2406 1709 sec.
2440 1652 2631 1724 LXX).

1680 1785 1942 1841 ALARDI
1978 1786 2213 1845 GAZt‘El
2248 1790 2813 1849 COMMENTARIUS.

623 1904 998 1975 explicandum
1024 1902 1203 1975 primo
1230 1901 1358 1975 quid
1388 1901 1459 1975 sit
1488 1902 1589 1965 ira,
1616 1908 1673 1954 et
1687 1902 1778 1975 qui
1806 1900 1875 1954 ab
1904 1900 2186 1975 iracundia
2228 1910 2276 1969 Β
2302 1907 2435 1961 alias
2467 1905 2669 1961 dictum
2720 1914 2835 1972 est;
2867 1914 2924 1961 et
2954 1906 3147 1960 merito
3204 1905 3441 1973 quidem.
3474 1905 3885 1975 Quamplurima

623 1971 872 2041 dilierat;
897 1971 1137 2031 secundo
1163 1988 1233 2029 an
1253 1971 1336 2028 isit
1361 1972 1552 2027 vitium
1579 1971 1847 2039 capitale;
1881 1973 2042 2026 tertio
2072 1989 2194 2042 qua!

625 2052 744 2120 ejus
771 2048 986 2120 soboles
1015 2054 1068 2101 et
1095 2044 1263 2120 ﬁlim.
1303 2042 1487 2120 Quoad
1518 2046 1775 2120 primum,
1806 2042 2031 2097 adverte
2046 2044 2198 2120 iram

624 2113 678 2177 in
702 2119 919 2175 homine
938 2132 1058 2171 esse
1078 2116 1373 2185 duplicem,
1399 2114 1635 2185 alteram
1656 2113 1708 2165 in
1730 2122 1887 2181 parte
1914 2114 2196 2185 sensitiva,

624 2207 654 2248 a
681 2205 788 2263 qua
816 2188 1086 2263 appetitus
1110 2183 1394 2263 irascibilis
1421 2183 1960 2263 d_enomin_atur,quae
1987 2183 2198 2263 homini

624 2253 745 2319 cuin
777 2253 949 2316 brutis
971 2268 1053 2313 est
1072 2258 1642 2319 communis;alteram
1670 2253 1871 2307 homini
1900 2255 2196 2323 propriam,

626 2350 744 2404 qua:
795 2334 847 2386 in
881 2340 1031 2404 parte
1061 2330 1337 2404 rationali,
1373 2328 1474 2380 hoc
1502 2334 1606 2389 est,
1638 2327 1689 2379 in
1722 2326 1994 2404 voluntate
2017 2329 2202 2404 consi-

625 2397 740 2469 siit,
763 2397 893 2472 qum
906 2401 1037 2455 nihil
1057 2400 1205 2472 aliud
1226 2407 1312 2454 est
1337 2413 1498 2466 quam
1522 2397 2199 2472 motusanimivindictam

625 2466 932 2544 appetentis
959 2491 973 2526 :
1007 2470 1151 2544 unde
1178 2486 1296 2544 eam
1320 2479 1533 2544 veteres
1563 2467 1889 2544 definierunt
1916 2466 2200 2524 libidinem

628 2538 945 2609 ulciscendi,
996 2543 1079 2596 vel
1110 2539 1497 2610 appetitionem
1551 2538 1800 2592 vindictae
1831 2538 2075 2610 (August.
2110 2556 2202 2594 xtv

628 2619 689 2671 de
717 2616 866 2670 Cant.
897 2631 943 2667 c.
976 2614 1073 2676 15;
1105 2612 1164 2668 S.
1186 2611 1376 2665 Thom.
1399 2610 1488 2663 2-2
1512 2627 1565 2680 q.
1595 2610 1718 2675 158,
1753 2626 1799 2680 ς.
1832 2610 1884 2671 l;
1917 2610 2079 2680 Arist.
2112 2612 2149 2663 Ι.
2183 2627 2201 2665 ι

632 2688 839 2742 Rlietor.
867 2702 913 2739 c.
942 2684 1007 2749 2;
1042 2685 1227 2739 Senec.
1259 2682 1298 2736 l.
1330 2683 1392 2735 de
1423 2678 1532 2733 lra'
1559 2698 1605 2734 c.
1636 2682 1688 2734 5.
1754 2679 1880 2734 Vide
1930 2678 2077 2735 Lact.
2110 2682 2199 2737 lib.

629 2760 692 2813 de
723 2756 814 2811 Ira
845 2757 942 2810 Dei
983 2773 1026 2809 c.
1062 2754 1175 2825 l7).
1212 2754 1345 2819 Quae
1388 2752 1604 2825 quidem
1656 2753 1758 2825 ira,
1790 2762 1851 2804 ut
1880 2752 2197 2825 plurimum,

627 2830 1022 2898 conjuiictaiest
1065 2821 1186 2880 cum
1217 2828 1295 2880 ira
1346 2824 1512 2893 partis
1556 2821 1831 2876 sensitive:
1861 2833 1915 2898 et
1961 2824 2204 2898 motione

629 2895 891 2969 corporis.
923 2897 1064 2951 Raro
1091 2898 1236 2951 enim
1272 2902 1521 2949 movetur
1550 2908 1670 2969 pars
1696 2895 1963 2961 Superior,
1988 2896 2115 2963 quin
2145 2905 2204 2969 et

634 2965 862 3026 inferior
891 2979 946 3023 et
976 2971 1235 3022 sensitiva
1265 2975 1570 3019 moveatur.
1601 2965 1678 3017 Ira
1699 2976 1901 3028 autem,
1936 2975 1988 3017 ut
2013 2976 2095 3020 est
2126 2967 2205 3020 vi-

632 3046 761 3098 tium
794 3057 888 3097 seu
916 3047 1190 3108 peccatum
1210 3082 1224 3104 ,
1252 3050 1335 3091 εει
1366 3037 1720 3090 immoderata
1750 3050 1843 3108 seu
1875 3036 2203 3108 inordinata

631 3115 884 3169 vindictae
913 3106 1205 3176 cupiditas.
1243 3109 1431 3176 Neque
1461 3108 1604 3161 enim
1654 3106 1973 3175 simpliciter
2024 3110 2203 3163 otnn‘is

630 3186 896 3254 cupiditas
927 3182 1176 3235 vindictae
1208 3179 1391 3254 illicita
1438 3177 1665 3254 est,_sed
1698 3178 2046 3254 immoderata
2080 3189 2204 3233 tan-

632 3248 765 3320 tum,
796 3258 912 3310 sive
970 3255 1020 3305 in
1062 3266 1217 3306 causa
1249 3251 1418 3320 justa_
1436 3250 1667 3320 modum
1693 3248 2083 3320 excedat,sive
2129 3265 2200 3303 ex

632 3297 1037 3392 5313's.."‘iiiis'it
1064 3297 2200 3399 ﬁttestsgfcsg'ssfiiijmg;struma};
2230 3297 2275 3359 C

632 3415 783 3454 suam
816 3407 869 3451 et
894 3389 1173 3465 propriam
1230 3391 1370 3445 velle
1422 3389 1883 3465 vindicare;hntcc_
1930 3389 2096 3465 enim,
2146 3398 2204 3444 ut

634 3472 875 3540 propria,
902 3459 1215 3535 numquam
1270 3470 1355 3516 est
1394 3460 1747 3540 findi-cauda.
1781 3459 1886 3513 Sed
1927 3460 2069 3540 justa
2122 3471 2206 3516 est

632 3530 887 3596 vindicta:
934 3530 1115 3601 causa,
1161 3548 1281 3588 cum
1323 3530 1411 3584 vel
1472 3531 1562 3583 Dei
1614 3531 1786 3582 honor
1836 3531 2114 3595 asseritur,
2146 3542 2204 3585 ut

632 3612 863 3667 Pbinees
892 3619 949 3663 et
989 3600 1364 3678 Moysesirati
1408 3610 1555 3665 sunt,
1583 3600 1839 3678 velsipsis
1882 3602 1951 3654 ita
1984 3603 2203 3678 expedit

633 3684 828 3751 quibus
860 3673 1436 3751 irascimur.7Eiiicitur
1464 3687 1601 3751 ergo.
1626 3673 1700 3751 ira
1732 3673 1923 3751 :itiosa
1952 3679 2008 3751 et
2030 3674 2200 3751 mala,

633 3742 677 3809 si
711 3756 956 3809 ordinem
989 3750 1217 3805 rationis
1247 3744 1522 3809 excludat,
1557 3743 1631 3796 ait
1657 3742 2119 3813 S.Thomas(Art.
2143 3744 2200 3808 2,

631 3826 720 3879 ubi
752 3823 1079 3893 supra),hoc
1098 3827 1209 3893 est,
1225 3818 1267 3872 si
1293 3815 1508 3893 modum
1533 3829 1566 3893 _a
1597 3815 1803 3893 ratione
1833 3816 2201 3893 praescriptum

634 3914 739 3950 non
769 3886 973 3959 servet;
1007 3893 1151 3962 quod
1180 3886 1395 3944 duobus
1427 3887 1599 3962 modis
1636 3886 1904 3962 contingit
1928 3888 2201 3962 {primum

636 3982 704 4021 ex
735 3975 887 4034 parte
915 3956 1281 4034 objecti,cum
1316 3960 1590 4034 appetitur
1619 3958 1852 4034 vindicta
1894 3956 2111 4034 iniusta,
2145 3969 2203 4011 ut

634 4039 678 4091 si
711 4030 832 4102 quis
862 4035 993 4087 velit
1022 4032 1236 4100 punire,
1268 4030 1353 4083 vel
1380 4038 1599 4102 appetat
1622 4030 1796 4102 puniri
1830 4042 1949 4079 eum
1983 4031 2070 4095 qui
2091 4045 2201 4102 non

636 4099 855 4169 meruit,
890 4104 973 4156 vel
1017 4099 1151 4155 ultra
1184 4115 1343 4169 quam
1386 4100 1605 4164 meruit,
1636 4099 1722 4150 vel
1768 4112 1871 4169 non
1905 4099 2200 4169 secundum

637 4166 934 4245 legitimum
959 4166 1223 4245 ordinem,
1257 4168 1343 4245 vel
1369 4183 1473 4245 non
1507 4176 1727 4234 pr0pter
1749 4166 1993 4245 debitum
2016 4168 2198 4234 flnein,

638 4237 728 4317 qui
762 4256 844 4301 est
876 4240 1232 4317 (conservatio
1275 4238 1496 4307 jnstitiae
1526 4245 1580 4289 et
1608 4239 1870 4290 correctio
1910 4237 2116 4317 culpa};
2149 4249 2203 4317 et

639 4308 739 4373 hoc
768 4316 926 4370 modo
957 4322 1227 4380 peccatum
1264 4318 1346 4361 est
1366 4325 1431 4359 ex
1462 4322 1674 4380 genere
1692 4322 1791 4359 suo
1817 4308 2203 4380 mortale,quia

636 4398 823 4443 contra
852 4379 1084 4453 proximi
1112 4381 1526 4453 charitatemet
1549 4379 1842 4453 justitiam:
1880 4379 2114 4453 secundo
2137 4395 2203 4453 ex

639 4470 790 4530 parte
813 4448 981 4530 ipsius
1008 4462 1205 4530 motus,
1224 4466 1345 4504 cum
1371 4450 1491 4519 quis
1518 4449 1871 4530 immoderate
1897 4448 2205 4530 ell'ervescit

639 4519 751 4585 sive
803 4519 1051 4587 inteiius,
1084 4526 1194 4578 sive
1241 4532 1511 4576 exteriore
1564 4521 1744 4588 aliquo
1790 4519 1963 4587 signo,
1993 4524 2202 4577 etiamsi

638 4602 838 4668 alioqui
868 4596 1296 4669 appetatjustam
1331 4593 1643 4669 vindictam.
1667 4591 1761 4645 His
1787 4590 1999 4669 duobus
2028 4595 2203 4649 modis

638 4664 915 4743 genitricis"
932 4664 1120 4743 transit
1146 4667 1304 4743 irain
1334 4665 1520 4743 vitium
1551 4664 1947 4743 mansuetudini
1979 4674 2199 4743 contra-

645 4734 780 4799 rium
828 4742 972 4812 quod
1024 4740 1089 4794 ab
1144 4736 1439 4812 Aristotele
1468 4734 1665 4812 dicitur
1704 4735 1980 4812 ὀργςλόςτης,
2012 4735 2203 4812 Latine

638 4805 940 4876 iracundia;
969 4827 1088 4878 quae
1113 4818 1291 4864 tamen
1313 4806 1647 4871 frequentius
1671 4805 1771 4878 pro
1800 4805 1980 4878 habitu
2008 4808 2199 4862 vitioso

637 4886 903 4943 irascendi
932 4876 1210 4951 accipitur,
1240 4878 1687 4946 distinguiturque
1720 4876 1786 4951 ab
1814 4877 1938 4951 ipso
1954 4886 2073 4929 actu
2100 4892 2195 4951 seu

640 4974 785 5013 tuom
817 4962 929 5014 ira).
957 4946 1063 5024 qui'
1083 4952 1272 5026 Graece
1303 4952 1425 5026 ὀργή
1447 4960 1693 5026 vocatur.
1724 4947 1874 5026 _H_inc
1901 4946 2092 5026 Cicero
2142 4950 2195 5002 in

640 5046 690 5084 tv
724 5018 1009 5084 Tusculani.
1050 5043 1061 5078 :
1096 5018 1400 5086 Iracundia,
1446 5018 1635 5088 inquit,
1682 5020 1744 5071 ab
1774 5020 1851 5072 ira
1889 5018 2084 5084 ili/fert,
2140 5030 2196 5072 ut

638 5104 870 5156 anxietas
892 5098 953 5151 ab
984 5111 1192 5169 angore.
1228 5092 1406 5163 Neque
1443 5094 1579 5169 enini
1602 5108 1774 5144 omnes
1800 5100 1916 5148 sunt
1945 5091 2085 5144 anxii
2105 5092 2195 5160 qui

636 5186 893 5243 anguntur
924 5163 1222 5240 aliquando,
1246 5180 1415 5243 neque
1440 5163 1579 5215 anxii
1600 5178 1803 5243 semper
1830 5174 2119 5243 anguntur:
2149 5171 2196 5214 et

634 5234 767 5297 intuer
797 5234 1088 5296 ebrietatem
1132 5248 1175 5291 et
1199 5236 1553 5303 .ebriOsitatem
1595 5234 1832 5296 interest;
1860 5234 2103 5298 aliudque
2122 5242 2195 5286 est

636 5333 743 5369 esse
798 5323 1097 5375 amatorem,
1126 5308 1268 5361 aliud
1314 5314 1591 5360 amantem.
1622 5306 1688 5358 Et
1732 5304 1935 5375 Seneca
1965 5303 2101 5375 (Lib.
2133 5305 2196 5357 de

638 5388 731 5439 Ira
764 5402 881 5451 cup.
914 5382 969 5453 4)
1004 5373 1138 5451 pene
1162 5378 1351 5453 iisdem
1374 5375 1554 5453 verbis
1589 5378 1719 5453 iram
1746 5373 1877 5453 dicit
1903 5387 1968 5453 ei)
1992 5374 2195 5428 di~tare

636 5457 703 5510 ab
742 5443 1037 5514 iracundia.
1066 5466 1171 5521 quo
1222 5448 1427 5503 ebrium
1467 5450 1533 5498 ab
1563 5445 1798 5521 ebrioso,
1831 5450 1885 5496 et
1915 5443 2192 5521 timeuieui

637 5542 666 5580 a
698 5527 903 5581 timido.
941 5513 1113 5575 Iratus
1144 5522 1277 5575 enim
1310 5527 1470 5586 potest
1493 5532 1593 5569 non
1626 5530 1729 5568 esse
1755 5513 2060 5586 iracundus,
2089 5514 2194 5566 ira-

638 5600 834 5650 cundus
854 5603 1017 5663 potest
1039 5584 1323 5661 aliquando
1353 5606 1452 5641 non
1472 5590 1647 5663 iratus
1677 5584 2005 5663 esse..Po‘rro
2037 5585 2194 5654 iram,

638 5678 731 5719 seu
757 5655 1085 5719 iracundiam
1112 5655 1160 5712 iii
1187 5676 1408 5711 numero
1432 5659 1681 5713 vitiorum
1706 5655 2038 5724 capitalium,
2059 5670 2200 5724 prino

637 5740 719 5787 ter
768 5732 1115 5793 Cas-ianum,
1168 5740 1411 5781 recenset
1466 5740 1628 5783 etiam
1681 5728 1748 5782 ι).
1800 5727 2112 5794 Gregorius,
2145 5736 2206 5783 ut

2227 4675 2277 4733 D
2305 4672 2509 4737 pejores
2542 4669 2682 4738 facit.

2302 1980 2447 2032 enim
2481 1978 2583 2031 alia
2620 1977 2751 2030 vitia
2776 1986 2830 2031 et
2854 1978 2997 2033 mala
3027 1991 3095 2030 ex
3122 1978 3199 2030 ira
3218 1986 3504 2048 tamquam
3539 1992 3604 2048 ex
3638 1979 3814 2045 capite
3839 1989 3885 2032 et

2301 2049 2450 2104 fonte
2488 2049 2623 2104 oriri
2669 2048 3014 2118 notissimum
3045 2054 3129 2101 est
3162 2046 3315 2114 :Qua
3346 2046 3558 2101 ratione
3586 2046 3654 2101 D.
3689 2048 3883 2118 Grego-

2306 2120 2421 2174 rius
2450 2120 2695 2183 soboles,
2716 2136 2812 2174 seu
2840 2119 2979 2173 tilias
3000 2117 3100 2173 Ira:
3128 2134 3221 2172 sex
3252 2127 3505 2173 recenset
3526 2117 3720 2189 (Lib.v
3748 2117 3882 2187 αι).

2303 2190 2381 2244 De
2420 2192 2520 2255 ira,
2557 2190 2758 2259 inquit,
2780 2191 2931 2255 rixae,
2979 2201 3148 2242 tumor
3181 2191 3389 2257 mentis,
3422 2191 3763 2257 contumelia,
3794 2190 3885 2243 cla-

2303 2277 2435 2324 mor.
2461 2261 2779 2334 indignatio,
2812 2260 3131 2334 blasphemia
3157 2261 3516 2334 proferuntur.
3544 2261 3627 2315 Ira
3654 2264 3799 2334 enim
3840 2261 3881 2314 si

2303 2341 2387 2387 est
2417 2330 2651 2394 interna,
2686 2330 2821 2386 ﬁlias
2843 2330 3015 2402 gignit
3048 2342 3311 2385 tumorem
3334 2333 3533 2386 mentis
3566 2340 3621 2386 et
3650 2332 3883 2402 indigna-

2305 2404 2540 2468 tionem;
2563 2404 2605 2456 si
2636 2414 2889 2467 externa,
2928 2402 3016 2457 vel
3044 2410 3128 2456 est
3178 2404 3231 2455 in
3264 2418 3383 2468 ore,
3413 2413 3466 2457 et
3496 2404 3575 2456 sic
3606 2405 3747 2469 parit
3788 2406 3882 2456 cla-

2304 2490 2533 2540 morem,
2565 2474 2952 2528 contumeliam
2984 2473 3496 2544 etblasphemiam;
3530 2473 3616 2528 vel
3651 2475 3705 2527 in
3733 2488 3885 2543 opere

2304 2553 2358 2599 et
2391 2544 2555 2609 facto,
2583 2552 2638 2600 et
2663 2545 2742 2599 sic
2773 2560 2840 2598 ex
2864 2545 2941 2597 ira
2975 2543 3231 2597 oriuntur
3251 2545 3404 2609 rixae,
3433 2555 3485 2598 et
3512 2559 3632 2612 qua:
3667 2560 3735 2599 ex
3766 2545 3882 2599 rixis

2305 2626 2611 2684 sequuntur
2678 2623 3003 2669 nocumenta
3056 2615 3235 2668 omnia
3275 2630 3393 2684 qum
3444 2615 3709 2683 proximis
3766 2616 3883 2668 iule-

2301 2695 2521 2751 runtur.
2544 2687 2648 2741 Sed
2677 2687 2793 2739 haec
2816 2686 2941 2739 vide
2965 2684 3178 2754 plenius
3199 2685 3465 2752 explicata
3498 2686 3641 2753 apud
3671 2688 3731 2744 S.
3759 2685 3883 2741 Tho-

2308 2773 2448 2816 mam
2480 2757 2755 2828 (Leonar.;
2775 2756 2920 2810 Less.
2946 2756 3036 2809 lib.
3070 2772 3121 2811 tv
3142 2774 3188 2809 c.
3217 2757 3250 2810 4
3279 2756 3343 2809 de
3365 2756 3561 2881 Just.)).

2378 2839 2403 2865 ει
2432 2829 2585 2881 llunc
2618 2830 2794 2881 locum
2820 2829 2979 2881 nlane
3002 2826 3242 2881 imitatus
3269 2827 3482 2881 videtur

2378 2839 2403 2865 ει
2432 2826 2585 2884 llunc
2618 2830 2794 2883 locum
2820 2829 2979 2899 plane
3002 2826 3242 2899 imitatus
3269 2827 3482 2899 videtur
3511 2826 3573 2881 ι).
3600 2828 3881 2899 Gregorius

2307 2900 2404 2954 lib.
2430 2915 2464 2953 v
2494 2900 2776 2955 Moralium
2807 2896 2856 2953 ἑ.
2889 2898 2976 2961 51,
3005 2898 3097 2952 ubi
3138 2896 3251 2952 haec
3290 2898 3476 2952 eadem
3528 2899 3626 2953 irze
3684 2896 3877 2953 incom-

2306 2972 2469 3025 moda
2519 2980 2794 3037 recenset,
2826 2980 2880 3024 et
2912 2985 2979 3022 cx
3011 2968 3215 3023 eisdem
3266 2968 3377 3023 fere
3416 2968 3714 3037 Scriptura:
3758 2970 3875 3024 locis

2308 3042 2451 3113 (aliis
2498 3042 2728 3096 subinde
2778 3040 3010 3108 additis)
3051 3039 3355 3113 confirmat.
3382 3037 3668 3113 Periram,
3700 3039 3875 3113 inquit,

2305 3110 2563 3184 sapientia
2614 3113 2872 3181 perditur,
2907 3120 2963 3163 ut
2992 3111 3135 3184 quid,
3190 3111 3581 3184 quove_ordine
3631 3110 3875 3184 agendum

2250 3240 2256 3246 .
2306 3178 2392 3247 sit,
2428 3178 2710 3245 nesciatur,
2740 3184 2868 3235 sicut
2913 3178 3161 3245 scriptum
3203 3178 3277 3235 est
3304 3197 3322 3235 :
3354 3178 3445 3233 Ira
3492 3183 3543 3234 in
3590 3178 3711 3235 sin'u
3751 3180 3879 3235 stulti

2306 3255 2578 3324 requiescit
2603 3252 2828 3325 (Eccles.
2856 3253 2977 3321 vn);
3004 3253 3128 3322 quia
3157 3253 3397 3305 nimirum
3426 3252 3785 3325 intelligentiae
3811 3253 3879 3325 lu-

2306 3341 2413 3378 cem
2454 3323 2730 3387 subtrahit,
2775 3340 2888 3376 cum
2940 3332 3158 3377 mentem
3211 3325 3553 3394 permovendo
3603 3323 3876 3394 confundit.

2308 3394 2409 3449 Per
2436 3396 2567 3448 iram
2592 3397 2697 3447 vita
2720 3396 3003 3465 amittitur,
3034 3396 3129 3448 etsi
3155 3395 3411 3465 sapientia
3448 3394 3603 3447 teneri
3627 3396 3873 3465 videatur.

2304 3468 2440 3520 sicut
2469 3468 2719 3536 scriptum
2748 3475 2821 3519 est
2855 3482 2870 3518 :
2899 3462 2993 3537 Ira
3024 3466 3191 3534 perdit
3217 3462 3389 3518 etiam
3432 3464 3727 3537 prudentes,
3765 3464 3878 3537 quia

2302 3538 2502 3590 scilicet
2543 3535 2789 3605 cunfusus
2836 3536 3038 3607 animus
3070 3552 3388 3607 nequaquam
3426 3535 3617 3607 (explet.
3641 3538 3797 3589 etiam
3838 3535 3880 3587 si

2340 3608 2425 3661 uid
2457 3594 2741 3678 intelligere
2787 3594 3067 3680 prudenter
3096 3594 3267 3680 va'let;
3286 3594 3551 3680 Perira'm
3574 3608 3783 3680 justitia
3800 3620 3877 3680 re:

2302 3624 2425 3730 quia
2457 3624 2741 3678 mtettigere
2787 3624 3067 3677 pruaenter
3096 3624 3249 3661 pater.
3286 3624 3387 3660 rer
3417 3624 3551 3659 iram
3574 3624 3783 3680 Justina
3808 3624 3875 3657 re-

2326 3680 2576 3745 inquitur,
2625 3684 2761 3750 sicut
2789 3679 3041 3750 scriptum
3077 3688 3149 3750 est
3178 3692 3196 3730 :
3238 3675 3330 3731 Ira
3362 3676 3463 3730 viri
3496 3680 3759 3750 justitiam
3787 3675 3875 3750 Dei

2303 3765 2403 3803 non
2435 3758 2676 3819 operatur
2707 3746 2917 3819 (Jacobi.
2947 3746 3009 3817 t);
3042 3749 3159 3807 quia
3185 3750 3305 3800 dum
3328 3746 3625 3818 perturbata
3646 3766 3782 3803 mens
3796 3748 3875 3818 ju-
3932 3790 3943 3805 .

2304 3822 2496 3874 dicium
2525 3838 2633 3875 sua:
2673 3819 2892 3873 rationis
2923 3830 3213 3889 exasperat,
3240 3835 3387 3872 omne
3415 3821 3552 3884 quod
3591 3820 3737 3889 furor
3768 3835 3875 3887 sug-

2304 3893 2454 3959 gerit,
2511 3904 2706 3946 rectum
2764 3901 2930 3964 putat.
2968 3888 3069 3943 Per
3122 3891 3253 3964 iram
3293 3890 3465 3964 gratia
3513 3888 3636 3964 vitae
3686 3890 3872 3945 socialis

2305 3964 2582 4029 amittitur,
2613 3964 2743 4016 sicut
2764 3959 3023 4030 scriptum
3051 3970 3168 4015 est:
3202 3959 3330 4014 Νοῖὶ
3372 3977 3476 4014 esse
3504 3963 3747 4017 assiduus
3772 3976 3872 4013 cum

2305 4033 2509 4085 homine
2541 4035 2824 4096 iracundo;
2858 4048 2919 4085 ne
2972 4032 3141 4087 discas
3187 4034 3389 4085 semitas
3435 4037 3583 4101 eius,
3618 4045 3668 4087 et
3718 4047 3871 4087 sumas

2304 4105 2607 4156 scandalum
2635 4110 2821 4155 animae
2850 4118 2969 4155 tuae.
3001 4102 3071 4155 Et
3092 4103 3254 4158 idem.
3292 4103 3418 4169 Quis
3440 4106 3628 4171 poterit
3660 4104 3871 4158 habitare

2306 4189 2422 4245 cum
2455 4175 2656 4226 homine
2688 4176 2835 4244 cujus
2883 4174 3098 4242 spiritus
3138 4175 3310 4245 facilis
3341 4183 3411 4227 est
3452 4174 3519 4226 ad
3560 4176 3870 4230 irascendum

2307 4241 2578 4312 (Proverb.
2615 4241 2939 4313 xxrt)'?quia
2970 4245 3059 4313 qui
3088 4241 3148 4297 se
3185 4261 3249 4298 ex
3297 4244 3523 4298 humana
3551 4248 3754 4299 ratione
3782 4259 3868 4296 non

2308 4325 2572 4380 temperat,
2591 4330 2790 4367 necesse
2816 4323 2886 4366 est
2910 4326 2965 4367 ut
2989 4315 3267 4368 bestialiter
3284 4317 3423 4370 solus
3446 4321 3604 4370 virat.
3622 4317 3729 4371 Per
3754 4318 3865 4368 imm

2308 4386 2581 4437 concordia
2604 4385 2880 4454 rumpitur,
2910 4385 3043 4438 sicut
3074 4387 3323 4456 scriptum
3352 4396 3424 4440 est
3451 4402 3469 4441 :
3503 4387 3598 4441 Vir
3622 4390 3866 4441 animosus

2307 4456 2444 4529 parit
2474 4458 2633 4529 rixas,
2666 4452 2728 4529 et
2762 4457 2836 4507 vir
2876 4452 3156 4509 iracundus
3180 4452 3421 4522 'e/fundit
3470 4471 3678 4527 peccata
3718 4456 3864 4529 (Pro-

2308 4527 2449 4599 verb.
2476 4526 2654 4599 xxrx).
2681 4525 2978 4579 Iracundus
3022 4530 3212 4597 quippe
3235 4537 3445 4599 peccata
3471 4525 3734 4597 effundit,
3757 4526 3864 4596 quia

2307 4596 2462 4650 etiant
2508 4598 2692 4661 malos,
2727 4614 2855 4667 quos
2904 4596 3119 4652 incaute
3160 4596 3575 4654 ad'discordiam
3614 4608 3862 4667 praebeat,

2752 4670 2822 4721 ἐν
2864 4669 2993 4721 iram
3034 4667 3128 4723 lua:
3174 4671 3399 4724 veritatis
3444 4672 3720 4735 amittitur,
3748 4671 3862 4723 sicut

2308 4737 2554 4807 scriptum
2587 4750 2657 4793 est
2686 4737 2821 4794 :Sol
2868 4757 2968 4792 non
2998 4739 3193 4793 occidat
3235 4758 3390 4807 super
3421 4741 3745 4795 iracundiam
3791 4754 3861 4791 re-

2307 4817 2469 4883 strain
2488 4807 2708 4880 (Ephes.
2738 4808 2837 4878 tv);
2856 4811 2980 4883 quia
3006 4828 3123 4883 cum
3142 4812 3300 4864 menti
3325 4812 3593 4865 iracundia
3621 4809 3864 4883 confusio-
3916 4812 3917 4817 “

2306 4882 2386 4933 nis
2418 4879 2645 4953 tenebras
2664 4883 2875 4953 incutit,
2900 4880 3022 4953 huic
3050 4881 3188 4935 Deus
3212 4884 3411 4935 radium
3432 4899 3542 4937 sua
3567 4879 3860 4953 cognitionis

2305 4952 2591 5021 abscondit.
2634 4951 2759 5004 Haec
2810 4953 2873 5006 Il.
2916 4952 3226 5021 Gregorius,
3284 4968 3402 5021 qua:
3446 4954 3513 5007 ad
3565 4950 3862 5009 illustrauda

2305 5020 2547 5095 quaedam
2580 5021 2875 5095 Scriptura:
2906 5020 3047 5078 loca’
3067 5020 3361 5091 proderunt
3398 5040 3519 5095 quae
3569 5028 3768 5094 passim
3814 5022 3861 5075 in

2304 5089 2406 5145 hoc
2430 5091 2569 5144 libro
2601 5094 2854 5147 citantur.

2374 5160 2401 5199 ι)
2426 5161 2661 5237 ΕΙΪοάὶι.
2703 5163 2782 5237 ita
2811 5164 2969 5237 etiam
2998 5165 3348 5237 manuscripti
3380 5166 3487 5237 duo
3515 5169 3659 5237 apud
3692 5181 3795 5233 me,
3815 5171 3862 5218 et

2306 5233 2548 5307 plerique
2584 5236 2789 5307 excusi,
2815 5234 3159 5307 AAttaymenﬂex
3191 5233 3316 5289 divo
3360 5233 3625 5307 Gregorio
3654 5239 3860 5294 omnino

2306 5304 2696 5382 restituendum
2742 5304 2973 5382 videtur,
3026 5304 3267 5372 effundit,
3301 5308 3439 5361 sicut
3474 5304 3535 5362 et
3583 5309 3861 5382 Dionysius

2304 5377 2557 5452 reddidit,
2575 5389 2636 5452 ei
2643 5376 2877 5452 Joannes
2897 5375 3340 5452 Turrgcretnatns
3367 5388 3598 5452 tractatu
3619 5375 3863 5452 vigesimo

2303 5449 2489 5516 quinto
2520 5446 2576 5502 in
2603 5447 2861 5521 Regulam
2893 5445 3002 5501 divi
3032 5446 3332 5521 Benedicti,
3357 5446 3445 5501 ubi
3480 5450 3583 5504 hoc
3612 5445 3773 5521 caput
3794 5465 3862 5502 In-

2304 5525 2511 5586 tegrum
2554 5522 2683 5573 citat
2724 5520 2786 5590 in,
2805 5516 3219 5590 detestationem
3263 5519 3422 5590 hujus
3457 5522 3592 5575 vitii.
3644 5516 3711 5578 Et
3760 5521 3861 5574 haec

2302 5590 2516 5663 quidem
2554 5606 2619 5644 ex
2649 5588 2896 5663 versione
2936 5587 3306 5663 Septuaginta.
3336 5587 3498 5647 'Nam
3531 5593 3747 5663 vulgata
3779 5593 3861 5644 ha-

2306 5658 2397 5736 bet
2418 5676 2435 5715 :
2467 5658 2861 5736 Yiriracundus
2884 5672 3122 5736 provocat
3150 5660 3311 5736 rixas,
3332 5674 3375 5715 et
3397 5670 3484 5731 qui
3507 5664 3575 5715 ad
3596 5658 3863 5736 indignan

2308 5730 2431 5784 dum
2472 5732 2645 5799 facilis
2690 5741 2785 5795 est,
2830 5731 2923 5783 erit
2954 5730 3025 5784 ad
3064 5734 3377 5796 peccandum
3410 5729 3732 5802 proclivior:
3773 5729 3863 5790 libi
