  <div class='ocr_page' id='page_1' title='image "/cluster/home/n/w/nwhite01/storage/ocr_20150623/49/uva.x000827093/170.png"; bbox 0 0 4016 6202; ppageno 0'>
   <div class='ocr_carea' id='block_1_1' title="bbox 793 335 1120 393">
    <p class='ocr_par' dir='ltr' id='par_1_1' title="bbox 793 335 1120 393">
     <span class='ocr_line' id='line_1_1' title="bbox 793 335 1120 393; baseline -0.003 -1"><span class='ocrx_word' id='word_1_1' title='bbox 793 335 1015 393; x_wconf 87' lang='lat' dir='ltr'><strong>CAPUT</strong></span> <span class='ocrx_word' id='word_1_2' title='bbox 1056 337 1120 392; x_wconf 84' lang='lat' dir='ltr'><strong>II.</strong></span> 
     </span>
    </p>
   </div>
   <div class='ocr_carea' id='block_1_2' title="bbox 153 420 1751 501">
    <p class='ocr_par' dir='ltr' id='par_1_2' title="bbox 153 420 1751 501">
     <span class='ocr_line' id='line_1_2' title="bbox 153 420 1751 501; baseline 0.002 -17"><span class='ocrx_word' id='word_1_3' title='bbox 153 422 225 484; x_wconf 78' lang='lat' dir='ltr'><strong>De</strong></span> <span class='ocrx_word' id='word_1_4' title='bbox 358 429 453 498; x_wconf 89' lang='lat' dir='ltr'><strong>qui</strong></span> <span class='ocrx_word' id='word_1_5' title='bbox 482 428 669 483; x_wconf 88' lang='lat' dir='ltr'><strong>dicunt</strong></span> <span class='ocrx_word' id='word_1_6' title='bbox 691 429 817 483; x_wconf 90' lang='lat' dir='ltr'><strong>iram</strong></span> <span class='ocrx_word' id='word_1_7' title='bbox 845 446 943 483; x_wconf 90' lang='lat' dir='ltr'><strong>non</strong></span> <span class='ocrx_word' id='word_1_8' title='bbox 969 446 1077 484; x_wconf 88' lang='lat' dir='ltr'><strong>esse</strong></span> <span class='ocrx_word' id='word_1_9' title='bbox 1118 433 1348 501; x_wconf 77' lang='lat' dir='ltr'><strong>noxiam,</strong></span> <span class='ocrx_word' id='word_1_10' title='bbox 1381 432 1423 485; x_wconf 91' lang='lat' dir='ltr'><strong>si</strong></span> <span class='ocrx_word' id='word_1_11' title='bbox 1451 432 1751 500; x_wconf 82' lang='lat' dir='ltr'><strong>delinquen-</strong></span> 
     </span>
    </p>
   </div>
   <div class='ocr_carea' id='block_1_3' title="bbox 218 498 1673 571">
    <p class='ocr_par' dir='ltr' id='par_1_3' title="bbox 218 498 1673 571">
     <span class='ocr_line' id='line_1_3' title="bbox 218 498 1673 571; baseline 0.003 -18"><span class='ocrx_word' id='word_1_12' title='bbox 218 498 363 554; x_wconf 89' lang='lat' dir='ltr'><strong>tibus</strong></span> <span class='ocrx_word' id='word_1_13' title='bbox 390 500 713 566; x_wconf 77' lang='lat' dir='ltr'><strong>irascamur,</strong></span> <span class='ocrx_word' id='word_1_14' title='bbox 741 503 858 571; x_wconf 88' lang='lat' dir='ltr'><strong>quia</strong></span> <span class='ocrx_word' id='word_1_15' title='bbox 884 510 931 555; x_wconf 89' lang='lat' dir='ltr'><strong>et</strong></span> <span class='ocrx_word' id='word_1_16' title='bbox 960 503 1072 570; x_wconf 90' lang='lat' dir='ltr'><strong>ipse</strong></span> <span class='ocrx_word' id='word_1_17' title='bbox 1094 502 1235 558; x_wconf 81' lang='lat' dir='ltr'><strong>Deus</strong></span> <span class='ocrx_word' id='word_1_18' title='bbox 1258 498 1411 557; x_wconf 80' lang='lat' dir='ltr'><strong>irasci</strong></span> <span class='ocrx_word' id='word_1_19' title='bbox 1450 498 1673 559; x_wconf 83' lang='lat' dir='ltr'><strong>dicatur.</strong></span> 
     </span>
    </p>
   </div>
   <div class='ocr_carea' id='block_1_4' title="bbox 220 632 1750 708">
    <p class='ocr_par' dir='ltr' id='par_1_4' title="bbox 220 632 1750 708">
     <span class='ocr_line' id='line_1_4' title="bbox 220 632 1750 708; baseline 0.005 -20"><span class='ocrx_word' id='word_1_20' title='bbox 220 632 537 689; x_wconf 81' lang='lat' dir='ltr'><strong>Nonnullos</strong></span> <span class='ocrx_word' id='word_1_21' title='bbox 585 634 885 690; x_wconf 87' lang='lat' dir='ltr'><strong>audivimus</strong></span> <span class='ocrx_word' id='word_1_22' title='bbox 927 634 1074 690; x_wconf 89' lang='lat' dir='ltr'><strong>hunc</strong></span> <span class='ocrx_word' id='word_1_23' title='bbox 1134 637 1334 693; x_wconf 64' lang='lat' dir='ltr'><strong>animae</strong></span> <span class='ocrx_word' id='word_1_24' title='bbox 1381 638 1750 708; x_wconf 90' lang='lat' dir='ltr'><strong>perniciosum</strong></span> 
     </span>
    </p>
   </div>
   <div class='ocr_carea' id='block_1_5' title="bbox 149 732 1750 803">
    <p class='ocr_par' dir='ltr' id='par_1_5' title="bbox 149 732 1750 803">
     <span class='ocr_line' id='line_1_5' title="bbox 149 732 1750 803; baseline 0.006 -16"><span class='ocrx_word' id='word_1_25' title='bbox 149 732 417 789; x_wconf 87' lang='lat' dir='ltr'><strong>morbum</strong></span> <span class='ocrx_word' id='word_1_26' title='bbox 450 735 525 789; x_wconf 87' lang='lat' dir='ltr'><strong>ita</strong></span> <span class='ocrx_word' id='word_1_27' title='bbox 551 749 813 789; x_wconf 88' lang='lat' dir='ltr'><strong>excusare</strong></span> <span class='ocrx_word' id='word_1_28' title='bbox 841 743 1129 803; x_wconf 70' lang='lat' dir='ltr'><strong>tentantes,</strong></span> <span class='ocrx_word' id='word_1_29' title='bbox 1166 746 1229 792; x_wconf 88' lang='lat' dir='ltr'><strong>ut</strong></span> <span class='ocrx_word' id='word_1_30' title='bbox 1258 753 1383 794; x_wconf 91' lang='lat' dir='ltr'><strong>eum</strong></span> <span class='ocrx_word' id='word_1_31' title='bbox 1406 747 1434 775; x_wconf 80' lang='grc' dir='ltr'>ι</span> <span class='ocrx_word' id='word_1_32' title='bbox 1459 739 1750 797; x_wconf 86' lang='lat' dir='ltr'><strong>detestabi-</strong></span> 
     </span>
    </p>
   </div>
   <div class='ocr_carea' id='block_1_6' title="bbox 148 836 1751 914">
    <p class='ocr_par' dir='ltr' id='par_1_6' title="bbox 148 836 1751 914">
     <span class='ocr_line' id='line_1_6' title="bbox 148 836 1751 914; baseline 0.007 -26"><span class='ocrx_word' id='word_1_33' title='bbox 148 836 295 891; x_wconf 89' lang='lat' dir='ltr'><strong>liore</strong></span> <span class='ocrx_word' id='word_1_34' title='bbox 322 836 769 907; x_wconf 80' lang='lat' dir='ltr'><strong>interpretatione</strong></span> <span class='ocrx_word' id='word_1_35' title='bbox 795 837 1204 909; x_wconf 86' lang='lat' dir='ltr'><strong>Scripturarum</strong></span> <span class='ocrx_word' id='word_1_36' title='bbox 1237 850 1539 898; x_wconf 89' lang='lat' dir='ltr'><strong>extenuare</strong></span> <span class='ocrx_word' id='word_1_37' title='bbox 1583 845 1751 914; x_wconf 85' lang='lat' dir='ltr'><strong>gesti-</strong></span> 
     </span>
    </p>
   </div>
   <div class='ocr_carea' id='block_1_7' title="bbox 144 940 1752 1016">
    <p class='ocr_par' dir='ltr' id='par_1_7' title="bbox 144 940 1752 1016">
     <span class='ocr_line' id='line_1_7' title="bbox 144 940 1752 1016; baseline 0.006 -25"><span class='ocrx_word' id='word_1_38' title='bbox 144 947 304 1005; x_wconf 84' lang='lat' dir='ltr'><strong>rent,</strong></span> <span class='ocrx_word' id='word_1_39' title='bbox 339 940 578 997; x_wconf 77' lang='lat' dir='ltr'><strong>dicentes</strong></span> <span class='ocrx_word' id='word_1_40' title='bbox 607 955 714 995; x_wconf 82' lang='lat' dir='ltr'><strong>non</strong></span> <span class='ocrx_word' id='word_1_41' title='bbox 745 954 868 997; x_wconf 84' lang='lat' dir='ltr'><strong>esse</strong></span> <span class='ocrx_word' id='word_1_42' title='bbox 916 944 1159 1009; x_wconf 82' lang='lat' dir='ltr'><strong>noxium,</strong></span> <span class='ocrx_word' id='word_1_43' title='bbox 1210 944 1256 998; x_wconf 94' lang='lat' dir='ltr'><strong>si</strong></span> <span class='ocrx_word' id='word_1_44' title='bbox 1298 944 1752 1016; x_wconf 85' lang='lat' dir='ltr'><strong>delinquentibus</strong></span> 
     </span>
    </p>
   </div>
   <div class='ocr_carea' id='block_1_8' title="bbox 142 1039 1751 1117">
    <p class='ocr_par' dir='ltr' id='par_1_8' title="bbox 142 1039 1751 1117">
     <span class='ocr_line' id='line_1_8' title="bbox 142 1039 1751 1117; baseline 0.005 -22"><span class='ocrx_word' id='word_1_45' title='bbox 142 1039 411 1096; x_wconf 75' lang='lat' dir='ltr'><strong>fratribus</strong></span> <span class='ocrx_word' id='word_1_46' title='bbox 454 1041 784 1109; x_wconf 72' lang='lat' dir='ltr'><strong>irascamur;</strong></span> <span class='ocrx_word' id='word_1_47' title='bbox 832 1042 1121 1113; x_wconf 85' lang='lat' dir='ltr'><strong>siquidem,</strong></span> <span class='ocrx_word' id='word_1_48' title='bbox 1151 1047 1425 1115; x_wconf 88' lang='lat' dir='ltr'><strong>inquiunt,</strong></span> <span class='ocrx_word' id='word_1_49' title='bbox 1460 1047 1578 1117; x_wconf 90' lang='lat' dir='ltr'><strong>ipse</strong></span> <span class='ocrx_word' id='word_1_50' title='bbox 1610 1048 1751 1104; x_wconf 89' lang='lat' dir='ltr'><strong>Deus</strong></span> 
     </span>
    </p>
   </div>
   <div class='ocr_carea' id='block_1_9' title="bbox 142 1144 1743 1213">
    <p class='ocr_par' dir='ltr' id='par_1_9' title="bbox 142 1144 1743 1213">
     <span class='ocr_line' id='line_1_9' title="bbox 142 1144 1743 1213; baseline 0.004 -16"><span class='ocrx_word' id='word_1_51' title='bbox 142 1150 339 1197; x_wconf 86' lang='lat' dir='ltr'><strong>contra</strong></span> <span class='ocrx_word' id='word_1_52' title='bbox 370 1157 465 1198; x_wconf 91' lang='lat' dir='ltr'><strong>eos</strong></span> <span class='ocrx_word' id='word_1_53' title='bbox 493 1144 582 1213; x_wconf 87' lang='lat' dir='ltr'><strong>qui</strong></span> <span class='ocrx_word' id='word_1_54' title='bbox 614 1158 767 1211; x_wconf 88' lang='lat' dir='ltr'><strong>eum,</strong></span> <span class='ocrx_word' id='word_1_55' title='bbox 810 1146 896 1199; x_wconf 90' lang='lat' dir='ltr'><strong>vel</strong></span> <span class='ocrx_word' id='word_1_56' title='bbox 936 1146 1080 1200; x_wconf 89' lang='lat' dir='ltr'><strong>scire</strong></span> <span class='ocrx_word' id='word_1_57' title='bbox 1120 1146 1337 1213; x_wconf 82' lang='lat' dir='ltr'><strong>nolunt,</strong></span> <span class='ocrx_word' id='word_1_58' title='bbox 1388 1150 1476 1203; x_wconf 88' lang='lat' dir='ltr'><strong>vel</strong></span> <span class='ocrx_word' id='word_1_59' title='bbox 1505 1148 1743 1205; x_wconf 84' lang='lat' dir='ltr'><strong>scientes</strong></span> 
     </span>
    </p>
   </div>
   <div class='ocr_carea' id='block_1_10' title="bbox 141 1236 1751 1308">
    <p class='ocr_par' dir='ltr' id='par_1_10' title="bbox 141 1236 1751 1308">
     <span class='ocr_line' id='line_1_10' title="bbox 141 1236 1751 1308; baseline 0.004 -18"><span class='ocrx_word' id='word_1_60' title='bbox 141 1246 527 1305; x_wconf 88' lang='lat' dir='ltr'><strong>contemnunt,</strong></span> <span class='ocrx_word' id='word_1_61' title='bbox 563 1236 745 1292; x_wconf 86' lang='lat' dir='ltr'><strong>furere</strong></span> <span class='ocrx_word' id='word_1_62' title='bbox 777 1247 941 1308; x_wconf 91' lang='lat' dir='ltr'><strong>atque</strong></span> <span class='ocrx_word' id='word_1_63' title='bbox 970 1240 1128 1294; x_wconf 85' lang='lat' dir='ltr'><strong>irasci</strong></span> <span class='ocrx_word' id='word_1_64' title='bbox 1160 1240 1396 1306; x_wconf 79' lang='lat' dir='ltr'><strong>dicatur,</strong></span> <span class='ocrx_word' id='word_1_65' title='bbox 1444 1252 1505 1296; x_wconf 93' lang='lat' dir='ltr'><strong>ut</strong></span> <span class='ocrx_word' id='word_1_66' title='bbox 1529 1242 1605 1297; x_wconf 88' lang='lat' dir='ltr'><strong>ibi</strong></span> <span class='ocrx_word' id='word_1_67' title='bbox 1636 1262 1649 1294; x_wconf 82' lang='lat'><strong>-.</strong></span> <span class='ocrx_word' id='word_1_68' title='bbox 1681 1242 1751 1297; x_wconf 80' lang='lat' dir='ltr'><strong>Et</strong></span> 
     </span>
    </p>
   </div>
   <div class='ocr_carea' id='block_1_11' title="bbox 139 1328 1748 1405">
    <p class='ocr_par' dir='ltr' id='par_1_11' title="bbox 139 1328 1748 1405">
     <span class='ocr_line' id='line_1_11' title="bbox 139 1328 1748 1405; baseline 0.003 -22"><span class='ocrx_word' id='word_1_69' title='bbox 139 1328 329 1384; x_wconf 88' lang='lat' dir='ltr'><strong>iratus</strong></span> <span class='ocrx_word' id='word_1_70' title='bbox 351 1339 432 1384; x_wconf 87' lang='lat' dir='ltr'><strong>est</strong></span> <span class='ocrx_word' id='word_1_71' title='bbox 455 1329 637 1385; x_wconf 90' lang='lat' dir='ltr'><strong>furore</strong></span> <span class='ocrx_word' id='word_1_72' title='bbox 657 1329 922 1387; x_wconf 89' lang='lat' dir='ltr'><strong>Dominus</strong></span> <span class='ocrx_word' id='word_1_73' title='bbox 948 1333 1003 1386; x_wconf 92' lang='lat' dir='ltr'><strong>in</strong></span> <span class='ocrx_word' id='word_1_74' title='bbox 1031 1333 1286 1403; x_wconf 83' lang='lat' dir='ltr'><strong>papulum</strong></span> <span class='ocrx_word' id='word_1_75' title='bbox 1312 1348 1473 1388; x_wconf 88' lang='lat' dir='ltr'><strong>suum</strong></span> <span class='ocrx_word' id='word_1_76' title='bbox 1501 1334 1519 1405; x_wconf 95' lang='lat'><strong>(</strong></span> <span class='ocrx_word' id='word_1_77' title='bbox 1544 1332 1748 1389; x_wconf 89' lang='lat' dir='ltr'><strong>Psalm.</strong></span> 
     </span>
    </p>
   </div>
   <div class='ocr_carea' id='block_1_12' title="bbox 136 1428 1752 1504">
    <p class='ocr_par' dir='ltr' id='par_1_12' title="bbox 136 1428 1752 1504">
     <span class='ocr_line' id='line_1_12' title="bbox 136 1428 1752 1504; baseline 0.004 -19"><span class='ocrx_word' id='word_1_78' title='bbox 136 1429 288 1501; x_wconf 86' lang='lat' dir='ltr'><strong>cv);</strong></span> <span class='ocrx_word' id='word_1_79' title='bbox 323 1428 410 1484; x_wconf 90' lang='lat' dir='ltr'><strong>vel</strong></span> <span class='ocrx_word' id='word_1_80' title='bbox 451 1446 572 1485; x_wconf 90' lang='lat' dir='ltr'><strong>cum</strong></span> <span class='ocrx_word' id='word_1_81' title='bbox 620 1440 741 1486; x_wconf 83' lang='lat' dir='ltr'><strong>orat</strong></span> <span class='ocrx_word' id='word_1_82' title='bbox 790 1431 1091 1504; x_wconf 82' lang='lat' dir='ltr'><strong>Propheta,</strong></span> <span class='ocrx_word' id='word_1_83' title='bbox 1127 1434 1358 1489; x_wconf 90' lang='lat' dir='ltr'><strong>dicens:</strong></span> <span class='ocrx_word' id='word_1_84' title='bbox 1392 1434 1647 1502; x_wconf 85' lang='lat' dir='ltr'><strong>Domine;</strong></span> <span class='ocrx_word' id='word_1_85' title='bbox 1684 1452 1752 1491; x_wconf 92' lang='lat' dir='ltr'><strong>ne</strong></span> 
     </span>
    </p>
   </div>
   <div class='ocr_carea' id='block_1_13' title="bbox 134 1531 1745 1606">
    <p class='ocr_par' dir='ltr' id='par_1_13' title="bbox 134 1531 1745 1606">
     <span class='ocr_line' id='line_1_13' title="bbox 134 1531 1745 1606; baseline 0.004 -21"><span class='ocrx_word' id='word_1_86' title='bbox 134 1531 197 1586; x_wconf 89' lang='lat' dir='ltr'><strong>in</strong></span> <span class='ocrx_word' id='word_1_87' title='bbox 234 1532 425 1588; x_wconf 89' lang='lat' dir='ltr'><strong>furore</strong></span> <span class='ocrx_word' id='word_1_88' title='bbox 452 1543 542 1588; x_wconf 90' lang='lat' dir='ltr'><strong>tuo</strong></span> <span class='ocrx_word' id='word_1_89' title='bbox 584 1548 781 1604; x_wconf 80' lang='lat' dir='ltr'><strong>arguas</strong></span> <span class='ocrx_word' id='word_1_90' title='bbox 812 1550 921 1600; x_wconf 89' lang='lat' dir='ltr'><strong>me,</strong></span> <span class='ocrx_word' id='word_1_91' title='bbox 958 1550 1134 1605; x_wconf 87' lang='lat' dir='ltr'><strong>neque</strong></span> <span class='ocrx_word' id='word_1_92' title='bbox 1162 1536 1215 1591; x_wconf 92' lang='lat' dir='ltr'><strong>in</strong></span> <span class='ocrx_word' id='word_1_93' title='bbox 1247 1536 1325 1590; x_wconf 88' lang='lat' dir='ltr'><strong>ira</strong></span> <span class='ocrx_word' id='word_1_94' title='bbox 1360 1546 1449 1591; x_wconf 89' lang='lat' dir='ltr'><strong>tua</strong></span> <span class='ocrx_word' id='word_1_95' title='bbox 1478 1538 1745 1606; x_wconf 87' lang='lat' dir='ltr'><strong>corripias</strong></span> 
     </span>
    </p>
   </div>
   <div class='ocr_carea' id='block_1_14' title="bbox 132 1635 1739 1711">
    <p class='ocr_par' dir='ltr' id='par_1_14' title="bbox 132 1635 1739 1711">
     <span class='ocr_line' id='line_1_14' title="bbox 132 1635 1739 1711; baseline 0.003 -20"><span class='ocrx_word' id='word_1_96' title='bbox 132 1651 233 1691; x_wconf 88' lang='lat' dir='ltr'><strong>me</strong></span> <span class='ocrx_word' id='word_1_97' title='bbox 260 1635 508 1707; x_wconf 87' lang='lat' dir='ltr'><strong>(Psalm.</strong></span> <span class='ocrx_word' id='word_1_98' title='bbox 552 1652 606 1691; x_wconf 80' lang='lat' dir='ltr'><strong>Vl</strong></span> <span class='ocrx_word' id='word_1_99' title='bbox 647 1647 695 1690; x_wconf 88' lang='lat' dir='ltr'><strong>et</strong></span> <span class='ocrx_word' id='word_1_100' title='bbox 737 1638 1002 1709; x_wconf 83' lang='lat' dir='ltr'><strong>xxxvii);</strong></span> <span class='ocrx_word' id='word_1_101' title='bbox 1034 1654 1140 1693; x_wconf 91' lang='lat' dir='ltr'><strong>non</strong></span> <span class='ocrx_word' id='word_1_102' title='bbox 1190 1640 1557 1710; x_wconf 86' lang='lat' dir='ltr'><strong>intelligentes</strong></span> <span class='ocrx_word' id='word_1_103' title='bbox 1598 1641 1739 1711; x_wconf 91' lang='lat' dir='ltr'><strong>quod</strong></span> 
     </span>
    </p>
   </div>
   <div class='ocr_carea' id='block_1_15' title="bbox 153 216 2807 281">
    <p class='ocr_par' dir='ltr' id='par_1_15' title="bbox 153 216 2807 281">
     <span class='ocr_line' id='line_1_15' title="bbox 153 216 2807 281; baseline 0.005 -12"><span class='ocrx_word' id='word_1_104' title='bbox 153 216 249 269; x_wconf 67' lang='lat'><strong>535</strong></span> <span class='ocrx_word' id='word_1_105' title='bbox 812 220 900 279; x_wconf 86' lang='lat' dir='ltr'><strong>DE</strong></span> <span class='ocrx_word' id='word_1_106' title='bbox 940 219 1424 281; x_wconf 67' lang='lat' dir='ltr'><strong>C(ENOBIOPIUM</strong></span> <span class='ocrx_word' id='word_1_107' title='bbox 1465 221 1715 279; x_wconf 81' lang='lat' dir='ltr'><strong>INSTIT.</strong></span> <span class='ocrx_word' id='word_1_108' title='bbox 1757 221 1890 278; x_wconf 85' lang='lat' dir='ltr'><strong>LIB.</strong></span> <span class='ocrx_word' id='word_1_109' title='bbox 1936 218 2069 279; x_wconf 80' lang='lat' dir='ltr'><strong>Vill.</strong></span> <span class='ocrx_word' id='word_1_110' title='bbox 2100 250 2169 263; x_wconf 87' lang='lat'><strong>-—</strong></span> <span class='ocrx_word' id='word_1_111' title='bbox 2196 221 2287 277; x_wconf 88' lang='lat' dir='ltr'><strong>DE</strong></span> <span class='ocrx_word' id='word_1_112' title='bbox 2327 221 2601 279; x_wconf 80' lang='lat' dir='ltr'><strong>SPIRITU</strong></span> <span class='ocrx_word' id='word_1_113' title='bbox 2642 216 2807 281; x_wconf 62' lang='lat' dir='ltr'><strong>IRIE.</strong></span> 
     </span>
    </p>
   </div>
   <div class='ocr_carea' id='block_1_16' title="bbox 1780 339 2828 406">
    <p class='ocr_par' dir='ltr' id='par_1_16' title="bbox 1780 339 2828 406">
     <span class='ocr_line' id='line_1_16' title="bbox 1780 339 2828 406; baseline 0.007 -18"><span class='ocrx_word' id='word_1_114' title='bbox 1780 346 1833 406; x_wconf 67' lang='grc' dir='ltr'>Α</span> <span class='ocrx_word' id='word_1_115' title='bbox 2468 339 2701 396; x_wconf 84' lang='lat' dir='ltr'><strong>CAPUT</strong></span> <span class='ocrx_word' id='word_1_116' title='bbox 2740 341 2828 396; x_wconf 92' lang='lat' dir='ltr'><strong>III.</strong></span> 
     </span>
    </p>
   </div>
   <div class='ocr_carea' id='block_1_17' title="bbox 3342 226 3449 291">
    <p class='ocr_par' dir='ltr' id='par_1_17' title="bbox 3342 226 3449 291">
     <span class='ocr_line' id='line_1_17' title="bbox 3342 226 3449 291; baseline 0.037 -4"><span class='ocrx_word' id='word_1_117' title='bbox 3342 226 3449 291; x_wconf 67' lang='grc'><strong>528</strong></span> 
     </span>
    </p>
   </div>
   <div class='ocr_carea' id='block_1_18' title="bbox 1858 431 3441 516">
    <p class='ocr_par' dir='ltr' id='par_1_18' title="bbox 1858 431 3441 516">
     <span class='ocr_line' id='line_1_18' title="bbox 1858 431 3441 516; baseline 0.006 -31"><span class='ocrx_word' id='word_1_118' title='bbox 1858 431 1933 487; x_wconf 82' lang='grc' dir='ltr'><em>οε</em></span> <span class='ocrx_word' id='word_1_119' title='bbox 1958 432 2037 487; x_wconf 86' lang='lat' dir='ltr'><strong>his</strong></span> <span class='ocrx_word' id='word_1_120' title='bbox 2058 447 2171 505; x_wconf 73' lang='lat' dir='ltr'><strong>qua:</strong></span> <span class='ocrx_word' id='word_1_121' title='bbox 2198 433 2258 487; x_wconf 88' lang='lat' dir='ltr'><strong>in</strong></span> <span class='ocrx_word' id='word_1_122' title='bbox 2288 431 2400 489; x_wconf 90' lang='lat' dir='ltr'><strong>Deo</strong></span> <span class='ocrx_word' id='word_1_123' title='bbox 2423 448 2486 488; x_wconf 82' lang='lat' dir='ltr'><strong>ea:</strong></span> <span class='ocrx_word' id='word_1_124' title='bbox 2511 441 2703 516; x_wconf 66' lang='lat' dir='ltr'><strong>nostra:</strong></span> <span class='ocrx_word' id='word_1_125' title='bbox 2732 444 2929 489; x_wconf 76' lang='lat' dir='ltr'><strong>natura:</strong></span> <span class='ocrx_word' id='word_1_126' title='bbox 2950 435 3319 493; x_wconf 80' lang='lat' dir='ltr'><strong>consuetudine</strong></span> <span class='ocrx_word' id='word_1_127' title='bbox 3340 454 3441 495; x_wconf 84' lang='lat' dir='ltr'><strong>no-</strong></span> 
     </span>
    </p>
   </div>
   <div class='ocr_carea' id='block_1_19' title="bbox 2498 514 2784 561">
    <p class='ocr_par' dir='ltr' id='par_1_19' title="bbox 2498 514 2784 561">
     <span class='ocr_line' id='line_1_19' title="bbox 2498 514 2784 561; baseline 0.01 -4"><span class='ocrx_word' id='word_1_128' title='bbox 2498 514 2784 561; x_wconf 85' lang='lat' dir='ltr'><strong>minantur.</strong></span> 
     </span>
    </p>
   </div>
   <div class='ocr_carea' id='block_1_20' title="bbox 1926 614 3444 692">
    <p class='ocr_par' dir='ltr' id='par_1_20' title="bbox 1926 614 3444 692">
     <span class='ocr_line' id='line_1_20' title="bbox 1926 614 3444 692; baseline 0.003 -19"><span class='ocrx_word' id='word_1_129' title='bbox 1926 615 1985 673; x_wconf 89' lang='lat' dir='ltr'><strong>Si</strong></span> <span class='ocrx_word' id='word_1_130' title='bbox 2008 615 2149 671; x_wconf 92' lang='lat' dir='ltr'><strong>enim</strong></span> <span class='ocrx_word' id='word_1_131' title='bbox 2174 616 2291 671; x_wconf 81' lang='lat' dir='ltr'><strong>haec</strong></span> <span class='ocrx_word' id='word_1_132' title='bbox 2326 630 2449 671; x_wconf 91' lang='lat' dir='ltr'><strong>cum</strong></span> <span class='ocrx_word' id='word_1_133' title='bbox 2471 614 2725 671; x_wconf 91' lang='lat' dir='ltr'><strong>dicuntur</strong></span> <span class='ocrx_word' id='word_1_134' title='bbox 2753 615 2822 671; x_wconf 87' lang='lat' dir='ltr'><strong>de</strong></span> <span class='ocrx_word' id='word_1_135' title='bbox 2851 615 2986 684; x_wconf 91' lang='lat' dir='ltr'><strong>Deo,</strong></span> <span class='ocrx_word' id='word_1_136' title='bbox 3016 619 3221 675; x_wconf 81' lang='lat' dir='ltr'><strong>carnali</strong></span> <span class='ocrx_word' id='word_1_137' title='bbox 3243 629 3300 677; x_wconf 90' lang='lat' dir='ltr'><strong>et</strong></span> <span class='ocrx_word' id='word_1_138' title='bbox 3322 622 3444 692; x_wconf 89' lang='lat' dir='ltr'><strong>pin-</strong></span> 
     </span>
    </p>
   </div>
   <div class='ocr_carea' id='block_1_21' title="bbox 1853 708 3436 788">
    <p class='ocr_par' dir='ltr' id='par_1_21' title="bbox 1853 708 3436 788">
     <span class='ocr_line' id='line_1_21' title="bbox 1853 708 3436 788; baseline 0.004 -25"><span class='ocrx_word' id='word_1_139' title='bbox 1853 710 1940 781; x_wconf 86' lang='lat' dir='ltr'><strong>gui</strong></span> <span class='ocrx_word' id='word_1_140' title='bbox 1988 709 2312 788; x_wconf 27' lang='lat' dir='ltr'><strong>secundum.</strong></span> <span class='ocrx_word' id='word_1_141' title='bbox 2345 708 2584 763; x_wconf 89' lang='lat' dir='ltr'><strong>litteram</strong></span> <span class='ocrx_word' id='word_1_142' title='bbox 2643 709 3039 779; x_wconf 86' lang='lat' dir='ltr'><strong>significatione</strong></span> <span class='ocrx_word' id='word_1_143' title='bbox 3088 716 3436 784; x_wconf 87' lang='lat' dir='ltr'><strong>percipienda</strong></span> 
     </span>
    </p>
   </div>
   <div class='ocr_carea' id='block_1_22' title="bbox 1853 798 3443 877">
    <p class='ocr_par' dir='ltr' id='par_1_22' title="bbox 1853 798 3443 877">
     <span class='ocr_line' id='line_1_22' title="bbox 1853 798 3443 877; baseline 0.004 -20"><span class='ocrx_word' id='word_1_144' title='bbox 1853 810 2009 867; x_wconf 89' lang='lat' dir='ltr'><strong>sunt;</strong></span> <span class='ocrx_word' id='word_1_145' title='bbox 2032 798 2060 839; x_wconf 66' lang='grc' dir='ltr'>δ</span> <span class='ocrx_word' id='word_1_146' title='bbox 2090 817 2218 871; x_wconf 88' lang='lat' dir='ltr'><strong>ergo</strong></span> <span class='ocrx_word' id='word_1_147' title='bbox 2239 810 2292 856; x_wconf 93' lang='lat' dir='ltr'><strong>et</strong></span> <span class='ocrx_word' id='word_1_148' title='bbox 2319 800 2545 867; x_wconf 86' lang='lat' dir='ltr'><strong>dormit,</strong></span> <span class='ocrx_word' id='word_1_149' title='bbox 2570 815 2693 855; x_wconf 91' lang='lat' dir='ltr'><strong>cum</strong></span> <span class='ocrx_word' id='word_1_150' title='bbox 2722 801 2941 868; x_wconf 90' lang='lat' dir='ltr'><strong>dicitur,</strong></span> <span class='ocrx_word' id='word_1_151' title='bbox 2972 801 3245 875; x_wconf 85' lang='lat' dir='ltr'><strong>Exsurge,</strong></span> <span class='ocrx_word' id='word_1_152' title='bbox 3275 821 3443 877; x_wconf 86' lang='lat' dir='ltr'><strong>quare</strong></span> 
     </span>
    </p>
   </div>
   <div class='ocr_carea' id='block_1_23' title="bbox 1852 892 3436 967">
    <p class='ocr_par' dir='ltr' id='par_1_23' title="bbox 1852 892 3436 967">
     <span class='ocr_line' id='line_1_23' title="bbox 1852 892 3436 967; baseline 0.001 -15"><span class='ocrx_word' id='word_1_153' title='bbox 1852 895 2147 961; x_wconf 88' lang='lat' dir='ltr'><strong>obdormis,</strong></span> <span class='ocrx_word' id='word_1_154' title='bbox 2172 895 2400 949; x_wconf 89' lang='lat' dir='ltr'><strong>Domine</strong></span> <span class='ocrx_word' id='word_1_155' title='bbox 2420 892 2596 966; x_wconf 88' lang='lat' dir='ltr'><strong>(Psal.</strong></span> <span class='ocrx_word' id='word_1_156' title='bbox 2620 895 2809 965; x_wconf 76' lang='lat' dir='ltr'><strong>XLIII)?</strong></span> <span class='ocrx_word' id='word_1_157' title='bbox 2831 895 2908 951; x_wconf 91' lang='lat' dir='ltr'><strong>De</strong></span> <span class='ocrx_word' id='word_1_158' title='bbox 2930 910 3039 966; x_wconf 91' lang='lat' dir='ltr'><strong>quo</strong></span> <span class='ocrx_word' id='word_1_159' title='bbox 3060 897 3189 953; x_wconf 87' lang='lat' dir='ltr'><strong>alibi</strong></span> <span class='ocrx_word' id='word_1_160' title='bbox 3219 898 3436 967; x_wconf 90' lang='lat' dir='ltr'><strong>dicitur,</strong></span> 
     </span>
    </p>
   </div>
   <div class='ocr_carea' id='block_1_24' title="bbox 1851 980 3436 1059">
    <p class='ocr_par' dir='ltr' id='par_1_24' title="bbox 1851 980 3436 1059">
     <span class='ocr_line' id='line_1_24' title="bbox 1851 980 3436 1059; baseline 0.003 -16"><span class='ocrx_word' id='word_1_161' title='bbox 1851 986 1991 1043; x_wconf 90' lang='lat' dir='ltr'><strong>Ecce</strong></span> <span class='ocrx_word' id='word_1_162' title='bbox 2018 1003 2124 1043; x_wconf 91' lang='lat' dir='ltr'><strong>non</strong></span> <span class='ocrx_word' id='word_1_163' title='bbox 2170 986 2487 1041; x_wconf 87' lang='lat' dir='ltr'><strong>dormitabit</strong></span> <span class='ocrx_word' id='word_1_164' title='bbox 2532 980 2705 1057; x_wconf 81' lang='lat' dir='ltr'><strong>neque</strong></span> <span class='ocrx_word' id='word_1_165' title='bbox 2749 986 3007 1053; x_wconf 83' lang='lat' dir='ltr'><strong>dormiet,</strong></span> <span class='ocrx_word' id='word_1_166' title='bbox 3057 990 3147 1059; x_wconf 92' lang='lat' dir='ltr'><strong>qui</strong></span> <span class='ocrx_word' id='word_1_167' title='bbox 3194 991 3436 1047; x_wconf 87' lang='lat' dir='ltr'><strong>custodit</strong></span> 
     </span>
    </p>
   </div>
   <div class='ocr_carea' id='block_1_25' title="bbox 1851 1077 3428 1153">
    <p class='ocr_par' dir='ltr' id='par_1_25' title="bbox 1851 1077 3428 1153">
     <span class='ocr_line' id='line_1_25' title="bbox 1851 1077 3428 1153; baseline 0.004 -18"><span class='ocrx_word' id='word_1_168' title='bbox 1851 1080 2012 1136; x_wconf 87' lang='lat' dir='ltr'><strong>Israel</strong></span> <span class='ocrx_word' id='word_1_169' title='bbox 2048 1079 2233 1150; x_wconf 83' lang='lat' dir='ltr'><strong>(Psal.</strong></span> <span class='ocrx_word' id='word_1_170' title='bbox 2266 1096 2337 1134; x_wconf 87' lang='lat' dir='ltr'><strong>cn</strong></span> <span class='ocrx_word' id='word_1_171' title='bbox 2358 1079 2409 1150; x_wconf 91' lang='lat'><strong>);</strong></span> <span class='ocrx_word' id='word_1_172' title='bbox 2448 1090 2469 1118; x_wconf 79' lang='grc' dir='ltr'><strong>ο</strong></span> <span class='ocrx_word' id='word_1_173' title='bbox 2498 1089 2554 1135; x_wconf 88' lang='lat' dir='ltr'><strong>et</strong></span> <span class='ocrx_word' id='word_1_174' title='bbox 2582 1089 2709 1146; x_wconf 85' lang='lat' dir='ltr'><strong>stat,</strong></span> <span class='ocrx_word' id='word_1_175' title='bbox 2741 1077 2768 1117; x_wconf 71' lang='grc' dir='ltr'>ά</span> <span class='ocrx_word' id='word_1_176' title='bbox 2797 1096 2861 1137; x_wconf 90' lang='lat' dir='ltr'><strong>ac</strong></span> <span class='ocrx_word' id='word_1_177' title='bbox 2899 1081 3087 1151; x_wconf 88' lang='lat' dir='ltr'><strong>sedet,</strong></span> <span class='ocrx_word' id='word_1_178' title='bbox 3120 1098 3244 1139; x_wconf 92' lang='lat' dir='ltr'><strong>cum</strong></span> <span class='ocrx_word' id='word_1_179' title='bbox 3274 1086 3428 1153; x_wconf 82' lang='lat' dir='ltr'><strong>dicit,</strong></span> 
     </span>
    </p>
   </div>
   <div class='ocr_carea' id='block_1_26' title="bbox 1851 1172 3435 1247">
    <p class='ocr_par' dir='ltr' id='par_1_26' title="bbox 1851 1172 3435 1247">
     <span class='ocr_line' id='line_1_26' title="bbox 1851 1172 3435 1247; baseline 0.005 -20"><span class='ocrx_word' id='word_1_180' title='bbox 1851 1172 2055 1228; x_wconf 62' lang='lat' dir='ltr'><strong>Caelum</strong></span> <span class='ocrx_word' id='word_1_181' title='bbox 2081 1172 2211 1227; x_wconf 92' lang='lat' dir='ltr'><strong>mihi</strong></span> <span class='ocrx_word' id='word_1_182' title='bbox 2235 1182 2321 1228; x_wconf 89' lang='lat' dir='ltr'><strong>est</strong></span> <span class='ocrx_word' id='word_1_183' title='bbox 2339 1173 2519 1238; x_wconf 88' lang='lat' dir='ltr'><strong>sedes,</strong></span> <span class='ocrx_word' id='word_1_184' title='bbox 2550 1183 2693 1228; x_wconf 87' lang='lat' dir='ltr'><strong>terra</strong></span> <span class='ocrx_word' id='word_1_185' title='bbox 2708 1182 2885 1228; x_wconf 87' lang='lat' dir='ltr'><strong>autem</strong></span> <span class='ocrx_word' id='word_1_186' title='bbox 2917 1175 3214 1230; x_wconf 86' lang='lat' dir='ltr'><strong>scabellum</strong></span> <span class='ocrx_word' id='word_1_187' title='bbox 3240 1179 3435 1247; x_wconf 89' lang='lat' dir='ltr'><strong>pedum</strong></span> 
     </span>
    </p>
   </div>
   <div class='ocr_carea' id='block_1_27' title="bbox 1852 1260 3437 1341">
    <p class='ocr_par' dir='ltr' id='par_1_27' title="bbox 1852 1260 3437 1341">
     <span class='ocr_line' id='line_1_27' title="bbox 1852 1260 3437 1341; baseline 0.006 -25"><span class='ocrx_word' id='word_1_188' title='bbox 1852 1278 2097 1317; x_wconf 89' lang='lat' dir='ltr'><strong>meorum</strong></span> <span class='ocrx_word' id='word_1_189' title='bbox 2127 1260 2288 1333; x_wconf 88' lang='lat' dir='ltr'><strong>(Isai.</strong></span> <span class='ocrx_word' id='word_1_190' title='bbox 2331 1263 2506 1333; x_wconf 75' lang='lat' dir='ltr'><strong>vai),</strong></span> <span class='ocrx_word' id='word_1_191' title='bbox 2542 1264 2632 1333; x_wconf 88' lang='lat' dir='ltr'><strong>qui</strong></span> <span class='ocrx_word' id='word_1_192' title='bbox 2660 1273 2683 1301; x_wconf 81' lang='grc' dir='ltr'><strong>ο</strong></span> <span class='ocrx_word' id='word_1_193' title='bbox 2709 1263 2933 1318; x_wconf 89' lang='lat' dir='ltr'><strong>metitur</strong></span> <span class='ocrx_word' id='word_1_194' title='bbox 2979 1266 3180 1322; x_wconf 89' lang='lat' dir='ltr'><strong>coelum</strong></span> <span class='ocrx_word' id='word_1_195' title='bbox 3224 1269 3437 1341; x_wconf 89' lang='lat' dir='ltr'><strong>palmo,</strong></span> 
     </span>
    </p>
   </div>
   <div class='ocr_carea' id='block_1_28' title="bbox 1851 1354 3437 1430">
    <p class='ocr_par' dir='ltr' id='par_1_28' title="bbox 1851 1354 3437 1430">
     <span class='ocr_line' id='line_1_28' title="bbox 1851 1354 3437 1430; baseline -0.004 -19"><span class='ocrx_word' id='word_1_196' title='bbox 1851 1364 1905 1411; x_wconf 89' lang='lat' dir='ltr'><strong>et</strong></span> <span class='ocrx_word' id='word_1_197' title='bbox 1933 1362 2130 1410; x_wconf 89' lang='lat' dir='ltr'><strong>terram</strong></span> <span class='ocrx_word' id='word_1_198' title='bbox 2162 1354 2361 1425; x_wconf 82' lang='lat' dir='ltr'><strong>pugillo</strong></span> <span class='ocrx_word' id='word_1_199' title='bbox 2382 1354 2656 1409; x_wconf 90' lang='lat' dir='ltr'><strong>concludit</strong></span> <span class='ocrx_word' id='word_1_200' title='bbox 2686 1354 2860 1426; x_wconf 88' lang='lat' dir='ltr'><strong>(lsai.</strong></span> <span class='ocrx_word' id='word_1_201' title='bbox 2888 1357 3023 1427; x_wconf 84' lang='lat' dir='ltr'><strong>xL);</strong></span> <span class='ocrx_word' id='word_1_202' title='bbox 3053 1356 3073 1395; x_wconf 71' lang='grc' dir='ltr'><em>τ</em></span> <span class='ocrx_word' id='word_1_203' title='bbox 3107 1370 3161 1413; x_wconf 93' lang='lat' dir='ltr'><strong>et</strong></span> <span class='ocrx_word' id='word_1_204' title='bbox 3185 1362 3437 1430; x_wconf 77' lang='lat' dir='ltr'><strong>crapula-</strong></span> 
     </span>
    </p>
   </div>
   <div class='ocr_carea' id='block_1_29' title="bbox 1851 1448 3434 1516">
    <p class='ocr_par' dir='ltr' id='par_1_29' title="bbox 1851 1448 3434 1516">
     <span class='ocr_line' id='line_1_29' title="bbox 1851 1448 3434 1516; baseline 0.005 -13"><span class='ocrx_word' id='word_1_205' title='bbox 1851 1459 1939 1504; x_wconf 90' lang='lat' dir='ltr'><strong>tur</strong></span> <span class='ocrx_word' id='word_1_206' title='bbox 1960 1465 1986 1504; x_wconf 86' lang='lat' dir='ltr'><strong>a</strong></span> <span class='ocrx_word' id='word_1_207' title='bbox 2011 1449 2157 1516; x_wconf 90' lang='lat' dir='ltr'><strong>vino,</strong></span> <span class='ocrx_word' id='word_1_208' title='bbox 2187 1464 2307 1504; x_wconf 91' lang='lat' dir='ltr'><strong>cum</strong></span> <span class='ocrx_word' id='word_1_209' title='bbox 2334 1448 2551 1514; x_wconf 86' lang='lat' dir='ltr'><strong>dicitur,</strong></span> <span class='ocrx_word' id='word_1_210' title='bbox 2580 1448 2646 1503; x_wconf 88' lang='lat' dir='ltr'><strong>Et</strong></span> <span class='ocrx_word' id='word_1_211' title='bbox 2666 1449 2969 1505; x_wconf 78' lang='lat' dir='ltr'><strong>exsurrexit</strong></span> <span class='ocrx_word' id='word_1_212' title='bbox 2998 1452 3135 1507; x_wconf 91' lang='lat' dir='ltr'><strong>sicut</strong></span> <span class='ocrx_word' id='word_1_213' title='bbox 3157 1455 3434 1513; x_wconf 90' lang='lat' dir='ltr'><strong>dormiens</strong></span> 
     </span>
    </p>
   </div>
   <div class='ocr_carea' id='block_1_30' title="bbox 1855 1543 3427 1619">
    <p class='ocr_par' dir='ltr' id='par_1_30' title="bbox 1855 1543 3427 1619">
     <span class='ocr_line' id='line_1_30' title="bbox 1855 1543 3427 1619; baseline 0.003 -20"><span class='ocrx_word' id='word_1_214' title='bbox 1855 1546 2111 1599; x_wconf 87' lang='lat' dir='ltr'><strong>Dominus</strong></span> <span class='ocrx_word' id='word_1_215' title='bbox 2157 1552 2347 1614; x_wconf 91' lang='lat' dir='ltr'><strong>potens</strong></span> <span class='ocrx_word' id='word_1_216' title='bbox 2388 1543 2695 1614; x_wconf 85' lang='lat' dir='ltr'><strong>crapulatus</strong></span> <span class='ocrx_word' id='word_1_217' title='bbox 2726 1559 2753 1596; x_wconf 89' lang='lat' dir='ltr'><strong>a</strong></span> <span class='ocrx_word' id='word_1_218' title='bbox 2786 1544 3118 1617; x_wconf 87' lang='lat' dir='ltr'><strong>vino(Psal.</strong></span> <span class='ocrx_word' id='word_1_219' title='bbox 3172 1550 3384 1619; x_wconf 80' lang='lat' dir='ltr'><strong>Lxxvn)</strong></span> <span class='ocrx_word' id='word_1_220' title='bbox 3410 1593 3427 1617; x_wconf 92' lang='lat'><strong>,</strong></span> 
     </span>
    </p>
   </div>
   <div class='ocr_carea' id='block_1_31' title="bbox 1851 1637 3439 1709">
    <p class='ocr_par' dir='ltr' id='par_1_31' title="bbox 1851 1637 3439 1709">
     <span class='ocr_line' id='line_1_31' title="bbox 1851 1637 3439 1709; baseline 0.006 -19"><span class='ocrx_word' id='word_1_221' title='bbox 1851 1639 1943 1709; x_wconf 87' lang='lat' dir='ltr'><strong>qui</strong></span> <span class='ocrx_word' id='word_1_222' title='bbox 1990 1638 2140 1694; x_wconf 91' lang='lat' dir='ltr'><strong>solus</strong></span> <span class='ocrx_word' id='word_1_223' title='bbox 2186 1637 2349 1692; x_wconf 85' lang='lat' dir='ltr'><strong>habet</strong></span> <span class='ocrx_word' id='word_1_224' title='bbox 2398 1637 2886 1704; x_wconf 85' lang='lat' dir='ltr'><strong>immortalitatem,</strong></span> <span class='ocrx_word' id='word_1_225' title='bbox 2934 1648 2988 1694; x_wconf 91' lang='lat' dir='ltr'><strong>et</strong></span> <span class='ocrx_word' id='word_1_226' title='bbox 3026 1640 3199 1696; x_wconf 88' lang='lat' dir='ltr'><strong>lucem</strong></span> <span class='ocrx_word' id='word_1_227' title='bbox 3232 1643 3439 1700; x_wconf 89' lang='lat' dir='ltr'><strong>habitat</strong></span> 
     </span>
    </p>
   </div>
   <div class='ocr_carea' id='block_1_32' title="bbox 130 1729 3438 1808">
    <p class='ocr_par' dir='ltr' id='par_1_32' title="bbox 130 1729 3438 1808">
     <span class='ocr_line' id='line_1_32' title="bbox 130 1729 3438 1808; baseline 0.002 -25"><span class='ocrx_word' id='word_1_228' title='bbox 130 1729 274 1783; x_wconf 86' lang='lat' dir='ltr'><strong>dum</strong></span> <span class='ocrx_word' id='word_1_229' title='bbox 322 1729 643 1784; x_wconf 84' lang='lat' dir='ltr'><strong>hominibus</strong></span> <span class='ocrx_word' id='word_1_230' title='bbox 704 1730 1045 1785; x_wconf 86' lang='lat' dir='ltr'><strong>occasionem</strong></span> <span class='ocrx_word' id='word_1_231' title='bbox 1093 1731 1336 1801; x_wconf 78' lang='lat' dir='ltr'><strong>pestiferi</strong></span> <span class='ocrx_word' id='word_1_232' title='bbox 1384 1733 1497 1786; x_wconf 85' lang='lat' dir='ltr'><strong>vitii</strong></span> <span class='ocrx_word' id='word_1_233' title='bbox 1555 1733 1742 1787; x_wconf 90' lang='lat' dir='ltr'><strong>volunt</strong></span> <span class='ocrx_word' id='word_1_234' title='bbox 1774 1750 1821 1808; x_wconf 78' lang='grc' dir='ltr'>Β</span> <span class='ocrx_word' id='word_1_235' title='bbox 1849 1730 2280 1786; x_wconf 83' lang='lat' dir='ltr'><strong>inaccessibilem</strong></span> <span class='ocrx_word' id='word_1_236' title='bbox 2310 1729 2521 1803; x_wconf 86' lang='lat' dir='ltr'><strong>(lTim.</strong></span> <span class='ocrx_word' id='word_1_237' title='bbox 2546 1730 2670 1799; x_wconf 80' lang='lat' dir='ltr'><strong>Vl);</strong></span> <span class='ocrx_word' id='word_1_238' title='bbox 2708 1738 2770 1785; x_wconf 90' lang='lat' dir='ltr'><strong>ut</strong></span> <span class='ocrx_word' id='word_1_239' title='bbox 2796 1733 3201 1801; x_wconf 67' lang='lat' dir='ltr'><strong>praetermittam</strong></span> <span class='ocrx_word' id='word_1_240' title='bbox 3237 1745 3262 1782; x_wconf 78' lang='lat'>8</span> <span class='ocrx_word' id='word_1_241' title='bbox 3287 1737 3438 1805; x_wconf 85' lang='lat' dir='ltr'><strong>igno-</strong></span> 
     </span>
    </p>
   </div>
   <div class='ocr_carea' id='block_1_33' title="bbox 129 1822 1740 1896">
    <p class='ocr_par' dir='ltr' id='par_1_33' title="bbox 129 1822 1740 1896">
     <span class='ocr_line' id='line_1_33' title="bbox 129 1822 1740 1896; baseline 0.002 -19"><span class='ocrx_word' id='word_1_242' title='bbox 129 1822 485 1888; x_wconf 84' lang='lat' dir='ltr'><strong>concedere,</strong></span> <span class='ocrx_word' id='word_1_243' title='bbox 515 1822 862 1877; x_wconf 88' lang='lat' dir='ltr'><strong>immensitati</strong></span> <span class='ocrx_word' id='word_1_244' title='bbox 897 1823 1087 1878; x_wconf 71' lang='lat' dir='ltr'><strong>divinae</strong></span> <span class='ocrx_word' id='word_1_245' title='bbox 1107 1839 1168 1879; x_wconf 89' lang='lat' dir='ltr'><strong>ac</strong></span> <span class='ocrx_word' id='word_1_246' title='bbox 1211 1822 1345 1878; x_wconf 86' lang='lat' dir='ltr'><strong>fonti</strong></span> <span class='ocrx_word' id='word_1_247' title='bbox 1392 1826 1558 1880; x_wconf 89' lang='lat' dir='ltr'><strong>totius</strong></span> <span class='ocrx_word' id='word_1_248' title='bbox 1588 1826 1740 1896; x_wconf 90' lang='lat' dir='ltr'><strong>puri-</strong></span> 
     </span>
    </p>
   </div>
   <div class='ocr_carea' id='block_1_34' title="bbox 128 1916 1517 1987">
    <p class='ocr_par' dir='ltr' id='par_1_34' title="bbox 128 1916 1517 1987">
     <span class='ocr_line' id='line_1_34' title="bbox 128 1916 1517 1987; baseline 0.001 -16"><span class='ocrx_word' id='word_1_249' title='bbox 128 1918 277 1972; x_wconf 85' lang='lat' dir='ltr'><strong>tatis</strong></span> <span class='ocrx_word' id='word_1_250' title='bbox 304 1916 562 1987; x_wconf 86' lang='lat' dir='ltr'><strong>injuriam</strong></span> <span class='ocrx_word' id='word_1_251' title='bbox 590 1917 827 1973; x_wconf 83' lang='lat' dir='ltr'><strong>carnalis</strong></span> <span class='ocrx_word' id='word_1_252' title='bbox 848 1917 1119 1987; x_wconf 85' lang='lat' dir='ltr'><strong>passionis</strong></span> <span class='ocrx_word' id='word_1_253' title='bbox 1164 1917 1517 1976; x_wconf 86' lang='lat' dir='ltr'><strong>admisceant.</strong></span> 
     </span>
    </p>
   </div>
   <div class='ocr_carea' id='block_1_35' title="bbox 1848 1821 3434 1898">
    <p class='ocr_par' dir='ltr' id='par_1_35' title="bbox 1848 1821 3434 1898">
     <span class='ocr_line' id='line_1_35' title="bbox 1848 1821 3434 1898; baseline 0.004 -19"><span class='ocrx_word' id='word_1_254' title='bbox 1848 1824 2136 1888; x_wconf 89' lang='lat' dir='ltr'><strong>rationem,</strong></span> <span class='ocrx_word' id='word_1_255' title='bbox 2169 1834 2222 1879; x_wconf 90' lang='lat' dir='ltr'><strong>et</strong></span> <span class='ocrx_word' id='word_1_256' title='bbox 2244 1821 2271 1860; x_wconf 75' lang='grc' dir='ltr'><strong>¹ι</strong></span> <span class='ocrx_word' id='word_1_257' title='bbox 2302 1823 2648 1889; x_wconf 79' lang='lat' dir='ltr'><strong>oblivionem,</strong></span> <span class='ocrx_word' id='word_1_258' title='bbox 2697 1840 2814 1894; x_wconf 74' lang='lat' dir='ltr'><strong>qua:</strong></span> <span class='ocrx_word' id='word_1_259' title='bbox 2857 1824 2924 1881; x_wconf 90' lang='lat' dir='ltr'><strong>de</strong></span> <span class='ocrx_word' id='word_1_260' title='bbox 2954 1825 3073 1896; x_wconf 91' lang='lat' dir='ltr'><strong>ipso</strong></span> <span class='ocrx_word' id='word_1_261' title='bbox 3120 1828 3346 1898; x_wconf 76' lang='lat' dir='ltr'><strong>legimus</strong></span> <span class='ocrx_word' id='word_1_262' title='bbox 3378 1830 3434 1885; x_wconf 93' lang='lat' dir='ltr'><strong>in</strong></span> 
     </span>
    </p>
   </div>
   <div class='ocr_carea' id='block_1_36' title="bbox 1846 1915 3436 1986">
    <p class='ocr_par' dir='ltr' id='par_1_36' title="bbox 1846 1915 3436 1986">
     <span class='ocr_line' id='line_1_36' title="bbox 1846 1915 3436 1986; baseline 0.002 -13"><span class='ocrx_word' id='word_1_263' title='bbox 1846 1917 2139 1986; x_wconf 86' lang='lat' dir='ltr'><strong>Scripturis</strong></span> <span class='ocrx_word' id='word_1_264' title='bbox 2172 1916 2370 1970; x_wconf 89' lang='lat' dir='ltr'><strong>sanctis</strong></span> <span class='ocrx_word' id='word_1_265' title='bbox 2399 1915 2709 1983; x_wconf 89' lang='lat' dir='ltr'><strong>frequenter</strong></span> <span class='ocrx_word' id='word_1_266' title='bbox 2734 1917 2962 1983; x_wconf 87' lang='lat' dir='ltr'><strong>inserta,</strong></span> <span class='ocrx_word' id='word_1_267' title='bbox 2994 1918 3190 1974; x_wconf 91' lang='lat' dir='ltr'><strong>deinde</strong></span> <span class='ocrx_word' id='word_1_268' title='bbox 3220 1917 3235 1957; x_wconf 82' lang='grc' dir='ltr'><strong>ί</strong></span> <span class='ocrx_word' id='word_1_269' title='bbox 3262 1920 3436 1977; x_wconf 91' lang='lat' dir='ltr'><strong>linea-</strong></span> 
     </span>
    </p>
   </div>
   <div class='ocr_carea' id='block_1_37' title="bbox 1846 2008 3434 2086">
    <p class='ocr_par' dir='ltr' id='par_1_37' title="bbox 1846 2008 3434 2086">
     <span class='ocr_line' id='line_1_37' title="bbox 1846 2008 3434 2086; baseline 0.004 -22"><span class='ocrx_word' id='word_1_270' title='bbox 1846 2020 2024 2064; x_wconf 88' lang='lat' dir='ltr'><strong>menta</strong></span> <span class='ocrx_word' id='word_1_271' title='bbox 2059 2008 2445 2074; x_wconf 88' lang='lat' dir='ltr'><strong>membrorum,</strong></span> <span class='ocrx_word' id='word_1_272' title='bbox 2480 2024 2598 2078; x_wconf 73' lang='lat' dir='ltr'><strong>qua:</strong></span> <span class='ocrx_word' id='word_1_273' title='bbox 2632 2018 2900 2079; x_wconf 85' lang='lat' dir='ltr'><strong>tamquam</strong></span> <span class='ocrx_word' id='word_1_274' title='bbox 2932 2008 3000 2065; x_wconf 90' lang='lat' dir='ltr'><strong>de</strong></span> <span class='ocrx_word' id='word_1_275' title='bbox 3046 2009 3266 2069; x_wconf 87' lang='lat' dir='ltr'><strong>homine</strong></span> <span class='ocrx_word' id='word_1_276' title='bbox 3296 2013 3434 2086; x_wconf 85' lang='lat' dir='ltr'><strong>figu-</strong></span> 
     </span>
    </p>
   </div>
   <div class='ocr_carea' id='block_1_38' title="bbox 1220 2145 2357 2204">
    <p class='ocr_par' dir='ltr' id='par_1_38' title="bbox 1220 2145 2357 2204">
     <span class='ocr_line' id='line_1_38' title="bbox 1220 2145 2357 2204; baseline -0.001 -1"><span class='ocrx_word' id='word_1_277' title='bbox 1220 2148 1477 2204; x_wconf 79' lang='lat' dir='ltr'><strong>ALARDI</strong></span> <span class='ocrx_word' id='word_1_278' title='bbox 1514 2146 1752 2204; x_wconf 71' lang='grc' dir='ltr'><strong>ΟΔΖᾹΞΙ</strong></span> <span class='ocrx_word' id='word_1_279' title='bbox 1789 2145 2357 2204; x_wconf 80' lang='lat' dir='ltr'><strong>COMMENTARIUS.</strong></span> 
     </span>
    </p>
   </div>
   <div class='ocr_carea' id='block_1_39' title="bbox 125 2263 1727 2335">
    <p class='ocr_par' dir='ltr' id='par_1_39' title="bbox 125 2263 1727 2335">
     <span class='ocr_line' id='line_1_39' title="bbox 125 2263 1727 2335; baseline -0.001 -12"><span class='ocrx_word' id='word_1_280' title='bbox 125 2265 287 2323; x_wconf 79' lang='lat' dir='ltr'><strong>nulla</strong></span> <span class='ocrx_word' id='word_1_281' title='bbox 350 2272 574 2335; x_wconf 87' lang='lat' dir='ltr'><strong>apparet</strong></span> <span class='ocrx_word' id='word_1_282' title='bbox 606 2263 937 2335; x_wconf 82' lang='lat' dir='ltr'><strong>difﬁcultas.</strong></span> <span class='ocrx_word' id='word_1_283' title='bbox 990 2266 1147 2321; x_wconf 87' lang='lat' dir='ltr'><strong>Putat</strong></span> <span class='ocrx_word' id='word_1_284' title='bbox 1202 2275 1381 2321; x_wconf 89' lang='lat' dir='ltr'><strong>tamen</strong></span> <span class='ocrx_word' id='word_1_285' title='bbox 1438 2267 1727 2323; x_wconf 90' lang='lat' dir='ltr'><strong>Ciaconius</strong></span> 
     </span>
    </p>
   </div>
   <div class='ocr_carea' id='block_1_40' title="bbox 124 2334 1729 2395">
    <p class='ocr_par' dir='ltr' id='par_1_40' title="bbox 124 2334 1729 2395">
     <span class='ocr_line' id='line_1_40' title="bbox 124 2334 1729 2395; baseline 0.001 -2"><span class='ocrx_word' id='word_1_286' title='bbox 124 2334 465 2395; x_wconf 83' lang='lat' dir='ltr'><strong>Cassianum</strong></span> <span class='ocrx_word' id='word_1_287' title='bbox 492 2352 556 2392; x_wconf 88' lang='lat' dir='ltr'><strong>ex</strong></span> <span class='ocrx_word' id='word_1_288' title='bbox 584 2334 795 2392; x_wconf 89' lang='lat' dir='ltr'><strong>duobus</strong></span> <span class='ocrx_word' id='word_1_289' title='bbox 820 2336 1239 2392; x_wconf 89' lang='lat' dir='ltr'><strong>Proverbiorum</strong></span> <span class='ocrx_word' id='word_1_290' title='bbox 1267 2337 1403 2393; x_wconf 90' lang='lat' dir='ltr'><strong>locis</strong></span> <span class='ocrx_word' id='word_1_291' title='bbox 1432 2354 1594 2393; x_wconf 92' lang='lat' dir='ltr'><strong>unum</strong></span> <span class='ocrx_word' id='word_1_292' title='bbox 1624 2339 1729 2394; x_wconf 91' lang='lat' dir='ltr'><strong>hoc</strong></span> 
     </span>
    </p>
   </div>
   <div class='ocr_carea' id='block_1_41' title="bbox 124 2406 1725 2480">
    <p class='ocr_par' dir='ltr' id='par_1_41' title="bbox 124 2406 1725 2480">
     <span class='ocr_line' id='line_1_41' title="bbox 124 2406 1725 2480; baseline -0.001 -15"><span class='ocrx_word' id='word_1_293' title='bbox 124 2409 514 2465; x_wconf 86' lang='lat' dir='ltr'><strong>testimonium</strong></span> <span class='ocrx_word' id='word_1_294' title='bbox 555 2406 843 2475; x_wconf 83' lang='lat' dir='ltr'><strong>conﬂasse,</strong></span> <span class='ocrx_word' id='word_1_295' title='bbox 878 2418 931 2464; x_wconf 93' lang='lat' dir='ltr'><strong>et</strong></span> <span class='ocrx_word' id='word_1_296' title='bbox 963 2410 1197 2476; x_wconf 87' lang='lat' dir='ltr'><strong>priorem</strong></span> <span class='ocrx_word' id='word_1_297' title='bbox 1245 2420 1458 2477; x_wconf 90' lang='lat' dir='ltr'><strong>partem</strong></span> <span class='ocrx_word' id='word_1_298' title='bbox 1499 2426 1564 2465; x_wconf 87' lang='lat' dir='ltr'><strong>ex</strong></span> <span class='ocrx_word' id='word_1_299' title='bbox 1605 2425 1725 2480; x_wconf 91' lang='lat' dir='ltr'><strong>cap.</strong></span> 
     </span>
    </p>
   </div>
   <div class='ocr_carea' id='block_1_42' title="bbox 124 2480 1728 2551">
    <p class='ocr_par' dir='ltr' id='par_1_42' title="bbox 124 2480 1728 2551">
     <span class='ocr_line' id='line_1_42' title="bbox 124 2480 1728 2551; baseline 0.001 -17"><span class='ocrx_word' id='word_1_300' title='bbox 124 2496 228 2544; x_wconf 87' lang='lat' dir='ltr'><strong>xv,</strong></span> <span class='ocrx_word' id='word_1_301' title='bbox 272 2481 628 2548; x_wconf 87' lang='lat' dir='ltr'><strong>posteriorem</strong></span> <span class='ocrx_word' id='word_1_302' title='bbox 659 2495 728 2534; x_wconf 89' lang='lat' dir='ltr'><strong>ex</strong></span> <span class='ocrx_word' id='word_1_303' title='bbox 757 2494 877 2550; x_wconf 89' lang='lat' dir='ltr'><strong>cap.</strong></span> <span class='ocrx_word' id='word_1_304' title='bbox 912 2495 1039 2535; x_wconf 83' lang='lat' dir='ltr'><strong>xx1x</strong></span> <span class='ocrx_word' id='word_1_305' title='bbox 1074 2481 1399 2551; x_wconf 89' lang='lat' dir='ltr'><strong>sumpsisse.</strong></span> <span class='ocrx_word' id='word_1_306' title='bbox 1452 2480 1728 2538; x_wconf 83' lang='lat' dir='ltr'><strong>Videndus</strong></span> 
     </span>
    </p>
   </div>
   <div class='ocr_carea' id='block_1_43' title="bbox 124 2551 732 2624">
    <p class='ocr_par' dir='ltr' id='par_1_43' title="bbox 124 2551 732 2624">
     <span class='ocr_line' id='line_1_43' title="bbox 124 2551 732 2624; baseline -0.002 -17"><span class='ocrx_word' id='word_1_307' title='bbox 124 2552 257 2624; x_wconf 86' lang='lat' dir='ltr'><strong>ipse</strong></span> <span class='ocrx_word' id='word_1_308' title='bbox 287 2551 341 2624; x_wconf 76' lang='lat' dir='ltr'><strong>in</strong></span> <span class='ocrx_word' id='word_1_309' title='bbox 374 2551 487 2604; x_wconf 90' lang='lat' dir='ltr'><strong>suis</strong></span> <span class='ocrx_word' id='word_1_310' title='bbox 517 2551 680 2624; x_wconf 75' lang='lat' dir='ltr'><strong>notis.</strong></span> <span class='ocrx_word' id='word_1_311' title='bbox 722 2565 732 2576; x_wconf 85' lang='lat'>&#39;</span> 
     </span>
    </p>
   </div>
   <div class='ocr_carea' id='block_1_44' title="bbox 202 2621 1731 2693">
    <p class='ocr_par' dir='ltr' id='par_1_44' title="bbox 202 2621 1731 2693">
     <span class='ocr_line' id='line_1_44' title="bbox 202 2621 1731 2693; baseline 0.003 -18"><span class='ocrx_word' id='word_1_312' title='bbox 202 2631 232 2658; x_wconf 76' lang='grc' dir='ltr'><strong><em>ο</em></strong></span> <span class='ocrx_word' id='word_1_313' title='bbox 281 2622 547 2676; x_wconf 86' lang='lat' dir='ltr'><strong>Perversa</strong></span> <span class='ocrx_word' id='word_1_314' title='bbox 580 2634 631 2693; x_wconf 79' lang='lat' dir='ltr'><strong>et</strong></span> <span class='ocrx_word' id='word_1_315' title='bbox 653 2621 985 2689; x_wconf 87' lang='lat' dir='ltr'><strong>detestabilis</strong></span> <span class='ocrx_word' id='word_1_316' title='bbox 1012 2632 1160 2679; x_wconf 87' lang='lat' dir='ltr'><strong>esset</strong></span> <span class='ocrx_word' id='word_1_317' title='bbox 1185 2624 1563 2693; x_wconf 85' lang='lat' dir='ltr'><strong>interpretatio</strong></span> <span class='ocrx_word' id='word_1_318' title='bbox 1585 2623 1731 2679; x_wconf 88' lang='lat' dir='ltr'><strong>Scri-</strong></span> 
     </span>
    </p>
   </div>
   <div class='ocr_carea' id='block_1_45' title="bbox 126 2692 1731 2765">
    <p class='ocr_par' dir='ltr' id='par_1_45' title="bbox 126 2692 1731 2765">
     <span class='ocr_line' id='line_1_45' title="bbox 126 2692 1731 2765; baseline 0.001 -17"><span class='ocrx_word' id='word_1_319' title='bbox 126 2702 579 2765; x_wconf 70' lang='lat' dir='ltr'><strong>pturarumquze</strong></span> <span class='ocrx_word' id='word_1_320' title='bbox 606 2692 720 2765; x_wconf 86' lang='lat' dir='ltr'><strong>Deo</strong></span> <span class='ocrx_word' id='word_1_321' title='bbox 749 2694 903 2759; x_wconf 90' lang='lat' dir='ltr'><strong>iram,</strong></span> <span class='ocrx_word' id='word_1_322' title='bbox 936 2692 1383 2764; x_wconf 82' lang='lat' dir='ltr'><strong>indignationem,</strong></span> <span class='ocrx_word' id='word_1_323' title='bbox 1417 2693 1652 2749; x_wconf 85' lang='lat' dir='ltr'><strong>furorem</strong></span> <span class='ocrx_word' id='word_1_324' title='bbox 1676 2704 1731 2751; x_wconf 91' lang='lat' dir='ltr'><strong>et</strong></span> 
     </span>
    </p>
   </div>
   <div class='ocr_carea' id='block_1_46' title="bbox 128 2764 1731 2835">
    <p class='ocr_par' dir='ltr' id='par_1_46' title="bbox 128 2764 1731 2835">
     <span class='ocr_line' id='line_1_46' title="bbox 128 2764 1731 2835; baseline 0.001 -16"><span class='ocrx_word' id='word_1_325' title='bbox 128 2764 315 2835; x_wconf 62' lang='lat' dir='ltr'><strong>selum</strong></span> <span class='ocrx_word' id='word_1_326' title='bbox 365 2764 629 2831; x_wconf 90' lang='lat' dir='ltr'><strong>tribuunt,</strong></span> <span class='ocrx_word' id='word_1_327' title='bbox 673 2764 719 2819; x_wconf 92' lang='lat' dir='ltr'><strong>si</strong></span> <span class='ocrx_word' id='word_1_328' title='bbox 755 2766 873 2835; x_wconf 89' lang='lat' dir='ltr'><strong>quis</strong></span> <span class='ocrx_word' id='word_1_329' title='bbox 914 2780 979 2819; x_wconf 91' lang='lat' dir='ltr'><strong>eo</strong></span> <span class='ocrx_word' id='word_1_330' title='bbox 1006 2766 1166 2821; x_wconf 88' lang='lat' dir='ltr'><strong>modo</strong></span> <span class='ocrx_word' id='word_1_331' title='bbox 1206 2766 1372 2820; x_wconf 91' lang='lat' dir='ltr'><strong>Deum</strong></span> <span class='ocrx_word' id='word_1_332' title='bbox 1420 2767 1578 2820; x_wconf 86' lang='lat' dir='ltr'><strong>irasci</strong></span> <span class='ocrx_word' id='word_1_333' title='bbox 1625 2782 1731 2833; x_wconf 86' lang='lat' dir='ltr'><strong>quo</strong></span> 
     </span>
    </p>
   </div>
   <div class='ocr_carea' id='block_1_47' title="bbox 127 2834 1731 2906">
    <p class='ocr_par' dir='ltr' id='par_1_47' title="bbox 127 2834 1731 2906">
     <span class='ocr_line' id='line_1_47' title="bbox 127 2834 1731 2906; baseline 0.001 -16"><span class='ocrx_word' id='word_1_334' title='bbox 127 2834 397 2906; x_wconf 76' lang='lat' dir='ltr'><strong>homines</strong></span> <span class='ocrx_word' id='word_1_335' title='bbox 426 2834 850 2904; x_wconf 84' lang='lat' dir='ltr'><strong>intelligeret,et</strong></span> <span class='ocrx_word' id='word_1_336' title='bbox 872 2835 971 2891; x_wconf 91' lang='lat' dir='ltr'><strong>hos</strong></span> <span class='ocrx_word' id='word_1_337' title='bbox 993 2837 1159 2890; x_wconf 87' lang='lat' dir='ltr'><strong>animi</strong></span> <span class='ocrx_word' id='word_1_338' title='bbox 1191 2846 1366 2890; x_wconf 80' lang='lat' dir='ltr'><strong>motus</strong></span> <span class='ocrx_word' id='word_1_339' title='bbox 1393 2852 1529 2906; x_wconf 85' lang='lat' dir='ltr'><strong>quos</strong></span> <span class='ocrx_word' id='word_1_340' title='bbox 1554 2836 1731 2892; x_wconf 73' lang='lat' dir='ltr'><strong>Graeci</strong></span> 
     </span>
    </p>
   </div>
   <div class='ocr_carea' id='block_1_48' title="bbox 126 2904 1733 2974">
    <p class='ocr_par' dir='ltr' id='par_1_48' title="bbox 126 2904 1733 2974">
     <span class='ocr_line' id='line_1_48' title="bbox 126 2904 1733 2974; baseline -0.001 -11"><span class='ocrx_word' id='word_1_341' title='bbox 126 2909 300 2970; x_wconf 76' lang='grc' dir='ltr'><strong>πάθη,</strong></span> <span class='ocrx_word' id='word_1_342' title='bbox 354 2904 533 2960; x_wconf 88' lang='lat' dir='ltr'><strong>Latini</strong></span> <span class='ocrx_word' id='word_1_343' title='bbox 566 2907 1016 2974; x_wconf 87' lang='lat' dir='ltr'><strong>perturbationes,</strong></span> <span class='ocrx_word' id='word_1_344' title='bbox 1046 2908 1131 2960; x_wconf 87' lang='lat' dir='ltr'><strong>alii</strong></span> <span class='ocrx_word' id='word_1_345' title='bbox 1156 2904 1492 2974; x_wconf 67' lang='lat' dir='ltr'><strong>allectiones,</strong></span> <span class='ocrx_word' id='word_1_346' title='bbox 1524 2911 1609 2963; x_wconf 93' lang='lat' dir='ltr'><strong>vel</strong></span> <span class='ocrx_word' id='word_1_347' title='bbox 1642 2908 1733 2962; x_wconf 86' lang='lat' dir='ltr'><strong>af-</strong></span> 
     </span>
    </p>
   </div>
   <div class='ocr_carea' id='block_1_49' title="bbox 129 2975 1727 3046">
    <p class='ocr_par' dir='ltr' id='par_1_49' title="bbox 129 2975 1727 3046">
     <span class='ocr_line' id='line_1_49' title="bbox 129 2975 1727 3046; baseline 0.001 -14"><span class='ocrx_word' id='word_1_348' title='bbox 129 2977 341 3039; x_wconf 84' lang='lat' dir='ltr'><strong>fectus,</strong></span> <span class='ocrx_word' id='word_1_349' title='bbox 376 2976 463 3030; x_wconf 90' lang='lat' dir='ltr'><strong>alii</strong></span> <span class='ocrx_word' id='word_1_350' title='bbox 496 2994 561 3030; x_wconf 90' lang='lat' dir='ltr'><strong>ex</strong></span> <span class='ocrx_word' id='word_1_351' title='bbox 594 2975 783 3032; x_wconf 81' lang='lat' dir='ltr'><strong>Graeco</strong></span> <span class='ocrx_word' id='word_1_352' title='bbox 810 2978 1144 3046; x_wconf 80' lang='lat' dir='ltr'><strong>expressius,</strong></span> <span class='ocrx_word' id='word_1_353' title='bbox 1187 2979 1468 3046; x_wconf 88' lang='lat' dir='ltr'><strong>passiones</strong></span> <span class='ocrx_word' id='word_1_354' title='bbox 1510 2989 1727 3045; x_wconf 88' lang='lat' dir='ltr'><strong>vocant,</strong></span> 
     </span>
    </p>
   </div>
   <div class='ocr_carea' id='block_1_50' title="bbox 126 3048 1731 3119">
    <p class='ocr_par' dir='ltr' id='par_1_50' title="bbox 126 3048 1731 3119">
     <span class='ocr_line' id='line_1_50' title="bbox 126 3048 1731 3119; baseline 0.002 -17"><span class='ocrx_word' id='word_1_355' title='bbox 126 3050 180 3103; x_wconf 88' lang='lat' dir='ltr'><strong>in</strong></span> <span class='ocrx_word' id='word_1_356' title='bbox 206 3050 394 3103; x_wconf 90' lang='lat' dir='ltr'><strong>Deum</strong></span> <span class='ocrx_word' id='word_1_357' title='bbox 420 3048 617 3103; x_wconf 87' lang='lat' dir='ltr'><strong>cadere</strong></span> <span class='ocrx_word' id='word_1_358' title='bbox 647 3049 1002 3114; x_wconf 78' lang='lat' dir='ltr'><strong>existimaret,</strong></span> <span class='ocrx_word' id='word_1_359' title='bbox 1035 3064 1097 3104; x_wconf 89' lang='lat' dir='ltr'><strong>ac</strong></span> <span class='ocrx_word' id='word_1_360' title='bbox 1123 3065 1219 3119; x_wconf 91' lang='lat' dir='ltr'><strong>per</strong></span> <span class='ocrx_word' id='word_1_361' title='bbox 1251 3050 1351 3105; x_wconf 88' lang='lat' dir='ltr'><strong>hoc</strong></span> <span class='ocrx_word' id='word_1_362' title='bbox 1377 3052 1731 3105; x_wconf 89' lang='lat' dir='ltr'><strong>contenderet</strong></span> 
     </span>
    </p>
   </div>
   <div class='ocr_carea' id='block_1_51' title="bbox 128 3119 1732 3189">
    <p class='ocr_par' dir='ltr' id='par_1_51' title="bbox 128 3119 1732 3189">
     <span class='ocr_line' id='line_1_51' title="bbox 128 3119 1732 3189; baseline 0.001 -16"><span class='ocrx_word' id='word_1_363' title='bbox 128 3120 280 3187; x_wconf 81' lang='lat' dir='ltr'><strong>iram</strong></span> <span class='ocrx_word' id='word_1_364' title='bbox 315 3133 426 3189; x_wconf 78' lang='lat' dir='ltr'><strong>non</strong></span> <span class='ocrx_word' id='word_1_365' title='bbox 468 3134 592 3175; x_wconf 84' lang='lat' dir='ltr'><strong>esse</strong></span> <span class='ocrx_word' id='word_1_366' title='bbox 644 3119 893 3174; x_wconf 87' lang='lat' dir='ltr'><strong>vitiosam</strong></span> <span class='ocrx_word' id='word_1_367' title='bbox 924 3129 977 3173; x_wconf 90' lang='lat' dir='ltr'><strong>et</strong></span> <span class='ocrx_word' id='word_1_368' title='bbox 1015 3120 1361 3189; x_wconf 83' lang='lat' dir='ltr'><strong>culpandatn.</strong></span> <span class='ocrx_word' id='word_1_369' title='bbox 1393 3121 1485 3174; x_wconf 89' lang='lat' dir='ltr'><strong>Ira</strong></span> <span class='ocrx_word' id='word_1_370' title='bbox 1516 3124 1652 3175; x_wconf 88' lang='lat' dir='ltr'><strong>enim</strong></span> <span class='ocrx_word' id='word_1_371' title='bbox 1684 3131 1732 3177; x_wconf 87' lang='lat' dir='ltr'><strong>et</strong></span> 
     </span>
    </p>
   </div>
   <div class='ocr_carea' id='block_1_52' title="bbox 127 3187 1725 3265">
    <p class='ocr_par' dir='ltr' id='par_1_52' title="bbox 127 3187 1725 3265">
     <span class='ocr_line' id='line_1_52' title="bbox 127 3187 1725 3265; baseline 0.001 -20"><span class='ocrx_word' id='word_1_372' title='bbox 127 3194 282 3265; x_wconf 71' lang='lat' dir='ltr'><strong>zelus</strong></span> <span class='ocrx_word' id='word_1_373' title='bbox 310 3187 435 3265; x_wconf 72' lang='lat' dir='ltr'><strong>Dei,</strong></span> <span class='ocrx_word' id='word_1_374' title='bbox 467 3191 544 3265; x_wconf 68' lang='lat' dir='ltr'><strong>ait</strong></span> <span class='ocrx_word' id='word_1_375' title='bbox 568 3190 628 3265; x_wconf 83' lang='lat' dir='ltr'><strong>D.</strong></span> <span class='ocrx_word' id='word_1_376' title='bbox 659 3187 1305 3265; x_wconf 38' lang='lat' dir='ltr'><strong>Aug_ustinus(ln&#39;psalm.</strong></span> <span class='ocrx_word' id='word_1_377' title='bbox 1326 3209 1527 3247; x_wconf 78' lang='lat' dir='ltr'><strong>Lxxvni</strong></span> <span class='ocrx_word' id='word_1_378' title='bbox 1556 3204 1603 3246; x_wconf 88' lang='lat' dir='ltr'><strong>et</strong></span> <span class='ocrx_word' id='word_1_379' title='bbox 1624 3193 1725 3265; x_wconf 82' lang='lat' dir='ltr'><strong>lib.</strong></span> 
     </span>
    </p>
   </div>
   <div class='ocr_carea' id='block_1_53' title="bbox 128 3258 1729 3335">
    <p class='ocr_par' dir='ltr' id='par_1_53' title="bbox 128 3258 1729 3335">
     <span class='ocr_line' id='line_1_53' title="bbox 128 3258 1729 3335; baseline -0.001 -18"><span class='ocrx_word' id='word_1_380' title='bbox 128 3279 197 3335; x_wconf 77' lang='lat' dir='ltr'><strong>xv</strong></span> <span class='ocrx_word' id='word_1_381' title='bbox 221 3264 297 3315; x_wconf 85' lang='lat' dir='ltr'><strong>de</strong></span> <span class='ocrx_word' id='word_1_382' title='bbox 320 3258 476 3335; x_wconf 75' lang='lat' dir='ltr'><strong>Civil.</strong></span> <span class='ocrx_word' id='word_1_383' title='bbox 507 3259 603 3314; x_wconf 95' lang='lat' dir='ltr'><strong>Dei</strong></span> <span class='ocrx_word' id='word_1_384' title='bbox 643 3278 690 3335; x_wconf 38' lang='grc' dir='ltr'><strong>εἰ</strong></span> <span class='ocrx_word' id='word_1_385' title='bbox 716 3258 844 3335; x_wconf 70' lang='lat'><strong>25),</strong></span> <span class='ocrx_word' id='word_1_386' title='bbox 877 3278 978 3335; x_wconf 85' lang='lat' dir='ltr'><strong>non</strong></span> <span class='ocrx_word' id='word_1_387' title='bbox 1007 3258 1128 3316; x_wconf 79' lang='lat' dir='ltr'><strong>sunt</strong></span> <span class='ocrx_word' id='word_1_388' title='bbox 1161 3265 1567 3335; x_wconf 83' lang='lat' dir='ltr'><strong>perturbationes</strong></span> <span class='ocrx_word' id='word_1_389' title='bbox 1612 3263 1729 3331; x_wconf 87' lang='lat' dir='ltr'><strong>Dei,</strong></span> 
     </span>
    </p>
   </div>
   <div class='ocr_carea' id='block_1_54' title="bbox 130 3331 1733 3405">
    <p class='ocr_par' dir='ltr' id='par_1_54' title="bbox 130 3331 1733 3405">
     <span class='ocr_line' id='line_1_54' title="bbox 130 3331 1733 3405; baseline 0 -18"><span class='ocrx_word' id='word_1_390' title='bbox 130 3332 269 3391; x_wconf 84' lang='lat' dir='ltr'><strong>sicut</strong></span> <span class='ocrx_word' id='word_1_391' title='bbox 300 3332 521 3405; x_wconf 85' lang='lat' dir='ltr'><strong>quidam</strong></span> <span class='ocrx_word' id='word_1_392' title='bbox 550 3349 616 3386; x_wconf 76' lang='lat' dir='ltr'><strong>ex</strong></span> <span class='ocrx_word' id='word_1_393' title='bbox 650 3331 961 3405; x_wconf 85' lang='lat' dir='ltr'><strong>Scripturis,</strong></span> <span class='ocrx_word' id='word_1_394' title='bbox 997 3350 1121 3401; x_wconf 84' lang='lat' dir='ltr'><strong>quas</strong></span> <span class='ocrx_word' id='word_1_395' title='bbox 1153 3331 1252 3388; x_wconf 84' lang='lat' dir='ltr'><strong>non</strong></span> <span class='ocrx_word' id='word_1_396' title='bbox 1298 3337 1613 3405; x_wconf 86' lang='lat' dir='ltr'><strong>intelligunt,</strong></span> <span class='ocrx_word' id='word_1_397' title='bbox 1645 3352 1733 3387; x_wconf 84' lang='lat' dir='ltr'><strong>ar-</strong></span> 
     </span>
    </p>
   </div>
   <div class='ocr_carea' id='block_1_55' title="bbox 131 3404 1727 3475">
    <p class='ocr_par' dir='ltr' id='par_1_55' title="bbox 131 3404 1727 3475">
     <span class='ocr_line' id='line_1_55' title="bbox 131 3404 1727 3475; baseline 0.002 -19"><span class='ocrx_word' id='word_1_398' title='bbox 131 3412 303 3475; x_wconf 77' lang='lat' dir='ltr'><strong>guunt</strong></span> <span class='ocrx_word' id='word_1_399' title='bbox 326 3420 348 3468; x_wconf 90' lang='lat'><strong>;</strong></span> <span class='ocrx_word' id='word_1_400' title='bbox 377 3404 468 3456; x_wconf 85' lang='lat' dir='ltr'><strong>sed</strong></span> <span class='ocrx_word' id='word_1_401' title='bbox 496 3406 701 3457; x_wconf 80' lang='lat' dir='ltr'><strong>nomine</strong></span> <span class='ocrx_word' id='word_1_402' title='bbox 728 3405 821 3457; x_wconf 76' lang='lat' dir='ltr'><strong>ira:</strong></span> <span class='ocrx_word' id='word_1_403' title='bbox 840 3404 1146 3475; x_wconf 81' lang='lat' dir='ltr'><strong>intelligitur</strong></span> <span class='ocrx_word' id='word_1_404' title='bbox 1173 3405 1397 3459; x_wconf 80' lang='lat' dir='ltr'><strong>vindicta</strong></span> <span class='ocrx_word' id='word_1_405' title='bbox 1422 3404 1727 3473; x_wconf 82' lang='lat' dir='ltr'><strong>iniquitatis,</strong></span> 
     </span>
    </p>
   </div>
   <div class='ocr_carea' id='block_1_56' title="bbox 134 3475 1730 3547">
    <p class='ocr_par' dir='ltr' id='par_1_56' title="bbox 134 3475 1730 3547">
     <span class='ocr_line' id='line_1_56' title="bbox 134 3475 1730 3547; baseline 0.001 -18"><span class='ocrx_word' id='word_1_406' title='bbox 134 3476 352 3529; x_wconf 82' lang='lat' dir='ltr'><strong>nomine</strong></span> <span class='ocrx_word' id='word_1_407' title='bbox 381 3475 479 3527; x_wconf 77' lang='lat' dir='ltr'><strong>zeli</strong></span> <span class='ocrx_word' id='word_1_408' title='bbox 501 3476 699 3528; x_wconf 71' lang='lat' dir='ltr'><strong>exactio</strong></span> <span class='ocrx_word' id='word_1_409' title='bbox 725 3475 1015 3547; x_wconf 68' lang='lat' dir='ltr'><strong>castitatis;</strong></span> <span class='ocrx_word' id='word_1_410' title='bbox 1046 3492 1108 3529; x_wconf 89' lang='lat' dir='ltr'><strong>ne</strong></span> <span class='ocrx_word' id='word_1_411' title='bbox 1133 3478 1309 3529; x_wconf 85' lang='lat' dir='ltr'><strong>anima</strong></span> <span class='ocrx_word' id='word_1_412' title='bbox 1331 3477 1488 3547; x_wconf 86' lang='lat' dir='ltr'><strong>legem</strong></span> <span class='ocrx_word' id='word_1_413' title='bbox 1524 3477 1730 3547; x_wconf 83' lang='lat' dir='ltr'><strong>Domini</strong></span> 
     </span>
    </p>
   </div>
   <div class='ocr_carea' id='block_1_57' title="bbox 133 3545 1802 3641">
    <p class='ocr_par' dir='ltr' id='par_1_57' title="bbox 133 3545 1802 3641">
     <span class='ocr_line' id='line_1_57' title="bbox 133 3545 1802 3641; baseline 0.001 -42"><span class='ocrx_word' id='word_1_414' title='bbox 133 3548 213 3599; x_wconf 83' lang='lat' dir='ltr'><strong>sui</strong></span> <span class='ocrx_word' id='word_1_415' title='bbox 242 3554 698 3641; x_wconf 40' lang='lat' dir='ltr'><strong>contemngt,‘et.a</strong></span> <span class='ocrx_word' id='word_1_416' title='bbox 718 3545 827 3641; x_wconf 70' lang='lat' dir='ltr'><strong>Deo</strong></span> <span class='ocrx_word' id='word_1_417' title='bbox 852 3562 943 3599; x_wconf 87' lang='lat' dir='ltr'><strong>suo</strong></span> <span class='ocrx_word' id='word_1_418' title='bbox 965 3547 1273 3641; x_wconf 45' lang='lat' dir='ltr'><strong>[ognicando</strong></span> <span class='ocrx_word' id='word_1_419' title='bbox 1298 3545 1572 3641; x_wconf 36' lang='lat' dir='ltr'><strong>dii—pereat.</strong></span> <span class='ocrx_word' id='word_1_420' title='bbox 1605 3546 1731 3600; x_wconf 70' lang='lat' dir='ltr'><strong>[huc</strong></span> <span class='ocrx_word' id='word_1_421' title='bbox 1759 3582 1802 3641; x_wconf 51' lang='grc' dir='ltr'><strong>(Ἰ</strong></span> 
     </span>
    </p>
   </div>
   <div class='ocr_carea' id='block_1_58' title="bbox 134 3616 1724 3688">
    <p class='ocr_par' dir='ltr' id='par_1_58' title="bbox 134 3616 1724 3688">
     <span class='ocr_line' id='line_1_58' title="bbox 134 3616 1724 3688; baseline 0 -19"><span class='ocrx_word' id='word_1_422' title='bbox 134 3633 259 3687; x_wconf 84' lang='lat' dir='ltr'><strong>ergo</strong></span> <span class='ocrx_word' id='word_1_423' title='bbox 287 3618 405 3687; x_wconf 85' lang='lat' dir='ltr'><strong>ipso</strong></span> <span class='ocrx_word' id='word_1_424' title='bbox 425 3616 615 3684; x_wconf 72' lang='lat' dir='ltr'><strong>a/fectu</strong></span> <span class='ocrx_word' id='word_1_425' title='bbox 636 3617 690 3669; x_wconf 90' lang='lat' dir='ltr'><strong>in</strong></span> <span class='ocrx_word' id='word_1_426' title='bbox 722 3617 945 3670; x_wconf 78' lang='lat' dir='ltr'><strong>humana</strong></span> <span class='ocrx_word' id='word_1_427' title='bbox 976 3618 1247 3688; x_wconf 74' lang='lat' dir='ltr'><strong>aﬁlictione</strong></span> <span class='ocrx_word' id='word_1_428' title='bbox 1269 3619 1561 3671; x_wconf 79' lang='lat' dir='ltr'><strong>turbulenta</strong></span> <span class='ocrx_word' id='word_1_429' title='bbox 1589 3628 1724 3685; x_wconf 89' lang='lat' dir='ltr'><strong>sunt,</strong></span> 
     </span>
    </p>
   </div>
   <div class='ocr_carea' id='block_1_59' title="bbox 135 3688 1730 3755">
    <p class='ocr_par' dir='ltr' id='par_1_59' title="bbox 135 3688 1730 3755">
     <span class='ocr_line' id='line_1_59' title="bbox 135 3688 1730 3755; baseline 0.001 -15"><span class='ocrx_word' id='word_1_430' title='bbox 135 3688 188 3741; x_wconf 91' lang='lat' dir='ltr'><strong>in</strong></span> <span class='ocrx_word' id='word_1_431' title='bbox 215 3688 324 3741; x_wconf 83' lang='lat' dir='ltr'><strong>Dei</strong></span> <span class='ocrx_word' id='word_1_432' title='bbox 354 3698 528 3742; x_wconf 88' lang='lat' dir='ltr'><strong>autem</strong></span> <span class='ocrx_word' id='word_1_433' title='bbox 555 3688 891 3755; x_wconf 77' lang='lat' dir='ltr'><strong>dispositione</strong></span> <span class='ocrx_word' id='word_1_434' title='bbox 920 3690 1210 3755; x_wconf 86' lang='lat' dir='ltr'><strong>tranquilla</strong></span> <span class='ocrx_word' id='word_1_435' title='bbox 1234 3698 1394 3753; x_wconf 88' lang='lat' dir='ltr'><strong>sunt;</strong></span> <span class='ocrx_word' id='word_1_436' title='bbox 1425 3691 1507 3741; x_wconf 89' lang='lat' dir='ltr'><strong>cui</strong></span> <span class='ocrx_word' id='word_1_437' title='bbox 1538 3690 1730 3743; x_wconf 87' lang='lat' dir='ltr'><strong>dictum</strong></span> 
     </span>
    </p>
   </div>
   <div class='ocr_carea' id='block_1_60' title="bbox 136 3755 1732 3827">
    <p class='ocr_par' dir='ltr' id='par_1_60' title="bbox 136 3755 1732 3827">
     <span class='ocr_line' id='line_1_60' title="bbox 136 3755 1732 3827; baseline 0.001 -16"><span class='ocrx_word' id='word_1_438' title='bbox 136 3770 205 3812; x_wconf 86' lang='lat' dir='ltr'><strong>est</strong></span> <span class='ocrx_word' id='word_1_439' title='bbox 223 3776 241 3812; x_wconf 88' lang='lat'><strong><em>:</em></strong></span> <span class='ocrx_word' id='word_1_440' title='bbox 257 3755 347 3813; x_wconf 81' lang='lat' dir='ltr'><strong>Tu</strong></span> <span class='ocrx_word' id='word_1_441' title='bbox 378 3768 572 3824; x_wconf 87' lang='lat' dir='ltr'><strong>autem,</strong></span> <span class='ocrx_word' id='word_1_442' title='bbox 585 3755 806 3812; x_wconf 87' lang='lat' dir='ltr'><strong>Domine</strong></span> <span class='ocrx_word' id='word_1_443' title='bbox 819 3759 1088 3827; x_wconf 89' lang='lat' dir='ltr'><strong>virtutum,</strong></span> <span class='ocrx_word' id='word_1_444' title='bbox 1114 3775 1229 3811; x_wconf 86' lang='lat' dir='ltr'><strong>cum</strong></span> <span class='ocrx_word' id='word_1_445' title='bbox 1254 3759 1627 3826; x_wconf 81' lang='lat' dir='ltr'><strong>tranquillitate</strong></span> <span class='ocrx_word' id='word_1_446' title='bbox 1650 3763 1732 3826; x_wconf 79' lang='lat' dir='ltr'><strong>iu-</strong></span> 
     </span>
    </p>
   </div>
   <div class='ocr_carea' id='block_1_61' title="bbox 138 3827 1732 3899">
    <p class='ocr_par' dir='ltr' id='par_1_61' title="bbox 138 3827 1732 3899">
     <span class='ocr_line' id='line_1_61' title="bbox 138 3827 1732 3899; baseline 0.001 -18"><span class='ocrx_word' id='word_1_447' title='bbox 138 3830 309 3899; x_wconf 77' lang='lat' dir='ltr'><strong>dicas.</strong></span> <span class='ocrx_word' id='word_1_448' title='bbox 349 3827 480 3885; x_wconf 64' lang='lat' dir='ltr'><strong>Haec</strong></span> <span class='ocrx_word' id='word_1_449' title='bbox 520 3829 875 3899; x_wconf 77' lang='lat' dir='ltr'><strong>Augustinus.</strong></span> <span class='ocrx_word' id='word_1_450' title='bbox 918 3831 1092 3898; x_wconf 84' lang='lat' dir='ltr'><strong>Atque</strong></span> <span class='ocrx_word' id='word_1_451' title='bbox 1140 3830 1237 3882; x_wconf 89' lang='lat' dir='ltr'><strong>hac</strong></span> <span class='ocrx_word' id='word_1_452' title='bbox 1281 3832 1493 3883; x_wconf 84' lang='lat' dir='ltr'><strong>ratione</strong></span> <span class='ocrx_word' id='word_1_453' title='bbox 1540 3832 1732 3883; x_wconf 80' lang='lat' dir='ltr'><strong>refutat</strong></span> 
     </span>
    </p>
   </div>
   <div class='ocr_carea' id='block_1_62' title="bbox 138 3898 1731 3971">
    <p class='ocr_par' dir='ltr' id='par_1_62' title="bbox 138 3898 1731 3971">
     <span class='ocr_line' id='line_1_62' title="bbox 138 3898 1731 3971; baseline 0.001 -17"><span class='ocrx_word' id='word_1_454' title='bbox 138 3898 443 3954; x_wconf 83' lang='lat' dir='ltr'><strong>Cassianus</strong></span> <span class='ocrx_word' id='word_1_455' title='bbox 491 3898 867 3971; x_wconf 79' lang='lat' dir='ltr'><strong>argumentum</strong></span> <span class='ocrx_word' id='word_1_456' title='bbox 907 3901 1039 3954; x_wconf 89' lang='lat' dir='ltr'><strong>illud</strong></span> <span class='ocrx_word' id='word_1_457' title='bbox 1088 3899 1234 3969; x_wconf 90' lang='lat' dir='ltr'><strong>quod</strong></span> <span class='ocrx_word' id='word_1_458' title='bbox 1277 3899 1330 3953; x_wconf 90' lang='lat' dir='ltr'><strong>in</strong></span> <span class='ocrx_word' id='word_1_459' title='bbox 1360 3900 1731 3955; x_wconf 79' lang='lat' dir='ltr'><strong>defensionem</strong></span> 
     </span>
    </p>
   </div>
   <div class='ocr_carea' id='block_1_63' title="bbox 137 3970 1728 4041">
    <p class='ocr_par' dir='ltr' id='par_1_63' title="bbox 137 3970 1728 4041">
     <span class='ocr_line' id='line_1_63' title="bbox 137 3970 1728 4041; baseline 0 -16"><span class='ocrx_word' id='word_1_460' title='bbox 137 3973 221 4027; x_wconf 82' lang='lat' dir='ltr'><strong>vel</strong></span> <span class='ocrx_word' id='word_1_461' title='bbox 252 3972 665 4027; x_wconf 83' lang='lat' dir='ltr'><strong>excusationem</strong></span> <span class='ocrx_word' id='word_1_462' title='bbox 697 3970 791 4027; x_wconf 73' lang='lat' dir='ltr'><strong>ira:</strong></span> <span class='ocrx_word' id='word_1_463' title='bbox 820 3970 985 4041; x_wconf 88' lang='lat' dir='ltr'><strong>objici</strong></span> <span class='ocrx_word' id='word_1_464' title='bbox 1029 3981 1233 4040; x_wconf 84' lang='lat' dir='ltr'><strong>posset,</strong></span> <span class='ocrx_word' id='word_1_465' title='bbox 1263 3979 1318 4025; x_wconf 90' lang='lat' dir='ltr'><strong>et</strong></span> <span class='ocrx_word' id='word_1_466' title='bbox 1346 3986 1375 4024; x_wconf 90' lang='lat' dir='ltr'><strong>a</strong></span> <span class='ocrx_word' id='word_1_467' title='bbox 1411 3972 1728 4040; x_wconf 86' lang='lat' dir='ltr'><strong>quibusdam</strong></span> 
     </span>
    </p>
   </div>
   <div class='ocr_carea' id='block_1_64' title="bbox 138 4041 1732 4112">
    <p class='ocr_par' dir='ltr' id='par_1_64' title="bbox 138 4041 1732 4112">
     <span class='ocr_line' id='line_1_64' title="bbox 138 4041 1732 4112; baseline -0.001 -16"><span class='ocrx_word' id='word_1_468' title='bbox 138 4044 274 4097; x_wconf 85' lang='lat' dir='ltr'><strong>dicit</strong></span> <span class='ocrx_word' id='word_1_469' title='bbox 307 4043 585 4111; x_wconf 84' lang='lat' dir='ltr'><strong>objectum</strong></span> <span class='ocrx_word' id='word_1_470' title='bbox 619 4061 633 4097; x_wconf 90' lang='lat'><strong>:</strong></span> <span class='ocrx_word' id='word_1_471' title='bbox 662 4042 807 4097; x_wconf 90' lang='lat' dir='ltr'><strong>Deus</strong></span> <span class='ocrx_word' id='word_1_472' title='bbox 836 4042 890 4096; x_wconf 91' lang='lat' dir='ltr'><strong>in</strong></span> <span class='ocrx_word' id='word_1_473' title='bbox 920 4041 1215 4109; x_wconf 90' lang='lat' dir='ltr'><strong>Scripturis</strong></span> <span class='ocrx_word' id='word_1_474' title='bbox 1258 4045 1569 4112; x_wconf 84' lang='lat' dir='ltr'><strong>frequenter</strong></span> <span class='ocrx_word' id='word_1_475' title='bbox 1599 4042 1732 4096; x_wconf 85' lang='lat' dir='ltr'><strong>dici-</strong></span> 
     </span>
    </p>
   </div>
   <div class='ocr_carea' id='block_1_65' title="bbox 140 4113 1730 4183">
    <p class='ocr_par' dir='ltr' id='par_1_65' title="bbox 140 4113 1730 4183">
     <span class='ocr_line' id='line_1_65' title="bbox 140 4113 1730 4183; baseline 0.001 -17"><span class='ocrx_word' id='word_1_476' title='bbox 140 4123 229 4170; x_wconf 85' lang='lat' dir='ltr'><strong>tur</strong></span> <span class='ocrx_word' id='word_1_477' title='bbox 255 4114 452 4178; x_wconf 84' lang='lat' dir='ltr'><strong>irasci,</strong></span> <span class='ocrx_word' id='word_1_478' title='bbox 486 4128 617 4183; x_wconf 88' lang='lat' dir='ltr'><strong>ergo</strong></span> <span class='ocrx_word' id='word_1_479' title='bbox 646 4113 773 4168; x_wconf 89' lang='lat' dir='ltr'><strong>licet</strong></span> <span class='ocrx_word' id='word_1_480' title='bbox 796 4113 954 4167; x_wconf 90' lang='lat' dir='ltr'><strong>irasci</strong></span> <span class='ocrx_word' id='word_1_481' title='bbox 978 4113 1165 4167; x_wconf 86' lang='lat' dir='ltr'><strong>saltem</strong></span> <span class='ocrx_word' id='word_1_482' title='bbox 1195 4113 1560 4181; x_wconf 83' lang='lat' dir='ltr'><strong>peccantibus.</strong></span> <span class='ocrx_word' id='word_1_483' title='bbox 1593 4113 1730 4169; x_wconf 86' lang='lat' dir='ltr'><strong>Nam</strong></span> 
     </span>
    </p>
   </div>
   <div class='ocr_carea' id='block_1_66' title="bbox 138 4183 1725 4253">
    <p class='ocr_par' dir='ltr' id='par_1_66' title="bbox 138 4183 1725 4253">
     <span class='ocr_line' id='line_1_66' title="bbox 138 4183 1725 4253; baseline 0.001 -15"><span class='ocrx_word' id='word_1_484' title='bbox 138 4185 490 4239; x_wconf 80' lang='lat' dir='ltr'><strong>manifestam</strong></span> <span class='ocrx_word' id='word_1_485' title='bbox 522 4186 610 4239; x_wconf 87' lang='lat' dir='ltr'><strong>hic</strong></span> <span class='ocrx_word' id='word_1_486' title='bbox 640 4184 1025 4253; x_wconf 77' lang='lat' dir='ltr'><strong>amphiboliam</strong></span> <span class='ocrx_word' id='word_1_487' title='bbox 1060 4183 1212 4238; x_wconf 90' lang='lat' dir='ltr'><strong>inira</strong></span> <span class='ocrx_word' id='word_1_488' title='bbox 1245 4200 1406 4239; x_wconf 88' lang='lat' dir='ltr'><strong>nemo</strong></span> <span class='ocrx_word' id='word_1_489' title='bbox 1431 4201 1533 4238; x_wconf 88' lang='lat' dir='ltr'><strong>non</strong></span> <span class='ocrx_word' id='word_1_490' title='bbox 1561 4186 1725 4250; x_wconf 84' lang='lat' dir='ltr'><strong>videt,</strong></span> 
     </span>
    </p>
   </div>
   <div class='ocr_carea' id='block_1_67' title="bbox 140 4255 1728 4324">
    <p class='ocr_par' dir='ltr' id='par_1_67' title="bbox 140 4255 1728 4324">
     <span class='ocr_line' id='line_1_67' title="bbox 140 4255 1728 4324; baseline 0.001 -15"><span class='ocrx_word' id='word_1_491' title='bbox 140 4269 262 4310; x_wconf 89' lang='lat' dir='ltr'><strong>cum</strong></span> <span class='ocrx_word' id='word_1_492' title='bbox 302 4258 380 4308; x_wconf 87' lang='lat' dir='ltr'><strong>ira</strong></span> <span class='ocrx_word' id='word_1_493' title='bbox 429 4255 525 4310; x_wconf 90' lang='lat' dir='ltr'><strong>Dei</strong></span> <span class='ocrx_word' id='word_1_494' title='bbox 557 4256 626 4309; x_wconf 87' lang='lat' dir='ltr'><strong>sit</strong></span> <span class='ocrx_word' id='word_1_495' title='bbox 660 4256 887 4309; x_wconf 88' lang='lat' dir='ltr'><strong>alterius</strong></span> <span class='ocrx_word' id='word_1_496' title='bbox 933 4256 1157 4310; x_wconf 86' lang='lat' dir='ltr'><strong>rationis</strong></span> <span class='ocrx_word' id='word_1_497' title='bbox 1197 4270 1259 4309; x_wconf 92' lang='lat' dir='ltr'><strong>ac</strong></span> <span class='ocrx_word' id='word_1_498' title='bbox 1301 4257 1516 4324; x_wconf 79' lang='lat' dir='ltr'><strong>generis</strong></span> <span class='ocrx_word' id='word_1_499' title='bbox 1547 4272 1608 4311; x_wconf 84' lang='lat' dir='ltr'><strong>ac</strong></span> <span class='ocrx_word' id='word_1_500' title='bbox 1648 4259 1728 4311; x_wconf 89' lang='lat' dir='ltr'><strong>ira</strong></span> 
     </span>
    </p>
   </div>
   <div class='ocr_carea' id='block_1_68' title="bbox 141 4324 1727 4397">
    <p class='ocr_par' dir='ltr' id='par_1_68' title="bbox 141 4324 1727 4397">
     <span class='ocr_line' id='line_1_68' title="bbox 141 4324 1727 4397; baseline 0.001 -18"><span class='ocrx_word' id='word_1_501' title='bbox 141 4327 452 4381; x_wconf 90' lang='lat' dir='ltr'><strong>hominum.</strong></span> <span class='ocrx_word' id='word_1_502' title='bbox 479 4324 674 4381; x_wconf 83' lang='lat' dir='ltr'><strong>Verum</strong></span> <span class='ocrx_word' id='word_1_503' title='bbox 693 4326 949 4395; x_wconf 81' lang='lat' dir='ltr'><strong>quidquid</strong></span> <span class='ocrx_word' id='word_1_504' title='bbox 967 4327 1037 4379; x_wconf 89' lang='lat' dir='ltr'><strong>sit</strong></span> <span class='ocrx_word' id='word_1_505' title='bbox 1057 4326 1124 4381; x_wconf 91' lang='lat' dir='ltr'><strong>de</strong></span> <span class='ocrx_word' id='word_1_506' title='bbox 1148 4327 1195 4379; x_wconf 90' lang='lat' dir='ltr'><strong>vi</strong></span> <span class='ocrx_word' id='word_1_507' title='bbox 1223 4328 1373 4379; x_wconf 89' lang='lat' dir='ltr'><strong>istius</strong></span> <span class='ocrx_word' id='word_1_508' title='bbox 1403 4328 1727 4397; x_wconf 83' lang='lat' dir='ltr'><strong>argumenti,</strong></span> 
     </span>
    </p>
   </div>
   <div class='ocr_carea' id='block_1_69' title="bbox 140 4398 1728 4452">
    <p class='ocr_par' dir='ltr' id='par_1_69' title="bbox 140 4398 1728 4452">
     <span class='ocr_line' id='line_1_69' title="bbox 140 4398 1728 4452; baseline 0 -1"><span class='ocrx_word' id='word_1_509' title='bbox 140 4409 355 4452; x_wconf 90' lang='lat' dir='ltr'><strong>certum</strong></span> <span class='ocrx_word' id='word_1_510' title='bbox 389 4408 471 4451; x_wconf 89' lang='lat' dir='ltr'><strong>est</strong></span> <span class='ocrx_word' id='word_1_511' title='bbox 500 4414 607 4450; x_wconf 88' lang='lat' dir='ltr'><strong>non</strong></span> <span class='ocrx_word' id='word_1_512' title='bbox 631 4412 845 4452; x_wconf 85' lang='lat' dir='ltr'><strong>onmem</strong></span> <span class='ocrx_word' id='word_1_513' title='bbox 890 4399 1022 4450; x_wconf 88' lang='lat' dir='ltr'><strong>iram</strong></span> <span class='ocrx_word' id='word_1_514' title='bbox 1052 4413 1171 4451; x_wconf 82' lang='lat' dir='ltr'><strong>esse</strong></span> <span class='ocrx_word' id='word_1_515' title='bbox 1208 4398 1455 4452; x_wconf 85' lang='lat' dir='ltr'><strong>vitiosam</strong></span> <span class='ocrx_word' id='word_1_516' title='bbox 1483 4408 1536 4452; x_wconf 91' lang='lat' dir='ltr'><strong>et</strong></span> <span class='ocrx_word' id='word_1_517' title='bbox 1566 4398 1728 4452; x_wconf 87' lang='lat' dir='ltr'><strong>illici-</strong></span> 
     </span>
    </p>
   </div>
   <div class='ocr_carea' id='block_1_70' title="bbox 143 4468 1732 4533">
    <p class='ocr_par' dir='ltr' id='par_1_70' title="bbox 143 4468 1732 4533">
     <span class='ocr_line' id='line_1_70' title="bbox 143 4468 1732 4533; baseline 0 -11"><span class='ocrx_word' id='word_1_518' title='bbox 143 4475 273 4532; x_wconf 85' lang='lat' dir='ltr'><strong>Iam,</strong></span> <span class='ocrx_word' id='word_1_519' title='bbox 310 4482 449 4531; x_wconf 74' lang='lat' dir='ltr'><strong>cum</strong></span> <span class='ocrx_word' id='word_1_520' title='bbox 499 4483 606 4522; x_wconf 89' lang='lat' dir='ltr'><strong>non</strong></span> <span class='ocrx_word' id='word_1_521' title='bbox 638 4468 811 4523; x_wconf 88' lang='lat' dir='ltr'><strong>solum</strong></span> <span class='ocrx_word' id='word_1_522' title='bbox 844 4468 933 4521; x_wconf 88' lang='lat' dir='ltr'><strong>alii</strong></span> <span class='ocrx_word' id='word_1_523' title='bbox 968 4469 1068 4520; x_wconf 91' lang='lat' dir='ltr'><strong>viri</strong></span> <span class='ocrx_word' id='word_1_524' title='bbox 1097 4469 1291 4533; x_wconf 88' lang='lat' dir='ltr'><strong>sancti,</strong></span> <span class='ocrx_word' id='word_1_525' title='bbox 1341 4485 1526 4523; x_wconf 77' lang='lat' dir='ltr'><strong>verum</strong></span> <span class='ocrx_word' id='word_1_526' title='bbox 1567 4470 1732 4522; x_wconf 88' lang='lat' dir='ltr'><strong>etiam</strong></span> 
     </span>
    </p>
   </div>
   <div class='ocr_carea' id='block_1_71' title="bbox 141 4536 1734 4604">
    <p class='ocr_par' dir='ltr' id='par_1_71' title="bbox 141 4536 1734 4604">
     <span class='ocr_line' id='line_1_71' title="bbox 141 4536 1734 4604; baseline 0.001 -13"><span class='ocrx_word' id='word_1_527' title='bbox 141 4536 210 4591; x_wconf 94' lang='lat' dir='ltr'><strong>D.</strong></span> <span class='ocrx_word' id='word_1_528' title='bbox 247 4538 452 4593; x_wconf 87' lang='lat' dir='ltr'><strong>Paulus</strong></span> <span class='ocrx_word' id='word_1_529' title='bbox 482 4542 605 4593; x_wconf 81' lang='lat' dir='ltr'><strong>Act.</strong></span> <span class='ocrx_word' id='word_1_530' title='bbox 628 4554 778 4599; x_wconf 81' lang='lat' dir='ltr'><strong>xxni,</strong></span> <span class='ocrx_word' id='word_1_531' title='bbox 813 4548 867 4592; x_wconf 91' lang='lat' dir='ltr'><strong>et</strong></span> <span class='ocrx_word' id='word_1_532' title='bbox 900 4538 961 4592; x_wconf 92' lang='lat' dir='ltr'><strong>D.</strong></span> <span class='ocrx_word' id='word_1_533' title='bbox 985 4537 1176 4593; x_wconf 90' lang='lat' dir='ltr'><strong>Petrus</strong></span> <span class='ocrx_word' id='word_1_534' title='bbox 1203 4541 1323 4593; x_wconf 87' lang='lat' dir='ltr'><strong>Act.</strong></span> <span class='ocrx_word' id='word_1_535' title='bbox 1355 4555 1466 4604; x_wconf 84' lang='lat' dir='ltr'><strong>vin,</strong></span> <span class='ocrx_word' id='word_1_536' title='bbox 1495 4548 1549 4593; x_wconf 91' lang='lat' dir='ltr'><strong>et</strong></span> <span class='ocrx_word' id='word_1_537' title='bbox 1578 4539 1734 4593; x_wconf 89' lang='lat' dir='ltr'><strong>Chri-</strong></span> 
     </span>
    </p>
   </div>
   <div class='ocr_carea' id='block_1_72' title="bbox 142 4608 1735 4677">
    <p class='ocr_par' dir='ltr' id='par_1_72' title="bbox 142 4608 1735 4677">
     <span class='ocr_line' id='line_1_72' title="bbox 142 4608 1735 4677; baseline 0.003 -16"><span class='ocrx_word' id='word_1_538' title='bbox 142 4619 260 4663; x_wconf 79' lang='lat' dir='ltr'><strong>Stus</strong></span> <span class='ocrx_word' id='word_1_539' title='bbox 291 4608 405 4677; x_wconf 88' lang='lat' dir='ltr'><strong>ipse</strong></span> <span class='ocrx_word' id='word_1_540' title='bbox 426 4609 611 4664; x_wconf 78' lang='lat' dir='ltr'><strong>Matth.</strong></span> <span class='ocrx_word' id='word_1_541' title='bbox 635 4626 747 4663; x_wconf 89' lang='lat' dir='ltr'><strong>xxII</strong></span> <span class='ocrx_word' id='word_1_542' title='bbox 777 4619 831 4664; x_wconf 86' lang='lat' dir='ltr'><strong>et</strong></span> <span class='ocrx_word' id='word_1_543' title='bbox 857 4625 1007 4672; x_wconf 82' lang='lat' dir='ltr'><strong>xxiii,</strong></span> <span class='ocrx_word' id='word_1_544' title='bbox 1032 4621 1085 4664; x_wconf 89' lang='lat' dir='ltr'><strong>et</strong></span> <span class='ocrx_word' id='word_1_545' title='bbox 1114 4609 1275 4664; x_wconf 80' lang='lat' dir='ltr'><strong>Marci</strong></span> <span class='ocrx_word' id='word_1_546' title='bbox 1307 4626 1386 4674; x_wconf 89' lang='lat' dir='ltr'><strong>III,</strong></span> <span class='ocrx_word' id='word_1_547' title='bbox 1416 4611 1531 4664; x_wconf 86' lang='lat' dir='ltr'><strong>irati</strong></span> <span class='ocrx_word' id='word_1_548' title='bbox 1567 4611 1735 4665; x_wconf 79' lang='lat' dir='ltr'><strong>fuisse</strong></span> 
     </span>
    </p>
   </div>
   <div class='ocr_carea' id='block_1_73' title="bbox 144 4678 1729 4747">
    <p class='ocr_par' dir='ltr' id='par_1_73' title="bbox 144 4678 1729 4747">
     <span class='ocr_line' id='line_1_73' title="bbox 144 4678 1729 4747; baseline 0.001 -15"><span class='ocrx_word' id='word_1_549' title='bbox 144 4679 562 4747; x_wconf 83' lang='lat' dir='ltr'><strong>perhibeantur.</strong></span> <span class='ocrx_word' id='word_1_550' title='bbox 602 4678 732 4735; x_wconf 81' lang='lat' dir='ltr'><strong>Vide</strong></span> <span class='ocrx_word' id='word_1_551' title='bbox 760 4679 1095 4735; x_wconf 87' lang='lat' dir='ltr'><strong>Lactantium</strong></span> <span class='ocrx_word' id='word_1_552' title='bbox 1128 4681 1179 4733; x_wconf 91' lang='lat' dir='ltr'><strong>in</strong></span> <span class='ocrx_word' id='word_1_553' title='bbox 1215 4682 1350 4734; x_wconf 88' lang='lat' dir='ltr'><strong>libro</strong></span> <span class='ocrx_word' id='word_1_554' title='bbox 1383 4681 1450 4735; x_wconf 91' lang='lat' dir='ltr'><strong>de</strong></span> <span class='ocrx_word' id='word_1_555' title='bbox 1485 4682 1565 4734; x_wconf 90' lang='lat' dir='ltr'><strong>lra</strong></span> <span class='ocrx_word' id='word_1_556' title='bbox 1595 4681 1729 4745; x_wconf 88' lang='lat' dir='ltr'><strong>Dei,</strong></span> 
     </span>
    </p>
   </div>
   <div class='ocr_carea' id='block_1_74' title="bbox 146 4750 1728 4820">
    <p class='ocr_par' dir='ltr' id='par_1_74' title="bbox 146 4750 1728 4820">
     <span class='ocr_line' id='line_1_74' title="bbox 146 4750 1728 4820; baseline 0 -16"><span class='ocrx_word' id='word_1_557' title='bbox 146 4752 235 4804; x_wconf 91' lang='lat' dir='ltr'><strong>ubi</strong></span> <span class='ocrx_word' id='word_1_558' title='bbox 278 4753 635 4820; x_wconf 63' lang='lat' dir='ltr'><strong>quaestionem</strong></span> <span class='ocrx_word' id='word_1_559' title='bbox 678 4752 825 4805; x_wconf 90' lang='lat' dir='ltr'><strong>illam</strong></span> <span class='ocrx_word' id='word_1_560' title='bbox 873 4751 1123 4820; x_wconf 83' lang='lat' dir='ltr'><strong>proponit</strong></span> <span class='ocrx_word' id='word_1_561' title='bbox 1155 4770 1167 4802; x_wconf 90' lang='lat'>:</span> <span class='ocrx_word' id='word_1_562' title='bbox 1198 4750 1257 4807; x_wconf 89' lang='lat' dir='ltr'><strong>Si</strong></span> <span class='ocrx_word' id='word_1_563' title='bbox 1287 4750 1426 4805; x_wconf 88' lang='lat' dir='ltr'><strong>Deus</strong></span> <span class='ocrx_word' id='word_1_564' title='bbox 1466 4752 1728 4819; x_wconf 80' lang='lat' dir='ltr'><strong>irascitur,</strong></span> 
     </span>
    </p>
   </div>
   <div class='ocr_carea' id='block_1_75' title="bbox 147 4821 1730 4893">
    <p class='ocr_par' dir='ltr' id='par_1_75' title="bbox 147 4821 1730 4893">
     <span class='ocr_line' id='line_1_75' title="bbox 147 4821 1730 4893; baseline 0.002 -19"><span class='ocrx_word' id='word_1_565' title='bbox 147 4836 237 4893; x_wconf 63' lang='lat' dir='ltr'><strong>cur</strong></span> <span class='ocrx_word' id='word_1_566' title='bbox 264 4823 528 4879; x_wconf 78' lang='lat' dir='ltr'><strong>hominem</strong></span> <span class='ocrx_word' id='word_1_567' title='bbox 548 4823 714 4885; x_wconf 65' lang='lat' dir='ltr'><strong>irasci</strong></span> <span class='ocrx_word' id='word_1_568' title='bbox 743 4822 1046 4890; x_wconf 75' lang='lat' dir='ltr'><strong>prohibuit?</strong></span> <span class='ocrx_word' id='word_1_569' title='bbox 1074 4833 1127 4875; x_wconf 84' lang='lat' dir='ltr'><strong>et</strong></span> <span class='ocrx_word' id='word_1_570' title='bbox 1150 4822 1217 4876; x_wconf 79' lang='lat' dir='ltr'><strong>ita</strong></span> <span class='ocrx_word' id='word_1_571' title='bbox 1250 4823 1541 4891; x_wconf 70' lang='lat' dir='ltr'><strong>respondet</strong></span> <span class='ocrx_word' id='word_1_572' title='bbox 1566 4821 1730 4893; x_wconf 86' lang='lat' dir='ltr'><strong>(Cap.</strong></span> 
     </span>
    </p>
   </div>
   <div class='ocr_carea' id='block_1_76' title="bbox 145 4890 1731 4963">
    <p class='ocr_par' dir='ltr' id='par_1_76' title="bbox 145 4890 1731 4963">
     <span class='ocr_line' id='line_1_76' title="bbox 145 4890 1731 4963; baseline 0.003 -19"><span class='ocrx_word' id='word_1_573' title='bbox 145 4890 215 4946; x_wconf 79' lang='grc'><strong>25</strong></span> <span class='ocrx_word' id='word_1_574' title='bbox 236 4894 275 4962; x_wconf 87' lang='lat'><strong>),</strong></span> <span class='ocrx_word' id='word_1_575' title='bbox 305 4902 361 4947; x_wconf 90' lang='lat' dir='ltr'><strong>ut</strong></span> <span class='ocrx_word' id='word_1_576' title='bbox 378 4894 582 4957; x_wconf 85' lang='lat' dir='ltr'><strong>sentire</strong></span> <span class='ocrx_word' id='word_1_577' title='bbox 596 4894 849 4957; x_wconf 85' lang='lat' dir='ltr'><strong>videatur</strong></span> <span class='ocrx_word' id='word_1_578' title='bbox 880 4894 1044 4948; x_wconf 90' lang='lat' dir='ltr'><strong>Deum</strong></span> <span class='ocrx_word' id='word_1_579' title='bbox 1071 4909 1179 4948; x_wconf 91' lang='lat' dir='ltr'><strong>non</strong></span> <span class='ocrx_word' id='word_1_580' title='bbox 1210 4890 1601 4963; x_wconf 81' lang='lat' dir='ltr'><strong>metapliorice,</strong></span> <span class='ocrx_word' id='word_1_581' title='bbox 1637 4890 1731 4950; x_wconf 89' lang='lat' dir='ltr'><strong>sed</strong></span> 
     </span>
    </p>
   </div>
   <div class='ocr_carea' id='block_1_77' title="bbox 1835 2265 3429 2339">
    <p class='ocr_par' dir='ltr' id='par_1_77' title="bbox 1835 2265 3429 2339">
     <span class='ocr_line' id='line_1_77' title="bbox 1835 2265 3429 2339; baseline -0.003 -19"><span class='ocrx_word' id='word_1_582' title='bbox 1835 2266 1969 2339; x_wconf 85' lang='lat' dir='ltr'><strong>cedit</strong></span> <span class='ocrx_word' id='word_1_583' title='bbox 1990 2267 2089 2339; x_wconf 78' lang='lat' dir='ltr'><strong>ira.</strong></span> <span class='ocrx_word' id='word_1_584' title='bbox 2106 2265 2511 2339; x_wconf 70' lang='lat' dir='ltr'><strong>sedtarditatem</strong></span> <span class='ocrx_word' id='word_1_585' title='bbox 2532 2280 2775 2334; x_wconf 75' lang='grc' dir='ltr'><strong>ευρριιεη</strong></span> <span class='ocrx_word' id='word_1_586' title='bbox 2806 2267 3161 2335; x_wconf 80' lang='lat' dir='ltr'><strong>magnitudine</strong></span> <span class='ocrx_word' id='word_1_587' title='bbox 3185 2283 3429 2339; x_wconf 76' lang='lat' dir='ltr'><strong>comperi-</strong></span> 
     </span>
    </p>
   </div>
   <div class='ocr_carea' id='block_1_78' title="bbox 1836 2335 2530 2409">
    <p class='ocr_par' dir='ltr' id='par_1_78' title="bbox 1836 2335 2530 2409">
     <span class='ocr_line' id='line_1_78' title="bbox 1836 2335 2530 2409; baseline -0.003 -17"><span class='ocrx_word' id='word_1_588' title='bbox 1836 2347 1917 2392; x_wconf 89' lang='lat' dir='ltr'><strong>sat</strong></span> <span class='ocrx_word' id='word_1_589' title='bbox 1952 2338 1969 2409; x_wconf 95' lang='lat'><strong>(</strong></span> <span class='ocrx_word' id='word_1_590' title='bbox 2004 2338 2117 2390; x_wconf 88' lang='lat' dir='ltr'><strong>Val.</strong></span> <span class='ocrx_word' id='word_1_591' title='bbox 2150 2335 2420 2409; x_wconf 57' lang='lat' dir='ltr'><strong>Mamlib.</strong></span> <span class='ocrx_word' id='word_1_592' title='bbox 2457 2336 2530 2409; x_wconf 90' lang='lat' dir='ltr'><strong>I)_.</strong></span> 
     </span>
    </p>
   </div>
   <div class='ocr_carea' id='block_1_79' title="bbox 1910 2406 3420 2477">
    <p class='ocr_par' dir='ltr' id='par_1_79' title="bbox 1910 2406 3420 2477">
     <span class='ocr_line' id='line_1_79' title="bbox 1910 2406 3420 2477; baseline 0.005 -16"><span class='ocrx_word' id='word_1_593' title='bbox 1910 2419 1932 2447; x_wconf 77' lang='grc' dir='ltr'>ο</span> <span class='ocrx_word' id='word_1_594' title='bbox 1962 2406 1993 2462; x_wconf 75' lang='grc' dir='ltr'>Ἰ</span> <span class='ocrx_word' id='word_1_595' title='bbox 2017 2409 2147 2477; x_wconf 84' lang='lat' dir='ltr'><strong>Reg.</strong></span> <span class='ocrx_word' id='word_1_596' title='bbox 2180 2424 2236 2461; x_wconf 92' lang='lat' dir='ltr'><strong>III</strong></span> <span class='ocrx_word' id='word_1_597' title='bbox 2263 2425 2274 2459; x_wconf 92' lang='lat'>:</span> <span class='ocrx_word' id='word_1_598' title='bbox 2316 2407 2463 2461; x_wconf 84' lang='lat' dir='ltr'><strong>Venit</strong></span> <span class='ocrx_word' id='word_1_599' title='bbox 2492 2406 2744 2461; x_wconf 86' lang='lat' dir='ltr'><strong>Dominus</strong></span> <span class='ocrx_word' id='word_1_600' title='bbox 2771 2416 2818 2460; x_wconf 87' lang='lat' dir='ltr'><strong>et</strong></span> <span class='ocrx_word' id='word_1_601' title='bbox 2839 2408 2999 2461; x_wconf 87' lang='lat' dir='ltr'><strong>stetit.</strong></span> <span class='ocrx_word' id='word_1_602' title='bbox 3029 2406 3095 2461; x_wconf 91' lang='lat' dir='ltr'><strong>Et</strong></span> <span class='ocrx_word' id='word_1_603' title='bbox 3123 2407 3292 2463; x_wconf 82' lang='lat' dir='ltr'><strong>Amos</strong></span> <span class='ocrx_word' id='word_1_604' title='bbox 3319 2426 3372 2466; x_wconf 84' lang='lat' dir='ltr'><strong>Ix</strong></span> <span class='ocrx_word' id='word_1_605' title='bbox 3405 2431 3420 2470; x_wconf 91' lang='lat'><strong>:</strong></span> 
     </span>
    </p>
   </div>
   <div class='ocr_carea' id='block_1_80' title="bbox 1842 2478 3428 2547">
    <p class='ocr_par' dir='ltr' id='par_1_80' title="bbox 1842 2478 3428 2547">
     <span class='ocr_line' id='line_1_80' title="bbox 1842 2478 3428 2547; baseline 0.003 -14"><span class='ocrx_word' id='word_1_606' title='bbox 1842 2478 1963 2533; x_wconf 86' lang='lat' dir='ltr'><strong>Vidi</strong></span> <span class='ocrx_word' id='word_1_607' title='bbox 1994 2479 2275 2532; x_wconf 88' lang='lat' dir='ltr'><strong>Dominum</strong></span> <span class='ocrx_word' id='word_1_608' title='bbox 2307 2488 2524 2532; x_wconf 86' lang='lat' dir='ltr'><strong>stantem</strong></span> <span class='ocrx_word' id='word_1_609' title='bbox 2548 2495 2703 2547; x_wconf 87' lang='lat' dir='ltr'><strong>super</strong></span> <span class='ocrx_word' id='word_1_610' title='bbox 2731 2479 2913 2532; x_wconf 85' lang='lat' dir='ltr'><strong>altare.</strong></span> <span class='ocrx_word' id='word_1_611' title='bbox 2946 2478 3098 2534; x_wconf 88' lang='lat' dir='ltr'><strong>Stare</strong></span> <span class='ocrx_word' id='word_1_612' title='bbox 3127 2480 3221 2533; x_wconf 83' lang='lat' dir='ltr'><strong>Dei</strong></span> <span class='ocrx_word' id='word_1_613' title='bbox 3245 2494 3320 2535; x_wconf 87' lang='lat' dir='ltr'><strong>est</strong></span> <span class='ocrx_word' id='word_1_614' title='bbox 3345 2485 3428 2538; x_wconf 80' lang='lat' dir='ltr'><strong>in-</strong></span> 
     </span>
    </p>
   </div>
   <div class='ocr_carea' id='block_1_81' title="bbox 1834 2549 3422 2624">
    <p class='ocr_par' dir='ltr' id='par_1_81' title="bbox 1834 2549 3422 2624">
     <span class='ocr_line' id='line_1_81' title="bbox 1834 2549 3422 2624; baseline 0.003 -20"><span class='ocrx_word' id='word_1_615' title='bbox 1834 2549 2182 2624; x_wconf 74' lang='lat' dir='ltr'><strong>commutgbili</strong></span> <span class='ocrx_word' id='word_1_616' title='bbox 2224 2550 2532 2624; x_wconf 74' lang='lat' dir='ltr'><strong>cogitatione</strong></span> <span class='ocrx_word' id='word_1_617' title='bbox 2574 2559 2757 2624; x_wconf 72' lang='lat' dir='ltr'><strong>cuncta</strong></span> <span class='ocrx_word' id='word_1_618' title='bbox 2798 2551 3072 2624; x_wconf 66' lang='lat' dir='ltr'><strong>mutabilia</strong></span> <span class='ocrx_word' id='word_1_619' title='bbox 3104 2551 3382 2622; x_wconf 82' lang='lat' dir='ltr'><strong>disponere</strong></span> <span class='ocrx_word' id='word_1_620' title='bbox 3406 2599 3422 2624; x_wconf 90' lang='lat'><strong>,</strong></span> 
     </span>
    </p>
   </div>
   <div class='ocr_carea' id='block_1_82' title="bbox 1834 2620 3071 2692">
    <p class='ocr_par' dir='ltr' id='par_1_82' title="bbox 1834 2620 3071 2692">
     <span class='ocr_line' id='line_1_82' title="bbox 1834 2620 3071 2692; baseline -0.002 -15"><span class='ocrx_word' id='word_1_621' title='bbox 1834 2622 2006 2692; x_wconf 87' lang='lat' dir='ltr'><strong>aitD.</strong></span> <span class='ocrx_word' id='word_1_622' title='bbox 2039 2621 2337 2692; x_wconf 82' lang='lat' dir='ltr'><strong>Gregorius</strong></span> <span class='ocrx_word' id='word_1_623' title='bbox 2361 2620 2509 2689; x_wconf 86' lang='lat' dir='ltr'><strong>(Lib.</strong></span> <span class='ocrx_word' id='word_1_624' title='bbox 2544 2638 2641 2675; x_wconf 73' lang='lat' dir='ltr'><strong>XIX</strong></span> <span class='ocrx_word' id='word_1_625' title='bbox 2672 2620 2869 2674; x_wconf 82' lang='lat' dir='ltr'><strong>Moral.</strong></span> <span class='ocrx_word' id='word_1_626' title='bbox 2896 2639 2942 2673; x_wconf 89' lang='lat' dir='ltr'><strong>c.</strong></span> <span class='ocrx_word' id='word_1_627' title='bbox 2978 2622 3071 2689; x_wconf 82' lang='lat'><strong>5).</strong></span> 
     </span>
    </p>
   </div>
   <div class='ocr_carea' id='block_1_83' title="bbox 1915 2691 3425 2758">
    <p class='ocr_par' dir='ltr' id='par_1_83' title="bbox 1915 2691 3425 2758">
     <span class='ocr_line' id='line_1_83' title="bbox 1915 2691 3425 2758; baseline 0.003 -9"><span class='ocrx_word' id='word_1_628' title='bbox 1915 2691 1940 2729; x_wconf 72' lang='grc' dir='ltr'><em>ά</em></span> <span class='ocrx_word' id='word_1_629' title='bbox 1984 2691 2187 2749; x_wconf 87' lang='lat' dir='ltr'><strong>Sedere</strong></span> <span class='ocrx_word' id='word_1_630' title='bbox 2230 2693 2369 2745; x_wconf 88' lang='lat' dir='ltr'><strong>Dens</strong></span> <span class='ocrx_word' id='word_1_631' title='bbox 2406 2694 2602 2746; x_wconf 83' lang='lat' dir='ltr'><strong>dicitur</strong></span> <span class='ocrx_word' id='word_1_632' title='bbox 2631 2694 2680 2745; x_wconf 92' lang='lat' dir='ltr'><strong>in</strong></span> <span class='ocrx_word' id='word_1_633' title='bbox 2716 2693 2877 2758; x_wconf 74' lang='grc' dir='ltr'><strong>οωιυ,</strong></span> <span class='ocrx_word' id='word_1_634' title='bbox 2904 2702 2959 2747; x_wconf 92' lang='lat' dir='ltr'><strong>et</strong></span> <span class='ocrx_word' id='word_1_635' title='bbox 2989 2694 3185 2748; x_wconf 67' lang='lat' dir='ltr'><strong>caelum</strong></span> <span class='ocrx_word' id='word_1_636' title='bbox 3217 2694 3314 2750; x_wconf 89' lang='lat' dir='ltr'><strong>Dei</strong></span> <span class='ocrx_word' id='word_1_637' title='bbox 3342 2713 3425 2753; x_wconf 84' lang='lat' dir='ltr'><strong>se-</strong></span> 
     </span>
    </p>
   </div>
   <div class='ocr_carea' id='block_1_84' title="bbox 1837 2763 3429 2833">
    <p class='ocr_par' dir='ltr' id='par_1_84' title="bbox 1837 2763 3429 2833">
     <span class='ocr_line' id='line_1_84' title="bbox 1837 2763 3429 2833; baseline 0.003 -15"><span class='ocrx_word' id='word_1_638' title='bbox 1837 2765 1936 2819; x_wconf 91' lang='lat' dir='ltr'><strong>des</strong></span> <span class='ocrx_word' id='word_1_639' title='bbox 1962 2779 2104 2831; x_wconf 53' lang='lat' dir='ltr'><strong>esse,</strong></span> <span class='ocrx_word' id='word_1_640' title='bbox 2138 2763 2279 2832; x_wconf 81' lang='lat' dir='ltr'><strong>quod</strong></span> <span class='ocrx_word' id='word_1_641' title='bbox 2312 2763 2482 2816; x_wconf 86' lang='lat' dir='ltr'><strong>instar</strong></span> <span class='ocrx_word' id='word_1_642' title='bbox 2509 2765 2650 2832; x_wconf 89' lang='lat' dir='ltr'><strong>regis</strong></span> <span class='ocrx_word' id='word_1_643' title='bbox 2678 2764 2732 2816; x_wconf 91' lang='lat' dir='ltr'><strong>in</strong></span> <span class='ocrx_word' id='word_1_644' title='bbox 2759 2764 2917 2827; x_wconf 69' lang='lat' dir='ltr'><strong>caelo,</strong></span> <span class='ocrx_word' id='word_1_645' title='bbox 2952 2773 3219 2833; x_wconf 88' lang='lat' dir='ltr'><strong>tamquam</strong></span> <span class='ocrx_word' id='word_1_646' title='bbox 3252 2767 3306 2821; x_wconf 92' lang='lat' dir='ltr'><strong>in</strong></span> <span class='ocrx_word' id='word_1_647' title='bbox 3337 2784 3429 2822; x_wconf 84' lang='lat' dir='ltr'><strong>so-</strong></span> 
     </span>
    </p>
   </div>
   <div class='ocr_carea' id='block_1_85' title="bbox 1834 2833 3428 2902">
    <p class='ocr_par' dir='ltr' id='par_1_85' title="bbox 1834 2833 3428 2902">
     <span class='ocr_line' id='line_1_85' title="bbox 1834 2833 3428 2902; baseline 0.003 -12"><span class='ocrx_word' id='word_1_648' title='bbox 1834 2836 1908 2890; x_wconf 90' lang='lat' dir='ltr'><strong>lio</strong></span> <span class='ocrx_word' id='word_1_649' title='bbox 1938 2834 2202 2895; x_wconf 87' lang='lat' dir='ltr'><strong>resideus,</strong></span> <span class='ocrx_word' id='word_1_650' title='bbox 2237 2849 2496 2901; x_wconf 85' lang='lat' dir='ltr'><strong>suamque</strong></span> <span class='ocrx_word' id='word_1_651' title='bbox 2540 2833 2877 2901; x_wconf 84' lang='lat' dir='ltr'><strong>majestatem</strong></span> <span class='ocrx_word' id='word_1_652' title='bbox 2905 2845 2959 2888; x_wconf 91' lang='lat' dir='ltr'><strong>et</strong></span> <span class='ocrx_word' id='word_1_653' title='bbox 2986 2836 3217 2902; x_wconf 82' lang='lat' dir='ltr'><strong>gloriam</strong></span> <span class='ocrx_word' id='word_1_654' title='bbox 3252 2841 3428 2895; x_wconf 87' lang='lat' dir='ltr'><strong>mani-</strong></span> 
     </span>
    </p>
   </div>
   <div class='ocr_carea' id='block_1_86' title="bbox 1835 2905 3421 2969">
    <p class='ocr_par' dir='ltr' id='par_1_86' title="bbox 1835 2905 3421 2969">
     <span class='ocr_line' id='line_1_86' title="bbox 1835 2905 3421 2969; baseline 0.004 -10"><span class='ocrx_word' id='word_1_655' title='bbox 1835 2905 2058 2966; x_wconf 81' lang='lat' dir='ltr'><strong>festans,</strong></span> <span class='ocrx_word' id='word_1_656' title='bbox 2106 2920 2326 2969; x_wconf 84' lang='lat' dir='ltr'><strong>regnum</strong></span> <span class='ocrx_word' id='word_1_657' title='bbox 2373 2920 2549 2969; x_wconf 86' lang='lat' dir='ltr'><strong>suum,</strong></span> <span class='ocrx_word' id='word_1_658' title='bbox 2595 2905 2647 2957; x_wconf 93' lang='lat' dir='ltr'><strong>id</strong></span> <span class='ocrx_word' id='word_1_659' title='bbox 2674 2908 2777 2967; x_wconf 82' lang='lat' dir='ltr'><strong>est,</strong></span> <span class='ocrx_word' id='word_1_660' title='bbox 2811 2905 3069 2959; x_wconf 89' lang='lat' dir='ltr'><strong>mundum</strong></span> <span class='ocrx_word' id='word_1_661' title='bbox 3106 2909 3421 2966; x_wconf 88' lang='lat' dir='ltr'><strong>universum</strong></span> 
     </span>
    </p>
   </div>
   <div class='ocr_carea' id='block_1_87' title="bbox 1834 2976 3422 3050">
    <p class='ocr_par' dir='ltr' id='par_1_87' title="bbox 1834 2976 3422 3050">
     <span class='ocr_line' id='line_1_87' title="bbox 1834 2976 3422 3050; baseline 0.004 -23"><span class='ocrx_word' id='word_1_662' title='bbox 1834 2978 2122 3050; x_wconf 79' lang='lat' dir='ltr'><strong>gubernat,</strong></span> <span class='ocrx_word' id='word_1_663' title='bbox 2154 2977 2420 3050; x_wconf 82' lang='lat' dir='ltr'><strong>Attingens</strong></span> <span class='ocrx_word' id='word_1_664' title='bbox 2448 2992 2479 3050; x_wconf 88' lang='lat' dir='ltr'><strong>a</strong></span> <span class='ocrx_word' id='word_1_665' title='bbox 2504 2976 2605 3050; x_wconf 78' lang='lat' dir='ltr'><strong>fine</strong></span> <span class='ocrx_word' id='word_1_666' title='bbox 2626 2992 2805 3050; x_wconf 29' lang='lat' dir='ltr'><strong>Lusque</strong></span> <span class='ocrx_word' id='word_1_667' title='bbox 2835 2977 2901 3050; x_wconf 85' lang='lat' dir='ltr'><strong>ad</strong></span> <span class='ocrx_word' id='word_1_668' title='bbox 2937 2978 3089 3035; x_wconf 81' lang='lat' dir='ltr'><strong>linem</strong></span> <span class='ocrx_word' id='word_1_669' title='bbox 3116 2980 3336 3050; x_wconf 79' lang='lat' dir='ltr'><strong>fortiter,</strong></span> <span class='ocrx_word' id='word_1_670' title='bbox 3374 2994 3422 3037; x_wconf 89' lang='lat' dir='ltr'><strong>et</strong></span> 
     </span>
    </p>
   </div>
   <div class='ocr_carea' id='block_1_88' title="bbox 1836 3044 2917 3117">
    <p class='ocr_par' dir='ltr' id='par_1_88' title="bbox 1836 3044 2917 3117">
     <span class='ocr_line' id='line_1_88' title="bbox 1836 3044 2917 3117; baseline -0.001 -17"><span class='ocrx_word' id='word_1_671' title='bbox 1836 3044 2111 3115; x_wconf 81' lang='lat' dir='ltr'><strong>disponens</strong></span> <span class='ocrx_word' id='word_1_672' title='bbox 2135 3044 2311 3099; x_wconf 85' lang='lat' dir='ltr'><strong>omnia</strong></span> <span class='ocrx_word' id='word_1_673' title='bbox 2335 3047 2556 3117; x_wconf 79' lang='lat' dir='ltr'><strong>suaviter</strong></span> <span class='ocrx_word' id='word_1_674' title='bbox 2579 3045 2596 3116; x_wconf 93' lang='lat'><strong>(</strong></span> <span class='ocrx_word' id='word_1_675' title='bbox 2616 3044 2748 3115; x_wconf 89' lang='lat' dir='ltr'><strong>Sap.</strong></span> <span class='ocrx_word' id='word_1_676' title='bbox 2772 3048 2917 3117; x_wconf 77' lang='lat' dir='ltr'><strong>VIII).</strong></span> 
     </span>
    </p>
   </div>
   <div class='ocr_carea' id='block_1_89' title="bbox 1911 3114 3425 3190">
    <p class='ocr_par' dir='ltr' id='par_1_89' title="bbox 1911 3114 3425 3190">
     <span class='ocr_line' id='line_1_89' title="bbox 1911 3114 3425 3190; baseline 0.007 -21"><span class='ocrx_word' id='word_1_677' title='bbox 1911 3114 1934 3190; x_wconf 62' lang='grc' dir='ltr'><strong>ἑ</strong></span> <span class='ocrx_word' id='word_1_678' title='bbox 1980 3118 2132 3170; x_wconf 67' lang='lat' dir='ltr'><strong>Isaia:</strong></span> <span class='ocrx_word' id='word_1_679' title='bbox 2158 3132 2206 3170; x_wconf 92' lang='lat' dir='ltr'><strong>c.</strong></span> <span class='ocrx_word' id='word_1_680' title='bbox 2238 3132 2306 3170; x_wconf 82' lang='lat' dir='ltr'><strong>xI.</strong></span> <span class='ocrx_word' id='word_1_681' title='bbox 2339 3134 2350 3168; x_wconf 87' lang='lat'><strong>:</strong></span> <span class='ocrx_word' id='word_1_682' title='bbox 2389 3114 2517 3190; x_wconf 82' lang='lat' dir='ltr'><strong>Quis</strong></span> <span class='ocrx_word' id='word_1_683' title='bbox 2545 3114 2759 3190; x_wconf 76' lang='lat' dir='ltr'><strong>mensus</strong></span> <span class='ocrx_word' id='word_1_684' title='bbox 2802 3114 2885 3171; x_wconf 84' lang='lat' dir='ltr'><strong>est</strong></span> <span class='ocrx_word' id='word_1_685' title='bbox 2915 3121 3119 3190; x_wconf 89' lang='lat' dir='ltr'><strong>pugillo</strong></span> <span class='ocrx_word' id='word_1_686' title='bbox 3159 3137 3340 3189; x_wconf 70' lang='lat' dir='ltr'><strong>muas,</strong></span> <span class='ocrx_word' id='word_1_687' title='bbox 3375 3137 3425 3180; x_wconf 89' lang='lat' dir='ltr'><strong>et</strong></span> 
     </span>
    </p>
   </div>
   <div class='ocr_carea' id='block_1_90' title="bbox 1835 3188 3425 3262">
    <p class='ocr_par' dir='ltr' id='par_1_90' title="bbox 1835 3188 3425 3262">
     <span class='ocr_line' id='line_1_90' title="bbox 1835 3188 3425 3262; baseline 0.004 -19"><span class='ocrx_word' id='word_1_688' title='bbox 1835 3188 1985 3243; x_wconf 77' lang='lat' dir='ltr'><strong>caelos</strong></span> <span class='ocrx_word' id='word_1_689' title='bbox 2013 3190 2180 3262; x_wconf 89' lang='lat' dir='ltr'><strong>palmo</strong></span> <span class='ocrx_word' id='word_1_690' title='bbox 2224 3188 2561 3262; x_wconf 81' lang='lat' dir='ltr'><strong>ponderavit?</strong></span> <span class='ocrx_word' id='word_1_691' title='bbox 2598 3189 2695 3243; x_wconf 89' lang='lat' dir='ltr'><strong>Ubi</strong></span> <span class='ocrx_word' id='word_1_692' title='bbox 2730 3190 2795 3262; x_wconf 91' lang='lat' dir='ltr'><strong>_D.</strong></span> <span class='ocrx_word' id='word_1_693' title='bbox 2830 3188 3238 3262; x_wconf 75' lang='lat' dir='ltr'><strong>Hieronymus:</strong></span> <span class='ocrx_word' id='word_1_694' title='bbox 3273 3188 3425 3261; x_wconf 84' lang='lat' dir='ltr'><strong>Quod</strong></span> 
     </span>
    </p>
   </div>
   <div class='ocr_carea' id='block_1_91' title="bbox 1832 3260 3422 3332">
    <p class='ocr_par' dir='ltr' id='par_1_91' title="bbox 1832 3260 3422 3332">
     <span class='ocr_line' id='line_1_91' title="bbox 1832 3260 3422 3332; baseline 0.004 -19"><span class='ocrx_word' id='word_1_695' title='bbox 1832 3262 2110 3332; x_wconf 87' lang='lat' dir='ltr'><strong>pugillum,</strong></span> <span class='ocrx_word' id='word_1_696' title='bbox 2144 3260 2336 3332; x_wconf 86' lang='lat' dir='ltr'><strong>inquit,</strong></span> <span class='ocrx_word' id='word_1_697' title='bbox 2369 3268 2620 3332; x_wconf 82' lang='lat' dir='ltr'><strong>vocat,_et</strong></span> <span class='ocrx_word' id='word_1_698' title='bbox 2650 3260 2905 3330; x_wconf 86' lang='lat' dir='ltr'><strong>palmum,</strong></span> <span class='ocrx_word' id='word_1_699' title='bbox 2930 3260 3175 3318; x_wconf 78' lang='lat' dir='ltr'><strong>humana:</strong></span> <span class='ocrx_word' id='word_1_700' title='bbox 3204 3260 3422 3319; x_wconf 78' lang='lat' dir='ltr'><strong>consue-</strong></span> 
     </span>
    </p>
   </div>
   <div class='ocr_carea' id='block_1_92' title="bbox 1834 3328 3424 3404">
    <p class='ocr_par' dir='ltr' id='par_1_92' title="bbox 1834 3328 3424 3404">
     <span class='ocr_line' id='line_1_92' title="bbox 1834 3328 3424 3404; baseline 0.006 -21"><span class='ocrx_word' id='word_1_701' title='bbox 1834 3328 2028 3385; x_wconf 80' lang='lat' dir='ltr'><strong>tudinis</strong></span> <span class='ocrx_word' id='word_1_702' title='bbox 2060 3328 2428 3404; x_wconf 47' lang='lat' dir='ltr'><strong>t&#39;erbis&#39;utitur,</strong></span> <span class='ocrx_word' id='word_1_703' title='bbox 2453 3340 2507 3383; x_wconf 86' lang='lat' dir='ltr'><strong>ut</strong></span> <span class='ocrx_word' id='word_1_704' title='bbox 2530 3328 2628 3404; x_wconf 86' lang='lat' dir='ltr'><strong>Dei</strong></span> <span class='ocrx_word' id='word_1_705' title='bbox 2652 3328 2933 3402; x_wconf 80' lang='lat' dir='ltr'><strong>potentiam</strong></span> <span class='ocrx_word' id='word_1_706' title='bbox 2958 3350 3049 3404; x_wconf 87' lang='lat' dir='ltr'><strong>per</strong></span> <span class='ocrx_word' id='word_1_707' title='bbox 3072 3345 3249 3388; x_wconf 87' lang='lat' dir='ltr'><strong>nostra</strong></span> <span class='ocrx_word' id='word_1_708' title='bbox 3270 3338 3424 3392; x_wconf 88' lang='lat' dir='ltr'><strong>verba</strong></span> 
     </span>
    </p>
   </div>
   <div class='ocr_carea' id='block_1_93' title="bbox 1833 3402 3416 3477">
    <p class='ocr_par' dir='ltr' id='par_1_93' title="bbox 1833 3402 3416 3477">
     <span class='ocr_line' id='line_1_93' title="bbox 1833 3402 3416 3477; baseline 0.004 -22"><span class='ocrx_word' id='word_1_709' title='bbox 1833 3402 2273 3477; x_wconf 51' lang='lat' dir='ltr'><strong>discamuslium</strong></span> <span class='ocrx_word' id='word_1_710' title='bbox 2302 3418 2416 3456; x_wconf 85' lang='lat' dir='ltr'><strong>vero</strong></span> <span class='ocrx_word' id='word_1_711' title='bbox 2462 3402 2664 3470; x_wconf 82' lang='lat' dir='ltr'><strong>palmus</strong></span> <span class='ocrx_word' id='word_1_712' title='bbox 2697 3402 2968 3477; x_wconf 70' lang='lat' dir='ltr'><strong>extentam</strong></span> <span class='ocrx_word' id='word_1_713' title='bbox 3003 3421 3212 3477; x_wconf 76' lang='lat' dir='ltr'><strong>manum</strong></span> <span class='ocrx_word' id='word_1_714' title='bbox 3251 3408 3416 3477; x_wconf 86' lang='lat' dir='ltr'><strong>signi-</strong></span> 
     </span>
    </p>
   </div>
   <div class='ocr_carea' id='block_1_94' title="bbox 1833 3474 3477 3545">
    <p class='ocr_par' dir='ltr' id='par_1_94' title="bbox 1833 3474 3477 3545">
     <span class='ocr_line' id='line_1_94' title="bbox 1833 3474 3477 3545; baseline 0.004 -18"><span class='ocrx_word' id='word_1_715' title='bbox 1833 3474 1968 3542; x_wconf 85' lang='lat' dir='ltr'><strong>ﬁcet,</strong></span> <span class='ocrx_word' id='word_1_716' title='bbox 2006 3475 2234 3544; x_wconf 87' lang='lat' dir='ltr'><strong>pugillus</strong></span> <span class='ocrx_word' id='word_1_717' title='bbox 2265 3484 2595 3538; x_wconf 86' lang='lat' dir='ltr'><strong>contractam,</strong></span> <span class='ocrx_word' id='word_1_718' title='bbox 2621 3485 2738 3545; x_wconf 87' lang='lat' dir='ltr'><strong>apte</strong></span> <span class='ocrx_word' id='word_1_719' title='bbox 2767 3474 2850 3527; x_wconf 80' lang='lat' dir='ltr'><strong>hic</strong></span> <span class='ocrx_word' id='word_1_720' title='bbox 2880 3476 3069 3529; x_wconf 90' lang='lat' dir='ltr'><strong>dicitur</strong></span> <span class='ocrx_word' id='word_1_721' title='bbox 3104 3475 3242 3531; x_wconf 90' lang='lat' dir='ltr'><strong>Deus</strong></span> <span class='ocrx_word' id='word_1_722' title='bbox 3263 3474 3418 3535; x_wconf 70' lang='lat' dir='ltr'><strong>caelos</strong></span> <span class='ocrx_word' id='word_1_723' title='bbox 3476 3516 3477 3519; x_wconf 62' lang='grc' dir='ltr'><strong>η</strong></span> 
     </span>
    </p>
   </div>
   <div class='ocr_carea' id='block_1_95' title="bbox 1835 3545 3423 3616">
    <p class='ocr_par' dir='ltr' id='par_1_95' title="bbox 1835 3545 3423 3616">
     <span class='ocr_line' id='line_1_95' title="bbox 1835 3545 3423 3616; baseline 0.003 -19"><span class='ocrx_word' id='word_1_724' title='bbox 1835 3554 2062 3599; x_wconf 76' lang='lat' dir='ltr'><strong>extentos</strong></span> <span class='ocrx_word' id='word_1_725' title='bbox 2092 3545 2266 3616; x_wconf 87' lang='lat' dir='ltr'><strong>palmo</strong></span> <span class='ocrx_word' id='word_1_726' title='bbox 2308 3546 2492 3616; x_wconf 84' lang='lat' dir='ltr'><strong>metiri.</strong></span> <span class='ocrx_word' id='word_1_727' title='bbox 2525 3555 2571 3596; x_wconf 85' lang='lat' dir='ltr'><strong>et</strong></span> <span class='ocrx_word' id='word_1_728' title='bbox 2603 3554 2751 3599; x_wconf 76' lang='lat' dir='ltr'><strong>terra:</strong></span> <span class='ocrx_word' id='word_1_729' title='bbox 2792 3545 2949 3598; x_wconf 89' lang='lat' dir='ltr'><strong>simul</strong></span> <span class='ocrx_word' id='word_1_730' title='bbox 2978 3557 3025 3598; x_wconf 81' lang='lat' dir='ltr'><strong>et</strong></span> <span class='ocrx_word' id='word_1_731' title='bbox 3056 3562 3206 3615; x_wconf 69' lang='lat' dir='ltr'><strong>aqua:</strong></span> <span class='ocrx_word' id='word_1_732' title='bbox 3238 3549 3423 3616; x_wconf 86' lang='lat' dir='ltr'><strong>globu-</strong></span> 
     </span>
    </p>
   </div>
   <div class='ocr_carea' id='block_1_96' title="bbox 1788 3615 3423 3686">
    <p class='ocr_par' dir='ltr' id='par_1_96' title="bbox 1788 3615 3423 3686">
     <span class='ocr_line' id='line_1_96' title="bbox 1788 3615 3423 3686; baseline 0.002 -18"><span class='ocrx_word' id='word_1_733' title='bbox 1788 3616 1942 3669; x_wconf 84' lang='lat' dir='ltr'><strong>‘lum</strong></span> <span class='ocrx_word' id='word_1_734' title='bbox 1996 3618 2189 3686; x_wconf 86' lang='lat' dir='ltr'><strong>pugillo</strong></span> <span class='ocrx_word' id='word_1_735' title='bbox 2237 3615 2578 3681; x_wconf 72' lang='lat' dir='ltr'><strong>concludere;</strong></span> <span class='ocrx_word' id='word_1_736' title='bbox 2627 3632 2940 3684; x_wconf 87' lang='lat' dir='ltr'><strong>quamquam</strong></span> <span class='ocrx_word' id='word_1_737' title='bbox 2982 3618 3026 3667; x_wconf 87' lang='lat' dir='ltr'><strong>si</strong></span> <span class='ocrx_word' id='word_1_738' title='bbox 3070 3615 3423 3672; x_wconf 76' lang='lat' dir='ltr'><strong>consideretur</strong></span> 
     </span>
    </p>
   </div>
   <div class='ocr_carea' id='block_1_97' title="bbox 1834 3686 3418 3756">
    <p class='ocr_par' dir='ltr' id='par_1_97' title="bbox 1834 3686 3418 3756">
     <span class='ocr_line' id='line_1_97' title="bbox 1834 3686 3418 3756; baseline 0.001 -17"><span class='ocrx_word' id='word_1_739' title='bbox 1834 3688 2014 3740; x_wconf 67' lang='lat' dir='ltr'><strong>caelum</strong></span> <span class='ocrx_word' id='word_1_740' title='bbox 2060 3696 2113 3738; x_wconf 90' lang='lat' dir='ltr'><strong>ut</strong></span> <span class='ocrx_word' id='word_1_741' title='bbox 2144 3686 2325 3756; x_wconf 89' lang='lat' dir='ltr'><strong>globus</strong></span> <span class='ocrx_word' id='word_1_742' title='bbox 2361 3695 2405 3737; x_wconf 86' lang='lat' dir='ltr'><strong>et</strong></span> <span class='ocrx_word' id='word_1_743' title='bbox 2439 3686 2594 3748; x_wconf 88' lang='lat' dir='ltr'><strong>orbis,</strong></span> <span class='ocrx_word' id='word_1_744' title='bbox 2646 3695 2782 3738; x_wconf 84' lang='lat' dir='ltr'><strong>recte</strong></span> <span class='ocrx_word' id='word_1_745' title='bbox 2812 3689 2964 3737; x_wconf 85' lang='lat' dir='ltr'><strong>etiam</strong></span> <span class='ocrx_word' id='word_1_746' title='bbox 3006 3686 3210 3737; x_wconf 87' lang='lat' dir='ltr'><strong>dicatur</strong></span> <span class='ocrx_word' id='word_1_747' title='bbox 3242 3689 3418 3754; x_wconf 87' lang='lat' dir='ltr'><strong>palmo</strong></span> 
     </span>
    </p>
   </div>
   <div class='ocr_carea' id='block_1_98' title="bbox 1832 3756 3420 3827">
    <p class='ocr_par' dir='ltr' id='par_1_98' title="bbox 1832 3756 3420 3827">
     <span class='ocr_line' id='line_1_98' title="bbox 1832 3756 3420 3827; baseline 0.001 -18"><span class='ocrx_word' id='word_1_748' title='bbox 1832 3758 2105 3827; x_wconf 83' lang='lat' dir='ltr'><strong>ponderari</strong></span> <span class='ocrx_word' id='word_1_749' title='bbox 2133 3773 2151 3809; x_wconf 86' lang='lat'><strong><em>:</em></strong></span> <span class='ocrx_word' id='word_1_750' title='bbox 2177 3757 2318 3809; x_wconf 89' lang='lat' dir='ltr'><strong>unde</strong></span> <span class='ocrx_word' id='word_1_751' title='bbox 2344 3756 2651 3827; x_wconf 71' lang='lat' dir='ltr'><strong>diversitas</strong></span> <span class='ocrx_word' id='word_1_752' title='bbox 2681 3756 2990 3808; x_wconf 90' lang='lat' dir='ltr'><strong>versionum</strong></span> <span class='ocrx_word' id='word_1_753' title='bbox 3010 3762 3039 3819; x_wconf 90' lang='lat'><strong>;&#39;</strong></span> <span class='ocrx_word' id='word_1_754' title='bbox 3074 3756 3141 3810; x_wconf 91' lang='lat' dir='ltr'><strong>de</strong></span> <span class='ocrx_word' id='word_1_755' title='bbox 3166 3772 3271 3825; x_wconf 88' lang='lat' dir='ltr'><strong>qua</strong></span> <span class='ocrx_word' id='word_1_756' title='bbox 3299 3758 3420 3827; x_wconf 88' lang='lat' dir='ltr'><strong>ipse</strong></span> 
     </span>
    </p>
   </div>
   <div class='ocr_carea' id='block_1_99' title="bbox 1834 3825 2558 3896">
    <p class='ocr_par' dir='ltr' id='par_1_99' title="bbox 1834 3825 2558 3896">
     <span class='ocr_line' id='line_1_99' title="bbox 1834 3825 2558 3896; baseline -0.01 -14"><span class='ocrx_word' id='word_1_757' title='bbox 1834 3825 1898 3882; x_wconf 88' lang='lat' dir='ltr'><strong>D.</strong></span> <span class='ocrx_word' id='word_1_758' title='bbox 1935 3829 2293 3896; x_wconf 75' lang='lat' dir='ltr'><strong>Hieronymus</strong></span> <span class='ocrx_word' id='word_1_759' title='bbox 2339 3825 2558 3878; x_wconf 86' lang='lat' dir='ltr'><strong>ibidem.</strong></span> 
     </span>
    </p>
   </div>
   <div class='ocr_carea' id='block_1_100' title="bbox 1908 3894 3420 3963">
    <p class='ocr_par' dir='ltr' id='par_1_100' title="bbox 1908 3894 3420 3963">
     <span class='ocr_line' id='line_1_100' title="bbox 1908 3894 3420 3963; baseline 0.004 -13"><span class='ocrx_word' id='word_1_760' title='bbox 1908 3896 1929 3936; x_wconf 68' lang='grc' dir='ltr'><strong>ί</strong></span> <span class='ocrx_word' id='word_1_761' title='bbox 1974 3899 2113 3951; x_wconf 87' lang='lat' dir='ltr'><strong>Dura</strong></span> <span class='ocrx_word' id='word_1_762' title='bbox 2141 3894 2483 3963; x_wconf 78' lang='lat' dir='ltr'><strong>metaphora,</strong></span> <span class='ocrx_word' id='word_1_763' title='bbox 2514 3904 2568 3946; x_wconf 89' lang='lat' dir='ltr'><strong>et</strong></span> <span class='ocrx_word' id='word_1_764' title='bbox 2603 3895 2752 3950; x_wconf 91' lang='lat' dir='ltr'><strong>rudis</strong></span> <span class='ocrx_word' id='word_1_765' title='bbox 2783 3894 3072 3950; x_wconf 89' lang='lat' dir='ltr'><strong>admodum</strong></span> <span class='ocrx_word' id='word_1_766' title='bbox 3119 3897 3420 3955; x_wconf 89' lang='lat' dir='ltr'><strong>similitudo</strong></span> 
     </span>
    </p>
   </div>
   <div class='ocr_carea' id='block_1_101' title="bbox 1833 3966 3421 4038">
    <p class='ocr_par' dir='ltr' id='par_1_101' title="bbox 1833 3966 3421 4038">
     <span class='ocr_line' id='line_1_101' title="bbox 1833 3966 3421 4038; baseline 0.003 -15"><span class='ocrx_word' id='word_1_767' title='bbox 1833 3970 1898 4023; x_wconf 91' lang='lat' dir='ltr'><strong>ad</strong></span> <span class='ocrx_word' id='word_1_768' title='bbox 1922 3967 2327 4038; x_wconf 82' lang='lat' dir='ltr'><strong>exprimendam</strong></span> <span class='ocrx_word' id='word_1_769' title='bbox 2349 3966 2641 4020; x_wconf 85' lang='lat' dir='ltr'><strong>terribilem</strong></span> <span class='ocrx_word' id='word_1_770' title='bbox 2670 3968 2929 4021; x_wconf 76' lang='lat' dir='ltr'><strong>ultionem</strong></span> <span class='ocrx_word' id='word_1_771' title='bbox 2953 3966 3049 4022; x_wconf 89' lang='lat' dir='ltr'><strong>Dei</strong></span> <span class='ocrx_word' id='word_1_772' title='bbox 3074 3968 3218 4035; x_wconf 91' lang='lat' dir='ltr'><strong>irati,</strong></span> <span class='ocrx_word' id='word_1_773' title='bbox 3249 3971 3421 4028; x_wconf 87' lang='lat' dir='ltr'><strong>instar</strong></span> 
     </span>
    </p>
   </div>
   <div class='ocr_carea' id='block_1_102' title="bbox 1835 4038 3422 4108">
    <p class='ocr_par' dir='ltr' id='par_1_102' title="bbox 1835 4038 3422 4108">
     <span class='ocr_line' id='line_1_102' title="bbox 1835 4038 3422 4108; baseline 0.005 -15"><span class='ocrx_word' id='word_1_774' title='bbox 1835 4040 2067 4094; x_wconf 82' lang='lat' dir='ltr'><strong>hominis</strong></span> <span class='ocrx_word' id='word_1_775' title='bbox 2098 4040 2230 4107; x_wconf 81' lang='lat' dir='ltr'><strong>ebrii</strong></span> <span class='ocrx_word' id='word_1_776' title='bbox 2266 4048 2320 4093; x_wconf 89' lang='lat' dir='ltr'><strong>et</strong></span> <span class='ocrx_word' id='word_1_777' title='bbox 2350 4039 2476 4093; x_wconf 91' lang='lat' dir='ltr'><strong>vino</strong></span> <span class='ocrx_word' id='word_1_778' title='bbox 2504 4038 2726 4107; x_wconf 85' lang='lat' dir='ltr'><strong>madidi,</strong></span> <span class='ocrx_word' id='word_1_779' title='bbox 2759 4041 2848 4108; x_wconf 91' lang='lat' dir='ltr'><strong>qui</strong></span> <span class='ocrx_word' id='word_1_780' title='bbox 2876 4039 3060 4093; x_wconf 90' lang='lat' dir='ltr'><strong>omnia</strong></span> <span class='ocrx_word' id='word_1_781' title='bbox 3089 4042 3422 4101; x_wconf 87' lang='lat' dir='ltr'><strong>clamoribus</strong></span> 
     </span>
    </p>
   </div>
   <div class='ocr_carea' id='block_1_103' title="bbox 1837 4112 2327 4181">
    <p class='ocr_par' dir='ltr' id='par_1_103' title="bbox 1837 4112 2327 4181">
     <span class='ocr_line' id='line_1_103' title="bbox 1837 4112 2327 4181; baseline -0.004 -15"><span class='ocrx_word' id='word_1_782' title='bbox 1837 4121 1890 4166; x_wconf 89' lang='lat' dir='ltr'><strong>et</strong></span> <span class='ocrx_word' id='word_1_783' title='bbox 1921 4114 2087 4181; x_wconf 79' lang='lat' dir='ltr'><strong>plagis</strong></span> <span class='ocrx_word' id='word_1_784' title='bbox 2120 4112 2327 4165; x_wconf 89' lang='lat' dir='ltr'><strong>miscet.</strong></span> 
     </span>
    </p>
   </div>
   <div class='ocr_carea' id='block_1_104' title="bbox 1910 4181 3424 4255">
    <p class='ocr_par' dir='ltr' id='par_1_104' title="bbox 1910 4181 3424 4255">
     <span class='ocr_line' id='line_1_104' title="bbox 1910 4181 3424 4255; baseline 0.007 -24"><span class='ocrx_word' id='word_1_785' title='bbox 1910 4193 1934 4231; x_wconf 71' lang='grc' dir='ltr'><strong><em>Β</em></strong></span> <span class='ocrx_word' id='word_1_786' title='bbox 1979 4184 2126 4235; x_wconf 68' lang='lat' dir='ltr'><strong>Issi-.e</strong></span> <span class='ocrx_word' id='word_1_787' title='bbox 2158 4198 2281 4235; x_wconf 82' lang='lat' dir='ltr'>LVIII</span> <span class='ocrx_word' id='word_1_788' title='bbox 2310 4198 2324 4235; x_wconf 91' lang='lat'><strong>:</strong></span> <span class='ocrx_word' id='word_1_789' title='bbox 2357 4181 2525 4248; x_wconf 83' lang='lat' dir='ltr'><strong>Quare</strong></span> <span class='ocrx_word' id='word_1_790' title='bbox 2542 4182 2920 4252; x_wconf 84' lang='lat' dir='ltr'><strong>jejunavimus,</strong></span> <span class='ocrx_word' id='word_1_791' title='bbox 2953 4191 2999 4235; x_wconf 89' lang='lat' dir='ltr'><strong>et</strong></span> <span class='ocrx_word' id='word_1_792' title='bbox 3020 4199 3119 4236; x_wconf 90' lang='lat' dir='ltr'><strong>non</strong></span> <span class='ocrx_word' id='word_1_793' title='bbox 3141 4186 3424 4255; x_wconf 73' lang='lat' dir='ltr'><strong>aspexisti?</strong></span> 
     </span>
    </p>
   </div>
   <div class='ocr_carea' id='block_1_105' title="bbox 1834 4254 3420 4319">
    <p class='ocr_par' dir='ltr' id='par_1_105' title="bbox 1834 4254 3420 4319">
     <span class='ocr_line' id='line_1_105' title="bbox 1834 4254 3420 4319; baseline 0.004 -13"><span class='ocrx_word' id='word_1_794' title='bbox 1834 4254 2431 4306; x_wconf 83' lang='lat' dir='ltr'><strong>humiliavimus&#39;animas</strong></span> <span class='ocrx_word' id='word_1_795' title='bbox 2446 4264 2669 4319; x_wconf 87' lang='lat' dir='ltr'><strong>nostras,</strong></span> <span class='ocrx_word' id='word_1_796' title='bbox 2691 4264 2737 4307; x_wconf 90' lang='lat' dir='ltr'><strong>et</strong></span> <span class='ocrx_word' id='word_1_797' title='bbox 2760 4255 3005 4308; x_wconf 83' lang='lat' dir='ltr'><strong>nescisti?</strong></span> <span class='ocrx_word' id='word_1_798' title='bbox 3026 4254 3259 4309; x_wconf 73' lang='lat' dir='ltr'><strong>Matthzei</strong></span> <span class='ocrx_word' id='word_1_799' title='bbox 3286 4274 3420 4314; x_wconf 76' lang='lat' dir='ltr'><strong>xxv:</strong></span> 
     </span>
    </p>
   </div>
   <div class='ocr_carea' id='block_1_106' title="bbox 1837 4323 3420 4397">
    <p class='ocr_par' dir='ltr' id='par_1_106' title="bbox 1837 4323 3420 4397">
     <span class='ocr_line' id='line_1_106' title="bbox 1837 4323 3420 4397; baseline 0.005 -20"><span class='ocrx_word' id='word_1_800' title='bbox 1837 4324 2024 4379; x_wconf 86' lang='lat' dir='ltr'><strong>Nescio</strong></span> <span class='ocrx_word' id='word_1_801' title='bbox 2054 4342 2161 4397; x_wconf 56' lang='grc' dir='ltr'><strong>νος.</strong></span> <span class='ocrx_word' id='word_1_802' title='bbox 2197 4324 2213 4377; x_wconf 85' lang='grc' dir='ltr'><strong>Ι</strong></span> <span class='ocrx_word' id='word_1_803' title='bbox 2246 4325 2375 4397; x_wconf 84' lang='lat' dir='ltr'><strong>Cor.</strong></span> <span class='ocrx_word' id='word_1_804' title='bbox 2406 4340 2495 4377; x_wconf 82' lang='lat' dir='ltr'><strong>xw</strong></span> <span class='ocrx_word' id='word_1_805' title='bbox 2526 4341 2539 4378; x_wconf 88' lang='lat'><strong>:</strong></span> <span class='ocrx_word' id='word_1_806' title='bbox 2574 4323 2831 4397; x_wconf 85' lang='lat' dir='ltr'><strong>Ignorans</strong></span> <span class='ocrx_word' id='word_1_807' title='bbox 2874 4326 3217 4394; x_wconf 86' lang='lat' dir='ltr'><strong>ignorabitur.</strong></span> <span class='ocrx_word' id='word_1_808' title='bbox 3271 4328 3420 4385; x_wconf 88' lang='lat' dir='ltr'><strong>Scire</strong></span> 
     </span>
    </p>
   </div>
   <div class='ocr_carea' id='block_1_107' title="bbox 1836 4396 3421 4467">
    <p class='ocr_par' dir='ltr' id='par_1_107' title="bbox 1836 4396 3421 4467">
     <span class='ocr_line' id='line_1_107' title="bbox 1836 4396 3421 4467; baseline 0.005 -20"><span class='ocrx_word' id='word_1_809' title='bbox 1836 4408 2005 4447; x_wconf 88' lang='lat' dir='ltr'><strong>autem</strong></span> <span class='ocrx_word' id='word_1_810' title='bbox 2038 4396 2483 4467; x_wconf 20' lang='lat' dir='ltr'><strong>Deitapprobare</strong></span> <span class='ocrx_word' id='word_1_811' title='bbox 2528 4406 2634 4461; x_wconf 89' lang='lat' dir='ltr'><strong>est;</strong></span> <span class='ocrx_word' id='word_1_812' title='bbox 2680 4398 2874 4450; x_wconf 89' lang='lat' dir='ltr'><strong>nescire</strong></span> <span class='ocrx_word' id='word_1_813' title='bbox 2918 4398 3210 4467; x_wconf 85' lang='lat' dir='ltr'><strong>reprobare,</strong></span> <span class='ocrx_word' id='word_1_814' title='bbox 3246 4403 3323 4453; x_wconf 89' lang='lat' dir='ltr'><strong>ait</strong></span> <span class='ocrx_word' id='word_1_815' title='bbox 3358 4402 3421 4456; x_wconf 81' lang='grc' dir='ltr'><strong>ί).</strong></span> 
     </span>
    </p>
   </div>
   <div class='ocr_carea' id='block_1_108' title="bbox 1837 4464 3424 4535">
    <p class='ocr_par' dir='ltr' id='par_1_108' title="bbox 1837 4464 3424 4535">
     <span class='ocr_line' id='line_1_108' title="bbox 1837 4464 3424 4535; baseline 0.003 -15"><span class='ocrx_word' id='word_1_816' title='bbox 1837 4468 2128 4534; x_wconf 81' lang='lat' dir='ltr'><strong>Gregorius</strong></span> <span class='ocrx_word' id='word_1_817' title='bbox 2159 4464 2312 4535; x_wconf 77' lang='lat' dir='ltr'><strong>(Lib.</strong></span> <span class='ocrx_word' id='word_1_818' title='bbox 2354 4483 2521 4520; x_wconf 82' lang='lat' dir='ltr'><strong>xxvni</strong></span> <span class='ocrx_word' id='word_1_819' title='bbox 2558 4467 2750 4521; x_wconf 79' lang='lat' dir='ltr'><strong>Morel.</strong></span> <span class='ocrx_word' id='word_1_820' title='bbox 2801 4485 2847 4521; x_wconf 90' lang='lat' dir='ltr'><strong>c.</strong></span> <span class='ocrx_word' id='word_1_821' title='bbox 2891 4464 2984 4534; x_wconf 77' lang='lat'><strong>7).</strong></span> <span class='ocrx_word' id='word_1_822' title='bbox 3028 4470 3161 4522; x_wconf 89' lang='lat' dir='ltr'><strong>llinc</strong></span> <span class='ocrx_word' id='word_1_823' title='bbox 3206 4474 3424 4526; x_wconf 88' lang='lat' dir='ltr'><strong>scientia</strong></span> 
     </span>
    </p>
   </div>
   <div class='ocr_carea' id='block_1_109' title="bbox 1836 4536 3423 4609">
    <p class='ocr_par' dir='ltr' id='par_1_109' title="bbox 1836 4536 3423 4609">
     <span class='ocr_line' id='line_1_109' title="bbox 1836 4536 3423 4609; baseline 0.007 -21"><span class='ocrx_word' id='word_1_824' title='bbox 1836 4536 2223 4609; x_wconf 81' lang='lat' dir='ltr'><strong>approbationis</strong></span> <span class='ocrx_word' id='word_1_825' title='bbox 2267 4537 2407 4605; x_wconf 83' lang='lat' dir='ltr'><strong>apud</strong></span> <span class='ocrx_word' id='word_1_826' title='bbox 2471 4539 2776 4607; x_wconf 79' lang='lat' dir='ltr'><strong>theologos,</strong></span> <span class='ocrx_word' id='word_1_827' title='bbox 2820 4555 2924 4609; x_wconf 84' lang='lat' dir='ltr'><strong>qua</strong></span> <span class='ocrx_word' id='word_1_828' title='bbox 2960 4540 3099 4593; x_wconf 86' lang='lat' dir='ltr'><strong>Deus</strong></span> <span class='ocrx_word' id='word_1_829' title='bbox 3146 4542 3288 4595; x_wconf 90' lang='lat' dir='ltr'><strong>scire</strong></span> <span class='ocrx_word' id='word_1_830' title='bbox 3338 4546 3423 4598; x_wconf 88' lang='lat' dir='ltr'><strong>vel</strong></span> 
     </span>
    </p>
   </div>
   <div class='ocr_carea' id='block_1_110' title="bbox 1837 4607 3419 4729">
    <p class='ocr_par' dir='ltr' id='par_1_110' title="bbox 1837 4607 3419 4729">
     <span class='ocr_line' id='line_1_110' title="bbox 1837 4607 3419 4729; baseline 0.006 -70"><span class='ocrx_word' id='word_1_831' title='bbox 1837 4622 2130 4729; x_wconf 51' lang='lat' dir='ltr'><strong>agngscere</strong></span> <span class='ocrx_word' id='word_1_832' title='bbox 2176 4607 2373 4663; x_wconf 90' lang='lat' dir='ltr'><strong>dicitur</strong></span> <span class='ocrx_word' id='word_1_833' title='bbox 2426 4610 2567 4678; x_wconf 89' lang='lat' dir='ltr'><strong>quod</strong></span> <span class='ocrx_word' id='word_1_834' title='bbox 2615 4607 2852 4678; x_wconf 43' lang='lat' dir='ltr'><strong>probat,</strong></span> <span class='ocrx_word' id='word_1_835' title='bbox 2881 4611 3095 4665; x_wconf 89' lang='lat' dir='ltr'><strong>nescire</strong></span> <span class='ocrx_word' id='word_1_836' title='bbox 3136 4614 3279 4682; x_wconf 91' lang='lat' dir='ltr'><strong>quod</strong></span> <span class='ocrx_word' id='word_1_837' title='bbox 3312 4630 3419 4669; x_wconf 91' lang='lat' dir='ltr'><strong>non</strong></span> 
     </span>
     <span class='ocr_line' id='line_1_111' title="bbox 1837 4688 2049 4729; baseline 0 0"><span class='ocrx_word' id='word_1_838' title='bbox 1837 4688 2049 4729; x_wconf 80' lang='lat' dir='ltr'><strong>Dr0)al.</strong></span> 
     </span>
    </p>
   </div>
   <div class='ocr_carea' id='block_1_111' title="bbox 1836 4688 2049 4749">
    <p class='ocr_par' dir='ltr' id='par_1_111' title="bbox 1836 4688 2049 4749">
     <span class='ocr_line' id='line_1_112' title="bbox 1836 4688 2049 4749; baseline 0.005 -18"><span class='ocrx_word' id='word_1_839' title='bbox 1836 4688 2049 4749; x_wconf 87' lang='lat' dir='ltr'><strong>probat.</strong></span> 
     </span>
    </p>
   </div>
   <div class='ocr_carea' id='block_1_112' title="bbox 1910 4748 3423 4822">
    <p class='ocr_par' dir='ltr' id='par_1_112' title="bbox 1910 4748 3423 4822">
     <span class='ocr_line' id='line_1_113' title="bbox 1910 4748 3423 4822; baseline 0.005 -20"><span class='ocrx_word' id='word_1_840' title='bbox 1910 4748 1938 4785; x_wconf 72' lang='grc' dir='ltr'><strong>ιι</strong></span> <span class='ocrx_word' id='word_1_841' title='bbox 1978 4748 2175 4805; x_wconf 87' lang='lat' dir='ltr'><strong>Psalm.</strong></span> <span class='ocrx_word' id='word_1_842' title='bbox 2210 4767 2281 4806; x_wconf 69' lang='grc' dir='ltr'>χιι</span> <span class='ocrx_word' id='word_1_843' title='bbox 2309 4769 2319 4803; x_wconf 89' lang='lat'>:</span> <span class='ocrx_word' id='word_1_844' title='bbox 2353 4750 2629 4822; x_wconf 88' lang='lat' dir='ltr'><strong>Usquequo</strong></span> <span class='ocrx_word' id='word_1_845' title='bbox 2653 4797 2665 4819; x_wconf 89' lang='lat'><strong>,</strong></span> <span class='ocrx_word' id='word_1_846' title='bbox 2720 4752 2965 4819; x_wconf 86' lang='lat' dir='ltr'><strong>Domine,</strong></span> <span class='ocrx_word' id='word_1_847' title='bbox 3001 4753 3316 4807; x_wconf 80' lang='lat' dir='ltr'><strong>Oblivisceris</strong></span> <span class='ocrx_word' id='word_1_848' title='bbox 3345 4772 3423 4809; x_wconf 90' lang='lat' dir='ltr'><strong>me</strong></span> 
     </span>
    </p>
   </div>
   <div class='ocr_carea' id='block_1_113' title="bbox 1835 4820 3422 4893">
    <p class='ocr_par' dir='ltr' id='par_1_113' title="bbox 1835 4820 3422 4893">
     <span class='ocr_line' id='line_1_114' title="bbox 1835 4820 3422 4893; baseline 0.004 -19"><span class='ocrx_word' id='word_1_849' title='bbox 1835 4820 1889 4893; x_wconf 79' lang='lat' dir='ltr'><strong>in</strong></span> <span class='ocrx_word' id='word_1_850' title='bbox 1906 4822 2094 4893; x_wconf 73' lang='lat' dir='ltr'><strong>linem?</strong></span> <span class='ocrx_word' id='word_1_851' title='bbox 2122 4823 2263 4877; x_wconf 84' lang='lat' dir='ltr'><strong>PSaI.</strong></span> <span class='ocrx_word' id='word_1_852' title='bbox 2289 4838 2397 4878; x_wconf 84' lang='lat' dir='ltr'><strong>xLIi</strong></span> <span class='ocrx_word' id='word_1_853' title='bbox 2431 4820 2448 4874; x_wconf 77' lang='grc' dir='ltr'><strong>τ’</strong></span> <span class='ocrx_word' id='word_1_854' title='bbox 2474 4820 2643 4884; x_wconf 80' lang='lat' dir='ltr'><strong>Quare</strong></span> <span class='ocrx_word' id='word_1_855' title='bbox 2665 4824 2848 4877; x_wconf 84' lang='lat' dir='ltr'><strong>oblitus</strong></span> <span class='ocrx_word' id='word_1_856' title='bbox 2874 4842 2923 4876; x_wconf 76' lang='lat' dir='ltr'><strong>es</strong></span> <span class='ocrx_word' id='word_1_857' title='bbox 2941 4825 3077 4877; x_wconf 87' lang='lat' dir='ltr'><strong>mei?</strong></span> <span class='ocrx_word' id='word_1_858' title='bbox 3102 4824 3239 4876; x_wconf 84' lang='lat' dir='ltr'><strong>Psal.</strong></span> <span class='ocrx_word' id='word_1_859' title='bbox 3270 4838 3422 4880; x_wconf 75' lang='lat' dir='ltr'><strong>XLIII:</strong></span> 
     </span>
    </p>
   </div>
   <div class='ocr_carea' id='block_1_114' title="bbox 1844 4892 3425 4965">
    <p class='ocr_par' dir='ltr' id='par_1_114' title="bbox 1844 4892 3425 4965">
     <span class='ocr_line' id='line_1_115' title="bbox 1844 4892 3425 4965; baseline 0.003 -19"><span class='ocrx_word' id='word_1_860' title='bbox 1844 4892 2015 4958; x_wconf 80' lang='lat' dir='ltr'><strong>Quare</strong></span> <span class='ocrx_word' id='word_1_861' title='bbox 2055 4894 2594 4965; x_wconf 72' lang='lat' dir='ltr'><strong>obliviscerisinopite</strong></span> <span class='ocrx_word' id='word_1_862' title='bbox 2640 4906 2830 4947; x_wconf 75' lang='lat' dir='ltr'><strong>nostra:</strong></span> <span class='ocrx_word' id='word_1_863' title='bbox 2873 4906 2918 4948; x_wconf 89' lang='lat' dir='ltr'><strong>et</strong></span> <span class='ocrx_word' id='word_1_864' title='bbox 2954 4896 3299 4949; x_wconf 85' lang='lat' dir='ltr'><strong>tribulationis</strong></span> <span class='ocrx_word' id='word_1_865' title='bbox 3329 4914 3425 4950; x_wconf 69' lang='lat' dir='ltr'><strong>no~</strong></span> 
     </span>
    </p>
   </div>
   <div class='ocr_carea' id='block_1_115' title="bbox 146 4963 3422 5043">
    <p class='ocr_par' dir='ltr' id='par_1_115' title="bbox 146 4963 3422 5043">
     <span class='ocr_line' id='line_1_116' title="bbox 146 4963 3422 5043; baseline 0.001 -27"><span class='ocrx_word' id='word_1_866' title='bbox 146 4963 367 5043; x_wconf 57' lang='lat' dir='ltr'><strong>promi;</strong></span> <span class='ocrx_word' id='word_1_867' title='bbox 404 4967 582 5043; x_wconf 74' lang='lat' dir='ltr'><strong>irasci,</strong></span> <span class='ocrx_word' id='word_1_868' title='bbox 617 4974 671 5018; x_wconf 92' lang='lat' dir='ltr'><strong>ut</strong></span> <span class='ocrx_word' id='word_1_869' title='bbox 699 4964 949 5020; x_wconf 88' lang='lat' dir='ltr'><strong>homines</strong></span> <span class='ocrx_word' id='word_1_870' title='bbox 980 4983 994 5018; x_wconf 91' lang='lat'><strong>:</strong></span> <span class='ocrx_word' id='word_1_871' title='bbox 1031 4966 1171 5034; x_wconf 89' lang='lat' dir='ltr'><strong>quod</strong></span> <span class='ocrx_word' id='word_1_872' title='bbox 1203 4976 1287 5020; x_wconf 87' lang='lat' dir='ltr'><strong>est</strong></span> <span class='ocrx_word' id='word_1_873' title='bbox 1314 4964 1531 5021; x_wconf 81' lang='lat' dir='ltr'><strong>falsum.</strong></span> <span class='ocrx_word' id='word_1_874' title='bbox 1564 4965 1635 5021; x_wconf 84' lang='lat' dir='ltr'><strong>At</strong></span> <span class='ocrx_word' id='word_1_875' title='bbox 1665 4964 1732 5021; x_wconf 91' lang='lat' dir='ltr'><strong>de</strong></span> <span class='ocrx_word' id='word_1_876' title='bbox 1757 4972 1813 5033; x_wconf 82' lang='lat'><strong>1)</strong></span> <span class='ocrx_word' id='word_1_877' title='bbox 1836 4974 1955 5043; x_wconf 70' lang='lat' dir='ltr'><strong>stne</strong></span> <span class='ocrx_word' id='word_1_878' title='bbox 1981 4967 2005 5018; x_wconf 88' lang='lat'><strong><em>?</em></strong></span> <span class='ocrx_word' id='word_1_879' title='bbox 2046 4965 2192 5043; x_wconf 64' lang='lat' dir='ltr'><strong>lianc</strong></span> <span class='ocrx_word' id='word_1_880' title='bbox 2221 4980 2347 5017; x_wconf 82' lang='lat' dir='ltr'><strong>vero</strong></span> <span class='ocrx_word' id='word_1_881' title='bbox 2380 4963 2471 5043; x_wconf 60' lang='lat' dir='ltr'><strong>Dei</strong></span> <span class='ocrx_word' id='word_1_882' title='bbox 2496 4963 2867 5043; x_wconf 55' lang='lat' dir='ltr'><strong>&#39;oblivionem,</strong></span> <span class='ocrx_word' id='word_1_883' title='bbox 2890 4967 3149 5043; x_wconf 31' lang='lat' dir='ltr'><strong>.sicutnet</strong></span> <span class='ocrx_word' id='word_1_884' title='bbox 3169 4981 3422 5043; x_wconf 68' lang='lat' dir='ltr'><strong>sutrinum</strong></span> 
     </span>
    </p>
   </div>
   <div class='ocr_carea' id='block_1_116' title="bbox 144 5028 673 5090">
    <p class='ocr_par' dir='ltr' id='par_1_116' title="bbox 144 5028 673 5090">
     <span class='ocr_line' id='line_1_117' title="bbox 144 5028 673 5090; baseline 0.002 -2"><span class='ocrx_word' id='word_1_885' title='bbox 144 5028 229 5088; x_wconf 85' lang='lat' dir='ltr'><strong>his</strong></span> <span class='ocrx_word' id='word_1_886' title='bbox 248 5028 406 5089; x_wconf 53' lang='lat' dir='ltr'><strong>&#39;infra</strong></span> <span class='ocrx_word' id='word_1_887' title='bbox 441 5033 673 5090; x_wconf 81' lang='lat' dir='ltr'><strong>plenius.</strong></span> 
     </span>
    </p>
   </div>
   <div class='ocr_carea' id='block_1_117' title="bbox 214 5050 1729 5175">
    <p class='ocr_par' dir='ltr' id='par_1_117' title="bbox 214 5050 1729 5175">
     <span class='ocr_line' id='line_1_118' title="bbox 214 5050 673 5104; baseline 0.004 -17"><span class='ocrx_word' id='word_1_888' title='bbox 214 5050 229 5087; x_wconf 73' lang='grc' dir='ltr'><strong>ς</strong></span> <span class='ocrx_word' id='word_1_889' title='bbox 264 5050 406 5089; x_wconf 85' lang='lat' dir='ltr'><strong>Intra</strong></span> <span class='ocrx_word' id='word_1_890' title='bbox 441 5050 673 5104; x_wconf 81' lang='lat' dir='ltr'><strong>plenius.</strong></span> 
     </span>
     <span class='ocr_line' id='line_1_119' title="bbox 214 5100 1729 5175; baseline 0.002 -16"><span class='ocrx_word' id='word_1_891' title='bbox 214 5100 245 5142; x_wconf 70' lang='grc' dir='ltr'><strong>ι’</strong></span> <span class='ocrx_word' id='word_1_892' title='bbox 288 5105 469 5160; x_wconf 78' lang='lat' dir='ltr'><strong>Multis</strong></span> <span class='ocrx_word' id='word_1_893' title='bbox 499 5106 833 5175; x_wconf 84' lang='lat' dir='ltr'><strong>argumentis</strong></span> <span class='ocrx_word' id='word_1_894' title='bbox 863 5106 930 5162; x_wconf 88' lang='lat' dir='ltr'><strong>ab</strong></span> <span class='ocrx_word' id='word_1_895' title='bbox 950 5105 1187 5162; x_wconf 91' lang='lat' dir='ltr'><strong>absurdo</strong></span> <span class='ocrx_word' id='word_1_896' title='bbox 1216 5105 1461 5161; x_wconf 89' lang='lat' dir='ltr'><strong>deductis</strong></span> <span class='ocrx_word' id='word_1_897' title='bbox 1489 5108 1729 5163; x_wconf 88' lang='lat' dir='ltr'><strong>ostendit</strong></span> 
     </span>
    </p>
   </div>
   <div class='ocr_carea' id='block_1_118' title="bbox 147 5173 1730 5247">
    <p class='ocr_par' dir='ltr' id='par_1_118' title="bbox 147 5173 1730 5247">
     <span class='ocr_line' id='line_1_120' title="bbox 147 5173 1730 5247; baseline 0.001 -14"><span class='ocrx_word' id='word_1_898' title='bbox 147 5173 317 5241; x_wconf 82' lang='lat' dir='ltr'><strong>Deum</strong></span> <span class='ocrx_word' id='word_1_899' title='bbox 350 5191 454 5231; x_wconf 88' lang='lat' dir='ltr'><strong>non</strong></span> <span class='ocrx_word' id='word_1_900' title='bbox 485 5173 705 5247; x_wconf 82' lang='lat' dir='ltr'><strong>proprie</strong></span> <span class='ocrx_word' id='word_1_901' title='bbox 740 5188 795 5233; x_wconf 89' lang='lat' dir='ltr'><strong>et</strong></span> <span class='ocrx_word' id='word_1_902' title='bbox 821 5176 1055 5233; x_wconf 90' lang='lat' dir='ltr'><strong>humano</strong></span> <span class='ocrx_word' id='word_1_903' title='bbox 1087 5192 1238 5232; x_wconf 91' lang='lat' dir='ltr'><strong>more</strong></span> <span class='ocrx_word' id='word_1_904' title='bbox 1269 5177 1464 5242; x_wconf 85' lang='lat' dir='ltr'><strong>irasci;</strong></span> <span class='ocrx_word' id='word_1_905' title='bbox 1499 5179 1592 5233; x_wconf 90' lang='lat' dir='ltr'><strong>sed</strong></span> <span class='ocrx_word' id='word_1_906' title='bbox 1619 5195 1730 5235; x_wconf 90' lang='lat' dir='ltr'><strong>me-</strong></span> 
     </span>
    </p>
   </div>
   <div class='ocr_carea' id='block_1_119' title="bbox 148 5247 1724 5318">
    <p class='ocr_par' dir='ltr' id='par_1_119' title="bbox 148 5247 1724 5318">
     <span class='ocr_line' id='line_1_121' title="bbox 148 5247 1724 5318; baseline 0.002 -18"><span class='ocrx_word' id='word_1_907' title='bbox 148 5247 446 5318; x_wconf 82' lang='lat' dir='ltr'><strong>taphurice,</strong></span> <span class='ocrx_word' id='word_1_908' title='bbox 479 5248 939 5318; x_wconf 83' lang='lat' dir='ltr'><strong>quemadmodum</strong></span> <span class='ocrx_word' id='word_1_909' title='bbox 986 5252 1147 5305; x_wconf 89' lang='lat' dir='ltr'><strong>etiam</strong></span> <span class='ocrx_word' id='word_1_910' title='bbox 1192 5247 1390 5303; x_wconf 90' lang='lat' dir='ltr'><strong>dicitur</strong></span> <span class='ocrx_word' id='word_1_911' title='bbox 1438 5248 1679 5304; x_wconf 88' lang='lat' dir='ltr'><strong>dormire</strong></span> <span class='ocrx_word' id='word_1_912' title='bbox 1709 5293 1724 5318; x_wconf 90' lang='lat'><strong>,</strong></span> 
     </span>
    </p>
   </div>
   <div class='ocr_carea' id='block_1_120' title="bbox 144 5317 1726 5387">
    <p class='ocr_par' dir='ltr' id='par_1_120' title="bbox 144 5317 1726 5387">
     <span class='ocr_line' id='line_1_122' title="bbox 144 5317 1726 5387; baseline 0.002 -17"><span class='ocrx_word' id='word_1_913' title='bbox 144 5317 360 5382; x_wconf 85' lang='lat' dir='ltr'><strong>sedere.</strong></span> <span class='ocrx_word' id='word_1_914' title='bbox 405 5329 572 5385; x_wconf 87' lang='lat' dir='ltr'><strong>stare,</strong></span> <span class='ocrx_word' id='word_1_915' title='bbox 606 5320 872 5386; x_wconf 88' lang='lat' dir='ltr'><strong>oblivisci,</strong></span> <span class='ocrx_word' id='word_1_916' title='bbox 900 5322 1129 5385; x_wconf 87' lang='lat' dir='ltr'><strong>nescire,</strong></span> <span class='ocrx_word' id='word_1_917' title='bbox 1189 5320 1473 5387; x_wconf 88' lang='lat' dir='ltr'><strong>poenitere,</strong></span> <span class='ocrx_word' id='word_1_918' title='bbox 1520 5328 1575 5372; x_wconf 92' lang='lat' dir='ltr'><strong>et</strong></span> <span class='ocrx_word' id='word_1_919' title='bbox 1622 5320 1726 5373; x_wconf 86' lang='lat' dir='ltr'><strong>alia</strong></span> 
     </span>
    </p>
   </div>
   <div class='ocr_carea' id='block_1_121' title="bbox 146 5388 1727 5459">
    <p class='ocr_par' dir='ltr' id='par_1_121' title="bbox 146 5388 1727 5459">
     <span class='ocr_line' id='line_1_123' title="bbox 146 5388 1727 5459; baseline 0.002 -18"><span class='ocrx_word' id='word_1_920' title='bbox 146 5402 266 5455; x_wconf 61' lang='lat' dir='ltr'><strong>quae</strong></span> <span class='ocrx_word' id='word_1_921' title='bbox 308 5389 376 5443; x_wconf 90' lang='lat' dir='ltr'><strong>de</strong></span> <span class='ocrx_word' id='word_1_922' title='bbox 421 5405 487 5445; x_wconf 90' lang='lat' dir='ltr'><strong>eo</strong></span> <span class='ocrx_word' id='word_1_923' title='bbox 533 5389 828 5459; x_wconf 88' lang='lat' dir='ltr'><strong>improprie</strong></span> <span class='ocrx_word' id='word_1_924' title='bbox 869 5402 923 5445; x_wconf 93' lang='lat' dir='ltr'><strong>et</strong></span> <span class='ocrx_word' id='word_1_925' title='bbox 962 5389 1255 5445; x_wconf 90' lang='lat' dir='ltr'><strong>secundum</strong></span> <span class='ocrx_word' id='word_1_926' title='bbox 1317 5388 1727 5444; x_wconf 86' lang='lat' dir='ltr'><strong>similitudinem</strong></span> 
     </span>
    </p>
   </div>
   <div class='ocr_carea' id='block_1_122' title="bbox 146 5459 1723 5531">
    <p class='ocr_par' dir='ltr' id='par_1_122' title="bbox 146 5459 1723 5531">
     <span class='ocr_line' id='line_1_124' title="bbox 146 5459 1723 5531; baseline 0.001 -20"><span class='ocrx_word' id='word_1_927' title='bbox 146 5459 435 5531; x_wconf 78' lang='lat' dir='ltr'><strong>quamdam</strong></span> <span class='ocrx_word' id='word_1_928' title='bbox 468 5461 522 5515; x_wconf 94' lang='lat' dir='ltr'><strong>in</strong></span> <span class='ocrx_word' id='word_1_929' title='bbox 552 5461 847 5531; x_wconf 86' lang='lat' dir='ltr'><strong>Scripturis</strong></span> <span class='ocrx_word' id='word_1_930' title='bbox 891 5463 1257 5516; x_wconf 87' lang='lat' dir='ltr'><strong>enuntiantur.</strong></span> <span class='ocrx_word' id='word_1_931' title='bbox 1305 5460 1551 5513; x_wconf 87' lang='lat' dir='ltr'><strong>Dormire</strong></span> <span class='ocrx_word' id='word_1_932' title='bbox 1582 5461 1723 5513; x_wconf 90' lang='lat' dir='ltr'><strong>enim</strong></span> 
     </span>
    </p>
   </div>
   <div class='ocr_carea' id='block_1_123' title="bbox 146 5528 1732 5603">
    <p class='ocr_par' dir='ltr' id='par_1_123' title="bbox 146 5528 1732 5603">
     <span class='ocr_line' id='line_1_125' title="bbox 146 5528 1732 5603; baseline 0.001 -20"><span class='ocrx_word' id='word_1_933' title='bbox 146 5528 349 5603; x_wconf 77' lang='lat' dir='ltr'><strong>dicitur</strong></span> <span class='ocrx_word' id='word_1_934' title='bbox 396 5533 525 5587; x_wconf 89' lang='lat' dir='ltr'><strong>dum</strong></span> <span class='ocrx_word' id='word_1_935' title='bbox 566 5528 788 5603; x_wconf 83' lang='lat' dir='ltr'><strong>peccata</strong></span> <span class='ocrx_word' id='word_1_936' title='bbox 838 5532 1143 5587; x_wconf 85' lang='lat' dir='ltr'><strong>dissimulat</strong></span> <span class='ocrx_word' id='word_1_937' title='bbox 1193 5540 1247 5587; x_wconf 88' lang='lat' dir='ltr'><strong>et</strong></span> <span class='ocrx_word' id='word_1_938' title='bbox 1278 5546 1384 5585; x_wconf 92' lang='lat' dir='ltr'><strong>non</strong></span> <span class='ocrx_word' id='word_1_939' title='bbox 1418 5532 1589 5597; x_wconf 87' lang='lat' dir='ltr'><strong>punit,</strong></span> <span class='ocrx_word' id='word_1_940' title='bbox 1621 5539 1732 5603; x_wconf 80' lang='lat' dir='ltr'><strong>aut</strong></span> 
     </span>
    </p>
   </div>
   <div class='ocr_carea' id='block_1_124' title="bbox 145 5598 1731 5669">
    <p class='ocr_par' dir='ltr' id='par_1_124' title="bbox 145 5598 1731 5669">
     <span class='ocr_line' id='line_1_126' title="bbox 145 5598 1731 5669; baseline 0.001 -16"><span class='ocrx_word' id='word_1_941' title='bbox 145 5598 363 5657; x_wconf 80' lang='lat' dir='ltr'><strong>afﬂictis</strong></span> <span class='ocrx_word' id='word_1_942' title='bbox 410 5619 519 5658; x_wconf 90' lang='lat' dir='ltr'><strong>non</strong></span> <span class='ocrx_word' id='word_1_943' title='bbox 560 5598 743 5659; x_wconf 77' lang='lat' dir='ltr'><strong>statim</strong></span> <span class='ocrx_word' id='word_1_944' title='bbox 787 5604 1084 5669; x_wconf 87' lang='lat' dir='ltr'><strong>succurrit;</strong></span> <span class='ocrx_word' id='word_1_945' title='bbox 1135 5603 1361 5658; x_wconf 88' lang='lat' dir='ltr'><strong>excitari</strong></span> <span class='ocrx_word' id='word_1_946' title='bbox 1400 5613 1550 5665; x_wconf 90' lang='lat' dir='ltr'><strong>vero,</strong></span> <span class='ocrx_word' id='word_1_947' title='bbox 1602 5602 1731 5655; x_wconf 91' lang='lat' dir='ltr'><strong>dum</strong></span> 
     </span>
    </p>
   </div>
   <div class='ocr_carea' id='block_1_125' title="bbox 147 5670 1732 5744">
    <p class='ocr_par' dir='ltr' id='par_1_125' title="bbox 147 5670 1732 5744">
     <span class='ocr_line' id='line_1_127' title="bbox 147 5670 1732 5744; baseline -0.002 -16"><span class='ocrx_word' id='word_1_948' title='bbox 147 5684 266 5744; x_wconf 77' lang='lat' dir='ltr'><strong>post</strong></span> <span class='ocrx_word' id='word_1_949' title='bbox 298 5673 512 5744; x_wconf 74' lang='lat' dir='ltr'><strong>longam</strong></span> <span class='ocrx_word' id='word_1_950' title='bbox 548 5676 857 5744; x_wconf 81' lang='lat' dir='ltr'><strong>patientiam</strong></span> <span class='ocrx_word' id='word_1_951' title='bbox 894 5674 1190 5743; x_wconf 88' lang='lat' dir='ltr'><strong>ulciscitur,</strong></span> <span class='ocrx_word' id='word_1_952' title='bbox 1236 5675 1378 5729; x_wconf 89' lang='lat' dir='ltr'><strong>sicut</strong></span> <span class='ocrx_word' id='word_1_953' title='bbox 1404 5670 1620 5744; x_wconf 88' lang='lat' dir='ltr'><strong>quidam</strong></span> <span class='ocrx_word' id='word_1_954' title='bbox 1652 5672 1732 5725; x_wconf 91' lang='lat' dir='ltr'><strong>di-</strong></span> 
     </span>
    </p>
   </div>
   <div class='ocr_carea' id='block_1_126' title="bbox 145 5740 1733 5818">
    <p class='ocr_par' dir='ltr' id='par_1_126' title="bbox 145 5740 1733 5818">
     <span class='ocr_line' id='line_1_128' title="bbox 145 5740 1733 5818; baseline -0.003 -17"><span class='ocrx_word' id='word_1_955' title='bbox 145 5741 265 5801; x_wconf 62' lang='lat' dir='ltr'><strong>iit:</strong></span> <span class='ocrx_word' id='word_1_956' title='bbox 292 5740 455 5803; x_wconf 64' lang='lat' dir='ltr'><strong>Lenia</strong></span> <span class='ocrx_word' id='word_1_957' title='bbox 476 5740 686 5817; x_wconf 75' lang='lat' dir='ltr'><strong>quidem</strong></span> <span class='ocrx_word' id='word_1_958' title='bbox 703 5746 874 5818; x_wconf 70' lang='lat' dir='ltr'><strong>gradu</strong></span> <span class='ocrx_word' id='word_1_959' title='bbox 900 5747 969 5802; x_wconf 89' lang='lat' dir='ltr'><strong>ad</strong></span> <span class='ocrx_word' id='word_1_960' title='bbox 995 5740 1271 5801; x_wconf 71' lang='lat' dir='ltr'><strong>vindictam</strong></span> <span class='ocrx_word' id='word_1_961' title='bbox 1300 5745 1382 5801; x_wconf 85' lang='lat' dir='ltr'><strong>sui</strong></span> <span class='ocrx_word' id='word_1_962' title='bbox 1410 5740 1583 5799; x_wconf 81' lang='lat' dir='ltr'><strong>divina</strong></span> <span class='ocrx_word' id='word_1_963' title='bbox 1609 5758 1733 5813; x_wconf 83' lang='lat' dir='ltr'><strong>pra-</strong></span> 
     </span>
    </p>
   </div>
   <div class='ocr_carea' id='block_1_127' title="bbox 1838 5035 3420 5105">
    <p class='ocr_par' dir='ltr' id='par_1_127' title="bbox 1838 5035 3420 5105">
     <span class='ocr_line' id='line_1_129' title="bbox 1838 5035 3420 5105; baseline 0.001 -17"><span class='ocrx_word' id='word_1_964' title='bbox 1838 5043 1891 5088; x_wconf 85' lang='lat' dir='ltr'><strong>et</strong></span> <span class='ocrx_word' id='word_1_965' title='bbox 1918 5036 2379 5105; x_wconf 82' lang='lat' dir='ltr'><strong>dormitationern,</strong></span> <span class='ocrx_word' id='word_1_966' title='bbox 2418 5035 2949 5105; x_wconf 79' lang='lat' dir='ltr'><strong>Damascenus(Lib.</strong></span> <span class='ocrx_word' id='word_1_967' title='bbox 2982 5052 2999 5089; x_wconf 85' lang='grc' dir='ltr'>ι</span> <span class='ocrx_word' id='word_1_968' title='bbox 3031 5036 3254 5090; x_wconf 85' lang='lat' dir='ltr'><strong>Ortltod.</strong></span> <span class='ocrx_word' id='word_1_969' title='bbox 3293 5036 3420 5091; x_wconf 82' lang='lat' dir='ltr'><strong>Fid.</strong></span> 
     </span>
    </p>
   </div>
   <div class='ocr_carea' id='block_1_128' title="bbox 1838 5103 3422 5175">
    <p class='ocr_par' dir='ltr' id='par_1_128' title="bbox 1838 5103 3422 5175">
     <span class='ocr_line' id='line_1_130' title="bbox 1838 5103 3422 5175; baseline 0.003 -20"><span class='ocrx_word' id='word_1_970' title='bbox 1838 5120 1884 5156; x_wconf 91' lang='lat' dir='ltr'><strong>c.</strong></span> <span class='ocrx_word' id='word_1_971' title='bbox 1918 5107 2023 5171; x_wconf 77' lang='lat' dir='ltr'><strong>M)</strong></span> <span class='ocrx_word' id='word_1_972' title='bbox 2059 5104 2447 5175; x_wconf 81' lang='lat' dir='ltr'><strong>interpretatur</strong></span> <span class='ocrx_word' id='word_1_973' title='bbox 2478 5103 3049 5175; x_wconf 23' lang='lat' dir='ltr'><strong>dilatimIem‘ultionis</strong></span> <span class='ocrx_word' id='word_1_974' title='bbox 3077 5122 3202 5175; x_wconf 89' lang='lat' dir='ltr'><strong>erga</strong></span> <span class='ocrx_word' id='word_1_975' title='bbox 3238 5108 3422 5160; x_wconf 89' lang='lat' dir='ltr'><strong>inimi-</strong></span> 
     </span>
    </p>
   </div>
   <div class='ocr_carea' id='block_1_129' title="bbox 1836 5172 3423 5241">
    <p class='ocr_par' dir='ltr' id='par_1_129' title="bbox 1836 5172 3423 5241">
     <span class='ocr_line' id='line_1_131' title="bbox 1836 5172 3423 5241; baseline 0.002 -13"><span class='ocrx_word' id='word_1_976' title='bbox 1836 5188 1948 5235; x_wconf 89' lang='lat' dir='ltr'><strong>cos,</strong></span> <span class='ocrx_word' id='word_1_977' title='bbox 1982 5185 2033 5226; x_wconf 85' lang='lat' dir='ltr'><strong>et</strong></span> <span class='ocrx_word' id='word_1_978' title='bbox 2068 5172 2316 5225; x_wconf 87' lang='lat' dir='ltr'><strong>consueti</strong></span> <span class='ocrx_word' id='word_1_979' title='bbox 2355 5186 2480 5241; x_wconf 90' lang='lat' dir='ltr'><strong>erga</strong></span> <span class='ocrx_word' id='word_1_980' title='bbox 2507 5173 2712 5227; x_wconf 89' lang='lat' dir='ltr'><strong>amicos</strong></span> <span class='ocrx_word' id='word_1_981' title='bbox 2741 5176 2931 5227; x_wconf 87' lang='lat' dir='ltr'><strong>auxilii</strong></span> <span class='ocrx_word' id='word_1_982' title='bbox 2964 5172 3296 5231; x_wconf 72' lang='lat' dir='ltr'><strong>tarditatem.</strong></span> <span class='ocrx_word' id='word_1_983' title='bbox 3335 5179 3423 5231; x_wconf 86' lang='lat' dir='ltr'><strong>Di-</strong></span> 
     </span>
    </p>
   </div>
   <div class='ocr_carea' id='block_1_130' title="bbox 1834 5243 3423 5309">
    <p class='ocr_par' dir='ltr' id='par_1_130' title="bbox 1834 5243 3423 5309">
     <span class='ocr_line' id='line_1_132' title="bbox 1834 5243 3423 5309; baseline -0.003 -11"><span class='ocrx_word' id='word_1_984' title='bbox 1834 5246 1977 5299; x_wconf 89' lang='lat' dir='ltr'><strong>citur</strong></span> <span class='ocrx_word' id='word_1_985' title='bbox 2001 5243 2142 5297; x_wconf 90' lang='lat' dir='ltr'><strong>enim</strong></span> <span class='ocrx_word' id='word_1_986' title='bbox 2179 5243 2318 5297; x_wconf 89' lang='lat' dir='ltr'><strong>Deus</strong></span> <span class='ocrx_word' id='word_1_987' title='bbox 2348 5254 2459 5295; x_wconf 93' lang='lat' dir='ltr'><strong>tum</strong></span> <span class='ocrx_word' id='word_1_988' title='bbox 2491 5243 2660 5295; x_wconf 83' lang='lat' dir='ltr'><strong>nostri</strong></span> <span class='ocrx_word' id='word_1_989' title='bbox 2684 5245 2951 5309; x_wconf 88' lang='lat' dir='ltr'><strong>oblivisci,</strong></span> <span class='ocrx_word' id='word_1_990' title='bbox 2983 5262 3103 5299; x_wconf 89' lang='lat' dir='ltr'><strong>cum</strong></span> <span class='ocrx_word' id='word_1_991' title='bbox 3138 5248 3205 5297; x_wconf 88' lang='lat' dir='ltr'><strong>ita</strong></span> <span class='ocrx_word' id='word_1_992' title='bbox 3236 5247 3423 5301; x_wconf 80' lang='lat' dir='ltr'><strong>nobis.</strong></span> 
     </span>
    </p>
   </div>
   <div class='ocr_carea' id='block_1_131' title="bbox 1835 5312 3422 5385">
    <p class='ocr_par' dir='ltr' id='par_1_131' title="bbox 1835 5312 3422 5385">
     <span class='ocr_line' id='line_1_133' title="bbox 1835 5312 3422 5385; baseline 0.001 -15"><span class='ocrx_word' id='word_1_993' title='bbox 1835 5331 1958 5370; x_wconf 92' lang='lat' dir='ltr'><strong>cum</strong></span> <span class='ocrx_word' id='word_1_994' title='bbox 1991 5316 2119 5384; x_wconf 83' lang='lat' dir='ltr'><strong>agit,</strong></span> <span class='ocrx_word' id='word_1_995' title='bbox 2152 5313 2306 5383; x_wconf 88' lang='lat' dir='ltr'><strong>quasi</strong></span> <span class='ocrx_word' id='word_1_996' title='bbox 2336 5312 2508 5368; x_wconf 88' lang='lat' dir='ltr'><strong>nostri</strong></span> <span class='ocrx_word' id='word_1_997' title='bbox 2535 5313 2730 5368; x_wconf 76' lang='lat' dir='ltr'><strong>oblitus</strong></span> <span class='ocrx_word' id='word_1_998' title='bbox 2760 5324 2934 5380; x_wconf 88' lang='lat' dir='ltr'><strong>esset;</strong></span> <span class='ocrx_word' id='word_1_999' title='bbox 2963 5331 3068 5385; x_wconf 90' lang='lat' dir='ltr'><strong>quo</strong></span> <span class='ocrx_word' id='word_1_1000' title='bbox 3096 5315 3259 5369; x_wconf 91' lang='lat' dir='ltr'><strong>modo</strong></span> <span class='ocrx_word' id='word_1_1001' title='bbox 3284 5318 3422 5371; x_wconf 85' lang='lat' dir='ltr'><strong>dici-</strong></span> 
     </span>
    </p>
   </div>
   <div class='ocr_carea' id='block_1_132' title="bbox 1836 5386 3421 5455">
    <p class='ocr_par' dir='ltr' id='par_1_132' title="bbox 1836 5386 3421 5455">
     <span class='ocr_line' id='line_1_134' title="bbox 1836 5386 3421 5455; baseline 0.003 -15"><span class='ocrx_word' id='word_1_1002' title='bbox 1836 5397 1920 5442; x_wconf 90' lang='lat' dir='ltr'><strong>tur</strong></span> <span class='ocrx_word' id='word_1_1003' title='bbox 1951 5386 2251 5452; x_wconf 87' lang='lat' dir='ltr'><strong>rccordari,</strong></span> <span class='ocrx_word' id='word_1_1004' title='bbox 2281 5401 2401 5440; x_wconf 91' lang='lat' dir='ltr'><strong>cum</strong></span> <span class='ocrx_word' id='word_1_1005' title='bbox 2426 5386 2496 5439; x_wconf 88' lang='lat' dir='ltr'><strong>ita</strong></span> <span class='ocrx_word' id='word_1_1006' title='bbox 2518 5400 2643 5455; x_wconf 86' lang='lat' dir='ltr'><strong>erga</strong></span> <span class='ocrx_word' id='word_1_1007' title='bbox 2676 5401 2771 5439; x_wconf 88' lang='lat' dir='ltr'><strong>nos</strong></span> <span class='ocrx_word' id='word_1_1008' title='bbox 2794 5400 2853 5439; x_wconf 85' lang='lat' dir='ltr'><strong>se</strong></span> <span class='ocrx_word' id='word_1_1009' title='bbox 2878 5387 3039 5452; x_wconf 86' lang='lat' dir='ltr'><strong>gerit,</strong></span> <span class='ocrx_word' id='word_1_1010' title='bbox 3072 5386 3223 5455; x_wconf 88' lang='lat' dir='ltr'><strong>quasi</strong></span> <span class='ocrx_word' id='word_1_1011' title='bbox 3249 5390 3421 5445; x_wconf 89' lang='lat' dir='ltr'><strong>nostri</strong></span> 
     </span>
    </p>
   </div>
   <div class='ocr_carea' id='block_1_133' title="bbox 1837 5457 3416 5528">
    <p class='ocr_par' dir='ltr' id='par_1_133' title="bbox 1837 5457 3416 5528">
     <span class='ocr_line' id='line_1_135' title="bbox 1837 5457 3416 5528; baseline 0.001 -17"><span class='ocrx_word' id='word_1_1012' title='bbox 1837 5460 1985 5528; x_wconf 87' lang='lat' dir='ltr'><strong>prius</strong></span> <span class='ocrx_word' id='word_1_1013' title='bbox 2019 5460 2219 5513; x_wconf 89' lang='lat' dir='ltr'><strong>oblitus</strong></span> <span class='ocrx_word' id='word_1_1014' title='bbox 2254 5457 2473 5525; x_wconf 83' lang='lat' dir='ltr'><strong>fuisset,</strong></span> <span class='ocrx_word' id='word_1_1015' title='bbox 2503 5457 2842 5526; x_wconf 89' lang='lat' dir='ltr'><strong>postmodum</strong></span> <span class='ocrx_word' id='word_1_1016' title='bbox 2873 5458 3206 5528; x_wconf 87' lang='lat' dir='ltr'><strong>recordatus,</strong></span> <span class='ocrx_word' id='word_1_1017' title='bbox 3233 5459 3282 5512; x_wconf 91' lang='lat' dir='ltr'><strong>id</strong></span> <span class='ocrx_word' id='word_1_1018' title='bbox 3312 5471 3416 5528; x_wconf 87' lang='lat' dir='ltr'><strong>est,</strong></span> 
     </span>
    </p>
   </div>
   <div class='ocr_carea' id='block_1_134' title="bbox 1834 5527 3421 5595">
    <p class='ocr_par' dir='ltr' id='par_1_134' title="bbox 1834 5527 3421 5595">
     <span class='ocr_line' id='line_1_136' title="bbox 1834 5527 3421 5595; baseline 0.003 -11"><span class='ocrx_word' id='word_1_1019' title='bbox 1834 5546 1955 5585; x_wconf 92' lang='lat' dir='ltr'><strong>cum</strong></span> <span class='ocrx_word' id='word_1_1020' title='bbox 1988 5544 2087 5586; x_wconf 90' lang='lat' dir='ltr'><strong>nos</strong></span> <span class='ocrx_word' id='word_1_1021' title='bbox 2127 5540 2347 5587; x_wconf 90' lang='lat' dir='ltr'><strong>orantes</strong></span> <span class='ocrx_word' id='word_1_1022' title='bbox 2382 5530 2623 5595; x_wconf 85' lang='lat' dir='ltr'><strong>exaudit,</strong></span> <span class='ocrx_word' id='word_1_1023' title='bbox 2656 5537 2711 5582; x_wconf 90' lang='lat' dir='ltr'><strong>et</strong></span> <span class='ocrx_word' id='word_1_1024' title='bbox 2737 5527 2976 5582; x_wconf 89' lang='lat' dir='ltr'><strong>ostendit</strong></span> <span class='ocrx_word' id='word_1_1025' title='bbox 3004 5542 3063 5583; x_wconf 89' lang='lat' dir='ltr'><strong>se</strong></span> <span class='ocrx_word' id='word_1_1026' title='bbox 3095 5530 3233 5582; x_wconf 90' lang='lat' dir='ltr'><strong>bene</strong></span> <span class='ocrx_word' id='word_1_1027' title='bbox 3264 5531 3421 5588; x_wconf 88' lang='lat' dir='ltr'><strong>nobis</strong></span> 
     </span>
    </p>
   </div>
   <div class='ocr_carea' id='block_1_135' title="bbox 1837 5602 2005 5657">
    <p class='ocr_par' dir='ltr' id='par_1_135' title="bbox 1837 5602 2005 5657">
     <span class='ocr_line' id='line_1_137' title="bbox 1837 5602 2005 5657; baseline 0.006 -1"><span class='ocrx_word' id='word_1_1028' title='bbox 1837 5602 2005 5657; x_wconf 85' lang='lat' dir='ltr'><strong>velle.</strong></span> 
     </span>
    </p>
   </div>
   <div class='ocr_carea' id='block_1_136' title="bbox 1951 5670 3422 5730">
    <p class='ocr_par' dir='ltr' id='par_1_136' title="bbox 1951 5670 3422 5730">
     <span class='ocr_line' id='line_1_138' title="bbox 1951 5670 3422 5730; baseline -0.001 -1"><span class='ocrx_word' id='word_1_1029' title='bbox 1951 5671 2128 5729; x_wconf 86' lang='lat' dir='ltr'><strong>iSicut</strong></span> <span class='ocrx_word' id='word_1_1030' title='bbox 2151 5672 2397 5730; x_wconf 91' lang='lat' dir='ltr'><strong>actiones</strong></span> <span class='ocrx_word' id='word_1_1031' title='bbox 2417 5681 2474 5729; x_wconf 93' lang='lat' dir='ltr'><strong>et</strong></span> <span class='ocrx_word' id='word_1_1032' title='bbox 2492 5672 2801 5729; x_wconf 80' lang='lat' dir='ltr'><strong>aﬂ‘ectiones</strong></span> <span class='ocrx_word' id='word_1_1033' title='bbox 2825 5670 3073 5728; x_wconf 79' lang='lat' dir='ltr'><strong>humanae</strong></span> <span class='ocrx_word' id='word_1_1034' title='bbox 3096 5672 3205 5727; x_wconf 89' lang='lat' dir='ltr'><strong>Deo</strong></span> <span class='ocrx_word' id='word_1_1035' title='bbox 3226 5686 3422 5729; x_wconf 80' lang='lat' dir='ltr'><strong>secun-</strong></span> 
     </span>
    </p>
   </div>
   <div class='ocr_carea' id='block_1_137' title="bbox 1837 5742 3431 5816">
    <p class='ocr_par' dir='ltr' id='par_1_137' title="bbox 1837 5742 3431 5816">
     <span class='ocr_line' id='line_1_139' title="bbox 1837 5742 3431 5816; baseline 0.002 -18"><span class='ocrx_word' id='word_1_1036' title='bbox 1837 5742 1962 5799; x_wconf 89' lang='lat' dir='ltr'><strong>dum</strong></span> <span class='ocrx_word' id='word_1_1037' title='bbox 2020 5744 2259 5801; x_wconf 87' lang='lat' dir='ltr'><strong>divinam</strong></span> <span class='ocrx_word' id='word_1_1038' title='bbox 2309 5757 2560 5803; x_wconf 80' lang='lat' dir='ltr'><strong>naturam</strong></span> <span class='ocrx_word' id='word_1_1039' title='bbox 2615 5744 2913 5814; x_wconf 90' lang='lat' dir='ltr'><strong>improprie</strong></span> <span class='ocrx_word' id='word_1_1040' title='bbox 2958 5756 3014 5802; x_wconf 91' lang='lat' dir='ltr'><strong>et</strong></span> <span class='ocrx_word' id='word_1_1041' title='bbox 3054 5746 3431 5816; x_wconf 76' lang='lat' dir='ltr'><strong>metaphorico</strong></span> 
     </span>
    </p>
   </div>
  </div>
