3994 6202
605 215 712 282 327

1944 216 2221 279 JOANNIS
2256 214 2559 277 CASSIANI

3770 218 3874 287 318

604 334 705 390 rali
738 340 795 390 et
821 328 1148 405 composito‘
1167 324 1572 396 describuntur,
1602 329 1814 400 capillis
1839 330 2065 398 scilicet,
2090 347 2183 387 ca-
2211 336 2265 394 Α
2288 333 2583 387 immensas
2624 342 2969 403 operationes
3023 335 3136 404 ejus
3180 332 3387 391 sentire
3415 331 3701 405 debemus,
3752 354 3871 411 qua

604 430 714 499 pite
743 437 796 484 et
823 429 1070 494 naribus,
1100 427 1273 484 oculis
1293 441 1356 480 ac
1384 424 1542 489 facie,
1564 423 1813 478 manibus
1839 438 1902 478 ac
1924 423 2179 491 brachiis,

602 521 807 594 digitis,
842 532 997 578 utero
1028 520 1392 591 pedibusque;
1427 533 1545 588 quae
1573 517 1757 572 omnia
1785 517 2081 573 secundum
2106 517 2185 571 vi-

601 616 707 672 lem
754 616 947 671 litterte
991 628 1183 669 sonum
1213 611 1259 665 si
1294 610 1626 664 voluerimus
1665 609 1969 674 admittere,
2013 609 2182 664 Deum

602 707 945 763 lineamentis
973 706 1341 760 membrorum
1368 709 1425 757 et
1453 716 1714 771 corporea
1748 700 1914 772 ﬁgura
1952 714 2181 770 compo-

599 802 760 853 situm
780 841 794 865 ,
833 796 977 868 quod
1001 796 1145 852 dictu
1173 810 1388 866 quoque
1428 793 1583 851 nefas
1611 802 1718 863 est,
1761 793 2017 866 quodque
2043 792 2183 849 absit

596 905 629 946 a
654 890 830 958 nobis,
859 902 1083 947 necesse
1110 896 1195 945 est
1222 888 1505 944 aestimari.

1207 999 1436 1056 CAPUT
1474 1000 1567 1057 IV.

527 1098 530 1104 λ
601 1101 836 1169 Qualiter
878 1101 942 1154 de
984 1097 1254 1167 aﬂ'ectibus
1282 1097 1627 1169 membrisque
1671 1096 1913 1169 humanis
1937 1111 2054 1161 quia
2080 1095 2179 1148 im—

667 1171 904 1225 mutabili
936 1180 985 1224 et
1030 1172 1333 1241 incorporeo
1378 1167 1490 1224 Deo
1542 1168 1733 1223 ascribi
1780 1168 2015 1238 legimus,
2061 1182 2180 1221 sen-

665 1243 896 1297 tiendum
922 1242 1009 1298 sit.

661 1357 846 1427 Itaque
888 1362 949 1411 ut
974 1364 1001 1392 ι
1033 1355 1151 1411 haac
1178 1354 1479 1411 secundum
1526 1354 1765 1410 litteram
1812 1368 1921 1408 non
1971 1350 2178 1422 absque

590 1448 827 1532 nefando
854 1447 1143 1519 sacrilegio
1169 1458 1401 1518 possunt
1435 1449 1659 1519 intelligi
1691 1462 1859 1516 super
1888 1461 1954 1502 eo
1977 1447 2069 1515 qui
2094 1445 2179 1500 in-

588 1540 841 1607 visibilis,
880 1539 1201 1606 ineﬂ'abilis,
1243 1539 1835 1611 incomprehensibilis,
1880 1538 2176 1593 inaestima-

588 1634 733 1703 bilis,
764 1633 991 1703 simplex
1022 1644 1076 1688 et
1101 1632 1495 1702 incompositus
1520 1642 1835 1687 sanctarum
1868 1629 2176 1699 Scriptura-

2288 427 2443 482 nobis
2471 427 2575 482 nisi
2594 442 2691 497 per
2720 428 2835 484 haec
2863 429 3058 485 usitata
3088 431 3351 487 vocabula
3379 433 3745 491 membrorum
3772 452 3866 493 ne—

2284 529 2489 591 queunt
2517 521 2757 577 intimari
2787 540 2801 575 :
2826 532 2884 578 ut
2917 534 3066 593 puta,
3099 525 3490 595 signiﬁcatione
3520 528 3657 595 oris,
3696 530 3869 589 collo-

2286 614 2529 669 cutiones
2552 614 2669 683 ejus
2689 659 2703 684 ,
2736 631 2860 685 quae
2903 617 2957 672 in
2983 631 3213 673 arcanos
3240 620 3434 675 anima:
3468 634 3661 677 sensus
3691 625 3868 682 solent

2285 708 2579 763 clementer
2609 708 2851 775 infundi;
2885 711 2965 765 vel
2995 711 3137 781 quod
3164 712 3217 767 in
3249 712 3499 769 Patribus
3529 720 3732 772 nostris
3777 730 3866 774 at-

2284 815 2388 870 que
2406 800 2683 869 prophetis
2706 800 2847 857 idem
2871 802 3086 859 locutus
3109 803 3179 859 sit
3197 819 3590 876 agnoscamus;
3615 808 3669 863 in
3695 812 3869 867 oculis

2280 892 2706 949 immensitatem
2738 895 3111 965 perspicacize,
3155 911 3261 967 qua
3297 900 3549 956 universa
3577 902 3872 969 perlustrat

2286 996 2351 1037 ac
2380 984 2657 1053 perspicit,
2688 995 2745 1040 et
2767 986 2915 1056 quod
2941 986 3078 1041 nihil
3105 1003 3229 1044 eum
3260 1004 3327 1045 ex
3349 990 3435 1044 his
3453 1007 3574 1061 qua:
3609 1009 3678 1050 ex
3708 996 3867 1053 nobis

2284 1086 2562 1146 geruntur,
2604 1078 2912 1148 gerendave
2958 1087 3107 1144 sunt,
3154 1095 3250 1136 seu
3293 1082 3618 1153 cogitantur,
3672 1086 3862 1155 lateat,

2278 1168 2423 1223 scire
2443 1169 2743 1239 possimus;
2769 1185 3026 1225 manuum
3049 1174 3446 1241 nuncupatione
3469 1176 3865 1242 providentiam

2278 1268 2335 1316 et
2353 1262 2740 1331 operationem,
2771 1277 2878 1332 qua
2906 1264 3145 1318 omnium
3176 1262 3295 1333 ipse
3316 1264 3389 1319 sit
3407 1275 3619 1321 creator
3648 1276 3704 1322 et
3729 1282 3869 1323 cono

2277 1352 2443 1421 ditor,
2472 1353 2799 1421 sentiamus;
2823 1354 3101 1411 brachium
3125 1371 3341 1426 quoque
3358 1357 3573 1415 virtutis
3594 1369 3651 1416 et
3667 1361 3871 1431 guber-

2278 1447 2513 1501 nationis
2542 1452 2660 1516 ejus
2682 1446 2912 1517 insignia
2941 1462 3042 1517 qua
3074 1459 3267 1503 cuncta
3296 1459 3582 1517 sustentat,
3612 1453 3870 1508 modera-

2277 1548 2366 1594 tur
2384 1554 2447 1595 ac
2473 1539 2635 1610 regit.
2656 1539 2727 1594 Et
2754 1548 2811 1594 ut
2836 1538 2905 1595 de
2929 1541 3139 1595 caeteris
3167 1548 3402 1608 taceam,
3423 1544 3647 1599 canities
3666 1546 3870 1615 capitis

2276 1633 2403 1702 quid
2435 1632 2577 1686 aliud
2606 1648 2767 1702 quam
2806 1633 3200 1703 longaevitatem
3243 1635 3457 1691 deitatis
3486 1646 3540 1691 et
3566 1638 3861 1708 antiquita-

588 1742 708 1784 rum
733 1729 1053 1783 auctoritate
1081 1726 1374 1791 delinitur;
1410 1727 1482 1781 ita
1524 1742 1591 1781 ne
1636 1726 1833 1780 luroris
1872 1724 2087 1794 quidem
2119 1733 2173 1779 et
2201 1726 2250 1787 B
2278 1732 2385 1778 tem
2434 1721 2742 1794 signiﬁcat?
2775 1738 2880 1793 qua
2924 1724 3043 1778 sine
3074 1724 3180 1779 ullo
3208 1724 3471 1795 principio
3516 1738 3621 1793 est,
3650 1739 3705 1784 et
3731 1740 3868 1785 ante

587 1820 687 1876 iraa
710 1818 1043 1897 perturbatio
1070 1818 1147 1873 illi
1178 1818 1555 1874 indemutabili
1585 1827 1794 1871 natura;
1822 1817 1940 1871 sine
1966 1816 2171 1886 ingenti

586 1911 916 1982 blasphemia
963 1911 1163 1981 poterit
1209 1911 1479 1979 coaptari.
1508 1908 1641 1964 Nam
1679 1907 1706 1947 δ
1735 1908 2042 1978 hujusmodi
2091 1908 2169 1963 si-

586 2002 932 2076 gniﬁcatione
959 2002 1325 2059 membrorum
1354 2000 1567 2057 divinas
1609 1999 1936 2056 efﬁcientias
1978 1998 2071 2055 Dei
2117 2008 2173 2054 et

2278 1816 2458 1872 omnia
2503 1828 2745 1887 tempora
2771 1826 2828 1872 et
2851 1826 3125 1873 creaturas
3177 1819 3388 1874 excedit
3439 1820 3735 1876 universas.
3780 1820 3865 1877 Ita

2277 1909 2443 1978 igitur
2482 1908 2634 1963 etde
2672 1908 2752 1962 ira
2796 1908 2893 1964 Dei
2923 1909 3010 1964 vel
3063 1908 3261 1976 lurore,
3294 1925 3415 1966 cum
3460 1912 3704 1981 legimus,
3752 1930 3869 1970 non

2282 2008 2305 2037 ε
2338 2000 2773 2075 ἀνθρωποπαθῶς,
2802 1999 2856 2055 id
2892 2008 3009 2070 est,
3040 2002 3331 2058 secundum
3357 2003 3712 2061 humilitatem
3764 2006 3873 2061 hu-

1657 2142 1920 2200 ALARDI
1957 2140 2190 2198 GAZIEI
2229 2140 2797 2199 COMMENTARIUS.

589 2262 923 2325 tribuuntur,
967 2262 1042 2317 ita
1072 2259 1235 2317 etiam
1266 2259 1509 2317 membra
1559 2256 1861 2327 corporalia
1911 2264 1965 2313 et
1996 2271 2163 2311 mem-

588 2334 814 2391 brorum
848 2336 1165 2388 lineamenta
1206 2333 1393 2400 :qttod
1440 2330 1688 2400 sequenti
1729 2330 1905 2400 capite
1953 2327 2165 2397 plenius

591 2407 969 2470 explicabitur.
1000 2403 1073 2456 Ita
1100 2403 1159 2457 ι).
1184 2397 1542 2473 Hierqnymus
1572 2400 1719 2471 (Lib.
1745 2397 1809 2473 tv
1827 2397 2020 2473 Horat.
2044 2416 2162 2464 cap.

590 2469 694 2546 εἳ)
728 2478 777 2529 itt
808 2476 961 2530 Isaiae
989 2487 1109 2546 cap.
1143 2488 1243 2546 va
1270 2491 1279 2524 :
1311 2469 1591 2546 Furorem‘,‘
1612 2471 1802 2540 inquit,
1836 2469 2159 2546 oblivionem,

596 2541 750 2610 iram,
776 2541 1142 2616 plenitudinem
1167 2545 1241 2597 ita
1269 2546 1322 2597 in
1348 2542 1454 2597 Deo
1491 2541 1730 2596 debemus
1758 2541 2010 2606 accipere.
2039 2557 2166 2616 quo-

595 2620 749 2688 modo
769 2610 938 2688 pedes,
961 2631 1174 2688 manus,
1201 2615 1397 2677 oculos,
1427 2630 1601 2688 aures,
1625 2622 1675 2688 et
1704 2610 2162 2688 ecetera_membra,

589 2703 707 2757 quia
729 2680 1124 2741 habere‘dicitur
1142 2684 1488 2754 incorporalis
1504 2695 1550 2739 et
1571 2682 1840 2757 inuisibilis
1864 2680 2042 2748 Deus;
2065 2698 2165 2757 non

591 2754 695 2829 quo
721 2758 803 2811 his
845 2764 1014 2826 pateat
1041 2757 1533 2829 perturbationibus,
1566 2756 1653 2825 qui
1692 2771 1774 2808 eas
1802 2754 1939 2806 dono
1981 2755 2166 2829 gratia;

591 2822 703 2882 sua:
731 2822 1009 2899 exstinguit
1035 2822 1090 2880 in
1115 2828 1398 2899 nobis,_sed
1428 2822 1526 2896 quo
1548 2822 1647 2899 per
1678 2834 1855 2899 nostra
1886 2822 2038 2899 verba
2068 2822 2168 2877 Dei

591 2844 703 2882 sua:
731 2842 1005 2899 exstinguit
1035 2845 1090 2880 in
1115 2842 1281 2893 nonis,
1309 2842 1397 2881 sea
1428 2843 1526 2896 quo
1538 2842 1647 2951 ger
1678 2842 1855 2878 nostra
1886 2842 2038 2878 verba
2068 2842 2168 2877 uet

590 2915 715 2970 erga
739 2915 834 2971 nos
862 2897 1214 2971 intelligamus
1238 2897 1501 2971 affectum.
1538 2969 1547 2971 _
1596 2913 1722 2971 eque
1748 2896 1884 2971 enim
1920 2896 2021 2971 ira,
2053 2912 2168 2971 quia

591 2966 668 3023 est
698 2969 908 3023 ultionis
935 2966 1115 3035 libido,
1145 2970 1221 3023 ita
1258 2969 1504 3035 deﬁnitur
1531 2969 1585 3021 in
1619 2966 1731 3021 Deo
1759 2977 1814 3020 ut
1841 2968 1898 3020 in
1943 2966 2167 3019 homini-

591 3042 705 3100 bus.
737 3056 850 3108 qute
873 3040 1143 3094 materiam
1168 3039 1316 3094 habet
1342 3040 1398 3093 in
1426 3041 1617 3093 nostris
1642 3038 1943 3108 vitiis,_non
1970 3039 2024 3090 in
2054 3036 2163 3090 Do-

583 3113 710 3165 mini
737 3105 1013 3174 rotuntate,
1045 3119 1152 3165 etc.
1186 3110 1249 3164 Ι).
1286 3110 1416 3164 item
1448 3110 1740 3179 Gregorius
1766 3128 1779 3161 :
1810 3105 1878 3161 In
1905 3107 2033 3174 Deo,
2080 3109 2165 3179 in-

583 3181 722 3251 quit,
748 3183 836 3251 qui
868 3182 1099 3249 corporis
1131 3184 1300 3249 forma
1322 3196 1428 3233 non
1449 3177 1906 3251 circumscribitur,
1938 3177 2163 3231 membra

584 3250 841 3324 corporis,
858 3252 913 3305 id
934 3259 1028 3317 est,
1054 3252 1446 3324 manus,_oculi,
1466 3260 1599 3316 etc.,
1625 3252 1700 3324 ita
1720 3250 2075 3324 nominantur,
2108 3260 2164 3324 ut

582 3338 649 3376 ex
676 3319 1035 3392 membrorum
1059 3320 1323 3392 vocabulis
1351 3320 1562 3388 e/I'ectus
1598 3323 1712 3392 ejus
1751 3320 1993 3392 potentia:
2027 3319 2165 3373 desi-

582 3404 798 3463 gnentur
820 3411 840 3459 ;
867 3391 1042 3464 oculos
1071 3394 1264 3464 quippe
1282 3390 1471 3464 habere
1502 3390 1715 3464 dicitur,
1740 3391 1862 3460 quia
1888 3401 2070 3443 cuncta
2094 3392 2167 3445 vi-

582 3462 706 3530 det;
736 3480 923 3518 manus
949 3462 1138 3518 habere
1163 3462 1497 3529 describitur,
1526 3463 1651 3532 quia
1679 3469 1864 3532 cuncta
1894 3470 2163 3528 operatur.

653 3546 681 3573 ι
721 3535 895 3590 Fuere
920 3536 1141 3603 quidam
1172 3534 1414 3588 heretici
1446 3530 1632 3588 crasso
1679 3530 1900 3586 nimium
1950 3532 2167 3602 ingenio

581 3608 675 3676 qui
727 3608 1012 3661 humanam
1062 3604 1174 3660 Deo
1226 3604 1526 3676 tribuerent
1569 3604 1842 3676 efﬁgiem,
1886 3603 2166 3672 Deumque

579 3674 900 3748 corporeum
937 3686 991 3731 et
1032 3674 1653 3748 bumanisgcompactum
1674 3674 1944 3748 membris
1970 3676 2164 3748 existi-

580 3745 812 3812 marent,
845 3758 1133 3818 propterea
1162 3745 1306 3818 quod
1327 3745 1470 3802 Deus
1500 3748 1555 3802 in
1582 3747 1751 3802 sacris
1774 3747 1968 3818 litteris
1992 3746 2162 3800 forma

581 3817 902 3889 depingatur
931 3817 1196 3882 humana,
1221 3828 1277 3873 et
1301 3830 1407 3872 tam
1443 3818 1671 3872 humana
1710 3817 1971 3881 membra,
2000 3833 2163 3884 quam

579 3893 944 3944 membrorum
977 3892 1219 3944 actiones
1246 3889 1559 3959 corporales
1586 3889 1761 3943 eidem
1790 3902 2164 3959 smmnuntero

580 3960 887 4014 tribuantur
921 3975 933 4010 :
966 3959 1195 4023 ideoque
1238 3956 1798 4026 anthropnmorphila‘.
1838 3956 2029 4012 Graeco
2069 3973 2163 4012 vo-

578 4030 780 4105 cabulo_
798 4030 951 4094 dicti,
969 4028 1119 4105 quod
1137 4028 1306 4083 Deum
1328 4030 1773 4105 Mpwnépopﬁv,
1802 4028 1903 4080 hoc
1922 4038 2026 4105 est,
2064 4027 2163 4082 hu-

576 4115 733 4155 mana
761 4100 929 4154 lorma
957 4096 1238 4168 prazditum
1262 4096 1885 4168 conlit'tgere'ntlSocrat.
1915 4096 2009 4151 lib.
2035 4113 2087 4149 v1
2110 4114 2157 4153 c.

577 4170 641 4236 7;
671 4170 989 4226 SozomJib.
1008 4184 1102 4223 vttt
1129 4185 1176 4222 c.
1203 4167 1264 4222 11
1290 4178 1340 4222 et
1356 4167 1451 4234 l2;
1478 4167 1762 4234 Nicephor.
1780 4168 1871 4221 lib.
1891 4183 1941 4221 Xl
1968 4184 2015 4221 c.
2042 4168 2156 4237 M).

576 4240 654 4295 De
694 4243 890 4310 quibus
923 4240 987 4295 D.
1017 4239 1379 4308 Hieronymus
1418 4237 1676 4310 epistulil
1711 4237 2160 4308 :Anthropomor-

575 4307 752 4382 phiae,
783 4312 977 4380 inquit,
1004 4307 1339 4382 simplicitate
1358 4307 1557 4364 rustica
1582 4307 1754 4363 Deum
1784 4307 1970 4382 habere
2000 4325 2159 4363 mem-

574 4379 701 4450 bra,
739 4379 868 4449 qua,
894 4383 950 4437 in
989 4382 1181 4435 divinis
1222 4381 1367 4435 libris
1408 4382 1601 4450 scripta
1645 4389 1793 4443 sunt,
1839 4379 2157 4434 arbitrantur

573 4452 764 4524 (Hier.
796 4454 949 4524 epist.
999 4452 1062 4507 61
1106 4450 1249 4524 et765
1266 4452 1306 4522 ).
1342 4452 1411 4507 Et
1435 4453 1775 4524 Augustinus
1805 4452 1896 4524 lib.
1937 4450 2006 4503 de
2035 4452 2157 4524 tlte-

573 4471 764 4524 (uter.
796 4471 822 4506 e
860 4471 949 4507 ist.
999 4471 1062 4507 os
1106 4471 1155 4505 et
1180 4471 1249 4506 oo
1266 4471 1306 4522 ).
1342 4471 1411 4507 ut
1435 4471 1765 4521 Augusunus
1805 4471 1896 4504 nu.
1937 4471 2006 4503 ue
2035 4471 2155 4507 na:-

571 4540 682 4579 res.
730 4471 1301 4594 antliropomorphitas
1342 4525 1422 4577 sic
1462 4533 1683 4577 vocatos
1728 4522 1874 4584 dicit,
1907 4521 2155 4594 quoniam

571 4594 739 4649 Deum
768 4595 864 4649 sibi
896 4592 1163 4666 ﬁngebant
1193 4595 1503 4664 cogitatione
1531 4594 1730 4666 carnali
1757 4592 2155 4666 insimilitudif

2270 2266 2455 2329 ipart.
2477 2272 2528 2326 q.
2547 2256 2601 2329 δέ
2626 2264 2729 2329 art.
2754 2255 2781 2329 1
2809 2256 3043 2329 ;_concil.
3078 2254 3323 2329 Lateran.
3352 2276 3399 2314 c.
3426 2255 3689 2317 Firmiter.
3710 2280 3731 2329 ;
3754 2261 3872 2321 Da-

2269 2324 2403 2407 mus.
2438 2324 2527 2407 Lit
2560 2325 2782 2407 Orthod.
2817 2324 2944 2381 Fid.
2967 2345 3085 2407 cap:
3123 2327 3243 2400 12).
3286 2331 3435 2407 Unde
3466 2344 3612 2388 recte
3657 2324 3873 2407 colligit

2272 2398 2687 2471 Δωρίῳ-,ψιρά
2737 2399 2876 2453 sicut
2923 2398 3162 2471 membra
3202 2398 3522 2458 etactiones
3574 2398 3867 2471 corporea:

2271 2487 2393 2540 qua:
2422 2469 2532 2523 Deo
2558 2469 2873 2524 tribuuntur
2898 2471 2948 2523 in
2979 2469 3294 2540 Scriptnris,
3314 2490 3417 2527 non
3441 2469 3740 2531 secundum
3767 2480 3870 2534 lit-

2273 2553 2445 2617 terant
2478 2551 2549 2617 et_
2574 2554 2767 2595 vocum
2815 2554 3043 2617 s_«m_um_,_
3080 2542 3186 2617 sed
3217 2545 3440 2617 mystice
3481 2556 3532 2617 et
3560 2550 3871 2617 symbolice

2272 2610 2584 2686 accipienda
2604 2612 2845 2686 sunt,_ad
2873 2612 3253 2680 signiﬁcandas
3274 2610 3483 2670 scilicet
3507 2610 3867 2686 incorporeas

2271 2696 2324 2739 et
2371 2682 2843 2761 spiritualesncjus
2890 2686 3115 2761 virtutes
3161 2695 3215 2738 et
3256 2690 3596 2761 operationes
3642 2682 3870 2761 quoquo

2270 2764 2428 2824 pacto
2451 2755 2658 2808 similes
2685 2754 2751 2808 iis
2782 2768 2901 2823 quae
2926 2770 2955 2806 a
2980 2755 3135 2807 nobis
3159 2771 3252 2823 per
3274 2755 3579 2824 huiusmodi
3613 2754 3867 2819 nietnbra

2272 2823 2325 2881 et
2357 2823 2580 2880 allectus
2610 2826 2775 2889 ﬁunt;
2814 2826 2895 2895 ita
2917 2825 3078 2878 etiam
3112 2826 3213 2890 ira,
3247 2823 3415 2893 furor,
3450 2829 3654 2895 odium,
3686 2844 3740 2887 et
3775 2835 3867 2889 his

2272 2897 2492 2975 similia,
2547 2910 2653 2975 non
2685 2910 2752 2949 eo
2780 2894 2940 2975 modo
2968 2905 3019 2975 et
3048 2911 3207 2950 sensu
3242 2898 3350 2975 Deo
3381 2894 3712 2975 tribuuntur,
3752 2920 3867 2975 quo

2269 2966 2500 3040 homini,
2535 2967 2629 3040 sed
2660 2968 2871 3031 trepice
2895 2977 2958 3040 et
2978 2966 3203 3040 ﬁgurate
3226 2968 3437 3040 debent
3461 2966 3711 3040 intelligi.

2342 3037 2371 3076 ιι
2412 3039 2501 3114 ξφ
2541 3037 2907 3114 Damascenus
2940 3036 3039 3114 _ltb.
3073 3040 3184 3114 ille
3214 3038 3526 3114 Orthodoxa
3565 3036 3700 3098 Fide
3729 3059 3859 3114 cap.

2273 3110 2337 3180 14
2359 3124 2374 3162 :
2399 3108 2555 3176 Quia,
2588 3109 2784 3180 inquit.
2809 3109 3037 3179 plurima
3056 3109 3119 3161 de
3140 3106 3249 3162 Deo
3272 3113 3611 3180 corporaliter
3632 3115 3685 3167 in
3708 3106 3867 3170 sacra

2272 3178 2549 3246 Scriptura
2573 3178 2872 3250 symbolice,
2905 3180 3240 3248 mysticeque,
3273 3194 3319 3234 et
3349 3178 3685 3252 signiﬁcative
3715 3186 3867 3241 dicta

2270 3253 2613 3323 comperimus
2634 3265 2651 3313 ,°
2674 3252 2806 3303 scire
2828 3266 2919 3323 nos
2944 3255 3109 3323 decet,
3131 3266 3244 3304 cum
3264 3268 3355 3306 nos
3377 3255 3477 3323 ipsi
3497 3255 3655 3308 simus
3678 3273 3866 3312 crasso

2271 3321 2441 3374 carnis
2469 3320 2774 3373 indumento
2800 3320 3124 3383 circumdati,
3158 3338 3250 3376 nos
3282 3320 3490 3377 minime
3533 3341 3679 3391 posse
3720 3328 3867 3382 dioi-

2269 3401 2466 3465 nas,_et
2497 3391 2734 3465 subtiles,
2758 3400 2806 3444 et
2837 3392 3201 3465 immateriales
3244 3391 3350 3465 Dei
3380 3398 3706 3465 Operationes
3756 3410 3858 3456 aut

2269 3462 2575 3536 intelligere,
2602 3470 2659 3514 ut
2689 3460 2881 3528 eloqui,
2913 3463 3016 3515 nisi
3039 3463 3371 3533 imaginibus,
3403 3460 3451 3519 et
3480 3468 3681 3536 formis,
3710 3478 3762 3523 et
3785 3475 3866 3524 si-

2267 3532 2797 3609 gniﬁcativis‘nostro
2840 3548 2983 3609 more
3019 3532 3231 3609 utamur
3276 3532 3867 3609 verbisfuuarcumque

2267 3605 2428 3678 igitur
2468 3602 2532 3678 de
2556 3602 2681 3678 _Deo
2710 3605 3051 3678 corporaliter
3095 3606 3359 3678 dicuntur,
3408 3611 3687 3678 symbolice
3731 3602 3864 3666 sunt

2269 3676 2407 3750 dicta
2435 3691 2453 3729 :
2477 3675 2666 3750 habent
2691 3684 2882 3750 autem
2911 3673 3606 3750 altioremintelligentiam;
3630 3682 3866 3750 simplex

2267 3748 2404 3797 enim
2438 3756 2511 3798 est
2539 3746 2804 3809 divinitas,
2836 3755 2881 3797 et
2902 3744 3124 3814 ﬁguram
3146 3746 3335 3801 habens
3350 3744 3592 3802 nullam.
3612 3744 3745 3806 Haec
3764 3754 3864 3809 ille

2269 3815 2436 3899 _(Yide
2468 3816 2684 3899 Gregor.
2710 3817 2748 3870 l.
2778 3814 3097 3899 xxxu_Mor.
3128 3833 3245 3899 cap.
3275 3818 3350 3887 4).
3384 3820 3581 3875 Deinde
3615 3826 3865 3899 panic"-

2265 3887 2416 3962 latim
2436 3887 2689 3962 explicat
2714 3887 2989 3962 quomodo
3024 3887 3290 3962 membra,
3322 3904 3535 3962 sensus,
3568 3887 3855 3962 actiones,

2265 3958 2692 4037 ali‘ectionesque
2722 3959 2989 4037 humanm,
3022 3974 3142 4037 qua:
3171 3957 3284 4013 Deo
3309 3960 3707 4037 attribuuntur,
3731 3957 3862 4037 my;

2264 4030 2401 4082 stice
2442 4037 2570 4082 sunt
2613 4027 2993 4097 intelligendas.
3029 4029 3299 4084 Admonet
3346 4043 3524 4086 tamen
3559 4034 3659 4088 sub
3683 4027 3860 4092 line'm

2264 4100 2458 4166 capitis
2504 4098 2627 4152 haec
2663 4102 2735 4152 ita
2776 4113 2837 4152 se
2868 4098 3088 4164 habere,
3120 4114 3241 4153 cum
3278 4101 3345 4156 de
3390 4101 3502 4157 Deo
3544 4106 3858 4162 secundum

2263 4166 2501 4240 divinam
2532 4179 2776 4223 naturam
2800 4170 2904 4223 dici
2941 4170 3340 4240 intelliguntur;
3370 4188 3491 4226 nam
3526 4174 3595 4229 de
3624 4176 3862 4233 Christo

2263 4238 2493 4293 Domino
2514 4240 2864 4294 etSalvatore
2894 4252 3080 4295 nostro
3101 4238 3395 4297 secundum
3426 4243 3717 4301 humanam
3752 4264 3861 4304 na-

2266 4319 2439 4362 turam
2487 4324 2616 4383 vere
2644 4320 2698 4364 et
2726 4311 2964 4379 proprie,
3000 4328 3105 4367 non
3139 4313 3360 4382 ﬁgurate
3390 4324 3442 4368 et
3483 4319 3709 4383 tropice,
3758 4320 3861 4374 di-

2260 4388 2474 4467 cuntur.
2517 4377 2639 4467 Ipse
2681 4377 2840 4443 enim,
2882 4384 3074 4465 inquit,
3119 4377 3277 4466 totum
3323 4377 3582 4467 hominem
3620 4377 3852 4467 propter

2260 4461 2488 4503 nostram
2517 4451 2736 4505 salutem
2773 4454 3071 4523 assumpsit,
3101 4454 3349 4519 animam,
3378 4458 3590 4518 scilicet,
3616 4451 3855 4514 intelle—

2259 4529 2415 4586 ctum,
2447 4533 2496 4598 et
2524 4537 2737 4598 corpus,
2785 4532 2831 4576 et
2876 4524 3114 4598 humanm
3153 4528 3747 4598 nglurceproprietatee,
3800 4544 3861 4586 et

2260 4593 2524 4671 naturales
2549 4604 2597 4648 et
2626 4596 2875 4671 innocuos
2909 4594 3413 4671 a_/fectus._Proinde
3459 4596 3582 4671 haec
3600 4613 3709 4671 non
3736 4593 3864 4671 'per

571 4682 688 4720 nem
719 4662 1358 4737 imaginis'_corruptibilis
1400 4665 1620 4737 hominis
1650 4680 1668 4717 :
1697 4662 1837 4737 quod
1875 4664 2153 4717 rusticitati
2175 4676 2230 4737 Ῑ)
2256 4664 2611 4737 allegoriam,
2630 4664 2725 4718 sed
2756 4667 3053 4721 secundum
3087 4666 3166 4721 rei
3188 4668 3493 4734 veritatem,
3527 4662 3761 4724 Christo'
3780 4683 3852 4728 et

568 4753 746 4791 eorum
771 4734 947 4790 tribuit
975 4734 1304 4806 Epiphanius
1321 4751 1552 4806 parcens
1574 4735 1667 4806 eis,
1692 4750 1753 4788 ne
1775 4734 2013 4787 dicantur
2038 4739 2149 4806 tite-

568 4809 714 4862 retici
741 4804 1050 4879 (Epiphan'.
1096 4805 1280 4879 literas.
1305 4804 1436 4879 20).
1466 4805 1591 4860 Haec
1633 4804 1981 4879 Augustinus.
2033 4805 2147 4861 Hoc

569 4876 761 4933 errore
788 4876 1043 4946 deceptos
1070 4876 1260 4930 scribit
1298 4876 1637 4932 Sozomenus
1668 4877 1929 4946 quosdam
1960 4890 2148 4931 mona-

568 4950 699 5004 chos
728 4946 1194 5019 Egyptioscirca
1240 4963 1438 5001 annum
1490 4948 1699 5001 Domini
1741 4947 1863 5019 too,
1894 4961 1925 5000 e
1949 4946 2145 5016 quibus

565 5018 855 5089 Serapion,
884 5019 968 5073 vir
992 5018 1192 5088 alioqui
1214 5019 1607 5083 sanctissimus,
1632 5028 1685 5072 et
1709 5018 1863 5072 annis
1885 5018 2147 5088 quinqua-

564 5091 712 5157 ginta
743 5092 796 5147 in
819 5105 1004 5146 eremo
1031 5098 1313 5155 versatus;
1350 5092 1444 5143 sed
1484 5090 1713 5158 simplex
1736 5097 1792 5143 et
1816 5089 2139 5155 illitteratus,

564 5163 655 5217 vix
680 5163 893 5217 tandem
927 5161 988 5215 Β.
1011 5160 1297 5227 Paphnutii
1324 5175 1487 5227 opera
1518 5171 1573 5215 et
1597 5160 1826 5215 aliorum
1849 5159 2142 5215 monacho-

567 5246 686 5287 rum
723 5233 971 5303 precibus
998 5242 1053 5285 et
1087 5232 1559 5303 exhortationibus
1591 5232 1671 5303 ah_
1686 5231 1787 5303 bac
1827 5231 1990 5284 stulta
2019 5246 2141 5303 per-

566 5299 823 5361 suasione
851 5303 1024 5373 potuit
1044 5304 1308 5362 revocari.
1343 5314 1400 5355 ut
1437 5299 1606 5373 refert
1632 5299 1922 5373 Cassianus
1951 5301 2136 5373 collat.

566 5375 636 5445 10
664 5391 782 5445 cap.
821 5370 862 5426 ‘2'
885 5386 938 5430 et
967 5389 1190 5445 sethn.
1228 5375 1393 5445 Porro
1446 5371 1534 5445 hic
1575 5385 1796 5445 error_a
1833 5370 1930 5445 S_S.
1964 5371 2139 5425 Patri—

564 5444 670 5503 bus
718 5441 995 5516 explosus,
1042 5441 1097 5499 et
1124 5462 1151 5497 a
1184 5456 1291 5499 tota
1337 5443 1573 5516 Ecclesia
1618 5441 1811 5516 merito
1840 5442 2141 5516 damnatus

564 5526 687 5572 est:
712 5509 834 5572 cum
866 5509 1076 5572 constet
1101 5534 1205 5569 non
1228 5516 1401 5569 solum
1433 5528 1501 5568 ex
1531 5513 1805 5581 Scriptura
1831 5509 2013 5581 (Joan.
2036 5514 2139 5581 tv).
2170 5531 2175 5536 ι

566 5587 663 5642 sed
695 5591 856 5642 etiam
886 5591 1094 5642 ratione
1124 5588 1374 5650 naturali,
1413 5587 1575 5639 Deum
1602 5599 1724 5640 esse
1753 5584 2026 5651 spiritum,
2054 5586 2137 5637 iu-

563 5672 907 5726 corporeum,
929 5656 1547 5726 incomprehensihtletn,
1577 5655 1923 5719 invisibilent,
1950 5664 2005 5726 et
2021 5670 2135 5709 om-

567 5731 655 5789 nis
668 5723 918 5784 materia:
938 5742 1002 5783 ac
1019 5723 1204 5786 format
1232 5741 1508 5795 corporea:
1527 5735 1803 5797 exyertetn
1828 5726 1924 5802 (δ.
1951 5725 1992 5780 Τ
1993 5726 2133 5784 hont.

2256 4734 2458 4789 homini
2491 4736 2881 4790 attribuuntur.

2328 4816 2348 4844 ε
2387 4806 2715 4861 Adverbium
2756 4822 2865 4861 non
2910 4807 3070 4863 modo
3107 4807 3312 4864 Graecis
3352 4808 3625 4876 Patrihus,
3654 4812 3752 4867 sed
3785 4826 3861 4870 et

2254 4875 2319 4952 D_.
2358 4876 2691 4952 Hieronymo
2722 4879 2975 4933 usitatum
3002 4878 3093 4951 (In
3127 4897 3240 4952 cup.
3274 4896 3422 4936 xxxn
3450 4875 3693 4952 lenm),
3732 4901 3863 4951 quo

2251 4947 2761 5021 signiﬁcgnt‘Deum
2804 4966 2911 5004 non
2945 4947 3021 5004 eo'
3046 4947 3207 5005 modo
3237 4966 3344 5021 quo
3376 4952 3621 5007 homines
3648 4947 3857 5021 irasci,

2251 5020 2377 5092 quia
2425 5016 2698 5092 allectum,
2730 5034 2839 5092 seu
2881 5033 3082 5075 motum
3127 5016 3378 5092 iraefqui
3425 5022 3628 5077 Graecis
3669 5016 3863 5089 παθόέ

2249 5089 2468 5163 dicitur,
2498 5090 2695 5163 quique
2727 5090 2779 5145 in
2817 5090 3127 5146 hominibus
3152 5089 3375 5148 excitari
3403 5095 3563 5159 solet,
3596 5109 3704 5149 non
3737 5112 3854 5163 pa-

2244 5162 2409 5225 titur;
2458 5159 2551 5214 sed
2603 5161 2857 5217 effectum
2908 5164 3278 5217 tantummodo
3327 5163 3569 5219 exhibet.
3623 5159 3864 5223 Dicitur

2245 5232 2389 5286 enim
2432 5230 2573 5287 Deus
2615 5233 2772 5288 irasci
2811 5244 2865 5288 et
2905 5232 3105 5301 furere,
3151 5248 3272 5289 cum
3330 5235 3381 5289 id
3414 5235 3541 5289 facit
3569 5236 3688 5289 sine
3730 5238 3866 5295 ulla

2244 5301 2674 5371 perturbatione,
2717 5303 2861 5373 quod
2906 5304 3153 5360 homines
3188 5305 3502 5373 impellente
3534 5306 3717 5362 lurore
3759 5311 3867 5363 fa—

2245 5378 2416 5443 ciunt,
2444 5373 2543 5428 hoc
2564 5383 2666 5438 est,
2690 5373 2817 5443 dum
2847 5376 3094 5442 percutit.
3125 5374 3304 5443 perdit
3325 5392 3387 5430 ac
3412 5376 3666 5431 destruit.
3699 5379 3870 5439 Hinc

2243 5442 2311 5520 _D.
2340 5443 2696 5520 Hieronymus
2713 5442 2812 5520 (In
2845 5462 2977 5520 cap.__
2992 5461 3044 5500 tv
3070 5442 3236 5516 Epist.
3265 5448 3334 5520 ad
3361 5445 3864 5520 Ephes.):Furor,

2244 5515 2516 5588 in_quit,_et
2556 5517 2657 5578 ira,
2703 5516 2815 5569 licet
2846 5515 3048 5588 in‘ADeo
3085 5533 3217 5588 saepe
3255 5515 3498 5572 dicantur
3528 5515 3873 5586 (secundani

2243 5584 2408 5661 illud:
2438 5585 2681 5661 Domine,
2723 5603 2786 5640 ne
2826 5588 2876 5639 in
2907 5586 3083 5661 [urere
3120 5584 3209 5641 tuo
3236 5604 3427 5661 arguas
3454 5584 3552 5654 me,
3583 5606 3750 5658 neque
3794 5598 3874 5652 in

2242 5657 2322 5730 ira
2349 5666 2438 5709 tua
2466 5658 2716 5730 corripias
2754 5673 2832 5710 me
2870 5657 3104 5724 (Psalm.
3140 5660 3237 5730 γι),
3271 5657 3373 5713 non
3410 5667 3527 5713 sunt
3559 5657 3873 5728 perturba.-

2245 5728 2408 5782 tioncs
2445 5728 2605 5782 animi
2632 5730 3011 5801 computandaz,
3047 5731 3176 5787 sicut
3195 5728 3269 5787 in
3307 5731 3470 5799 nobis,
3498 5732 3627 5804 quia
3656 5734 3714 5788 in
3744 5735 3877 5797 illo
