  <div class='ocr_page' id='page_1' title='image "/cluster/home/n/w/nwhite01/storage/ocr_20150623/49/uva.x000827093/172.png"; bbox 0 0 4016 6202; ppageno 0'>
   <div class='ocr_carea' id='block_1_1' title="bbox 165 279 261 344">
    <p class='ocr_par' dir='ltr' id='par_1_1' title="bbox 165 279 261 344">
     <span class='ocr_line' id='line_1_1' title="bbox 165 279 261 344; baseline 0.01 -1"><span class='ocrx_word' id='word_1_1' title='bbox 165 279 261 344; x_wconf 68' lang='lat'><strong>329</strong></span> 
     </span>
    </p>
   </div>
   <div class='ocr_carea' id='block_1_2' title="bbox 809 277 2787 343">
    <p class='ocr_par' dir='ltr' id='par_1_2' title="bbox 809 277 2787 343">
     <span class='ocr_line' id='line_1_2' title="bbox 809 277 2787 343; baseline 0.001 -2"><span class='ocrx_word' id='word_1_2' title='bbox 809 282 897 341; x_wconf 85' lang='lat' dir='ltr'>DE</span> <span class='ocrx_word' id='word_1_3' title='bbox 936 283 1414 343; x_wconf 74' lang='lat' dir='ltr'><strong>C(ENOBIORUM</strong></span> <span class='ocrx_word' id='word_1_4' title='bbox 1453 281 1703 340; x_wconf 85' lang='lat' dir='ltr'><strong>INSTIT.</strong></span> <span class='ocrx_word' id='word_1_5' title='bbox 1748 282 1873 338; x_wconf 88' lang='lat' dir='ltr'><strong>LIB.</strong></span> <span class='ocrx_word' id='word_1_6' title='bbox 1920 277 2150 338; x_wconf 87' lang='lat' dir='ltr'><strong>VIII.—</strong></span> <span class='ocrx_word' id='word_1_7' title='bbox 2178 284 2269 339; x_wconf 87' lang='lat' dir='ltr'><strong>DE</strong></span> <span class='ocrx_word' id='word_1_8' title='bbox 2310 284 2583 343; x_wconf 81' lang='lat' dir='ltr'><strong>SPIRITU</strong></span> <span class='ocrx_word' id='word_1_9' title='bbox 2623 285 2787 342; x_wconf 66' lang='lat' dir='ltr'><strong>IRE.</strong></span> 
     </span>
    </p>
   </div>
   <div class='ocr_carea' id='block_1_3' title="bbox 3348 297 3454 355">
    <p class='ocr_par' dir='ltr' id='par_1_3' title="bbox 3348 297 3454 355">
     <span class='ocr_line' id='line_1_3' title="bbox 3348 297 3454 355; baseline 0.009 -1"><span class='ocrx_word' id='word_1_10' title='bbox 3348 297 3454 355; x_wconf 76' lang='lat'><strong>530</strong></span> 
     </span>
    </p>
   </div>
   <div class='ocr_carea' id='block_1_4' title="bbox 168 376 3452 454">
    <p class='ocr_par' dir='ltr' id='par_1_4' title="bbox 168 376 3452 454">
     <span class='ocr_line' id='line_1_4' title="bbox 168 376 3452 454; baseline 0.003 -19"><span class='ocrx_word' id='word_1_11' title='bbox 168 394 336 435; x_wconf 57' lang='lat' dir='ltr'><strong>manu;</strong></span> <span class='ocrx_word' id='word_1_12' title='bbox 386 378 836 448; x_wconf 69' lang='lat' dir='ltr'><strong>perturbationis,</strong></span> <span class='ocrx_word' id='word_1_13' title='bbox 868 380 964 435; x_wconf 89' lang='lat' dir='ltr'><strong>sed</strong></span> <span class='ocrx_word' id='word_1_14' title='bbox 995 380 1157 450; x_wconf 83' lang='lat' dir='ltr'><strong>digne</strong></span> <span class='ocrx_word' id='word_1_15' title='bbox 1188 379 1322 443; x_wconf 89' lang='lat' dir='ltr'><strong>Deo,</strong></span> <span class='ocrx_word' id='word_1_16' title='bbox 1374 378 1465 448; x_wconf 93' lang='lat' dir='ltr'><strong>qui</strong></span> <span class='ocrx_word' id='word_1_17' title='bbox 1510 378 1578 433; x_wconf 89' lang='lat' dir='ltr'><strong>ab</strong></span> <span class='ocrx_word' id='word_1_18' title='bbox 1609 376 1756 431; x_wconf 92' lang='lat' dir='ltr'><strong>omni</strong></span> <span class='ocrx_word' id='word_1_19' title='bbox 1784 381 1835 439; x_wconf 78' lang='grc' dir='ltr'><strong>Α</strong></span> <span class='ocrx_word' id='word_1_20' title='bbox 1864 377 2043 432; x_wconf 90' lang='lat' dir='ltr'><strong>cteudi</strong></span> <span class='ocrx_word' id='word_1_21' title='bbox 2071 388 2217 442; x_wconf 91' lang='lat' dir='ltr'><strong>sunt,</strong></span> <span class='ocrx_word' id='word_1_22' title='bbox 2253 378 2403 433; x_wconf 87' lang='lat' dir='ltr'><strong>furor</strong></span> <span class='ocrx_word' id='word_1_23' title='bbox 2425 380 2602 449; x_wconf 78' lang='lat' dir='ltr'><strong>gravis</strong></span> <span class='ocrx_word' id='word_1_24' title='bbox 2640 390 2695 435; x_wconf 93' lang='lat' dir='ltr'><strong>et</strong></span> <span class='ocrx_word' id='word_1_25' title='bbox 2720 382 2799 435; x_wconf 91' lang='lat' dir='ltr'><strong>ira</strong></span> <span class='ocrx_word' id='word_1_26' title='bbox 2836 381 3131 439; x_wconf 68' lang='lat' dir='ltr'><strong>saevissima</strong></span> <span class='ocrx_word' id='word_1_27' title='bbox 3157 383 3452 454; x_wconf 75' lang='lat' dir='ltr'><strong>judicatus.</strong></span> 
     </span>
    </p>
   </div>
   <div class='ocr_carea' id='block_1_5' title="bbox 168 470 1752 541">
    <p class='ocr_par' dir='ltr' id='par_1_5' title="bbox 168 470 1752 541">
     <span class='ocr_line' id='line_1_5' title="bbox 168 470 1752 541; baseline -0.002 -14"><span class='ocrx_word' id='word_1_28' title='bbox 168 471 582 541; x_wconf 83' lang='lat' dir='ltr'><strong>perturbatione</strong></span> <span class='ocrx_word' id='word_1_29' title='bbox 632 472 836 526; x_wconf 91' lang='lat' dir='ltr'><strong>alienus</strong></span> <span class='ocrx_word' id='word_1_30' title='bbox 882 481 997 541; x_wconf 90' lang='lat' dir='ltr'><strong>est,</strong></span> <span class='ocrx_word' id='word_1_31' title='bbox 1043 472 1247 527; x_wconf 90' lang='lat' dir='ltr'><strong>sentire</strong></span> <span class='ocrx_word' id='word_1_32' title='bbox 1292 470 1583 535; x_wconf 86' lang='lat' dir='ltr'><strong>debemus;</strong></span> <span class='ocrx_word' id='word_1_33' title='bbox 1645 471 1752 525; x_wconf 86' lang='lat' dir='ltr'><strong>sci-</strong></span> 
     </span>
    </p>
   </div>
   <div class='ocr_carea' id='block_1_6' title="bbox 170 562 1754 634">
    <p class='ocr_par' dir='ltr' id='par_1_6' title="bbox 170 562 1754 634">
     <span class='ocr_line' id='line_1_6' title="bbox 170 562 1754 634; baseline -0.002 -15"><span class='ocrx_word' id='word_1_34' title='bbox 170 564 297 619; x_wconf 90' lang='lat' dir='ltr'><strong>licet</strong></span> <span class='ocrx_word' id='word_1_35' title='bbox 321 580 434 634; x_wconf 91' lang='lat' dir='ltr'><strong>quo</strong></span> <span class='ocrx_word' id='word_1_36' title='bbox 472 579 569 633; x_wconf 89' lang='lat' dir='ltr'><strong>per</strong></span> <span class='ocrx_word' id='word_1_37' title='bbox 595 564 708 619; x_wconf 65' lang='lat' dir='ltr'><strong>huic</strong></span> <span class='ocrx_word' id='word_1_38' title='bbox 738 580 856 619; x_wconf 89' lang='lat' dir='ltr'><strong>eum</strong></span> <span class='ocrx_word' id='word_1_39' title='bbox 886 564 1127 633; x_wconf 78' lang='lat' dir='ltr'><strong>judicent</strong></span> <span class='ocrx_word' id='word_1_40' title='bbox 1166 573 1220 619; x_wconf 92' lang='lat' dir='ltr'><strong>et</strong></span> <span class='ocrx_word' id='word_1_41' title='bbox 1252 563 1482 618; x_wconf 91' lang='lat' dir='ltr'><strong>ultorem</strong></span> <span class='ocrx_word' id='word_1_42' title='bbox 1512 562 1754 616; x_wconf 91' lang='lat' dir='ltr'><strong>omnium</strong></span> 
     </span>
    </p>
   </div>
   <div class='ocr_carea' id='block_1_7' title="bbox 169 655 1757 729">
    <p class='ocr_par' dir='ltr' id='par_1_7' title="bbox 169 655 1757 729">
     <span class='ocr_line' id='line_1_7' title="bbox 169 655 1757 729; baseline -0.002 -18"><span class='ocrx_word' id='word_1_43' title='bbox 169 673 289 729; x_wconf 66' lang='lat' dir='ltr'><strong>quae</strong></span> <span class='ocrx_word' id='word_1_44' title='bbox 320 657 508 727; x_wconf 89' lang='lat' dir='ltr'><strong>inique</strong></span> <span class='ocrx_word' id='word_1_45' title='bbox 534 668 795 727; x_wconf 90' lang='lat' dir='ltr'><strong>geruntur</strong></span> <span class='ocrx_word' id='word_1_46' title='bbox 822 657 875 711; x_wconf 90' lang='lat' dir='ltr'><strong>in</strong></span> <span class='ocrx_word' id='word_1_47' title='bbox 905 656 1007 712; x_wconf 91' lang='lat' dir='ltr'><strong>hoc</strong></span> <span class='ocrx_word' id='word_1_48' title='bbox 1033 658 1234 711; x_wconf 91' lang='lat' dir='ltr'><strong>mundo</strong></span> <span class='ocrx_word' id='word_1_49' title='bbox 1264 655 1535 725; x_wconf 85' lang='lat' dir='ltr'><strong>possimus</strong></span> <span class='ocrx_word' id='word_1_50' title='bbox 1564 656 1757 709; x_wconf 91' lang='lat' dir='ltr'><strong>adver-</strong></span> 
     </span>
    </p>
   </div>
   <div class='ocr_carea' id='block_1_8' title="bbox 172 750 1753 817">
    <p class='ocr_par' dir='ltr' id='par_1_8' title="bbox 172 750 1753 817">
     <span class='ocr_line' id='line_1_8' title="bbox 172 750 1753 817; baseline -0.003 -12"><span class='ocrx_word' id='word_1_51' title='bbox 172 762 307 817; x_wconf 89' lang='lat' dir='ltr'><strong>tere,</strong></span> <span class='ocrx_word' id='word_1_52' title='bbox 338 759 394 807; x_wconf 91' lang='lat' dir='ltr'><strong>et</strong></span> <span class='ocrx_word' id='word_1_53' title='bbox 420 751 801 806; x_wconf 85' lang='lat' dir='ltr'><strong>retributorem</strong></span> <span class='ocrx_word' id='word_1_54' title='bbox 844 750 1148 806; x_wconf 87' lang='lat' dir='ltr'><strong>terribilem</strong></span> <span class='ocrx_word' id='word_1_55' title='bbox 1194 758 1411 803; x_wconf 84' lang='lat' dir='ltr'><strong>actuum</strong></span> <span class='ocrx_word' id='word_1_56' title='bbox 1444 756 1753 802; x_wconf 89' lang='lat' dir='ltr'><strong>nostrorum</strong></span> 
     </span>
    </p>
   </div>
   <div class='ocr_carea' id='block_1_9' title="bbox 172 840 1754 911">
    <p class='ocr_par' dir='ltr' id='par_1_9' title="bbox 172 840 1754 911">
     <span class='ocr_line' id='line_1_9' title="bbox 172 840 1754 911; baseline -0.001 -16"><span class='ocrx_word' id='word_1_57' title='bbox 172 842 253 896; x_wconf 88' lang='lat' dir='ltr'><strong>his</strong></span> <span class='ocrx_word' id='word_1_58' title='bbox 300 841 583 897; x_wconf 85' lang='lat' dir='ltr'><strong>verborum</strong></span> <span class='ocrx_word' id='word_1_59' title='bbox 612 842 1098 911; x_wconf 84' lang='lat' dir='ltr'><strong>signiﬁcationibus</strong></span> <span class='ocrx_word' id='word_1_60' title='bbox 1145 840 1525 907; x_wconf 80' lang='lat' dir='ltr'><strong>formidantes,</strong></span> <span class='ocrx_word' id='word_1_61' title='bbox 1567 848 1754 893; x_wconf 88' lang='lat' dir='ltr'><strong>contra</strong></span> 
     </span>
    </p>
   </div>
   <div class='ocr_carea' id='block_1_10' title="bbox 171 933 1756 1006">
    <p class='ocr_par' dir='ltr' id='par_1_10' title="bbox 171 933 1756 1006">
     <span class='ocr_line' id='line_1_10' title="bbox 171 933 1756 1006; baseline -0.001 -16"><span class='ocrx_word' id='word_1_62' title='bbox 171 935 316 991; x_wconf 91' lang='lat' dir='ltr'><strong>illius</strong></span> <span class='ocrx_word' id='word_1_63' title='bbox 344 937 675 992; x_wconf 82' lang='lat' dir='ltr'><strong>voluntatem</strong></span> <span class='ocrx_word' id='word_1_64' title='bbox 693 937 980 991; x_wconf 85' lang='lat' dir='ltr'><strong>timeamus</strong></span> <span class='ocrx_word' id='word_1_65' title='bbox 992 936 1286 1006; x_wconf 89' lang='lat' dir='ltr'><strong>quidquam</strong></span> <span class='ocrx_word' id='word_1_66' title='bbox 1304 933 1617 989; x_wconf 87' lang='lat' dir='ltr'><strong>admittere.</strong></span> <span class='ocrx_word' id='word_1_67' title='bbox 1636 933 1756 988; x_wconf 87' lang='lat' dir='ltr'><strong>Illos</strong></span> 
     </span>
    </p>
   </div>
   <div class='ocr_carea' id='block_1_11' title="bbox 168 1025 1755 1095">
    <p class='ocr_par' dir='ltr' id='par_1_11' title="bbox 168 1025 1755 1095">
     <span class='ocr_line' id='line_1_11' title="bbox 168 1025 1755 1095; baseline 0 -14"><span class='ocrx_word' id='word_1_68' title='bbox 168 1028 361 1083; x_wconf 90' lang='lat' dir='ltr'><strong>etenim</strong></span> <span class='ocrx_word' id='word_1_69' title='bbox 382 1030 569 1084; x_wconf 91' lang='lat' dir='ltr'><strong>timere</strong></span> <span class='ocrx_word' id='word_1_70' title='bbox 580 1030 860 1084; x_wconf 86' lang='lat' dir='ltr'><strong>consuevit</strong></span> <span class='ocrx_word' id='word_1_71' title='bbox 874 1029 1105 1083; x_wconf 90' lang='lat' dir='ltr'><strong>humana</strong></span> <span class='ocrx_word' id='word_1_72' title='bbox 1120 1037 1477 1095; x_wconf 88' lang='lat' dir='ltr'><strong>natura,quos</strong></span> <span class='ocrx_word' id='word_1_73' title='bbox 1490 1025 1702 1095; x_wconf 90' lang='lat' dir='ltr'><strong>indigna</strong></span> <span class='ocrx_word' id='word_1_74' title='bbox 1712 1027 1755 1081; x_wconf 91' lang='lat' dir='ltr'><strong>ri</strong></span> 
     </span>
    </p>
   </div>
   <div class='ocr_carea' id='block_1_12' title="bbox 165 1118 1754 1187">
    <p class='ocr_par' dir='ltr' id='par_1_12' title="bbox 165 1118 1754 1187">
     <span class='ocr_line' id='line_1_12' title="bbox 165 1118 1754 1187; baseline -0.001 -13"><span class='ocrx_word' id='word_1_75' title='bbox 165 1120 311 1174; x_wconf 91' lang='lat' dir='ltr'><strong>novit</strong></span> <span class='ocrx_word' id='word_1_76' title='bbox 341 1129 396 1174; x_wconf 87' lang='lat' dir='ltr'><strong>et</strong></span> <span class='ocrx_word' id='word_1_77' title='bbox 425 1131 647 1176; x_wconf 90' lang='lat' dir='ltr'><strong>veretur</strong></span> <span class='ocrx_word' id='word_1_78' title='bbox 674 1120 981 1185; x_wconf 81' lang='lat' dir='ltr'><strong>offendere;</strong></span> <span class='ocrx_word' id='word_1_79' title='bbox 1015 1129 1072 1174; x_wconf 92' lang='lat' dir='ltr'><strong>ut</strong></span> <span class='ocrx_word' id='word_1_80' title='bbox 1103 1121 1155 1173; x_wconf 92' lang='lat' dir='ltr'><strong>in</strong></span> <span class='ocrx_word' id='word_1_81' title='bbox 1186 1119 1468 1174; x_wconf 88' lang='lat' dir='ltr'><strong>nonnullis</strong></span> <span class='ocrx_word' id='word_1_82' title='bbox 1509 1118 1754 1187; x_wconf 69' lang='lat' dir='ltr'><strong>aequissi-</strong></span> 
     </span>
    </p>
   </div>
   <div class='ocr_carea' id='block_1_13' title="bbox 161 1212 1753 1283">
    <p class='ocr_par' dir='ltr' id='par_1_13' title="bbox 161 1212 1753 1283">
     <span class='ocr_line' id='line_1_13' title="bbox 161 1212 1753 1283; baseline 0 -18"><span class='ocrx_word' id='word_1_83' title='bbox 161 1213 261 1266; x_wconf 91' lang='lat' dir='ltr'><strong>mis</strong></span> <span class='ocrx_word' id='word_1_84' title='bbox 289 1212 564 1280; x_wconf 89' lang='lat' dir='ltr'><strong>judicibus</strong></span> <span class='ocrx_word' id='word_1_85' title='bbox 586 1214 725 1268; x_wconf 84' lang='lat' dir='ltr'><strong>solet</strong></span> <span class='ocrx_word' id='word_1_86' title='bbox 752 1213 821 1267; x_wconf 89' lang='lat' dir='ltr'><strong>ab</strong></span> <span class='ocrx_word' id='word_1_87' title='bbox 854 1213 939 1267; x_wconf 89' lang='lat' dir='ltr'><strong>his</strong></span> <span class='ocrx_word' id='word_1_88' title='bbox 964 1214 1054 1283; x_wconf 88' lang='lat' dir='ltr'><strong>qui</strong></span> <span class='ocrx_word' id='word_1_89' title='bbox 1084 1213 1266 1282; x_wconf 84' lang='lat' dir='ltr'><strong>aliquo</strong></span> <span class='ocrx_word' id='word_1_90' title='bbox 1299 1222 1455 1265; x_wconf 88' lang='lat' dir='ltr'><strong>reatu</strong></span> <span class='ocrx_word' id='word_1_91' title='bbox 1482 1225 1595 1265; x_wconf 82' lang='lat' dir='ltr'><strong>suae</strong></span> <span class='ocrx_word' id='word_1_92' title='bbox 1618 1225 1753 1266; x_wconf 91' lang='lat' dir='ltr'><strong>con-</strong></span> 
     </span>
    </p>
   </div>
   <div class='ocr_carea' id='block_1_14' title="bbox 161 1302 1755 1369">
    <p class='ocr_par' dir='ltr' id='par_1_14' title="bbox 161 1302 1755 1369">
     <span class='ocr_line' id='line_1_14' title="bbox 161 1302 1755 1369; baseline -0.001 -10"><span class='ocrx_word' id='word_1_93' title='bbox 161 1305 405 1359; x_wconf 66' lang='lat' dir='ltr'><strong>scientiae</strong></span> <span class='ocrx_word' id='word_1_94' title='bbox 434 1304 839 1369; x_wconf 90' lang='lat' dir='ltr'><strong>remordentur,</strong></span> <span class='ocrx_word' id='word_1_95' title='bbox 874 1306 951 1359; x_wconf 91' lang='lat' dir='ltr'><strong>ira</strong></span> <span class='ocrx_word' id='word_1_96' title='bbox 977 1305 1139 1359; x_wconf 81' lang='lat' dir='ltr'><strong>ultrix</strong></span> <span class='ocrx_word' id='word_1_97' title='bbox 1164 1304 1343 1358; x_wconf 87' lang='lat' dir='ltr'><strong>timeri</strong></span> <span class='ocrx_word' id='word_1_98' title='bbox 1377 1321 1390 1356; x_wconf 88' lang='lat'><strong>:</strong></span> <span class='ocrx_word' id='word_1_99' title='bbox 1420 1317 1525 1357; x_wconf 93' lang='lat' dir='ltr'><strong>non</strong></span> <span class='ocrx_word' id='word_1_100' title='bbox 1549 1302 1755 1357; x_wconf 89' lang='lat' dir='ltr'><strong>scilicet</strong></span> 
     </span>
    </p>
   </div>
   <div class='ocr_carea' id='block_1_15' title="bbox 160 1396 1751 1465">
    <p class='ocr_par' dir='ltr' id='par_1_15' title="bbox 160 1396 1751 1465">
     <span class='ocr_line' id='line_1_15' title="bbox 160 1396 1751 1465; baseline 0.001 -17"><span class='ocrx_word' id='word_1_101' title='bbox 160 1396 302 1465; x_wconf 87' lang='lat' dir='ltr'><strong>quod</strong></span> <span class='ocrx_word' id='word_1_102' title='bbox 338 1396 453 1451; x_wconf 70' lang='lat' dir='ltr'><strong>hate</strong></span> <span class='ocrx_word' id='word_1_103' title='bbox 493 1398 544 1451; x_wconf 92' lang='lat' dir='ltr'><strong>in</strong></span> <span class='ocrx_word' id='word_1_104' title='bbox 575 1397 770 1451; x_wconf 89' lang='lat' dir='ltr'><strong>animis</strong></span> <span class='ocrx_word' id='word_1_105' title='bbox 801 1412 988 1451; x_wconf 87' lang='lat' dir='ltr'><strong>eorum</strong></span> <span class='ocrx_word' id='word_1_106' title='bbox 1019 1397 1108 1465; x_wconf 88' lang='lat' dir='ltr'><strong>qui</strong></span> <span class='ocrx_word' id='word_1_107' title='bbox 1131 1397 1279 1465; x_wconf 88' lang='lat' dir='ltr'><strong>juste</strong></span> <span class='ocrx_word' id='word_1_108' title='bbox 1304 1396 1600 1464; x_wconf 74' lang='lat' dir='ltr'><strong>iudicaturi</strong></span> <span class='ocrx_word' id='word_1_109' title='bbox 1631 1405 1751 1450; x_wconf 91' lang='lat' dir='ltr'><strong>sunt</strong></span> 
     </span>
    </p>
   </div>
   <div class='ocr_carea' id='block_1_16' title="bbox 159 1488 1752 1558">
    <p class='ocr_par' dir='ltr' id='par_1_16' title="bbox 159 1488 1752 1558">
     <span class='ocr_line' id='line_1_16' title="bbox 159 1488 1752 1558; baseline 0 -15"><span class='ocrx_word' id='word_1_110' title='bbox 159 1489 500 1558; x_wconf 78' lang='lat' dir='ltr'><strong>perturbatio</strong></span> <span class='ocrx_word' id='word_1_111' title='bbox 530 1490 819 1554; x_wconf 87' lang='lat' dir='ltr'><strong>consistat,</strong></span> <span class='ocrx_word' id='word_1_112' title='bbox 858 1489 955 1544; x_wconf 85' lang='lat' dir='ltr'><strong>sed</strong></span> <span class='ocrx_word' id='word_1_113' title='bbox 985 1488 1128 1558; x_wconf 93' lang='lat' dir='ltr'><strong>quod</strong></span> <span class='ocrx_word' id='word_1_114' title='bbox 1163 1488 1238 1541; x_wconf 87' lang='lat' dir='ltr'><strong>ita</strong></span> <span class='ocrx_word' id='word_1_115' title='bbox 1269 1488 1632 1543; x_wconf 85' lang='lat' dir='ltr'><strong>metuentibus</strong></span> <span class='ocrx_word' id='word_1_116' title='bbox 1662 1488 1752 1543; x_wconf 86' lang='lat' dir='ltr'><strong>ille</strong></span> 
     </span>
    </p>
   </div>
   <div class='ocr_carea' id='block_1_17' title="bbox 158 1581 1749 1652">
    <p class='ocr_par' dir='ltr' id='par_1_17' title="bbox 158 1581 1749 1652">
     <span class='ocr_line' id='line_1_17' title="bbox 158 1581 1749 1652; baseline -0.001 -17"><span class='ocrx_word' id='word_1_117' title='bbox 158 1583 428 1636; x_wconf 80' lang='lat' dir='ltr'><strong>sentiatur</strong></span> <span class='ocrx_word' id='word_1_118' title='bbox 454 1582 677 1635; x_wconf 85' lang='lat' dir='ltr'><strong>affectus</strong></span> <span class='ocrx_word' id='word_1_119' title='bbox 716 1583 806 1650; x_wconf 91' lang='lat' dir='ltr'><strong>qui</strong></span> <span class='ocrx_word' id='word_1_120' title='bbox 834 1597 932 1652; x_wconf 86' lang='lat' dir='ltr'><strong>pro</strong></span> <span class='ocrx_word' id='word_1_121' title='bbox 957 1582 1308 1636; x_wconf 84' lang='lat' dir='ltr'><strong>exsecutione</strong></span> <span class='ocrx_word' id='word_1_122' title='bbox 1334 1581 1507 1649; x_wconf 88' lang='lat' dir='ltr'><strong>legum</strong></span> <span class='ocrx_word' id='word_1_123' title='bbox 1538 1590 1592 1635; x_wconf 92' lang='lat' dir='ltr'><strong>ct</strong></span> <span class='ocrx_word' id='word_1_124' title='bbox 1619 1596 1749 1634; x_wconf 81' lang='lat' dir='ltr'><strong>exa-</strong></span> 
     </span>
    </p>
   </div>
   <div class='ocr_carea' id='block_1_18' title="bbox 150 1672 1749 1743">
    <p class='ocr_par' dir='ltr' id='par_1_18' title="bbox 150 1672 1749 1743">
     <span class='ocr_line' id='line_1_18' title="bbox 150 1672 1749 1743; baseline -0.001 -15"><span class='ocrx_word' id='word_1_125' title='bbox 150 1676 454 1728; x_wconf 88' lang='lat' dir='ltr'><strong>minatione</strong></span> <span class='ocrx_word' id='word_1_126' title='bbox 484 1673 707 1742; x_wconf 74' lang='lat' dir='ltr'><strong>iustitiae.</strong></span> <span class='ocrx_word' id='word_1_127' title='bbox 737 1684 791 1728; x_wconf 89' lang='lat' dir='ltr'><strong>et</strong></span> <span class='ocrx_word' id='word_1_128' title='bbox 827 1673 1259 1743; x_wconf 67' lang='lat' dir='ltr'><strong>aaquilibratione</strong></span> <span class='ocrx_word' id='word_1_129' title='bbox 1302 1672 1566 1739; x_wconf 88' lang='lat' dir='ltr'><strong>procedit.</strong></span> <span class='ocrx_word' id='word_1_130' title='bbox 1617 1672 1749 1741; x_wconf 65' lang='lat' dir='ltr'><strong>Quae</strong></span> 
     </span>
    </p>
   </div>
   <div class='ocr_carea' id='block_1_19' title="bbox 1865 470 3454 543">
    <p class='ocr_par' dir='ltr' id='par_1_19' title="bbox 1865 470 3454 543">
     <span class='ocr_line' id='line_1_19' title="bbox 1865 470 3454 543; baseline 0.008 -18"><span class='ocrx_word' id='word_1_131' title='bbox 1865 470 2106 540; x_wconf 91' lang='lat' dir='ltr'><strong>Longum</strong></span> <span class='ocrx_word' id='word_1_132' title='bbox 2148 481 2253 539; x_wconf 90' lang='lat' dir='ltr'><strong>est,</strong></span> <span class='ocrx_word' id='word_1_133' title='bbox 2302 486 2402 526; x_wconf 89' lang='lat' dir='ltr'><strong>nec</strong></span> <span class='ocrx_word' id='word_1_134' title='bbox 2440 474 2724 542; x_wconf 84' lang='lat' dir='ltr'><strong>praesentis</strong></span> <span class='ocrx_word' id='word_1_135' title='bbox 2772 474 2974 543; x_wconf 90' lang='lat' dir='ltr'><strong>operis,</strong></span> <span class='ocrx_word' id='word_1_136' title='bbox 3027 474 3077 531; x_wconf 87' lang='lat' dir='ltr'><strong>si</strong></span> <span class='ocrx_word' id='word_1_137' title='bbox 3124 478 3454 539; x_wconf 80' lang='lat' dir='ltr'><strong>voluerimus</strong></span> 
     </span>
    </p>
   </div>
   <div class='ocr_carea' id='block_1_20' title="bbox 1862 563 3453 639">
    <p class='ocr_par' dir='ltr' id='par_1_20' title="bbox 1862 563 3453 639">
     <span class='ocr_line' id='line_1_20' title="bbox 1862 563 3453 639; baseline 0.005 -20"><span class='ocrx_word' id='word_1_138' title='bbox 1862 564 2041 620; x_wconf 85' lang='lat' dir='ltr'><strong>omnia</strong></span> <span class='ocrx_word' id='word_1_139' title='bbox 2071 579 2193 633; x_wconf 82' lang='lat' dir='ltr'><strong>quae</strong></span> <span class='ocrx_word' id='word_1_140' title='bbox 2219 564 2288 618; x_wconf 92' lang='lat' dir='ltr'><strong>de</strong></span> <span class='ocrx_word' id='word_1_141' title='bbox 2319 563 2429 619; x_wconf 90' lang='lat' dir='ltr'><strong>Deo</strong></span> <span class='ocrx_word' id='word_1_142' title='bbox 2457 563 2691 619; x_wconf 89' lang='lat' dir='ltr'><strong>humana</strong></span> <span class='ocrx_word' id='word_1_143' title='bbox 2729 565 3123 635; x_wconf 81' lang='lat' dir='ltr'><strong>signiﬁcatione</strong></span> <span class='ocrx_word' id='word_1_144' title='bbox 3154 570 3453 639; x_wconf 86' lang='lat' dir='ltr'><strong>ﬁguraliter</strong></span> 
     </span>
    </p>
   </div>
   <div class='ocr_carea' id='block_1_21' title="bbox 1859 654 3452 731">
    <p class='ocr_par' dir='ltr' id='par_1_21' title="bbox 1859 654 3452 731">
     <span class='ocr_line' id='line_1_21' title="bbox 1859 654 3452 731; baseline 0.006 -22"><span class='ocrx_word' id='word_1_145' title='bbox 1859 654 1915 709; x_wconf 90' lang='lat' dir='ltr'><strong>in</strong></span> <span class='ocrx_word' id='word_1_146' title='bbox 1945 654 2240 723; x_wconf 90' lang='lat' dir='ltr'><strong>Scripturis</strong></span> <span class='ocrx_word' id='word_1_147' title='bbox 2268 654 2410 709; x_wconf 90' lang='lat' dir='ltr'><strong>dicta</strong></span> <span class='ocrx_word' id='word_1_148' title='bbox 2438 664 2583 722; x_wconf 89' lang='lat' dir='ltr'><strong>sunt,</strong></span> <span class='ocrx_word' id='word_1_149' title='bbox 2609 658 2924 725; x_wconf 83' lang='lat' dir='ltr'><strong>explanare.</strong></span> <span class='ocrx_word' id='word_1_150' title='bbox 2954 659 3081 714; x_wconf 86' lang='lat' dir='ltr'><strong>Haec</strong></span> <span class='ocrx_word' id='word_1_151' title='bbox 3110 661 3176 715; x_wconf 89' lang='lat' dir='ltr'><strong>ad</strong></span> <span class='ocrx_word' id='word_1_152' title='bbox 3210 675 3452 731; x_wconf 70' lang='lat' dir='ltr'><strong>praesen-</strong></span> 
     </span>
    </p>
   </div>
   <div class='ocr_carea' id='block_1_22' title="bbox 1860 748 3453 824">
    <p class='ocr_par' dir='ltr' id='par_1_22' title="bbox 1860 748 3453 824">
     <span class='ocr_line' id='line_1_22' title="bbox 1860 748 3453 824; baseline 0.007 -24"><span class='ocrx_word' id='word_1_153' title='bbox 1860 755 1968 802; x_wconf 91' lang='lat' dir='ltr'><strong>tem</strong></span> <span class='ocrx_word' id='word_1_154' title='bbox 1999 748 2403 813; x_wconf 87' lang='lat' dir='ltr'><strong>necessitatem,</strong></span> <span class='ocrx_word' id='word_1_155' title='bbox 2446 763 2565 817; x_wconf 69' lang='lat' dir='ltr'><strong>quae</strong></span> <span class='ocrx_word' id='word_1_156' title='bbox 2602 758 2791 803; x_wconf 89' lang='lat' dir='ltr'><strong>contra</strong></span> <span class='ocrx_word' id='word_1_157' title='bbox 2824 750 3024 806; x_wconf 91' lang='lat' dir='ltr'><strong>furoris</strong></span> <span class='ocrx_word' id='word_1_158' title='bbox 3055 754 3246 807; x_wconf 87' lang='lat' dir='ltr'><strong>vitium</strong></span> <span class='ocrx_word' id='word_1_159' title='bbox 3282 757 3453 824; x_wconf 78' lang='lat' dir='ltr'><strong>perti-</strong></span> 
     </span>
    </p>
   </div>
   <div class='ocr_carea' id='block_1_23' title="bbox 1858 838 3453 907">
    <p class='ocr_par' dir='ltr' id='par_1_23' title="bbox 1858 838 3453 907">
     <span class='ocr_line' id='line_1_23' title="bbox 1858 838 3453 907; baseline 0.007 -13"><span class='ocrx_word' id='word_1_160' title='bbox 1858 839 2083 903; x_wconf 88' lang='lat' dir='ltr'><strong>nebant,</strong></span> <span class='ocrx_word' id='word_1_161' title='bbox 2126 840 2333 895; x_wconf 78' lang='lat' dir='ltr'><strong>dixisse</strong></span> <span class='ocrx_word' id='word_1_162' title='bbox 2372 838 2626 907; x_wconf 79' lang='lat' dir='ltr'><strong>sufficiat,</strong></span> <span class='ocrx_word' id='word_1_163' title='bbox 2658 850 2717 896; x_wconf 90' lang='lat' dir='ltr'><strong>ut</strong></span> <span class='ocrx_word' id='word_1_164' title='bbox 2766 843 2947 898; x_wconf 90' lang='lat' dir='ltr'><strong>nullus</strong></span> <span class='ocrx_word' id='word_1_165' title='bbox 2996 844 3194 901; x_wconf 81' lang='lat' dir='ltr'><strong>exinde</strong></span> <span class='ocrx_word' id='word_1_166' title='bbox 3235 848 3453 905; x_wconf 81' lang='lat' dir='ltr'><strong>sibimet</strong></span> 
     </span>
    </p>
   </div>
   <div class='ocr_carea' id='block_1_24' title="bbox 1859 932 3451 1007">
    <p class='ocr_par' dir='ltr' id='par_1_24' title="bbox 1859 932 3451 1007">
     <span class='ocr_line' id='line_1_24' title="bbox 1859 932 3451 1007; baseline 0.004 -20"><span class='ocrx_word' id='word_1_167' title='bbox 1859 934 2200 987; x_wconf 87' lang='lat' dir='ltr'><strong>occasionem</strong></span> <span class='ocrx_word' id='word_1_168' title='bbox 2232 932 2405 987; x_wconf 88' lang='lat' dir='ltr'><strong>morbi</strong></span> <span class='ocrx_word' id='word_1_169' title='bbox 2433 934 2733 1003; x_wconf 89' lang='lat' dir='ltr'><strong>mortisque</strong></span> <span class='ocrx_word' id='word_1_170' title='bbox 2764 945 3039 1004; x_wconf 82' lang='lat' dir='ltr'><strong>perpetuae</strong></span> <span class='ocrx_word' id='word_1_171' title='bbox 3068 952 3166 1004; x_wconf 91' lang='lat' dir='ltr'><strong>per</strong></span> <span class='ocrx_word' id='word_1_172' title='bbox 3191 939 3451 1007; x_wconf 82' lang='lat' dir='ltr'><strong>ignoran-</strong></span> 
     </span>
    </p>
   </div>
   <div class='ocr_carea' id='block_1_25' title="bbox 1856 1022 3450 1092">
    <p class='ocr_par' dir='ltr' id='par_1_25' title="bbox 1856 1022 3450 1092">
     <span class='ocr_line' id='line_1_25' title="bbox 1856 1022 3450 1092; baseline 0.006 -15"><span class='ocrx_word' id='word_1_173' title='bbox 1856 1024 1987 1078; x_wconf 87' lang='lat' dir='ltr'><strong>tiam</strong></span> <span class='ocrx_word' id='word_1_174' title='bbox 2019 1022 2198 1078; x_wconf 86' lang='lat' dir='ltr'><strong>trahat</strong></span> <span class='ocrx_word' id='word_1_175' title='bbox 2228 1023 2370 1078; x_wconf 90' lang='lat' dir='ltr'><strong>uude</strong></span> <span class='ocrx_word' id='word_1_176' title='bbox 2400 1025 2659 1079; x_wconf 87' lang='lat' dir='ltr'><strong>sanctitas</strong></span> <span class='ocrx_word' id='word_1_177' title='bbox 2693 1036 2747 1079; x_wconf 92' lang='lat' dir='ltr'><strong>et</strong></span> <span class='ocrx_word' id='word_1_178' title='bbox 2778 1024 3162 1083; x_wconf 85' lang='lat' dir='ltr'><strong>immortalitas</strong></span> <span class='ocrx_word' id='word_1_179' title='bbox 3203 1031 3331 1084; x_wconf 65' lang='lat' dir='ltr'><strong>vitae</strong></span> <span class='ocrx_word' id='word_1_180' title='bbox 3358 1046 3450 1092; x_wconf 50' lang='lat' dir='ltr'><strong>sae</strong></span> 
     </span>
    </p>
   </div>
   <div class='ocr_carea' id='block_1_26' title="bbox 1858 1112 2797 1183">
    <p class='ocr_par' dir='ltr' id='par_1_26' title="bbox 1858 1112 2797 1183">
     <span class='ocr_line' id='line_1_26' title="bbox 1858 1112 2797 1183; baseline 0.001 -17"><span class='ocrx_word' id='word_1_181' title='bbox 1858 1112 2088 1183; x_wconf 89' lang='lat' dir='ltr'><strong>lutisque</strong></span> <span class='ocrx_word' id='word_1_182' title='bbox 2111 1114 2351 1169; x_wconf 86' lang='lat' dir='ltr'><strong>remedia</strong></span> <span class='ocrx_word' id='word_1_183' title='bbox 2380 1115 2797 1183; x_wconf 89' lang='lat' dir='ltr'><strong>conquiruntur.</strong></span> 
     </span>
    </p>
   </div>
   <div class='ocr_carea' id='block_1_27' title="bbox 2478 1205 2811 1262">
    <p class='ocr_par' dir='ltr' id='par_1_27' title="bbox 2478 1205 2811 1262">
     <span class='ocr_line' id='line_1_27' title="bbox 2478 1205 2811 1262; baseline -0.003 -1"><span class='ocrx_word' id='word_1_184' title='bbox 2478 1205 2705 1261; x_wconf 83' lang='lat' dir='ltr'><strong>CAPUT</strong></span> <span class='ocrx_word' id='word_1_185' title='bbox 2752 1206 2811 1262; x_wconf 86' lang='lat' dir='ltr'><strong>V.</strong></span> 
     </span>
    </p>
   </div>
   <div class='ocr_carea' id='block_1_28' title="bbox 1982 1296 3296 1377">
    <p class='ocr_par' dir='ltr' id='par_1_28' title="bbox 1982 1296 3296 1377">
     <span class='ocr_line' id='line_1_28' title="bbox 1982 1296 3296 1377; baseline 0.006 -26"><span class='ocrx_word' id='word_1_186' title='bbox 1982 1296 2163 1377; x_wconf 20' lang='lat' dir='ltr'><strong>[Cujus</strong></span> <span class='ocrx_word' id='word_1_187' title='bbox 2190 1298 2511 1369; x_wconf 81' lang='lat' dir='ltr'><strong>placiditatis</strong></span> <span class='ocrx_word' id='word_1_188' title='bbox 2538 1299 2849 1353; x_wconf 89' lang='lat' dir='ltr'><strong>monachum</strong></span> <span class='ocrx_word' id='word_1_189' title='bbox 2873 1317 2985 1356; x_wconf 85' lang='lat' dir='ltr'><strong>esse</strong></span> <span class='ocrx_word' id='word_1_190' title='bbox 3012 1305 3296 1361; x_wconf 79' lang='lat' dir='ltr'><strong>conveniat.</strong></span> 
     </span>
    </p>
   </div>
   <div class='ocr_carea' id='block_1_29' title="bbox 1925 1392 3448 1470">
    <p class='ocr_par' dir='ltr' id='par_1_29' title="bbox 1925 1392 3448 1470">
     <span class='ocr_line' id='line_1_29' title="bbox 1925 1392 3448 1470; baseline 0.005 -23"><span class='ocrx_word' id='word_1_191' title='bbox 1925 1393 2110 1463; x_wconf 87' lang='lat' dir='ltr'><strong>Itaque</strong></span> <span class='ocrx_word' id='word_1_192' title='bbox 2133 1392 2433 1460; x_wconf 83' lang='lat' dir='ltr'><strong>monachus</strong></span> <span class='ocrx_word' id='word_1_193' title='bbox 2458 1392 2525 1447; x_wconf 90' lang='lat' dir='ltr'><strong>ad</strong></span> <span class='ocrx_word' id='word_1_194' title='bbox 2551 1394 2939 1461; x_wconf 86' lang='lat' dir='ltr'><strong>perfectionem</strong></span> <span class='ocrx_word' id='word_1_195' title='bbox 2965 1396 3211 1459; x_wconf 85' lang='lat' dir='ltr'><strong>tendens.</strong></span> <span class='ocrx_word' id='word_1_196' title='bbox 3239 1408 3293 1453; x_wconf 92' lang='lat' dir='ltr'><strong>et</strong></span> <span class='ocrx_word' id='word_1_197' title='bbox 3315 1413 3448 1470; x_wconf 86' lang='lat' dir='ltr'><strong>ago-</strong></span> 
     </span>
    </p>
   </div>
   <div class='ocr_carea' id='block_1_30' title="bbox 1853 1485 3446 1556">
    <p class='ocr_par' dir='ltr' id='par_1_30' title="bbox 1853 1485 3446 1556">
     <span class='ocr_line' id='line_1_30' title="bbox 1853 1485 3446 1556; baseline 0.006 -15"><span class='ocrx_word' id='word_1_198' title='bbox 1853 1501 1978 1542; x_wconf 87' lang='lat' dir='ltr'><strong>nem</strong></span> <span class='ocrx_word' id='word_1_199' title='bbox 2009 1486 2311 1554; x_wconf 80' lang='lat' dir='ltr'><strong>Spiritalem</strong></span> <span class='ocrx_word' id='word_1_200' title='bbox 2343 1485 2584 1555; x_wconf 78' lang='lat' dir='ltr'><strong>legitime</strong></span> <span class='ocrx_word' id='word_1_201' title='bbox 2614 1486 2839 1556; x_wconf 91' lang='lat' dir='ltr'><strong>cupiens</strong></span> <span class='ocrx_word' id='word_1_202' title='bbox 2865 1486 3169 1555; x_wconf 90' lang='lat' dir='ltr'><strong>decertare,</strong></span> <span class='ocrx_word' id='word_1_203' title='bbox 3202 1491 3269 1545; x_wconf 91' lang='lat' dir='ltr'><strong>ab</strong></span> <span class='ocrx_word' id='word_1_204' title='bbox 3297 1493 3446 1552; x_wconf 87' lang='lat' dir='ltr'><strong>omni</strong></span> 
     </span>
    </p>
   </div>
   <div class='ocr_carea' id='block_1_31' title="bbox 1854 1576 3446 1654">
    <p class='ocr_par' dir='ltr' id='par_1_31' title="bbox 1854 1576 3446 1654">
     <span class='ocr_line' id='line_1_31' title="bbox 1854 1576 3446 1654; baseline 0.005 -21"><span class='ocrx_word' id='word_1_205' title='bbox 1854 1579 1949 1633; x_wconf 65' lang='lat' dir='ltr'><strong>ira:</strong></span> <span class='ocrx_word' id='word_1_206' title='bbox 1980 1578 2288 1647; x_wconf 82' lang='lat' dir='ltr'><strong>furorisque</strong></span> <span class='ocrx_word' id='word_1_207' title='bbox 2317 1577 2452 1630; x_wconf 88' lang='lat' dir='ltr'><strong>vitio</strong></span> <span class='ocrx_word' id='word_1_208' title='bbox 2481 1576 2689 1631; x_wconf 88' lang='lat' dir='ltr'><strong>alienus</strong></span> <span class='ocrx_word' id='word_1_209' title='bbox 2735 1579 2955 1649; x_wconf 80' lang='lat' dir='ltr'><strong>exiSIat,</strong></span> <span class='ocrx_word' id='word_1_210' title='bbox 3004 1590 3057 1634; x_wconf 91' lang='lat' dir='ltr'><strong>et</strong></span> <span class='ocrx_word' id='word_1_211' title='bbox 3090 1582 3273 1637; x_wconf 88' lang='lat' dir='ltr'><strong>audiat</strong></span> <span class='ocrx_word' id='word_1_212' title='bbox 3318 1585 3446 1654; x_wconf 90' lang='lat' dir='ltr'><strong>quid</strong></span> 
     </span>
    </p>
   </div>
   <div class='ocr_carea' id='block_1_32' title="bbox 1853 1669 3440 1746">
    <p class='ocr_par' dir='ltr' id='par_1_32' title="bbox 1853 1669 3440 1746">
     <span class='ocr_line' id='line_1_32' title="bbox 1853 1669 3440 1746; baseline 0.004 -21"><span class='ocrx_word' id='word_1_213' title='bbox 1853 1670 1957 1725; x_wconf 89' lang='lat' dir='ltr'><strong>sibi</strong></span> <span class='ocrx_word' id='word_1_214' title='bbox 1993 1670 2097 1724; x_wconf 87' lang='lat' dir='ltr'><strong>Vas</strong></span> <span class='ocrx_word' id='word_1_215' title='bbox 2125 1669 2408 1723; x_wconf 88' lang='lat' dir='ltr'><strong>electionis</strong></span> <span class='ocrx_word' id='word_1_216' title='bbox 2444 1669 2723 1739; x_wconf 62' lang='lat' dir='ltr'><strong>principiat</strong></span> <span class='ocrx_word' id='word_1_217' title='bbox 2758 1688 2770 1722; x_wconf 88' lang='lat'>:</span> <span class='ocrx_word' id='word_1_218' title='bbox 2807 1680 2831 1706; x_wconf 71' lang='grc' dir='ltr'><strong>εί</strong></span> <span class='ocrx_word' id='word_1_219' title='bbox 2863 1670 3073 1738; x_wconf 88' lang='lat' dir='ltr'><strong>Omnis,</strong></span> <span class='ocrx_word' id='word_1_220' title='bbox 3108 1674 3302 1744; x_wconf 88' lang='lat' dir='ltr'><strong>inquit,</strong></span> <span class='ocrx_word' id='word_1_221' title='bbox 3337 1677 3440 1746; x_wconf 88' lang='lat' dir='ltr'><strong>ira,</strong></span> 
     </span>
    </p>
   </div>
   <div class='ocr_carea' id='block_1_33' title="bbox 153 1762 3437 1838">
    <p class='ocr_par' dir='ltr' id='par_1_33' title="bbox 153 1762 3437 1838">
     <span class='ocr_line' id='line_1_33' title="bbox 153 1762 3437 1838; baseline 0.002 -19"><span class='ocrx_word' id='word_1_222' title='bbox 153 1773 334 1820; x_wconf 77' lang='lat' dir='ltr'><strong>tamen</strong></span> <span class='ocrx_word' id='word_1_223' title='bbox 378 1764 713 1835; x_wconf 86' lang='lat' dir='ltr'><strong>quantalibet</strong></span> <span class='ocrx_word' id='word_1_224' title='bbox 743 1764 905 1819; x_wconf 87' lang='lat' dir='ltr'><strong>animi</strong></span> <span class='ocrx_word' id='word_1_225' title='bbox 942 1765 1104 1819; x_wconf 91' lang='lat' dir='ltr'><strong>fuerit</strong></span> <span class='ocrx_word' id='word_1_226' title='bbox 1133 1763 1541 1818; x_wconf 88' lang='lat' dir='ltr'><strong>mansuetudine</strong></span> <span class='ocrx_word' id='word_1_227' title='bbox 1571 1779 1634 1818; x_wconf 90' lang='lat' dir='ltr'><strong>ac</strong></span> <span class='ocrx_word' id='word_1_228' title='bbox 1665 1766 1744 1819; x_wconf 88' lang='lat' dir='ltr'><strong>le-</strong></span> <span class='ocrx_word' id='word_1_229' title='bbox 1776 1778 1825 1838; x_wconf 82' lang='grc' dir='ltr'>Β</span> <span class='ocrx_word' id='word_1_230' title='bbox 1850 1775 1905 1820; x_wconf 92' lang='lat' dir='ltr'><strong>et</strong></span> <span class='ocrx_word' id='word_1_231' title='bbox 1942 1764 2259 1833; x_wconf 87' lang='lat' dir='ltr'><strong>indignatio,</strong></span> <span class='ocrx_word' id='word_1_232' title='bbox 2300 1772 2355 1817; x_wconf 89' lang='lat' dir='ltr'><strong>et</strong></span> <span class='ocrx_word' id='word_1_233' title='bbox 2394 1762 2624 1831; x_wconf 91' lang='lat' dir='ltr'><strong>clamor,</strong></span> <span class='ocrx_word' id='word_1_234' title='bbox 2675 1774 2728 1818; x_wconf 91' lang='lat' dir='ltr'><strong>et</strong></span> <span class='ocrx_word' id='word_1_235' title='bbox 2773 1763 3108 1835; x_wconf 86' lang='lat' dir='ltr'><strong>blasphemia</strong></span> <span class='ocrx_word' id='word_1_236' title='bbox 3152 1770 3369 1826; x_wconf 85' lang='lat' dir='ltr'><strong>tollatur</strong></span> <span class='ocrx_word' id='word_1_237' title='bbox 3407 1792 3437 1832; x_wconf 82' lang='lat' dir='ltr'><strong>a</strong></span> 
     </span>
    </p>
   </div>
   <div class='ocr_carea' id='block_1_34' title="bbox 144 1858 1743 1929">
    <p class='ocr_par' dir='ltr' id='par_1_34' title="bbox 144 1858 1743 1929">
     <span class='ocr_line' id='line_1_34' title="bbox 144 1858 1743 1929; baseline -0.001 -16"><span class='ocrx_word' id='word_1_238' title='bbox 144 1859 325 1913; x_wconf 88' lang='lat' dir='ltr'><strong>nitate</strong></span> <span class='ocrx_word' id='word_1_239' title='bbox 347 1859 580 1929; x_wconf 89' lang='lat' dir='ltr'><strong>prolata,</strong></span> <span class='ocrx_word' id='word_1_240' title='bbox 615 1858 681 1913; x_wconf 88' lang='lat' dir='ltr'><strong>ab</strong></span> <span class='ocrx_word' id='word_1_241' title='bbox 713 1858 797 1913; x_wconf 91' lang='lat' dir='ltr'><strong>bis</strong></span> <span class='ocrx_word' id='word_1_242' title='bbox 830 1859 919 1928; x_wconf 91' lang='lat' dir='ltr'><strong>qui</strong></span> <span class='ocrx_word' id='word_1_243' title='bbox 952 1872 1050 1927; x_wconf 89' lang='lat' dir='ltr'><strong>pro</strong></span> <span class='ocrx_word' id='word_1_244' title='bbox 1080 1872 1178 1913; x_wconf 89' lang='lat' dir='ltr'><strong>suo</strong></span> <span class='ocrx_word' id='word_1_245' title='bbox 1218 1858 1409 1912; x_wconf 91' lang='lat' dir='ltr'><strong>merito</strong></span> <span class='ocrx_word' id='word_1_246' title='bbox 1440 1872 1598 1926; x_wconf 65' lang='lat' dir='ltr'><strong>paena</strong></span> <span class='ocrx_word' id='word_1_247' title='bbox 1630 1858 1743 1926; x_wconf 87' lang='lat' dir='ltr'><strong>ple-</strong></span> 
     </span>
    </p>
   </div>
   <div class='ocr_carea' id='block_1_35' title="bbox 1855 1856 3444 1938">
    <p class='ocr_par' dir='ltr' id='par_1_35' title="bbox 1855 1856 3444 1938">
     <span class='ocr_line' id='line_1_35' title="bbox 1855 1856 3444 1938; baseline 0.008 -27"><span class='ocrx_word' id='word_1_248' title='bbox 1855 1858 2011 1912; x_wconf 89' lang='lat' dir='ltr'><strong>vobis</strong></span> <span class='ocrx_word' id='word_1_249' title='bbox 2057 1872 2177 1911; x_wconf 89' lang='lat' dir='ltr'><strong>cum</strong></span> <span class='ocrx_word' id='word_1_250' title='bbox 2224 1856 2375 1911; x_wconf 92' lang='lat' dir='ltr'><strong>omni</strong></span> <span class='ocrx_word' id='word_1_251' title='bbox 2417 1856 2623 1911; x_wconf 91' lang='lat' dir='ltr'><strong>malitia</strong></span> <span class='ocrx_word' id='word_1_252' title='bbox 2661 1856 2894 1927; x_wconf 79' lang='lat' dir='ltr'><strong>(Ep/tes.</strong></span> <span class='ocrx_word' id='word_1_253' title='bbox 2936 1860 3042 1929; x_wconf 85' lang='lat' dir='ltr'><strong>1v).</strong></span> <span class='ocrx_word' id='word_1_254' title='bbox 3075 1858 3102 1898; x_wconf 65' lang='grc' dir='ltr'>δ</span> <span class='ocrx_word' id='word_1_255' title='bbox 3132 1861 3264 1919; x_wconf 86' lang='lat' dir='ltr'><strong>Cum</strong></span> <span class='ocrx_word' id='word_1_256' title='bbox 3294 1866 3444 1938; x_wconf 84' lang='lat' dir='ltr'><strong>dicit,</strong></span> 
     </span>
    </p>
   </div>
   <div class='ocr_carea' id='block_1_36' title="bbox 1233 1949 2377 2007">
    <p class='ocr_par' dir='ltr' id='par_1_36' title="bbox 1233 1949 2377 2007">
     <span class='ocr_line' id='line_1_36' title="bbox 1233 1949 2377 2007; baseline -0.001 -2"><span class='ocrx_word' id='word_1_257' title='bbox 1233 1949 1490 2005; x_wconf 78' lang='lat' dir='ltr'><strong>ALARDI</strong></span> <span class='ocrx_word' id='word_1_258' title='bbox 1528 1949 1765 2005; x_wconf 67' lang='lat' dir='ltr'><strong>GAZIEI</strong></span> <span class='ocrx_word' id='word_1_259' title='bbox 1803 1949 2377 2007; x_wconf 78' lang='lat' dir='ltr'><strong>COMMENTARIUS.</strong></span> 
     </span>
    </p>
   </div>
   <div class='ocr_carea' id='block_1_37' title="bbox 142 2045 1753 2113">
    <p class='ocr_par' dir='ltr' id='par_1_37' title="bbox 142 2045 1753 2113">
     <span class='ocr_line' id='line_1_37' title="bbox 142 2045 1753 2113; baseline 0 -15"><span class='ocrx_word' id='word_1_260' title='bbox 142 2046 421 2098; x_wconf 78' lang='lat' dir='ltr'><strong>moderata</strong></span> <span class='ocrx_word' id='word_1_261' title='bbox 446 2056 496 2097; x_wconf 90' lang='lat' dir='ltr'><strong>et</strong></span> <span class='ocrx_word' id='word_1_262' title='bbox 523 2045 760 2098; x_wconf 85' lang='lat' dir='ltr'><strong>ordinata</strong></span> <span class='ocrx_word' id='word_1_263' title='bbox 786 2052 904 2096; x_wconf 88' lang='lat' dir='ltr'><strong>sunt</strong></span> <span class='ocrx_word' id='word_1_264' title='bbox 929 2045 1139 2110; x_wconf 86' lang='lat' dir='ltr'><strong>omnia;</strong></span> <span class='ocrx_word' id='word_1_265' title='bbox 1166 2052 1214 2097; x_wconf 89' lang='lat' dir='ltr'><strong>et</strong></span> <span class='ocrx_word' id='word_1_266' title='bbox 1242 2060 1411 2112; x_wconf 76' lang='lat' dir='ltr'><strong>paena,</strong></span> <span class='ocrx_word' id='word_1_267' title='bbox 1439 2060 1543 2113; x_wconf 88' lang='lat' dir='ltr'><strong>qua</strong></span> <span class='ocrx_word' id='word_1_268' title='bbox 1571 2062 1753 2113; x_wconf 87' lang='lat' dir='ltr'><strong>pecca-</strong></span> 
     </span>
    </p>
   </div>
   <div class='ocr_carea' id='block_1_38' title="bbox 143 2114 1754 2185">
    <p class='ocr_par' dir='ltr' id='par_1_38' title="bbox 143 2114 1754 2185">
     <span class='ocr_line' id='line_1_38' title="bbox 143 2114 1754 2185; baseline 0.001 -16"><span class='ocrx_word' id='word_1_269' title='bbox 143 2127 282 2169; x_wconf 76' lang='lat' dir='ltr'><strong>tore.</strong></span> <span class='ocrx_word' id='word_1_270' title='bbox 313 2117 665 2185; x_wconf 89' lang='lat' dir='ltr'><strong>corriguntur,</strong></span> <span class='ocrx_word' id='word_1_271' title='bbox 696 2115 887 2168; x_wconf 81' lang='lat' dir='ltr'><strong>nostris</strong></span> <span class='ocrx_word' id='word_1_272' title='bbox 910 2115 1115 2168; x_wconf 83' lang='lat' dir='ltr'><strong>vocibus</strong></span> <span class='ocrx_word' id='word_1_273' title='bbox 1141 2114 1439 2185; x_wconf 80' lang='lat' dir='ltr'><strong>appellatur</strong></span> <span class='ocrx_word' id='word_1_274' title='bbox 1469 2130 1487 2167; x_wconf 93' lang='lat'><em>:</em></span> <span class='ocrx_word' id='word_1_275' title='bbox 1514 2122 1607 2168; x_wconf 86' lang='lat' dir='ltr'><strong>nos</strong></span> <span class='ocrx_word' id='word_1_276' title='bbox 1635 2132 1754 2170; x_wconf 88' lang='lat' dir='ltr'><strong>vero</strong></span> 
     </span>
    </p>
   </div>
   <div class='ocr_carea' id='block_1_39' title="bbox 142 2186 1751 2256">
    <p class='ocr_par' dir='ltr' id='par_1_39' title="bbox 142 2186 1751 2256">
     <span class='ocr_line' id='line_1_39' title="bbox 142 2186 1751 2256; baseline -0.001 -16"><span class='ocrx_word' id='word_1_277' title='bbox 142 2189 184 2240; x_wconf 92' lang='lat' dir='ltr'><strong>si</strong></span> <span class='ocrx_word' id='word_1_278' title='bbox 206 2189 530 2253; x_wconf 83' lang='lat' dir='ltr'><strong>irascamur,</strong></span> <span class='ocrx_word' id='word_1_279' title='bbox 566 2187 947 2256; x_wconf 83' lang='lat' dir='ltr'><strong>perturbantur,</strong></span> <span class='ocrx_word' id='word_1_280' title='bbox 972 2193 1039 2250; x_wconf 89' lang='lat' dir='ltr'><strong>et,</strong></span> <span class='ocrx_word' id='word_1_281' title='bbox 1068 2188 1249 2256; x_wconf 79' lang='lat' dir='ltr'><strong>furore</strong></span> <span class='ocrx_word' id='word_1_282' title='bbox 1274 2186 1430 2256; x_wconf 87' lang='lat' dir='ltr'><strong>capti,</strong></span> <span class='ocrx_word' id='word_1_283' title='bbox 1458 2188 1621 2240; x_wconf 83' lang='lat' dir='ltr'><strong>nostri</strong></span> <span class='ocrx_word' id='word_1_284' title='bbox 1644 2202 1751 2241; x_wconf 86' lang='lat' dir='ltr'><strong>esse</strong></span> 
     </span>
    </p>
   </div>
   <div class='ocr_carea' id='block_1_40' title="bbox 142 2259 456 2311">
    <p class='ocr_par' dir='ltr' id='par_1_40' title="bbox 142 2259 456 2311">
     <span class='ocr_line' id='line_1_40' title="bbox 142 2259 456 2311; baseline 0.006 -2"><span class='ocrx_word' id='word_1_285' title='bbox 142 2259 456 2311; x_wconf 84' lang='lat' dir='ltr'><strong>desinimus.</strong></span> 
     </span>
    </p>
   </div>
   <div class='ocr_carea' id='block_1_41' title="bbox 212 2326 1754 2397">
    <p class='ocr_par' dir='ltr' id='par_1_41' title="bbox 212 2326 1754 2397">
     <span class='ocr_line' id='line_1_41' title="bbox 212 2326 1754 2397; baseline -0.001 -14"><span class='ocrx_word' id='word_1_286' title='bbox 212 2340 239 2365; x_wconf 72' lang='grc' dir='ltr'><strong><em>υ</em></strong></span> <span class='ocrx_word' id='word_1_287' title='bbox 276 2329 454 2397; x_wconf 77' lang='lat' dir='ltr'><strong>liuius</strong></span> <span class='ocrx_word' id='word_1_288' title='bbox 484 2328 791 2393; x_wconf 66' lang='lat' dir='ltr'><strong>sententiae,</strong></span> <span class='ocrx_word' id='word_1_289' title='bbox 824 2338 882 2381; x_wconf 91' lang='lat' dir='ltr'><strong>ut</strong></span> <span class='ocrx_word' id='word_1_290' title='bbox 904 2328 1052 2381; x_wconf 81' lang='lat' dir='ltr'><strong>varia</strong></span> <span class='ocrx_word' id='word_1_291' title='bbox 1083 2327 1267 2389; x_wconf 89' lang='lat' dir='ltr'><strong>lectio,</strong></span> <span class='ocrx_word' id='word_1_292' title='bbox 1301 2327 1373 2381; x_wconf 90' lang='lat' dir='ltr'><strong>ita</strong></span> <span class='ocrx_word' id='word_1_293' title='bbox 1406 2326 1556 2380; x_wconf 87' lang='lat' dir='ltr'><strong>varia</strong></span> <span class='ocrx_word' id='word_1_294' title='bbox 1587 2341 1754 2395; x_wconf 85' lang='lat' dir='ltr'><strong>expo-</strong></span> 
     </span>
    </p>
   </div>
   <div class='ocr_carea' id='block_1_42' title="bbox 140 2398 1747 2467">
    <p class='ocr_par' dir='ltr' id='par_1_42' title="bbox 140 2398 1747 2467">
     <span class='ocr_line' id='line_1_42' title="bbox 140 2398 1747 2467; baseline -0.002 -14"><span class='ocrx_word' id='word_1_295' title='bbox 140 2400 301 2453; x_wconf 87' lang='lat' dir='ltr'><strong>sitio.</strong></span> <span class='ocrx_word' id='word_1_296' title='bbox 326 2400 495 2455; x_wconf 67' lang='lat' dir='ltr'><strong>Grmci</strong></span> <span class='ocrx_word' id='word_1_297' title='bbox 527 2400 768 2465; x_wconf 88' lang='lat' dir='ltr'><strong>codices,</strong></span> <span class='ocrx_word' id='word_1_298' title='bbox 793 2400 1009 2454; x_wconf 85' lang='lat' dir='ltr'><strong>inverso</strong></span> <span class='ocrx_word' id='word_1_299' title='bbox 1028 2400 1238 2461; x_wconf 84' lang='lat' dir='ltr'><strong>ordine,</strong></span> <span class='ocrx_word' id='word_1_300' title='bbox 1266 2399 1401 2452; x_wconf 76' lang='lat' dir='ltr'><strong>iram</strong></span> <span class='ocrx_word' id='word_1_301' title='bbox 1426 2408 1479 2453; x_wconf 92' lang='lat' dir='ltr'><strong>et</strong></span> <span class='ocrx_word' id='word_1_302' title='bbox 1504 2398 1747 2467; x_wconf 84' lang='lat' dir='ltr'><strong>indigna-</strong></span> 
     </span>
    </p>
   </div>
   <div class='ocr_carea' id='block_1_43' title="bbox 140 2469 1751 2538">
    <p class='ocr_par' dir='ltr' id='par_1_43' title="bbox 140 2469 1751 2538">
     <span class='ocr_line' id='line_1_43' title="bbox 140 2469 1751 2538; baseline 0.001 -15"><span class='ocrx_word' id='word_1_303' title='bbox 140 2473 356 2525; x_wconf 87' lang='lat' dir='ltr'><strong>tionem</strong></span> <span class='ocrx_word' id='word_1_304' title='bbox 390 2481 596 2538; x_wconf 89' lang='lat' dir='ltr'><strong>ponunt</strong></span> <span class='ocrx_word' id='word_1_305' title='bbox 638 2488 652 2525; x_wconf 85' lang='lat'><strong>:</strong></span> <span class='ocrx_word' id='word_1_306' title='bbox 695 2486 819 2524; x_wconf 90' lang='lat' dir='ltr'><strong>nam</strong></span> <span class='ocrx_word' id='word_1_307' title='bbox 865 2469 1033 2537; x_wconf 86' lang='lat' dir='ltr'><strong>priori</strong></span> <span class='ocrx_word' id='word_1_308' title='bbox 1064 2469 1184 2523; x_wconf 90' lang='lat' dir='ltr'><strong>loco</strong></span> <span class='ocrx_word' id='word_1_309' title='bbox 1214 2469 1400 2523; x_wconf 65' lang='lat' dir='ltr'><strong>Graece</strong></span> <span class='ocrx_word' id='word_1_310' title='bbox 1432 2476 1517 2523; x_wconf 59' lang='lat' dir='ltr'><strong>est</strong></span> <span class='ocrx_word' id='word_1_311' title='bbox 1549 2486 1560 2520; x_wconf 93' lang='lat'><strong>:</strong></span> <span class='ocrx_word' id='word_1_312' title='bbox 1604 2476 1751 2525; x_wconf 84' lang='grc' dir='ltr'><strong>πᾶσα</strong></span> 
     </span>
    </p>
   </div>
   <div class='ocr_carea' id='block_1_44' title="bbox 138 2537 1747 2619">
    <p class='ocr_par' dir='ltr' id='par_1_44' title="bbox 138 2537 1747 2619">
     <span class='ocr_line' id='line_1_44' title="bbox 138 2537 1747 2619; baseline -0.002 -22"><span class='ocrx_word' id='word_1_313' title='bbox 138 2545 352 2619; x_wconf 77' lang='grc' dir='ltr'><strong>πικρία,</strong></span> <span class='ocrx_word' id='word_1_314' title='bbox 393 2537 494 2619; x_wconf 41' lang='lat' dir='ltr'><strong>{uti</strong></span> <span class='ocrx_word' id='word_1_315' title='bbox 521 2544 695 2619; x_wconf 46' lang='lat' dir='ltr'><strong>Gepida,</strong></span> <span class='ocrx_word' id='word_1_316' title='bbox 740 2544 825 2619; x_wconf 58' lang='lat' dir='ltr'><strong>nati</strong></span> <span class='ocrx_word' id='word_1_317' title='bbox 861 2542 985 2616; x_wconf 70' lang='grc' dir='ltr'><strong>ὀργή</strong></span> <span class='ocrx_word' id='word_1_318' title='bbox 1033 2538 1194 2619; x_wconf 75' lang='lat' dir='ltr'><strong>(Vide</strong></span> <span class='ocrx_word' id='word_1_319' title='bbox 1220 2539 1386 2619; x_wconf 49' lang='grc' dir='ltr'><em>βαιδίίὶ</em></span> <span class='ocrx_word' id='word_1_320' title='bbox 1418 2537 1747 2619; x_wconf 49' lang='lat' dir='ltr'><strong>dednslilui.</strong></span> 
     </span>
    </p>
   </div>
   <div class='ocr_carea' id='block_1_45' title="bbox 138 2609 1750 2682">
    <p class='ocr_par' dir='ltr' id='par_1_45' title="bbox 138 2609 1750 2682">
     <span class='ocr_line' id='line_1_45' title="bbox 138 2609 1750 2682; baseline 0 -18"><span class='ocrx_word' id='word_1_321' title='bbox 138 2609 282 2665; x_wconf 81' lang='lat' dir='ltr'><strong>moii.</strong></span> <span class='ocrx_word' id='word_1_322' title='bbox 324 2628 369 2666; x_wconf 89' lang='lat' dir='ltr'><strong>c.</strong></span> <span class='ocrx_word' id='word_1_323' title='bbox 410 2613 521 2681; x_wconf 85' lang='lat'><strong>78).</strong></span> <span class='ocrx_word' id='word_1_324' title='bbox 555 2609 623 2666; x_wconf 76' lang='lat' dir='ltr'><strong>At</strong></span> <span class='ocrx_word' id='word_1_325' title='bbox 651 2612 712 2665; x_wconf 89' lang='lat' dir='ltr'><strong>D.</strong></span> <span class='ocrx_word' id='word_1_326' title='bbox 750 2609 1110 2682; x_wconf 82' lang='lat' dir='ltr'><strong>Hieronymus</strong></span> <span class='ocrx_word' id='word_1_327' title='bbox 1138 2611 1264 2679; x_wconf 86' lang='lat' dir='ltr'><strong>legit</strong></span> <span class='ocrx_word' id='word_1_328' title='bbox 1296 2629 1307 2662; x_wconf 88' lang='lat'><strong>:</strong></span> <span class='ocrx_word' id='word_1_329' title='bbox 1345 2609 1526 2664; x_wconf 85' lang='lat' dir='ltr'><strong>Omnis</strong></span> <span class='ocrx_word' id='word_1_330' title='bbox 1558 2613 1750 2664; x_wconf 86' lang='lat' dir='ltr'><strong>amari-</strong></span> 
     </span>
    </p>
   </div>
   <div class='ocr_carea' id='block_1_46' title="bbox 139 2681 1750 2751">
    <p class='ocr_par' dir='ltr' id='par_1_46' title="bbox 139 2681 1750 2751">
     <span class='ocr_line' id='line_1_46' title="bbox 139 2681 1750 2751; baseline 0.001 -17"><span class='ocrx_word' id='word_1_331' title='bbox 139 2684 290 2746; x_wconf 86' lang='lat' dir='ltr'><strong>tudo,</strong></span> <span class='ocrx_word' id='word_1_332' title='bbox 328 2684 474 2747; x_wconf 71' lang='grc' dir='ltr'><strong>[τινω-</strong></span> <span class='ocrx_word' id='word_1_333' title='bbox 504 2694 550 2735; x_wconf 91' lang='lat' dir='ltr'><strong>et</strong></span> <span class='ocrx_word' id='word_1_334' title='bbox 585 2684 693 2748; x_wconf 89' lang='lat' dir='ltr'><strong>ira;</strong></span> <span class='ocrx_word' id='word_1_335' title='bbox 722 2692 776 2737; x_wconf 90' lang='lat' dir='ltr'><strong>et</strong></span> <span class='ocrx_word' id='word_1_336' title='bbox 806 2682 919 2737; x_wconf 78' lang='lat' dir='ltr'><strong>Inrc</strong></span> <span class='ocrx_word' id='word_1_337' title='bbox 969 2683 1036 2734; x_wconf 89' lang='lat' dir='ltr'><strong>ita</strong></span> <span class='ocrx_word' id='word_1_338' title='bbox 1082 2681 1368 2751; x_wconf 82' lang='lat' dir='ltr'><strong>distinguit</strong></span> <span class='ocrx_word' id='word_1_339' title='bbox 1397 2698 1411 2737; x_wconf 74' lang='grc' dir='ltr'>ε</span> <span class='ocrx_word' id='word_1_340' title='bbox 1446 2682 1750 2737; x_wconf 77' lang='lat' dir='ltr'><strong>Amaritudo</strong></span> 
     </span>
    </p>
   </div>
   <div class='ocr_carea' id='block_1_47' title="bbox 139 2752 1745 2822">
    <p class='ocr_par' dir='ltr' id='par_1_47' title="bbox 139 2752 1745 2822">
     <span class='ocr_line' id='line_1_47' title="bbox 139 2752 1745 2822; baseline 0.001 -17"><span class='ocrx_word' id='word_1_341' title='bbox 139 2754 417 2822; x_wconf 70' lang='lat' dir='ltr'><strong>dulcedini</strong></span> <span class='ocrx_word' id='word_1_342' title='bbox 440 2756 701 2806; x_wconf 83' lang='lat' dir='ltr'><strong>contraria</strong></span> <span class='ocrx_word' id='word_1_343' title='bbox 727 2762 833 2819; x_wconf 84' lang='lat' dir='ltr'><strong>est;</strong></span> <span class='ocrx_word' id='word_1_344' title='bbox 864 2753 999 2805; x_wconf 85' lang='lat' dir='ltr'><strong>unde</strong></span> <span class='ocrx_word' id='word_1_345' title='bbox 1026 2753 1191 2805; x_wconf 85' lang='lat' dir='ltr'><strong>amari</strong></span> <span class='ocrx_word' id='word_1_346' title='bbox 1219 2754 1368 2822; x_wconf 85' lang='lat' dir='ltr'><strong>vulgo</strong></span> <span class='ocrx_word' id='word_1_347' title='bbox 1393 2752 1745 2819; x_wconf 87' lang='lat' dir='ltr'><strong>appellantur.</strong></span> 
     </span>
    </p>
   </div>
   <div class='ocr_carea' id='block_1_48' title="bbox 142 2821 1748 2893">
    <p class='ocr_par' dir='ltr' id='par_1_48' title="bbox 142 2821 1748 2893">
     <span class='ocr_line' id='line_1_48' title="bbox 142 2821 1748 2893; baseline 0.001 -18"><span class='ocrx_word' id='word_1_348' title='bbox 142 2821 329 2877; x_wconf 86' lang='lat' dir='ltr'><strong>Furor</strong></span> <span class='ocrx_word' id='word_1_349' title='bbox 354 2840 469 2877; x_wconf 81' lang='lat' dir='ltr'><strong>vero</strong></span> <span class='ocrx_word' id='word_1_350' title='bbox 491 2825 743 2891; x_wconf 86' lang='lat' dir='ltr'><strong>incipiens</strong></span> <span class='ocrx_word' id='word_1_351' title='bbox 762 2826 840 2877; x_wconf 87' lang='lat' dir='ltr'><strong>ira</strong></span> <span class='ocrx_word' id='word_1_352' title='bbox 863 2833 959 2887; x_wconf 85' lang='lat' dir='ltr'><strong>est,</strong></span> <span class='ocrx_word' id='word_1_353' title='bbox 977 2833 1025 2876; x_wconf 83' lang='lat' dir='ltr'><strong>et</strong></span> <span class='ocrx_word' id='word_1_354' title='bbox 1054 2821 1342 2893; x_wconf 69' lang='lat' dir='ltr'><strong>feri&#39;escens</strong></span> <span class='ocrx_word' id='word_1_355' title='bbox 1370 2824 1422 2875; x_wconf 90' lang='lat' dir='ltr'><strong>in</strong></span> <span class='ocrx_word' id='word_1_356' title='bbox 1449 2825 1643 2884; x_wconf 88' lang='lat' dir='ltr'><strong>animo,</strong></span> <span class='ocrx_word' id='word_1_357' title='bbox 1672 2824 1748 2876; x_wconf 87' lang='lat' dir='ltr'><strong>in-</strong></span> 
     </span>
    </p>
   </div>
   <div class='ocr_carea' id='block_1_49' title="bbox 140 2894 1749 2964">
    <p class='ocr_par' dir='ltr' id='par_1_49' title="bbox 140 2894 1749 2964">
     <span class='ocr_line' id='line_1_49' title="bbox 140 2894 1749 2964; baseline 0.001 -18"><span class='ocrx_word' id='word_1_358' title='bbox 140 2894 412 2964; x_wconf 84' lang='lat' dir='ltr'><strong>dignatio.</strong></span> <span class='ocrx_word' id='word_1_359' title='bbox 447 2894 541 2946; x_wconf 86' lang='lat' dir='ltr'><strong>lra</strong></span> <span class='ocrx_word' id='word_1_360' title='bbox 572 2904 764 2958; x_wconf 82' lang='lat' dir='ltr'><strong>autem,</strong></span> <span class='ocrx_word' id='word_1_361' title='bbox 799 2896 947 2963; x_wconf 85' lang='lat' dir='ltr'><strong>cujus</strong></span> <span class='ocrx_word' id='word_1_362' title='bbox 983 2894 1280 2946; x_wconf 84' lang='lat' dir='ltr'><strong>amaritudo</strong></span> <span class='ocrx_word' id='word_1_363' title='bbox 1306 2903 1356 2964; x_wconf 82' lang='lat' dir='ltr'><strong>et</strong></span> <span class='ocrx_word' id='word_1_364' title='bbox 1384 2894 1528 2963; x_wconf 79' lang='lat' dir='ltr'><strong>furor</strong></span> <span class='ocrx_word' id='word_1_365' title='bbox 1558 2894 1749 2962; x_wconf 84' lang='lat' dir='ltr'><strong>species</strong></span> 
     </span>
    </p>
   </div>
   <div class='ocr_carea' id='block_1_50' title="bbox 138 2963 1748 3034">
    <p class='ocr_par' dir='ltr' id='par_1_50' title="bbox 138 2963 1748 3034">
     <span class='ocr_line' id='line_1_50' title="bbox 138 2963 1748 3034; baseline 0.001 -18"><span class='ocrx_word' id='word_1_366' title='bbox 138 2963 284 3027; x_wconf 83' lang='lat' dir='ltr'><strong>sunt,</strong></span> <span class='ocrx_word' id='word_1_367' title='bbox 321 2980 442 3034; x_wconf 80' lang='lat' dir='ltr'><strong>quw</strong></span> <span class='ocrx_word' id='word_1_368' title='bbox 479 2966 657 3030; x_wconf 78' lang='lat' dir='ltr'><strong>furore</strong></span> <span class='ocrx_word' id='word_1_369' title='bbox 696 2966 941 3018; x_wconf 87' lang='lat' dir='ltr'><strong>restincto</strong></span> <span class='ocrx_word' id='word_1_370' title='bbox 969 2965 1225 3018; x_wconf 81' lang='lat' dir='ltr'><strong>desiderat</strong></span> <span class='ocrx_word' id='word_1_371' title='bbox 1260 2963 1526 3028; x_wconf 85' lang='lat' dir='ltr'><strong>ultionem,</strong></span> <span class='ocrx_word' id='word_1_372' title='bbox 1561 2974 1605 3016; x_wconf 89' lang='lat' dir='ltr'><strong>et</strong></span> <span class='ocrx_word' id='word_1_373' title='bbox 1634 2980 1748 3017; x_wconf 85' lang='lat' dir='ltr'><strong>eum</strong></span> 
     </span>
    </p>
   </div>
   <div class='ocr_carea' id='block_1_51' title="bbox 138 3034 1745 3104">
    <p class='ocr_par' dir='ltr' id='par_1_51' title="bbox 138 3034 1745 3104">
     <span class='ocr_line' id='line_1_51' title="bbox 138 3034 1745 3104; baseline 0.001 -16"><span class='ocrx_word' id='word_1_374' title='bbox 138 3053 295 3098; x_wconf 85' lang='lat' dir='ltr'><strong>quem</strong></span> <span class='ocrx_word' id='word_1_375' title='bbox 326 3036 568 3088; x_wconf 84' lang='lat' dir='ltr'><strong>nocuisse</strong></span> <span class='ocrx_word' id='word_1_376' title='bbox 593 3044 758 3103; x_wconf 82' lang='lat' dir='ltr'><strong>putat,</strong></span> <span class='ocrx_word' id='word_1_377' title='bbox 790 3036 896 3088; x_wconf 77' lang='lat' dir='ltr'><strong>vult</strong></span> <span class='ocrx_word' id='word_1_378' title='bbox 927 3035 1133 3089; x_wconf 72' lang='lat' dir='ltr'><strong>la’dere.</strong></span> <span class='ocrx_word' id='word_1_379' title='bbox 1162 3034 1233 3088; x_wconf 89' lang='lat' dir='ltr'><strong>Ita</strong></span> <span class='ocrx_word' id='word_1_380' title='bbox 1265 3035 1328 3089; x_wconf 91' lang='lat' dir='ltr'><strong>D.</strong></span> <span class='ocrx_word' id='word_1_381' title='bbox 1363 3036 1745 3104; x_wconf 72' lang='lat' dir='ltr'><strong>Hieronymus.</strong></span> 
     </span>
    </p>
   </div>
   <div class='ocr_carea' id='block_1_52' title="bbox 139 3105 1745 3173">
    <p class='ocr_par' dir='ltr' id='par_1_52' title="bbox 139 3105 1745 3173">
     <span class='ocr_line' id='line_1_52' title="bbox 139 3105 1745 3173; baseline -0.001 -12"><span class='ocrx_word' id='word_1_382' title='bbox 139 3106 352 3161; x_wconf 73' lang='lat' dir='ltr'><strong>Verum</strong></span> <span class='ocrx_word' id='word_1_383' title='bbox 384 3117 438 3158; x_wconf 90' lang='lat' dir='ltr'><strong>ut</strong></span> <span class='ocrx_word' id='word_1_384' title='bbox 472 3107 703 3173; x_wconf 70' lang='lat' dir='ltr'><strong>vulgata:</strong></span> <span class='ocrx_word' id='word_1_385' title='bbox 733 3108 947 3161; x_wconf 89' lang='lat' dir='ltr'><strong>lectioni</strong></span> <span class='ocrx_word' id='word_1_386' title='bbox 978 3121 1096 3159; x_wconf 88' lang='lat' dir='ltr'><strong>cum</strong></span> <span class='ocrx_word' id='word_1_387' title='bbox 1130 3105 1388 3159; x_wconf 79' lang='lat' dir='ltr'><strong>Cassiano</strong></span> <span class='ocrx_word' id='word_1_388' title='bbox 1415 3105 1745 3171; x_wconf 90' lang='lat' dir='ltr'><strong>insistamus,</strong></span> 
     </span>
    </p>
   </div>
   <div class='ocr_carea' id='block_1_53' title="bbox 139 3176 1749 3247">
    <p class='ocr_par' dir='ltr' id='par_1_53' title="bbox 139 3176 1749 3247">
     <span class='ocr_line' id='line_1_53' title="bbox 139 3176 1749 3247; baseline 0.001 -16"><span class='ocrx_word' id='word_1_389' title='bbox 139 3188 190 3231; x_wconf 89' lang='lat' dir='ltr'><strong>ct</strong></span> <span class='ocrx_word' id='word_1_390' title='bbox 212 3178 467 3247; x_wconf 82' lang='lat' dir='ltr'><strong>singulas</strong></span> <span class='ocrx_word' id='word_1_391' title='bbox 491 3188 670 3243; x_wconf 91' lang='lat' dir='ltr'><strong>partes</strong></span> <span class='ocrx_word' id='word_1_392' title='bbox 701 3176 859 3245; x_wconf 83' lang='lat' dir='ltr'><strong>hujus</strong></span> <span class='ocrx_word' id='word_1_393' title='bbox 888 3177 1168 3230; x_wconf 84' lang='lat' dir='ltr'><strong>sententiae</strong></span> <span class='ocrx_word' id='word_1_394' title='bbox 1217 3176 1460 3231; x_wconf 85' lang='lat' dir='ltr'><strong>nonnihil</strong></span> <span class='ocrx_word' id='word_1_395' title='bbox 1510 3178 1749 3232; x_wconf 89' lang='lat' dir='ltr'><strong>elucide—</strong></span> 
     </span>
    </p>
   </div>
   <div class='ocr_carea' id='block_1_54' title="bbox 140 3247 1748 3316">
    <p class='ocr_par' dir='ltr' id='par_1_54' title="bbox 140 3247 1748 3316">
     <span class='ocr_line' id='line_1_54' title="bbox 140 3247 1748 3316; baseline 0.001 -15"><span class='ocrx_word' id='word_1_396' title='bbox 140 3264 284 3313; x_wconf 90' lang='lat' dir='ltr'><strong>mus,</strong></span> <span class='ocrx_word' id='word_1_397' title='bbox 303 3256 522 3302; x_wconf 87' lang='lat' dir='ltr'><strong>certum</strong></span> <span class='ocrx_word' id='word_1_398' title='bbox 546 3258 628 3301; x_wconf 92' lang='lat' dir='ltr'><strong>est</strong></span> <span class='ocrx_word' id='word_1_399' title='bbox 651 3248 737 3301; x_wconf 86' lang='lat' dir='ltr'><strong>liis</strong></span> <span class='ocrx_word' id='word_1_400' title='bbox 764 3247 945 3301; x_wconf 83' lang='lat' dir='ltr'><strong>verbis</strong></span> <span class='ocrx_word' id='word_1_401' title='bbox 960 3248 1203 3301; x_wconf 89' lang='lat' dir='ltr'><strong>diversos</strong></span> <span class='ocrx_word' id='word_1_402' title='bbox 1230 3248 1429 3316; x_wconf 87' lang='lat' dir='ltr'><strong>gradus</strong></span> <span class='ocrx_word' id='word_1_403' title='bbox 1450 3257 1505 3302; x_wconf 91' lang='lat' dir='ltr'><strong>et</strong></span> <span class='ocrx_word' id='word_1_404' title='bbox 1526 3249 1748 3303; x_wconf 79' lang='lat' dir='ltr'><strong>aifectus</strong></span> 
     </span>
    </p>
   </div>
   <div class='ocr_carea' id='block_1_55' title="bbox 142 3316 1819 3409">
    <p class='ocr_par' dir='ltr' id='par_1_55' title="bbox 142 3316 1819 3409">
     <span class='ocr_line' id='line_1_55' title="bbox 142 3316 1819 3409; baseline 0 -37"><span class='ocrx_word' id='word_1_405' title='bbox 142 3319 241 3409; x_wconf 51' lang='lat' dir='ltr'><strong>ira:</strong></span> <span class='ocrx_word' id='word_1_406' title='bbox 290 3316 600 3405; x_wconf 76' lang='lat' dir='ltr'><strong>designari.</strong></span> <span class='ocrx_word' id='word_1_407' title='bbox 657 3318 1183 3409; x_wconf 47' lang='lat' dir='ltr'><strong>Amarittido‘enim,</strong></span> <span class='ocrx_word' id='word_1_408' title='bbox 1227 3332 1322 3400; x_wconf 76' lang='lat' dir='ltr'><strong>seu</strong></span> <span class='ocrx_word' id='word_1_409' title='bbox 1364 3321 1741 3409; x_wconf 50' lang='lat' dir='ltr'><strong>amarulen‘tia,</strong></span> <span class='ocrx_word' id='word_1_410' title='bbox 1773 3346 1819 3409; x_wconf 63' lang='grc' dir='ltr'><strong><em>ε</em></strong></span> 
     </span>
    </p>
   </div>
   <div class='ocr_carea' id='block_1_56' title="bbox 140 3388 1746 3466">
    <p class='ocr_par' dir='ltr' id='par_1_56' title="bbox 140 3388 1746 3466">
     <span class='ocr_line' id='line_1_56' title="bbox 140 3388 1746 3466; baseline -0.001 -23"><span class='ocrx_word' id='word_1_411' title='bbox 140 3390 338 3446; x_wconf 69' lang='grc' dir='ltr'><strong>ϐτεεςθ</strong></span> <span class='ocrx_word' id='word_1_412' title='bbox 368 3392 577 3466; x_wconf 53' lang='grc' dir='ltr'><strong>πικρίᾳ,</strong></span> <span class='ocrx_word' id='word_1_413' title='bbox 615 3390 833 3459; x_wconf 85' lang='lat' dir='ltr'><strong>proprie</strong></span> <span class='ocrx_word' id='word_1_414' title='bbox 872 3388 1070 3466; x_wconf 82' lang='lat' dir='ltr'><strong>dicitur</strong></span> <span class='ocrx_word' id='word_1_415' title='bbox 1107 3389 1318 3466; x_wconf 75' lang='lat' dir='ltr'><strong>tristitia</strong></span> <span class='ocrx_word' id='word_1_416' title='bbox 1359 3392 1543 3466; x_wconf 75' lang='lat' dir='ltr'><strong>animo</strong></span> <span class='ocrx_word' id='word_1_417' title='bbox 1579 3391 1746 3466; x_wconf 75' lang='lat' dir='ltr'><strong>iuliae-</strong></span> 
     </span>
    </p>
   </div>
   <div class='ocr_carea' id='block_1_57' title="bbox 141 3460 1744 3527">
    <p class='ocr_par' dir='ltr' id='par_1_57' title="bbox 141 3460 1744 3527">
     <span class='ocr_line' id='line_1_57' title="bbox 141 3460 1744 3527; baseline 0 -13"><span class='ocrx_word' id='word_1_418' title='bbox 141 3476 295 3525; x_wconf 87' lang='lat' dir='ltr'><strong>rens,</strong></span> <span class='ocrx_word' id='word_1_419' title='bbox 341 3468 404 3516; x_wconf 88' lang='lat' dir='ltr'><strong>et</strong></span> <span class='ocrx_word' id='word_1_420' title='bbox 447 3460 613 3513; x_wconf 78' lang='lat' dir='ltr'><strong>infixa</strong></span> <span class='ocrx_word' id='word_1_421' title='bbox 644 3476 710 3513; x_wconf 79' lang='lat' dir='ltr'><strong>ex</strong></span> <span class='ocrx_word' id='word_1_422' title='bbox 741 3460 998 3513; x_wconf 90' lang='lat' dir='ltr'><strong>continua</strong></span> <span class='ocrx_word' id='word_1_423' title='bbox 1039 3470 1092 3514; x_wconf 91' lang='lat' dir='ltr'><strong>et</strong></span> <span class='ocrx_word' id='word_1_424' title='bbox 1135 3460 1385 3515; x_wconf 86' lang='lat' dir='ltr'><strong>diuturna</strong></span> <span class='ocrx_word' id='word_1_425' title='bbox 1421 3462 1545 3515; x_wconf 90' lang='lat' dir='ltr'><strong>mali</strong></span> <span class='ocrx_word' id='word_1_426' title='bbox 1589 3462 1744 3527; x_wconf 89' lang='lat' dir='ltr'><strong>illati,</strong></span> 
     </span>
    </p>
   </div>
   <div class='ocr_carea' id='block_1_58' title="bbox 139 3531 1748 3601">
    <p class='ocr_par' dir='ltr' id='par_1_58' title="bbox 139 3531 1748 3601">
     <span class='ocr_line' id='line_1_58' title="bbox 139 3531 1748 3601; baseline 0.001 -16"><span class='ocrx_word' id='word_1_427' title='bbox 139 3546 235 3585; x_wconf 86' lang='lat' dir='ltr'><strong>seu</strong></span> <span class='ocrx_word' id='word_1_428' title='bbox 285 3532 514 3601; x_wconf 71' lang='lat' dir='ltr'><strong>injuriae</strong></span> <span class='ocrx_word' id='word_1_429' title='bbox 559 3540 798 3597; x_wconf 80' lang='lat' dir='ltr'><strong>accepta:</strong></span> <span class='ocrx_word' id='word_1_430' title='bbox 839 3531 1237 3597; x_wconf 87' lang='lat' dir='ltr'><strong>recordatione,</strong></span> <span class='ocrx_word' id='word_1_431' title='bbox 1283 3547 1311 3584; x_wconf 91' lang='lat' dir='ltr'><strong>a</strong></span> <span class='ocrx_word' id='word_1_432' title='bbox 1356 3546 1462 3601; x_wconf 87' lang='lat' dir='ltr'><strong>qua</strong></span> <span class='ocrx_word' id='word_1_433' title='bbox 1500 3533 1748 3587; x_wconf 84' lang='lat' dir='ltr'><strong>dicuntur</strong></span> 
     </span>
    </p>
   </div>
   <div class='ocr_carea' id='block_1_59' title="bbox 138 3601 1749 3670">
    <p class='ocr_par' dir='ltr' id='par_1_59' title="bbox 138 3601 1749 3670">
     <span class='ocr_line' id='line_1_59' title="bbox 138 3601 1749 3670; baseline 0.002 -18"><span class='ocrx_word' id='word_1_434' title='bbox 138 3603 318 3657; x_wconf 87' lang='lat' dir='ltr'><strong>amari</strong></span> <span class='ocrx_word' id='word_1_435' title='bbox 376 3603 467 3670; x_wconf 88' lang='lat' dir='ltr'><strong>qui</strong></span> <span class='ocrx_word' id='word_1_436' title='bbox 524 3610 838 3669; x_wconf 82' lang='lat' dir='ltr'><strong>conceptam</strong></span> <span class='ocrx_word' id='word_1_437' title='bbox 897 3617 960 3655; x_wconf 76' lang='lat' dir='ltr'><strong>ex</strong></span> <span class='ocrx_word' id='word_1_438' title='bbox 1019 3601 1317 3656; x_wconf 71' lang='lat' dir='ltr'><strong>ollensione</strong></span> <span class='ocrx_word' id='word_1_439' title='bbox 1374 3602 1643 3657; x_wconf 74' lang='lat' dir='ltr'><strong>tristitiam</strong></span> <span class='ocrx_word' id='word_1_440' title='bbox 1693 3612 1749 3658; x_wconf 92' lang='lat' dir='ltr'><strong>et</strong></span> 
     </span>
    </p>
   </div>
   <div class='ocr_carea' id='block_1_60' title="bbox 140 3673 1748 3793">
    <p class='ocr_par' dir='ltr' id='par_1_60' title="bbox 140 3673 1748 3793">
     <span class='ocr_line' id='line_1_60' title="bbox 140 3673 1748 3793; baseline 0.001 -68"><span class='ocrx_word' id='word_1_441' title='bbox 140 3680 560 3742; x_wconf 63' lang='lat' dir='ltr'><strong>consequenter</strong></span> <span class='ocrx_word' id='word_1_442' title='bbox 592 3674 722 3725; x_wconf 88' lang='lat' dir='ltr'><strong>iram</strong></span> <span class='ocrx_word' id='word_1_443' title='bbox 754 3673 844 3724; x_wconf 90' lang='lat' dir='ltr'><strong>diu</strong></span> <span class='ocrx_word' id='word_1_444' title='bbox 876 3674 1132 3734; x_wconf 89' lang='lat' dir='ltr'><strong>retinent,</strong></span> <span class='ocrx_word' id='word_1_445' title='bbox 1172 3687 1292 3741; x_wconf 68' lang='lat' dir='ltr'><strong>quae</strong></span> <span class='ocrx_word' id='word_1_446' title='bbox 1329 3674 1561 3727; x_wconf 74' lang='lat' dir='ltr'><strong>tristitia:</strong></span> <span class='ocrx_word' id='word_1_447' title='bbox 1599 3688 1748 3793; x_wconf 54' lang='lat' dir='ltr'><strong>qua:-</strong></span> 
     </span>
     <span class='ocr_line' id='line_1_61' title="bbox 140 3741 1744 3793; baseline 0 0"><span class='ocrx_word' id='word_1_448' title='bbox 140 3745 207 3793; x_wconf 86' lang='lat' dir='ltr'><strong>rit</strong></span> <span class='ocrx_word' id='word_1_449' title='bbox 252 3744 593 3793; x_wconf 74' lang='lat' dir='ltr'><strong>medicinam</strong></span> <span class='ocrx_word' id='word_1_450' title='bbox 640 3742 727 3793; x_wconf 80' lang='lat' dir='ltr'><strong>f8-</strong></span> <span class='ocrx_word' id='word_1_451' title='bbox 776 3741 957 3793; x_wconf 85' lang='lat' dir='ltr'><strong>Thom.</strong></span> <span class='ocrx_word' id='word_1_452' title='bbox 989 3744 1044 3793; x_wconf 89' lang='lat' dir='ltr'><strong>in</strong></span> <span class='ocrx_word' id='word_1_453' title='bbox 1074 3741 1213 3793; x_wconf 83' lang='lat' dir='ltr'><strong>hunc</strong></span> <span class='ocrx_word' id='word_1_454' title='bbox 1244 3743 1412 3793; x_wconf 87' lang='lat' dir='ltr'><strong>locum</strong></span> <span class='ocrx_word' id='word_1_455' title='bbox 1451 3752 1499 3793; x_wconf 88' lang='lat' dir='ltr'><strong>et</strong></span> <span class='ocrx_word' id='word_1_456' title='bbox 1536 3743 1598 3793; x_wconf 75' lang='grc'><strong>2-</strong></span> <span class='ocrx_word' id='word_1_457' title='bbox 1646 3784 1657 3793; x_wconf 91' lang='grc'><strong>.</strong></span> <span class='ocrx_word' id='word_1_458' title='bbox 1692 3760 1744 3793; x_wconf 88' lang='lat' dir='ltr'><strong>a.</strong></span> 
     </span>
    </p>
   </div>
   <div class='ocr_carea' id='block_1_61' title="bbox 137 3741 1744 3813">
    <p class='ocr_par' dir='ltr' id='par_1_61' title="bbox 137 3741 1744 3813">
     <span class='ocr_line' id='line_1_62' title="bbox 137 3741 1744 3813; baseline 0.002 -18"><span class='ocrx_word' id='word_1_459' title='bbox 137 3745 207 3795; x_wconf 90' lang='lat' dir='ltr'><strong>rit</strong></span> <span class='ocrx_word' id='word_1_460' title='bbox 252 3741 593 3799; x_wconf 77' lang='lat' dir='ltr'><strong>medicinam</strong></span> <span class='ocrx_word' id='word_1_461' title='bbox 640 3742 728 3813; x_wconf 88' lang='lat' dir='ltr'><strong>(S.</strong></span> <span class='ocrx_word' id='word_1_462' title='bbox 776 3741 957 3797; x_wconf 84' lang='lat' dir='ltr'><strong>Thom.</strong></span> <span class='ocrx_word' id='word_1_463' title='bbox 989 3744 1044 3795; x_wconf 88' lang='lat' dir='ltr'><strong>in</strong></span> <span class='ocrx_word' id='word_1_464' title='bbox 1074 3741 1219 3813; x_wconf 69' lang='lat' dir='ltr'><strong>[tunc</strong></span> <span class='ocrx_word' id='word_1_465' title='bbox 1244 3743 1412 3795; x_wconf 89' lang='lat' dir='ltr'><strong>locum</strong></span> <span class='ocrx_word' id='word_1_466' title='bbox 1451 3752 1499 3796; x_wconf 90' lang='lat' dir='ltr'><strong>et</strong></span> <span class='ocrx_word' id='word_1_467' title='bbox 1536 3741 1658 3806; x_wconf 74' lang='grc'><strong>2-2,</strong></span> <span class='ocrx_word' id='word_1_468' title='bbox 1692 3760 1744 3810; x_wconf 91' lang='lat' dir='ltr'><strong>q.</strong></span> 
     </span>
    </p>
   </div>
   <div class='ocr_carea' id='block_1_62' title="bbox 142 3812 1749 3881">
    <p class='ocr_par' dir='ltr' id='par_1_62' title="bbox 142 3812 1749 3881">
     <span class='ocr_line' id='line_1_63' title="bbox 142 3812 1749 3881; baseline 0.003 -18"><span class='ocrx_word' id='word_1_469' title='bbox 142 3813 266 3875; x_wconf 77' lang='grc'><strong>158,</strong></span> <span class='ocrx_word' id='word_1_470' title='bbox 304 3823 419 3868; x_wconf 88' lang='lat' dir='ltr'><strong>art.</strong></span> <span class='ocrx_word' id='word_1_471' title='bbox 464 3814 555 3881; x_wconf 77' lang='lat'><strong>5).</strong></span> <span class='ocrx_word' id='word_1_472' title='bbox 588 3812 739 3869; x_wconf 83' lang='lat' dir='ltr'><strong>Unde</strong></span> <span class='ocrx_word' id='word_1_473' title='bbox 778 3812 1142 3868; x_wconf 75' lang='lat' dir='ltr'><strong>Ecclesiastici</strong></span> <span class='ocrx_word' id='word_1_474' title='bbox 1174 3812 1432 3879; x_wconf 84' lang='lat' dir='ltr'><strong>vigesimo</strong></span> <span class='ocrx_word' id='word_1_475' title='bbox 1463 3817 1635 3881; x_wconf 88' lang='lat' dir='ltr'><strong>primo</strong></span> <span class='ocrx_word' id='word_1_476' title='bbox 1668 3814 1749 3868; x_wconf 90' lang='lat' dir='ltr'><strong>di-</strong></span> 
     </span>
    </p>
   </div>
   <div class='ocr_carea' id='block_1_63' title="bbox 135 3883 1747 3953">
    <p class='ocr_par' dir='ltr' id='par_1_63' title="bbox 135 3883 1747 3953">
     <span class='ocr_line' id='line_1_64' title="bbox 135 3883 1747 3953; baseline 0.002 -18"><span class='ocrx_word' id='word_1_477' title='bbox 135 3888 285 3939; x_wconf 88' lang='lat' dir='ltr'><strong>citur</strong></span> <span class='ocrx_word' id='word_1_478' title='bbox 318 3903 334 3943; x_wconf 87' lang='lat'><strong>:</strong></span> <span class='ocrx_word' id='word_1_479' title='bbox 377 3883 503 3938; x_wconf 82' lang='lat' dir='ltr'><strong>Non</strong></span> <span class='ocrx_word' id='word_1_480' title='bbox 534 3894 604 3937; x_wconf 84' lang='lat' dir='ltr'><strong>est</strong></span> <span class='ocrx_word' id='word_1_481' title='bbox 635 3901 831 3949; x_wconf 86' lang='lat' dir='ltr'><strong>sensus,</strong></span> <span class='ocrx_word' id='word_1_482' title='bbox 870 3886 956 3938; x_wconf 85' lang='lat' dir='ltr'><strong>ubi</strong></span> <span class='ocrx_word' id='word_1_483' title='bbox 993 3891 1067 3936; x_wconf 87' lang='lat' dir='ltr'><strong>est</strong></span> <span class='ocrx_word' id='word_1_484' title='bbox 1110 3885 1430 3937; x_wconf 81' lang='lat' dir='ltr'><strong>amaritudo.</strong></span> <span class='ocrx_word' id='word_1_485' title='bbox 1477 3885 1543 3937; x_wconf 85' lang='lat' dir='ltr'><strong>Et</strong></span> <span class='ocrx_word' id='word_1_486' title='bbox 1570 3886 1747 3953; x_wconf 86' lang='lat' dir='ltr'><strong>glossa</strong></span> 
     </span>
    </p>
   </div>
   <div class='ocr_carea' id='block_1_64' title="bbox 134 3953 1742 4025">
    <p class='ocr_par' dir='ltr' id='par_1_64' title="bbox 134 3953 1742 4025">
     <span class='ocr_line' id='line_1_65' title="bbox 134 3953 1742 4025; baseline 0 -18"><span class='ocrx_word' id='word_1_487' title='bbox 134 3954 188 4008; x_wconf 87' lang='lat' dir='ltr'><strong>in</strong></span> <span class='ocrx_word' id='word_1_488' title='bbox 222 3972 356 4025; x_wconf 89' lang='lat' dir='ltr'><strong>cap.</strong></span> <span class='ocrx_word' id='word_1_489' title='bbox 387 3972 421 4007; x_wconf 85' lang='lat' dir='ltr'><strong>v</strong></span> <span class='ocrx_word' id='word_1_490' title='bbox 444 3955 696 4021; x_wconf 64' lang='lat' dir='ltr'><strong>alztttlnei,</strong></span> <span class='ocrx_word' id='word_1_491' title='bbox 728 3955 1003 4023; x_wconf 66' lang='lat' dir='ltr'><strong>explicans</strong></span> <span class='ocrx_word' id='word_1_492' title='bbox 1032 3955 1161 4008; x_wconf 87' lang='lat' dir='ltr'><strong>illud</strong></span> <span class='ocrx_word' id='word_1_493' title='bbox 1193 3971 1206 4007; x_wconf 92' lang='lat'>:</span> <span class='ocrx_word' id='word_1_494' title='bbox 1240 3953 1387 4007; x_wconf 82' lang='lat' dir='ltr'><strong>Beati</strong></span> <span class='ocrx_word' id='word_1_495' title='bbox 1414 3955 1578 4019; x_wconf 84' lang='lat' dir='ltr'><strong>mites,</strong></span> <span class='ocrx_word' id='word_1_496' title='bbox 1611 3965 1742 4022; x_wconf 91' lang='lat' dir='ltr'><strong>ete.,</strong></span> 
     </span>
    </p>
   </div>
   <div class='ocr_carea' id='block_1_65' title="bbox 135 4024 1746 4095">
    <p class='ocr_par' dir='ltr' id='par_1_65' title="bbox 135 4024 1746 4095">
     <span class='ocr_line' id='line_1_66' title="bbox 135 4024 1746 4095; baseline 0.002 -18"><span class='ocrx_word' id='word_1_497' title='bbox 135 4026 211 4078; x_wconf 85' lang='lat' dir='ltr'><strong>ait</strong></span> <span class='ocrx_word' id='word_1_498' title='bbox 247 4047 261 4079; x_wconf 90' lang='lat'><strong><em>:</em></strong></span> <span class='ocrx_word' id='word_1_499' title='bbox 301 4024 669 4080; x_wconf 74' lang='lat' dir='ltr'><strong>Mansuetudo</strong></span> <span class='ocrx_word' id='word_1_500' title='bbox 699 4037 771 4079; x_wconf 86' lang='lat' dir='ltr'><strong>cst</strong></span> <span class='ocrx_word' id='word_1_501' title='bbox 802 4024 1024 4079; x_wconf 77' lang='lat' dir='ltr'><strong>dulcedo</strong></span> <span class='ocrx_word' id='word_1_502' title='bbox 1053 4026 1232 4085; x_wconf 87' lang='lat' dir='ltr'><strong>animi,</strong></span> <span class='ocrx_word' id='word_1_503' title='bbox 1268 4042 1421 4095; x_wconf 89' lang='lat' dir='ltr'><strong>quam</strong></span> <span class='ocrx_word' id='word_1_504' title='bbox 1458 4042 1559 4079; x_wconf 89' lang='lat' dir='ltr'><strong>non</strong></span> <span class='ocrx_word' id='word_1_505' title='bbox 1592 4028 1746 4080; x_wconf 86' lang='lat' dir='ltr'><strong>vincit</strong></span> 
     </span>
    </p>
   </div>
   <div class='ocr_carea' id='block_1_66' title="bbox 132 4097 1747 4151">
    <p class='ocr_par' dir='ltr' id='par_1_66' title="bbox 132 4097 1747 4151">
     <span class='ocr_line' id='line_1_67' title="bbox 132 4097 1747 4151; baseline 0.002 -4"><span class='ocrx_word' id='word_1_506' title='bbox 132 4098 471 4151; x_wconf 85' lang='lat' dir='ltr'><strong>amaritudo.</strong></span> <span class='ocrx_word' id='word_1_507' title='bbox 501 4098 650 4150; x_wconf 82' lang='lat' dir='ltr'><strong>lianc</strong></span> <span class='ocrx_word' id='word_1_508' title='bbox 681 4097 740 4149; x_wconf 87' lang='grc' dir='ltr'><strong>υ.</strong></span> <span class='ocrx_word' id='word_1_509' title='bbox 772 4098 1096 4151; x_wconf 86' lang='lat' dir='ltr'><strong>Benedictus</strong></span> <span class='ocrx_word' id='word_1_510' title='bbox 1121 4109 1275 4149; x_wconf 86' lang='lat' dir='ltr'><strong>vocat</strong></span> <span class='ocrx_word' id='word_1_511' title='bbox 1304 4098 1470 4149; x_wconf 75' lang='lat' dir='ltr'><strong>zelum</strong></span> <span class='ocrx_word' id='word_1_512' title='bbox 1492 4100 1747 4151; x_wconf 89' lang='lat' dir='ltr'><strong>amaritu-</strong></span> 
     </span>
    </p>
   </div>
   <div class='ocr_carea' id='block_1_67' title="bbox 131 4167 1743 4239">
    <p class='ocr_par' dir='ltr' id='par_1_67' title="bbox 131 4167 1743 4239">
     <span class='ocr_line' id='line_1_68' title="bbox 131 4167 1743 4239; baseline 0.001 -19"><span class='ocrx_word' id='word_1_513' title='bbox 131 4168 277 4239; x_wconf 71' lang='lat' dir='ltr'><strong>dinis</strong></span> <span class='ocrx_word' id='word_1_514' title='bbox 309 4168 539 4239; x_wconf 83' lang='lat' dir='ltr'><strong>malum,</strong></span> <span class='ocrx_word' id='word_1_515' title='bbox 568 4169 667 4239; x_wconf 17' lang='lat' dir='ltr'><strong>qui,</strong></span> <span class='ocrx_word' id='word_1_516' title='bbox 686 4178 890 4235; x_wconf 85' lang='lat' dir='ltr'><strong>separat</strong></span> <span class='ocrx_word' id='word_1_517' title='bbox 922 4184 955 4219; x_wconf 92' lang='lat' dir='ltr'><strong>a</strong></span> <span class='ocrx_word' id='word_1_518' title='bbox 986 4167 1112 4231; x_wconf 90' lang='lat' dir='ltr'><strong>Deo,</strong></span> <span class='ocrx_word' id='word_1_519' title='bbox 1142 4178 1190 4239; x_wconf 84' lang='lat' dir='ltr'><strong>et</strong></span> <span class='ocrx_word' id='word_1_520' title='bbox 1219 4168 1358 4219; x_wconf 86' lang='lat' dir='ltr'><strong>ducit</strong></span> <span class='ocrx_word' id='word_1_521' title='bbox 1386 4170 1453 4220; x_wconf 89' lang='lat' dir='ltr'><strong>ad</strong></span> <span class='ocrx_word' id='word_1_522' title='bbox 1484 4170 1743 4239; x_wconf 79' lang='lat' dir='ltr'><strong>infernum</strong></span> 
     </span>
    </p>
   </div>
   <div class='ocr_carea' id='block_1_68' title="bbox 130 4236 1743 4310">
    <p class='ocr_par' dir='ltr' id='par_1_68' title="bbox 130 4236 1743 4310">
     <span class='ocr_line' id='line_1_69' title="bbox 130 4236 1743 4310; baseline 0.001 -19"><span class='ocrx_word' id='word_1_523' title='bbox 130 4236 298 4307; x_wconf 80' lang='lat' dir='ltr'><strong>(Cap.</strong></span> <span class='ocrx_word' id='word_1_524' title='bbox 337 4242 408 4293; x_wconf 76' lang='lat'><strong>7:2</strong></span> <span class='ocrx_word' id='word_1_525' title='bbox 441 4236 715 4310; x_wconf 71' lang='lat' dir='ltr'><strong>Regalis);</strong></span> <span class='ocrx_word' id='word_1_526' title='bbox 755 4240 841 4292; x_wconf 84' lang='lat' dir='ltr'><strong>liic</strong></span> <span class='ocrx_word' id='word_1_527' title='bbox 874 4249 1046 4292; x_wconf 88' lang='lat' dir='ltr'><strong>tamen</strong></span> <span class='ocrx_word' id='word_1_528' title='bbox 1079 4238 1439 4310; x_wconf 25' lang='lat' dir='ltr'><strong>zelusﬂmalus</strong></span> <span class='ocrx_word' id='word_1_529' title='bbox 1468 4236 1627 4310; x_wconf 77' lang='lat' dir='ltr'><strong>etiam</strong></span> <span class='ocrx_word' id='word_1_530' title='bbox 1656 4239 1743 4293; x_wconf 86' lang='lat' dir='ltr'><strong>iii-</strong></span> 
     </span>
    </p>
   </div>
   <div class='ocr_carea' id='block_1_69' title="bbox 126 4307 1741 4378">
    <p class='ocr_par' dir='ltr' id='par_1_69' title="bbox 126 4307 1741 4378">
     <span class='ocr_line' id='line_1_70' title="bbox 126 4307 1741 4378; baseline 0.002 -18"><span class='ocrx_word' id='word_1_531' title='bbox 126 4312 350 4364; x_wconf 75' lang='lat' dir='ltr'><strong>vidiam</strong></span> <span class='ocrx_word' id='word_1_532' title='bbox 385 4307 788 4378; x_wconf 82' lang='lat' dir='ltr'><strong>complectitur,</strong></span> <span class='ocrx_word' id='word_1_533' title='bbox 830 4315 889 4361; x_wconf 89' lang='lat' dir='ltr'><strong>ut</strong></span> <span class='ocrx_word' id='word_1_534' title='bbox 924 4325 1020 4362; x_wconf 56' lang='lat' dir='ltr'><strong>suo</strong></span> <span class='ocrx_word' id='word_1_535' title='bbox 1061 4310 1179 4363; x_wconf 90' lang='lat' dir='ltr'><strong>loco</strong></span> <span class='ocrx_word' id='word_1_536' title='bbox 1208 4307 1435 4363; x_wconf 90' lang='lat' dir='ltr'><strong>dicetur.</strong></span> <span class='ocrx_word' id='word_1_537' title='bbox 1478 4309 1559 4363; x_wconf 87' lang='lat' dir='ltr'><strong>Ira</strong></span> <span class='ocrx_word' id='word_1_538' title='bbox 1591 4326 1741 4375; x_wconf 69' lang='lat' dir='ltr'><strong>vero,</strong></span> 
     </span>
    </p>
   </div>
   <div class='ocr_carea' id='block_1_70' title="bbox 128 4379 1739 4457">
    <p class='ocr_par' dir='ltr' id='par_1_70' title="bbox 128 4379 1739 4457">
     <span class='ocr_line' id='line_1_71' title="bbox 128 4379 1739 4457; baseline 0.003 -27"><span class='ocrx_word' id='word_1_539' title='bbox 128 4392 230 4434; x_wconf 89' lang='lat' dir='ltr'><strong>seu</strong></span> <span class='ocrx_word' id='word_1_540' title='bbox 298 4383 457 4457; x_wconf 74' lang='grc' dir='ltr'><strong>ὀργὴ.</strong></span> <span class='ocrx_word' id='word_1_541' title='bbox 487 4392 568 4457; x_wconf 81' lang='lat' dir='ltr'><strong>est</strong></span> <span class='ocrx_word' id='word_1_542' title='bbox 614 4380 729 4446; x_wconf 86' lang='lat' dir='ltr'><strong>ipse</strong></span> <span class='ocrx_word' id='word_1_543' title='bbox 773 4379 1040 4457; x_wconf 79' lang='lat' dir='ltr'><strong>appetitus</strong></span> <span class='ocrx_word' id='word_1_544' title='bbox 1086 4379 1337 4457; x_wconf 74' lang='lat' dir='ltr'><strong>vindicta:</strong></span> <span class='ocrx_word' id='word_1_545' title='bbox 1384 4381 1739 4457; x_wconf 78' lang='lat' dir='ltr'><strong>inordinatus,</strong></span> 
     </span>
    </p>
   </div>
   <div class='ocr_carea' id='block_1_71' title="bbox 126 4451 1743 4520">
    <p class='ocr_par' dir='ltr' id='par_1_71' title="bbox 126 4451 1743 4520">
     <span class='ocr_line' id='line_1_72' title="bbox 126 4451 1743 4520; baseline 0 -17"><span class='ocrx_word' id='word_1_546' title='bbox 126 4466 243 4505; x_wconf 87' lang='lat' dir='ltr'><strong>non</strong></span> <span class='ocrx_word' id='word_1_547' title='bbox 293 4451 571 4505; x_wconf 68' lang='lat' dir='ltr'><strong>naturalis</strong></span> <span class='ocrx_word' id='word_1_548' title='bbox 619 4458 847 4515; x_wconf 90' lang='lat' dir='ltr'><strong>tantum,</strong></span> <span class='ocrx_word' id='word_1_549' title='bbox 896 4451 988 4504; x_wconf 86' lang='lat' dir='ltr'><strong>sed</strong></span> <span class='ocrx_word' id='word_1_550' title='bbox 1034 4451 1388 4514; x_wconf 82' lang='lat' dir='ltr'><strong>voluntarius,</strong></span> <span class='ocrx_word' id='word_1_551' title='bbox 1423 4453 1512 4520; x_wconf 89' lang='lat' dir='ltr'><strong>qui</strong></span> <span class='ocrx_word' id='word_1_552' title='bbox 1548 4452 1743 4505; x_wconf 84' lang='lat' dir='ltr'><strong>inultas</strong></span> 
     </span>
    </p>
   </div>
   <div class='ocr_carea' id='block_1_72' title="bbox 126 4521 1743 4591">
    <p class='ocr_par' dir='ltr' id='par_1_72' title="bbox 126 4521 1743 4591">
     <span class='ocr_line' id='line_1_73' title="bbox 126 4521 1743 4591; baseline 0 -18"><span class='ocrx_word' id='word_1_553' title='bbox 126 4522 227 4575; x_wconf 67' lang='lat' dir='ltr'><strong>ira:</strong></span> <span class='ocrx_word' id='word_1_554' title='bbox 258 4524 489 4591; x_wconf 89' lang='lat' dir='ltr'><strong>species</strong></span> <span class='ocrx_word' id='word_1_555' title='bbox 516 4522 919 4591; x_wconf 87' lang='lat' dir='ltr'><strong>complectitur,</strong></span> <span class='ocrx_word' id='word_1_556' title='bbox 946 4532 1000 4574; x_wconf 90' lang='lat' dir='ltr'><strong>ut</strong></span> <span class='ocrx_word' id='word_1_557' title='bbox 1030 4521 1166 4575; x_wconf 85' lang='lat' dir='ltr'><strong>intra</strong></span> <span class='ocrx_word' id='word_1_558' title='bbox 1190 4521 1417 4575; x_wconf 83' lang='lat' dir='ltr'><strong>dicetur.</strong></span> <span class='ocrx_word' id='word_1_559' title='bbox 1447 4522 1743 4591; x_wconf 81' lang='lat' dir='ltr'><strong>Indignatio</strong></span> 
     </span>
    </p>
   </div>
   <div class='ocr_carea' id='block_1_73' title="bbox 128 4593 1745 4661">
    <p class='ocr_par' dir='ltr' id='par_1_73' title="bbox 128 4593 1745 4661">
     <span class='ocr_line' id='line_1_74' title="bbox 128 4593 1745 4661; baseline 0.001 -18"><span class='ocrx_word' id='word_1_560' title='bbox 128 4604 221 4645; x_wconf 89' lang='lat' dir='ltr'><strong>est</strong></span> <span class='ocrx_word' id='word_1_561' title='bbox 286 4609 399 4661; x_wconf 89' lang='lat' dir='ltr'><strong>qua</strong></span> <span class='ocrx_word' id='word_1_562' title='bbox 461 4595 506 4645; x_wconf 92' lang='lat' dir='ltr'><strong>is</strong></span> <span class='ocrx_word' id='word_1_563' title='bbox 542 4594 629 4647; x_wconf 92' lang='lat' dir='ltr'><strong>cui</strong></span> <span class='ocrx_word' id='word_1_564' title='bbox 668 4593 971 4657; x_wconf 87' lang='lat' dir='ltr'><strong>irascimur,</strong></span> <span class='ocrx_word' id='word_1_565' title='bbox 1012 4593 1397 4656; x_wconf 85' lang='lat' dir='ltr'><strong>contemnitur,</strong></span> <span class='ocrx_word' id='word_1_566' title='bbox 1432 4603 1485 4646; x_wconf 93' lang='lat' dir='ltr'><strong>et</strong></span> <span class='ocrx_word' id='word_1_567' title='bbox 1516 4595 1745 4661; x_wconf 90' lang='lat' dir='ltr'><strong>vilipeu-</strong></span> 
     </span>
    </p>
   </div>
   <div class='ocr_carea' id='block_1_74' title="bbox 122 4662 1740 4733">
    <p class='ocr_par' dir='ltr' id='par_1_74' title="bbox 122 4662 1740 4733">
     <span class='ocr_line' id='line_1_75' title="bbox 122 4662 1740 4733; baseline 0.001 -19"><span class='ocrx_word' id='word_1_568' title='bbox 122 4662 315 4733; x_wconf 82' lang='lat' dir='ltr'><strong>ditnr,</strong></span> <span class='ocrx_word' id='word_1_569' title='bbox 353 4671 631 4732; x_wconf 86' lang='lat' dir='ltr'><strong>tamquam</strong></span> <span class='ocrx_word' id='word_1_570' title='bbox 674 4664 923 4733; x_wconf 87' lang='lat' dir='ltr'><strong>indignus</strong></span> <span class='ocrx_word' id='word_1_571' title='bbox 957 4679 985 4716; x_wconf 91' lang='lat' dir='ltr'><strong>a</strong></span> <span class='ocrx_word' id='word_1_572' title='bbox 1024 4678 1130 4732; x_wconf 92' lang='lat' dir='ltr'><strong>quo</strong></span> <span class='ocrx_word' id='word_1_573' title='bbox 1164 4662 1269 4716; x_wconf 88' lang='lat' dir='ltr'><strong>tale</strong></span> <span class='ocrx_word' id='word_1_574' title='bbox 1293 4663 1421 4731; x_wconf 87' lang='lat' dir='ltr'><strong>quid</strong></span> <span class='ocrx_word' id='word_1_575' title='bbox 1454 4664 1740 4731; x_wconf 89' lang='lat' dir='ltr'><strong>patiamur.</strong></span> 
     </span>
    </p>
   </div>
   <div class='ocr_carea' id='block_1_75' title="bbox 123 4732 1742 4803">
    <p class='ocr_par' dir='ltr' id='par_1_75' title="bbox 123 4732 1742 4803">
     <span class='ocr_line' id='line_1_76' title="bbox 123 4732 1742 4803; baseline 0.001 -18"><span class='ocrx_word' id='word_1_576' title='bbox 123 4732 272 4788; x_wconf 84' lang='lat' dir='ltr'><strong>IIuic</strong></span> <span class='ocrx_word' id='word_1_577' title='bbox 333 4736 665 4803; x_wconf 87' lang='lat' dir='ltr'><strong>conjunctus</strong></span> <span class='ocrx_word' id='word_1_578' title='bbox 717 4732 801 4788; x_wconf 75' lang='lat' dir='ltr'><strong>est</strong></span> <span class='ocrx_word' id='word_1_579' title='bbox 851 4742 1029 4787; x_wconf 90' lang='lat' dir='ltr'><strong>tumor</strong></span> <span class='ocrx_word' id='word_1_580' title='bbox 1081 4740 1295 4803; x_wconf 81' lang='lat' dir='ltr'><strong>mentis,</strong></span> <span class='ocrx_word' id='word_1_581' title='bbox 1347 4750 1453 4802; x_wconf 88' lang='lat' dir='ltr'><strong>quo</strong></span> <span class='ocrx_word' id='word_1_582' title='bbox 1508 4736 1742 4802; x_wconf 69' lang='lat' dir='ltr'><strong>seipsunt</strong></span> 
     </span>
    </p>
   </div>
   <div class='ocr_carea' id='block_1_76' title="bbox 122 4802 1745 4875">
    <p class='ocr_par' dir='ltr' id='par_1_76' title="bbox 122 4802 1745 4875">
     <span class='ocr_line' id='line_1_77' title="bbox 122 4802 1745 4875; baseline 0.002 -20"><span class='ocrx_word' id='word_1_583' title='bbox 122 4804 399 4875; x_wconf 80' lang='lat' dir='ltr'><strong>irascens</strong></span> <span class='ocrx_word' id='word_1_584' title='bbox 428 4802 661 4866; x_wconf 76' lang='lat' dir='ltr'><strong>extollit,</strong></span> <span class='ocrx_word' id='word_1_585' title='bbox 702 4805 922 4859; x_wconf 78' lang='lat' dir='ltr'><strong>etalteri</strong></span> <span class='ocrx_word' id='word_1_586' title='bbox 949 4804 1164 4874; x_wconf 64' lang='lat' dir='ltr'><strong>prmfert</strong></span> <span class='ocrx_word' id='word_1_587' title='bbox 1197 4802 1479 4875; x_wconf 81' lang='lat' dir='ltr'><strong>(Leonurd.</strong></span> <span class='ocrx_word' id='word_1_588' title='bbox 1504 4804 1652 4859; x_wconf 84' lang='lat' dir='ltr'><strong>Less.</strong></span> <span class='ocrx_word' id='word_1_589' title='bbox 1682 4807 1745 4859; x_wconf 90' lang='lat' dir='ltr'><strong>de</strong></span> 
     </span>
    </p>
   </div>
   <div class='ocr_carea' id='block_1_77' title="bbox 120 4874 1744 4946">
    <p class='ocr_par' dir='ltr' id='par_1_77' title="bbox 120 4874 1744 4946">
     <span class='ocr_line' id='line_1_78' title="bbox 120 4874 1744 4946; baseline 0.001 -19"><span class='ocrx_word' id='word_1_590' title='bbox 120 4874 273 4930; x_wconf 81' lang='lat' dir='ltr'><strong>Just.</strong></span> <span class='ocrx_word' id='word_1_591' title='bbox 314 4875 417 4929; x_wconf 85' lang='lat' dir='ltr'><strong>lib.</strong></span> <span class='ocrx_word' id='word_1_592' title='bbox 458 4891 509 4929; x_wconf 85' lang='lat' dir='ltr'><strong>tv</strong></span> <span class='ocrx_word' id='word_1_593' title='bbox 549 4894 595 4930; x_wconf 91' lang='lat' dir='ltr'><strong>c.</strong></span> <span class='ocrx_word' id='word_1_594' title='bbox 634 4875 714 4945; x_wconf 74' lang='grc'><strong>4).</strong></span> <span class='ocrx_word' id='word_1_595' title='bbox 748 4875 899 4930; x_wconf 87' lang='lat' dir='ltr'><strong>Facit</strong></span> <span class='ocrx_word' id='word_1_596' title='bbox 937 4878 1078 4930; x_wconf 88' lang='lat' dir='ltr'><strong>enim</strong></span> <span class='ocrx_word' id='word_1_597' title='bbox 1113 4875 1189 4928; x_wconf 81' lang='lat' dir='ltr'><strong>ira</strong></span> <span class='ocrx_word' id='word_1_598' title='bbox 1210 4874 1275 4929; x_wconf 89' lang='lat' dir='ltr'><strong>ut</strong></span> <span class='ocrx_word' id='word_1_599' title='bbox 1303 4878 1346 4929; x_wconf 91' lang='lat' dir='ltr'><strong>is</strong></span> <span class='ocrx_word' id='word_1_600' title='bbox 1377 4879 1465 4946; x_wconf 93' lang='lat' dir='ltr'><strong>qui</strong></span> <span class='ocrx_word' id='word_1_601' title='bbox 1506 4876 1744 4931; x_wconf 77' lang='lat' dir='ltr'><strong>oll‘ensus</strong></span> 
     </span>
    </p>
   </div>
   <div class='ocr_carea' id='block_1_78' title="bbox 120 4946 1742 5016">
    <p class='ocr_par' dir='ltr' id='par_1_78' title="bbox 120 4946 1742 5016">
     <span class='ocr_line' id='line_1_79' title="bbox 120 4946 1742 5016; baseline 0.002 -17"><span class='ocrx_word' id='word_1_602' title='bbox 120 4957 234 5012; x_wconf 89' lang='lat' dir='ltr'><strong>est,</strong></span> <span class='ocrx_word' id='word_1_603' title='bbox 289 4962 361 5001; x_wconf 86' lang='lat' dir='ltr'><strong>se</strong></span> <span class='ocrx_word' id='word_1_604' title='bbox 408 4946 781 5016; x_wconf 74' lang='lat' dir='ltr'><strong>apprehendat</strong></span> <span class='ocrx_word' id='word_1_605' title='bbox 820 4960 873 5000; x_wconf 92' lang='lat' dir='ltr'><strong>ut</strong></span> <span class='ocrx_word' id='word_1_606' title='bbox 920 4962 1194 5016; x_wconf 86' lang='lat' dir='ltr'><strong>magnum,</strong></span> <span class='ocrx_word' id='word_1_607' title='bbox 1232 4958 1286 4999; x_wconf 91' lang='lat' dir='ltr'><strong>ct</strong></span> <span class='ocrx_word' id='word_1_608' title='bbox 1322 4949 1574 5013; x_wconf 79' lang='lat' dir='ltr'><strong>extollat;</strong></span> <span class='ocrx_word' id='word_1_609' title='bbox 1620 4964 1742 5002; x_wconf 88' lang='lat' dir='ltr'><strong>eum</strong></span> 
     </span>
    </p>
   </div>
   <div class='ocr_carea' id='block_1_79' title="bbox 118 5017 1746 5087">
    <p class='ocr_par' dir='ltr' id='par_1_79' title="bbox 118 5017 1746 5087">
     <span class='ocr_line' id='line_1_80' title="bbox 118 5017 1746 5087; baseline 0.002 -16"><span class='ocrx_word' id='word_1_610' title='bbox 118 5030 263 5073; x_wconf 81' lang='lat' dir='ltr'><strong>vero</strong></span> <span class='ocrx_word' id='word_1_611' title='bbox 320 5020 422 5087; x_wconf 86' lang='lat' dir='ltr'><strong>qui</strong></span> <span class='ocrx_word' id='word_1_612' title='bbox 470 5018 718 5080; x_wconf 69' lang='lat' dir='ltr'><strong>offendit,</strong></span> <span class='ocrx_word' id='word_1_613' title='bbox 769 5027 823 5071; x_wconf 89' lang='lat' dir='ltr'><strong>ut</strong></span> <span class='ocrx_word' id='word_1_614' title='bbox 864 5017 1043 5082; x_wconf 88' lang='lat' dir='ltr'><strong>vilem,</strong></span> <span class='ocrx_word' id='word_1_615' title='bbox 1096 5030 1150 5071; x_wconf 91' lang='lat' dir='ltr'><strong>et</strong></span> <span class='ocrx_word' id='word_1_616' title='bbox 1198 5026 1561 5073; x_wconf 88' lang='lat' dir='ltr'><strong>contemnat:</strong></span> <span class='ocrx_word' id='word_1_617' title='bbox 1605 5020 1746 5074; x_wconf 88' lang='lat' dir='ltr'><strong>unde</strong></span> 
     </span>
    </p>
   </div>
   <div class='ocr_carea' id='block_1_80' title="bbox 115 5087 1747 5157">
    <p class='ocr_par' dir='ltr' id='par_1_80' title="bbox 115 5087 1747 5157">
     <span class='ocr_line' id='line_1_81' title="bbox 115 5087 1747 5157; baseline 0.001 -15"><span class='ocrx_word' id='word_1_618' title='bbox 115 5098 443 5152; x_wconf 70' lang='lat' dir='ltr'><strong>utramque</strong></span> <span class='ocrx_word' id='word_1_619' title='bbox 474 5090 619 5142; x_wconf 89' lang='lat' dir='ltr'><strong>inter</strong></span> <span class='ocrx_word' id='word_1_620' title='bbox 649 5087 786 5141; x_wconf 81' lang='lat' dir='ltr'><strong>Illias</strong></span> <span class='ocrx_word' id='word_1_621' title='bbox 820 5087 914 5141; x_wconf 74' lang='lat' dir='ltr'><strong>irae</strong></span> <span class='ocrx_word' id='word_1_622' title='bbox 955 5096 1204 5141; x_wconf 85' lang='lat' dir='ltr'><strong>recenset</strong></span> <span class='ocrx_word' id='word_1_623' title='bbox 1246 5088 1304 5138; x_wconf 89' lang='grc'><strong>1).</strong></span> <span class='ocrx_word' id='word_1_624' title='bbox 1345 5087 1658 5157; x_wconf 88' lang='lat' dir='ltr'><strong>Gregorius,</strong></span> <span class='ocrx_word' id='word_1_625' title='bbox 1688 5097 1747 5143; x_wconf 90' lang='lat' dir='ltr'><strong>ut</strong></span> 
     </span>
    </p>
   </div>
   <div class='ocr_carea' id='block_1_81' title="bbox 115 5157 1747 5228">
    <p class='ocr_par' dir='ltr' id='par_1_81' title="bbox 115 5157 1747 5228">
     <span class='ocr_line' id='line_1_82' title="bbox 115 5157 1747 5228; baseline 0.001 -16"><span class='ocrx_word' id='word_1_626' title='bbox 115 5176 297 5228; x_wconf 84' lang='lat' dir='ltr'><strong>supra</strong></span> <span class='ocrx_word' id='word_1_627' title='bbox 330 5160 672 5214; x_wconf 81' lang='lat' dir='ltr'><strong>notavimus.</strong></span> <span class='ocrx_word' id='word_1_628' title='bbox 704 5159 921 5214; x_wconf 87' lang='lat' dir='ltr'><strong>Clamor</strong></span> <span class='ocrx_word' id='word_1_629' title='bbox 944 5175 1046 5213; x_wconf 71' lang='lat' dir='ltr'><strong>vox</strong></span> <span class='ocrx_word' id='word_1_630' title='bbox 1068 5157 1455 5228; x_wconf 9' lang='lat' dir='ltr'><strong>estrhontinuin</strong></span> <span class='ocrx_word' id='word_1_631' title='bbox 1489 5161 1747 5214; x_wconf 89' lang='lat' dir='ltr'><strong>iratorum</strong></span> 
     </span>
    </p>
   </div>
   <div class='ocr_carea' id='block_1_82' title="bbox 111 5226 1749 5300">
    <p class='ocr_par' dir='ltr' id='par_1_82' title="bbox 111 5226 1749 5300">
     <span class='ocr_line' id='line_1_83' title="bbox 111 5226 1749 5300; baseline -0.001 -17"><span class='ocrx_word' id='word_1_632' title='bbox 111 5226 242 5287; x_wconf 80' lang='lat' dir='ltr'><strong>sine</strong></span> <span class='ocrx_word' id='word_1_633' title='bbox 272 5231 507 5300; x_wconf 81' lang='lat' dir='ltr'><strong>judiCio</strong></span> <span class='ocrx_word' id='word_1_634' title='bbox 534 5240 590 5284; x_wconf 90' lang='lat' dir='ltr'><strong>et</strong></span> <span class='ocrx_word' id='word_1_635' title='bbox 625 5233 828 5300; x_wconf 89' lang='lat' dir='ltr'><strong>pudore</strong></span> <span class='ocrx_word' id='word_1_636' title='bbox 860 5227 1268 5300; x_wconf 78' lang='lat' dir='ltr'><strong>vociferantium</strong></span> <span class='ocrx_word' id='word_1_637' title='bbox 1313 5226 1451 5300; x_wconf 50' lang='lat' dir='ltr'><strong>(lib.</strong></span> <span class='ocrx_word' id='word_1_638' title='bbox 1482 5244 1512 5281; x_wconf 78' lang='grc' dir='ltr'>ν</span> <span class='ocrx_word' id='word_1_639' title='bbox 1538 5246 1584 5282; x_wconf 90' lang='lat' dir='ltr'><strong>c.</strong></span> <span class='ocrx_word' id='word_1_640' title='bbox 1620 5233 1669 5297; x_wconf 86' lang='lat' dir='ltr'><strong>l,</strong></span> <span class='ocrx_word' id='word_1_641' title='bbox 1700 5240 1749 5284; x_wconf 85' lang='lat' dir='ltr'><strong>et</strong></span> 
     </span>
    </p>
   </div>
   <div class='ocr_carea' id='block_1_83' title="bbox 113 5296 1748 5373">
    <p class='ocr_par' dir='ltr' id='par_1_83' title="bbox 113 5296 1748 5373">
     <span class='ocr_line' id='line_1_84' title="bbox 113 5296 1748 5373; baseline 0.001 -22"><span class='ocrx_word' id='word_1_642' title='bbox 113 5296 291 5373; x_wconf 66' lang='lat' dir='ltr'><strong>hujus</strong></span> <span class='ocrx_word' id='word_1_643' title='bbox 328 5301 435 5353; x_wconf 75' lang='lat' dir='ltr'><strong>lib.</strong></span> <span class='ocrx_word' id='word_1_644' title='bbox 456 5318 515 5373; x_wconf 13' lang='lat' dir='ltr'><strong>rc.</strong></span> <span class='ocrx_word' id='word_1_645' title='bbox 547 5296 639 5370; x_wconf 61' lang='lat'><strong>1)}</strong></span> <span class='ocrx_word' id='word_1_646' title='bbox 672 5302 739 5354; x_wconf 88' lang='lat' dir='ltr'><strong>de</strong></span> <span class='ocrx_word' id='word_1_647' title='bbox 770 5317 874 5369; x_wconf 84' lang='lat' dir='ltr'><strong>quo</strong></span> <span class='ocrx_word' id='word_1_648' title='bbox 899 5299 1048 5373; x_wconf 65' lang='lat' dir='ltr'><strong>Isaia:</strong></span> <span class='ocrx_word' id='word_1_649' title='bbox 1075 5300 1313 5373; x_wconf 82' lang='lat' dir='ltr'><strong>quinto:</strong></span> <span class='ocrx_word' id='word_1_650' title='bbox 1348 5296 1652 5373; x_wconf 65' lang='lat' dir='ltr'><strong>Exspectatti</strong></span> <span class='ocrx_word' id='word_1_651' title='bbox 1694 5311 1748 5353; x_wconf 88' lang='lat' dir='ltr'><strong>ut</strong></span> 
     </span>
    </p>
   </div>
   <div class='ocr_carea' id='block_1_84' title="bbox 1770 4706 1826 4767">
    <p class='ocr_par' dir='ltr' id='par_1_84' title="bbox 1770 4706 1826 4767">
     <span class='ocr_line' id='line_1_85' title="bbox 1770 4706 1826 4767; baseline 0 0"><span class='ocrx_word' id='word_1_652' title='bbox 1770 4706 1826 4767; x_wconf 93' lang='lat' dir='ltr'><strong>D</strong></span> 
     </span>
    </p>
   </div>
   <div class='ocr_carea' id='block_1_85' title="bbox 1856 2044 3447 2116">
    <p class='ocr_par' dir='ltr' id='par_1_85' title="bbox 1856 2044 3447 2116">
     <span class='ocr_line' id='line_1_86' title="bbox 1856 2044 3447 2116; baseline 0.009 -18"><span class='ocrx_word' id='word_1_653' title='bbox 1856 2055 2021 2109; x_wconf 85' lang='lat' dir='ltr'><strong>ratus,</strong></span> <span class='ocrx_word' id='word_1_654' title='bbox 2056 2061 2258 2116; x_wconf 82' lang='lat' dir='ltr'><strong>necesse</strong></span> <span class='ocrx_word' id='word_1_655' title='bbox 2287 2053 2357 2099; x_wconf 84' lang='lat' dir='ltr'><strong>est</strong></span> <span class='ocrx_word' id='word_1_656' title='bbox 2388 2054 2442 2097; x_wconf 88' lang='lat' dir='ltr'><strong>ut</strong></span> <span class='ocrx_word' id='word_1_657' title='bbox 2466 2044 2703 2116; x_wconf 85' lang='lat' dir='ltr'><strong>prosiliat</strong></span> <span class='ocrx_word' id='word_1_658' title='bbox 2731 2046 2784 2098; x_wconf 89' lang='lat' dir='ltr'><strong>in</strong></span> <span class='ocrx_word' id='word_1_659' title='bbox 2820 2048 3115 2110; x_wconf 88' lang='lat' dir='ltr'><strong>clamorem,</strong></span> <span class='ocrx_word' id='word_1_660' title='bbox 3144 2062 3210 2116; x_wconf 91' lang='lat' dir='ltr'><strong>et,</strong></span> <span class='ocrx_word' id='word_1_661' title='bbox 3245 2057 3447 2113; x_wconf 83' lang='lat' dir='ltr'><strong>turbide</strong></span> 
     </span>
    </p>
   </div>
   <div class='ocr_carea' id='block_1_86' title="bbox 1854 2115 3447 2186">
    <p class='ocr_par' dir='ltr' id='par_1_86' title="bbox 1854 2115 3447 2186">
     <span class='ocr_line' id='line_1_87' title="bbox 1854 2115 3447 2186; baseline 0.004 -18"><span class='ocrx_word' id='word_1_662' title='bbox 1854 2116 2094 2184; x_wconf 80' lang='lat' dir='ltr'><strong>fremens,</strong></span> <span class='ocrx_word' id='word_1_663' title='bbox 2133 2115 2231 2170; x_wconf 87' lang='lat' dir='ltr'><strong>huc</strong></span> <span class='ocrx_word' id='word_1_664' title='bbox 2258 2125 2411 2184; x_wconf 87' lang='lat' dir='ltr'><strong>atque</strong></span> <span class='ocrx_word' id='word_1_665' title='bbox 2438 2115 2564 2168; x_wconf 89' lang='lat' dir='ltr'><strong>illuc</strong></span> <span class='ocrx_word' id='word_1_666' title='bbox 2597 2117 2648 2167; x_wconf 88' lang='lat' dir='ltr'><strong>in</strong></span> <span class='ocrx_word' id='word_1_667' title='bbox 2686 2116 2893 2168; x_wconf 85' lang='lat' dir='ltr'><strong>modum</strong></span> <span class='ocrx_word' id='word_1_668' title='bbox 2936 2119 3053 2186; x_wconf 81' lang='lat' dir='ltr'><strong>folii</strong></span> <span class='ocrx_word' id='word_1_669' title='bbox 3085 2122 3354 2179; x_wconf 72' lang='lat' dir='ltr'><strong>ventilatur</strong></span> <span class='ocrx_word' id='word_1_670' title='bbox 3396 2140 3447 2183; x_wconf 65' lang='lat' dir='ltr'><strong>et</strong></span> 
     </span>
    </p>
   </div>
   <div class='ocr_carea' id='block_1_87' title="bbox 1855 2186 3447 2259">
    <p class='ocr_par' dir='ltr' id='par_1_87' title="bbox 1855 2186 3447 2259">
     <span class='ocr_line' id='line_1_88' title="bbox 1855 2186 3447 2259; baseline 0.006 -20"><span class='ocrx_word' id='word_1_671' title='bbox 1855 2188 1993 2240; x_wconf 90' lang='lat' dir='ltr'><strong>dicat</strong></span> <span class='ocrx_word' id='word_1_672' title='bbox 2034 2203 2052 2240; x_wconf 89' lang='lat'><strong><em>:</em></strong></span> <span class='ocrx_word' id='word_1_673' title='bbox 2097 2186 2140 2239; x_wconf 85' lang='lat'><em>0</em></span> <span class='ocrx_word' id='word_1_674' title='bbox 2182 2203 2355 2240; x_wconf 84' lang='lat' dir='ltr'><strong>rerum</strong></span> <span class='ocrx_word' id='word_1_675' title='bbox 2392 2186 2679 2259; x_wconf 2' lang='lat' dir='ltr'><strong>iniquitas!)</strong></span> <span class='ocrx_word' id='word_1_676' title='bbox 2712 2204 2740 2238; x_wconf 90' lang='grc' dir='ltr'><em>ο</em></span> <span class='ocrx_word' id='word_1_677' title='bbox 2780 2187 2974 2256; x_wconf 83' lang='lat' dir='ltr'><strong>injusta</strong></span> <span class='ocrx_word' id='word_1_678' title='bbox 3001 2191 3205 2259; x_wconf 86' lang='lat' dir='ltr'><strong>judicia</strong></span> <span class='ocrx_word' id='word_1_679' title='bbox 3238 2193 3331 2247; x_wconf 84' lang='lat' dir='ltr'><strong>Dei</strong></span> <span class='ocrx_word' id='word_1_680' title='bbox 3350 2198 3370 2248; x_wconf 89' lang='lat'><strong>.&#39;</strong></span> <span class='ocrx_word' id='word_1_681' title='bbox 3399 2209 3447 2253; x_wconf 84' lang='lat' dir='ltr'><strong>et</strong></span> 
     </span>
    </p>
   </div>
   <div class='ocr_carea' id='block_1_88' title="bbox 1855 2256 3446 2333">
    <p class='ocr_par' dir='ltr' id='par_1_88' title="bbox 1855 2256 3446 2333">
     <span class='ocr_line' id='line_1_89' title="bbox 1855 2256 3446 2333; baseline 0.015 -34"><span class='ocrx_word' id='word_1_682' title='bbox 1855 2270 2203 2333; x_wconf 39' lang='lat' dir='ltr'><strong>camp-mgnas</strong></span> <span class='ocrx_word' id='word_1_683' title='bbox 2218 2260 2395 2333; x_wconf 73' lang='lat' dir='ltr'><strong>solent</strong></span> <span class='ocrx_word' id='word_1_684' title='bbox 2426 2256 2567 2333; x_wconf 79' lang='lat' dir='ltr'><strong>loqui</strong></span> <span class='ocrx_word' id='word_1_685' title='bbox 2594 2258 2682 2327; x_wconf 88' lang='lat' dir='ltr'><strong>qui</strong></span> <span class='ocrx_word' id='word_1_686' title='bbox 2707 2273 2795 2333; x_wconf 70' lang='lat' dir='ltr'><strong>per</strong></span> <span class='ocrx_word' id='word_1_687' title='bbox 2817 2256 3187 2333; x_wconf 75' lang='lat' dir='ltr'><strong>indignationis</strong></span> <span class='ocrx_word' id='word_1_688' title='bbox 3219 2268 3446 2333; x_wconf 82' lang='lat' dir='ltr'><strong>furorem</strong></span> 
     </span>
    </p>
   </div>
   <div class='ocr_carea' id='block_1_89' title="bbox 1853 2328 3447 2396">
    <p class='ocr_par' dir='ltr' id='par_1_89' title="bbox 1853 2328 3447 2396">
     <span class='ocr_line' id='line_1_90' title="bbox 1853 2328 3447 2396; baseline 0.006 -16"><span class='ocrx_word' id='word_1_689' title='bbox 1853 2330 2038 2382; x_wconf 82' lang='lat' dir='ltr'><strong>mentis</strong></span> <span class='ocrx_word' id='word_1_690' title='bbox 2058 2328 2318 2396; x_wconf 84' lang='lat' dir='ltr'><strong>judicium</strong></span> <span class='ocrx_word' id='word_1_691' title='bbox 2344 2328 2700 2396; x_wconf 86' lang='lat' dir='ltr'><strong>perdiderunt.</strong></span> <span class='ocrx_word' id='word_1_692' title='bbox 2732 2328 2856 2381; x_wconf 67' lang='lat' dir='ltr'><strong>Ilaec</strong></span> <span class='ocrx_word' id='word_1_693' title='bbox 2895 2328 2949 2383; x_wconf 81' lang='lat' dir='ltr'><strong>et</strong></span> <span class='ocrx_word' id='word_1_694' title='bbox 2988 2331 3092 2384; x_wconf 86' lang='lat' dir='ltr'><strong>alia</strong></span> <span class='ocrx_word' id='word_1_695' title='bbox 3142 2328 3229 2385; x_wconf 75' lang='grc'><strong>1).’</strong></span> <span class='ocrx_word' id='word_1_696' title='bbox 3259 2336 3447 2395; x_wconf 74' lang='lat' dir='ltr'><strong>Hiero—</strong></span> 
     </span>
    </p>
   </div>
   <div class='ocr_carea' id='block_1_90' title="bbox 1855 2398 3441 2476">
    <p class='ocr_par' dir='ltr' id='par_1_90' title="bbox 1855 2398 3441 2476">
     <span class='ocr_line' id='line_1_91' title="bbox 1855 2398 3441 2476; baseline 0.008 -25"><span class='ocrx_word' id='word_1_697' title='bbox 1855 2414 2068 2476; x_wconf 68' lang='lat' dir='ltr'><strong>nyinus.</strong></span> <span class='ocrx_word' id='word_1_698' title='bbox 2098 2398 2273 2476; x_wconf 29' lang='lat' dir='ltr'><strong>‘Porro</strong></span> <span class='ocrx_word' id='word_1_699' title='bbox 2293 2400 2428 2476; x_wconf 78' lang='lat' dir='ltr'><strong>quia</strong></span> <span class='ocrx_word' id='word_1_700' title='bbox 2468 2399 2684 2476; x_wconf 77' lang='lat' dir='ltr'><strong>longum</strong></span> <span class='ocrx_word' id='word_1_701' title='bbox 2731 2409 2847 2476; x_wconf 79' lang='lat' dir='ltr'><strong>erat</strong></span> <span class='ocrx_word' id='word_1_702' title='bbox 2884 2405 3066 2476; x_wconf 81' lang='lat' dir='ltr'><strong>omnia</strong></span> <span class='ocrx_word' id='word_1_703' title='bbox 3101 2419 3441 2476; x_wconf 87' lang='lat' dir='ltr'><strong>enumerare,</strong></span> 
     </span>
    </p>
   </div>
   <div class='ocr_carea' id='block_1_91' title="bbox 1853 2469 3447 2539">
    <p class='ocr_par' dir='ltr' id='par_1_91' title="bbox 1853 2469 3447 2539">
     <span class='ocr_line' id='line_1_92' title="bbox 1853 2469 3447 2539; baseline 0.007 -15"><span class='ocrx_word' id='word_1_704' title='bbox 1853 2470 2045 2539; x_wconf 87' lang='lat' dir='ltr'><strong>adjecit</strong></span> <span class='ocrx_word' id='word_1_705' title='bbox 2081 2469 2376 2538; x_wconf 86' lang='lat' dir='ltr'><strong>Apostolus</strong></span> <span class='ocrx_word' id='word_1_706' title='bbox 2419 2488 2430 2521; x_wconf 90' lang='lat'>:</span> <span class='ocrx_word' id='word_1_707' title='bbox 2477 2470 2605 2523; x_wconf 88' lang='lat' dir='ltr'><strong>Cum</strong></span> <span class='ocrx_word' id='word_1_708' title='bbox 2648 2471 2786 2523; x_wconf 88' lang='lat' dir='ltr'><strong>omni</strong></span> <span class='ocrx_word' id='word_1_709' title='bbox 2826 2472 3049 2536; x_wconf 84' lang='lat' dir='ltr'><strong>malitia,</strong></span> <span class='ocrx_word' id='word_1_710' title='bbox 3092 2485 3285 2531; x_wconf 65' lang='lat' dir='ltr'><strong>caatera</strong></span> <span class='ocrx_word' id='word_1_711' title='bbox 3314 2469 3447 2537; x_wconf 79' lang='lat' dir='ltr'><strong>vitia</strong></span> 
     </span>
    </p>
   </div>
   <div class='ocr_carea' id='block_1_92' title="bbox 1853 2540 3446 2613">
    <p class='ocr_par' dir='ltr' id='par_1_92' title="bbox 1853 2540 3446 2613">
     <span class='ocr_line' id='line_1_93' title="bbox 1853 2540 3446 2613; baseline 0.008 -19"><span class='ocrx_word' id='word_1_712' title='bbox 1853 2540 1955 2613; x_wconf 86' lang='lat' dir='ltr'><strong>hoc</strong></span> <span class='ocrx_word' id='word_1_713' title='bbox 1987 2547 2202 2613; x_wconf 83' lang='lat' dir='ltr'><strong>nomine</strong></span> <span class='ocrx_word' id='word_1_714' title='bbox 2234 2540 2622 2610; x_wconf 89' lang='lat' dir='ltr'><strong>complectens.</strong></span> <span class='ocrx_word' id='word_1_715' title='bbox 2659 2542 2720 2594; x_wconf 87' lang='lat' dir='ltr'><strong>D.</strong></span> <span class='ocrx_word' id='word_1_716' title='bbox 2757 2552 2932 2597; x_wconf 88' lang='lat' dir='ltr'><strong>tamen</strong></span> <span class='ocrx_word' id='word_1_717' title='bbox 2964 2540 3259 2613; x_wconf 87' lang='lat' dir='ltr'><strong>Gregorius</strong></span> <span class='ocrx_word' id='word_1_718' title='bbox 3290 2551 3446 2605; x_wconf 88' lang='lat' dir='ltr'><strong>mali-</strong></span> 
     </span>
    </p>
   </div>
   <div class='ocr_carea' id='block_1_93' title="bbox 1856 2611 3440 2680">
    <p class='ocr_par' dir='ltr' id='par_1_93' title="bbox 1856 2611 3440 2680">
     <span class='ocr_line' id='line_1_94' title="bbox 1856 2611 3440 2680; baseline 0.006 -15"><span class='ocrx_word' id='word_1_719' title='bbox 1856 2611 1984 2665; x_wconf 88' lang='lat' dir='ltr'><strong>tiam</strong></span> <span class='ocrx_word' id='word_1_720' title='bbox 2012 2612 2326 2666; x_wconf 84' lang='lat' dir='ltr'><strong>interiorem</strong></span> <span class='ocrx_word' id='word_1_721' title='bbox 2358 2626 2452 2666; x_wconf 88' lang='lat' dir='ltr'><strong>seu</strong></span> <span class='ocrx_word' id='word_1_722' title='bbox 2482 2626 2700 2680; x_wconf 88' lang='lat' dir='ltr'><strong>pravam</strong></span> <span class='ocrx_word' id='word_1_723' title='bbox 2730 2614 2960 2667; x_wconf 92' lang='lat' dir='ltr'><strong>nocendi</strong></span> <span class='ocrx_word' id='word_1_724' title='bbox 2993 2611 3322 2673; x_wconf 68' lang='lat' dir='ltr'><strong>voluntatem</strong></span> <span class='ocrx_word' id='word_1_725' title='bbox 3352 2623 3440 2674; x_wconf 87' lang='lat' dir='ltr'><strong>in-</strong></span> 
     </span>
    </p>
   </div>
   <div class='ocr_carea' id='block_1_94' title="bbox 1853 2682 3446 2752">
    <p class='ocr_par' dir='ltr' id='par_1_94' title="bbox 1853 2682 3446 2752">
     <span class='ocr_line' id='line_1_95' title="bbox 1853 2682 3446 2752; baseline 0.008 -16"><span class='ocrx_word' id='word_1_726' title='bbox 1853 2683 2065 2752; x_wconf 86' lang='lat' dir='ltr'><strong>telligit,</strong></span> <span class='ocrx_word' id='word_1_727' title='bbox 2096 2692 2147 2737; x_wconf 92' lang='lat' dir='ltr'><strong>et</strong></span> <span class='ocrx_word' id='word_1_728' title='bbox 2174 2684 2242 2737; x_wconf 92' lang='lat' dir='ltr'><strong>ab</strong></span> <span class='ocrx_word' id='word_1_729' title='bbox 2269 2682 2630 2752; x_wconf 81' lang='lat' dir='ltr'><strong>exterioribus</strong></span> <span class='ocrx_word' id='word_1_730' title='bbox 2668 2682 2813 2735; x_wconf 90' lang='lat' dir='ltr'><strong>vitiis</strong></span> <span class='ocrx_word' id='word_1_731' title='bbox 2849 2684 2998 2751; x_wconf 91' lang='lat' dir='ltr'><strong>prius</strong></span> <span class='ocrx_word' id='word_1_732' title='bbox 3032 2690 3327 2744; x_wconf 84' lang='lat' dir='ltr'><strong>nominatis</strong></span> <span class='ocrx_word' id='word_1_733' title='bbox 3361 2692 3446 2747; x_wconf 88' lang='lat' dir='ltr'><strong>di-</strong></span> 
     </span>
    </p>
   </div>
   <div class='ocr_carea' id='block_1_95' title="bbox 1851 2751 3446 2830">
    <p class='ocr_par' dir='ltr' id='par_1_95' title="bbox 1851 2751 3446 2830">
     <span class='ocr_line' id='line_1_96' title="bbox 1851 2751 3446 2830; baseline 0.006 -23"><span class='ocrx_word' id='word_1_734' title='bbox 1851 2751 2093 2830; x_wconf 60' lang='lat' dir='ltr'><strong>stinguit,</strong></span> <span class='ocrx_word' id='word_1_735' title='bbox 2148 2754 2216 2805; x_wconf 92' lang='lat' dir='ltr'><strong>ita</strong></span> <span class='ocrx_word' id='word_1_736' title='bbox 2253 2753 2510 2830; x_wconf 77' lang='lat' dir='ltr'><strong>scribens</strong></span> <span class='ocrx_word' id='word_1_737' title='bbox 2558 2751 2858 2830; x_wconf 67' lang='lat' dir='ltr'><strong>(Postumi.</strong></span> <span class='ocrx_word' id='word_1_738' title='bbox 2909 2772 3024 2830; x_wconf 79' lang='lat' dir='ltr'><strong>par.</strong></span> <span class='ocrx_word' id='word_1_739' title='bbox 3071 2772 3148 2830; x_wconf 78' lang='lat' dir='ltr'><strong>ni.</strong></span> <span class='ocrx_word' id='word_1_740' title='bbox 3193 2776 3239 2814; x_wconf 88' lang='lat' dir='ltr'><strong>c.</strong></span> <span class='ocrx_word' id='word_1_741' title='bbox 3288 2761 3391 2830; x_wconf 82' lang='lat' dir='ltr'><strong>IU)</strong></span> <span class='ocrx_word' id='word_1_742' title='bbox 3429 2784 3446 2799; x_wconf 69' lang='grc' dir='ltr'><strong>ο</strong></span> 
     </span>
    </p>
   </div>
   <div class='ocr_carea' id='block_1_96' title="bbox 1850 2822 3446 2892">
    <p class='ocr_par' dir='ltr' id='par_1_96' title="bbox 1850 2822 3446 2892">
     <span class='ocr_line' id='line_1_97' title="bbox 1850 2822 3446 2892; baseline 0.011 -19"><span class='ocrx_word' id='word_1_743' title='bbox 1850 2822 2045 2877; x_wconf 85' lang='lat' dir='ltr'><strong>Doctor</strong></span> <span class='ocrx_word' id='word_1_744' title='bbox 2094 2822 2326 2892; x_wconf 80' lang='lat' dir='ltr'><strong>egregius</strong></span> <span class='ocrx_word' id='word_1_745' title='bbox 2372 2838 2487 2874; x_wconf 86' lang='lat' dir='ltr'><strong>cum</strong></span> <span class='ocrx_word' id='word_1_746' title='bbox 2536 2823 2837 2891; x_wconf 89' lang='lat' dir='ltr'><strong>patientiam</strong></span> <span class='ocrx_word' id='word_1_747' title='bbox 2884 2824 3157 2891; x_wconf 84' lang='lat' dir='ltr'><strong>discipulis</strong></span> <span class='ocrx_word' id='word_1_748' title='bbox 3207 2822 3446 2892; x_wconf 68' lang='lat' dir='ltr'><strong>suaderet</strong></span> 
     </span>
    </p>
   </div>
   <div class='ocr_carea' id='block_1_97' title="bbox 1852 2892 3446 2970">
    <p class='ocr_par' dir='ltr' id='par_1_97' title="bbox 1852 2892 3446 2970">
     <span class='ocr_line' id='line_1_98' title="bbox 1852 2892 3446 2970; baseline 0.008 -25"><span class='ocrx_word' id='word_1_749' title='bbox 1852 2894 2029 2970; x_wconf 81' lang='lat' dir='ltr'><strong>dicens</strong></span> <span class='ocrx_word' id='word_1_750' title='bbox 2075 2909 2093 2945; x_wconf 89' lang='lat'><strong><em>:</em></strong></span> <span class='ocrx_word' id='word_1_751' title='bbox 2147 2892 2673 2970; x_wconf 41' lang='lat' dir='ltr'><strong>omnis-amaritudo,</strong></span> <span class='ocrx_word' id='word_1_752' title='bbox 2716 2901 2773 2945; x_wconf 78' lang='lat' dir='ltr'><strong>et</strong></span> <span class='ocrx_word' id='word_1_753' title='bbox 2804 2894 2906 2963; x_wconf 88' lang='lat' dir='ltr'><strong>ira,</strong></span> <span class='ocrx_word' id='word_1_754' title='bbox 2951 2906 3000 2970; x_wconf 78' lang='lat' dir='ltr'><strong>et</strong></span> <span class='ocrx_word' id='word_1_755' title='bbox 3038 2900 3341 2970; x_wconf 82' lang='lat' dir='ltr'><strong>indignatio,</strong></span> <span class='ocrx_word' id='word_1_756' title='bbox 3395 2916 3446 2961; x_wconf 80' lang='lat' dir='ltr'><strong>ot</strong></span> 
     </span>
    </p>
   </div>
   <div class='ocr_carea' id='block_1_98' title="bbox 1853 2961 3445 3038">
    <p class='ocr_par' dir='ltr' id='par_1_98' title="bbox 1853 2961 3445 3038">
     <span class='ocr_line' id='line_1_99' title="bbox 1853 2961 3445 3038; baseline 0.008 -22"><span class='ocrx_word' id='word_1_757' title='bbox 1853 2964 2088 3038; x_wconf 62' lang='lat' dir='ltr'><strong>clamor,</strong></span> <span class='ocrx_word' id='word_1_758' title='bbox 2102 2972 2150 3038; x_wconf 76' lang='lat' dir='ltr'><strong>et</strong></span> <span class='ocrx_word' id='word_1_759' title='bbox 2182 2961 2498 3038; x_wconf 73' lang='lat' dir='ltr'><strong>blasphemia</strong></span> <span class='ocrx_word' id='word_1_760' title='bbox 2525 2964 2792 3038; x_wconf 79' lang='lat' dir='ltr'><strong>auferatur</strong></span> <span class='ocrx_word' id='word_1_761' title='bbox 2817 2982 2847 3017; x_wconf 90' lang='lat' dir='ltr'><strong>a</strong></span> <span class='ocrx_word' id='word_1_762' title='bbox 2880 2961 3052 3031; x_wconf 68' lang='lat' dir='ltr'><strong>nobis;</strong></span> <span class='ocrx_word' id='word_1_763' title='bbox 3074 2961 3222 3038; x_wconf 70' lang='lat' dir='ltr'><strong>quasi</strong></span> <span class='ocrx_word' id='word_1_764' title='bbox 3245 2961 3445 3033; x_wconf 71' lang='lat' dir='ltr'><strong>cunctis</strong></span> 
     </span>
    </p>
   </div>
   <div class='ocr_carea' id='block_1_99' title="bbox 1850 3034 3446 3103">
    <p class='ocr_par' dir='ltr' id='par_1_99' title="bbox 1850 3034 3446 3103">
     <span class='ocr_line' id='line_1_100' title="bbox 1850 3034 3446 3103; baseline 0.004 -16"><span class='ocrx_word' id='word_1_765' title='bbox 1850 3035 2184 3088; x_wconf 74' lang='lat' dir='ltr'><strong>exterioribus</strong></span> <span class='ocrx_word' id='word_1_766' title='bbox 2206 3036 2319 3102; x_wconf 87' lang='lat' dir='ltr'><strong>jam</strong></span> <span class='ocrx_word' id='word_1_767' title='bbox 2348 3034 2470 3087; x_wconf 89' lang='lat' dir='ltr'><strong>bene</strong></span> <span class='ocrx_word' id='word_1_768' title='bbox 2496 3036 2809 3103; x_wconf 87' lang='lat' dir='ltr'><strong>compositis,</strong></span> <span class='ocrx_word' id='word_1_769' title='bbox 2838 3038 2908 3089; x_wconf 87' lang='lat' dir='ltr'><strong>ad</strong></span> <span class='ocrx_word' id='word_1_770' title='bbox 2931 3034 3176 3094; x_wconf 82' lang='lat' dir='ltr'><strong>interiora</strong></span> <span class='ocrx_word' id='word_1_771' title='bbox 3198 3050 3446 3103; x_wconf 64' lang='lat' dir='ltr'><strong>converti.</strong></span> 
     </span>
    </p>
   </div>
   <div class='ocr_carea' id='block_1_100' title="bbox 1851 3103 3446 3175">
    <p class='ocr_par' dir='ltr' id='par_1_100' title="bbox 1851 3103 3446 3175">
     <span class='ocr_line' id='line_1_101' title="bbox 1851 3103 3446 3175; baseline 0.008 -16"><span class='ocrx_word' id='word_1_772' title='bbox 1851 3117 1957 3167; x_wconf 88' lang='lat' dir='ltr'><strong>tur,</strong></span> <span class='ocrx_word' id='word_1_773' title='bbox 1988 3104 2109 3157; x_wconf 84' lang='lat' dir='ltr'><strong>dum</strong></span> <span class='ocrx_word' id='word_1_774' title='bbox 2139 3106 2403 3175; x_wconf 88' lang='lat' dir='ltr'><strong>subjungit</strong></span> <span class='ocrx_word' id='word_1_775' title='bbox 2428 3121 2445 3158; x_wconf 89' lang='lat'><strong><em>:</em></strong></span> <span class='ocrx_word' id='word_1_776' title='bbox 2474 3103 2600 3158; x_wconf 87' lang='lat' dir='ltr'><strong>Cum</strong></span> <span class='ocrx_word' id='word_1_777' title='bbox 2625 3106 2762 3158; x_wconf 88' lang='lat' dir='ltr'><strong>onmi</strong></span> <span class='ocrx_word' id='word_1_778' title='bbox 2791 3110 3006 3163; x_wconf 80' lang='lat' dir='ltr'><strong>malitia.</strong></span> <span class='ocrx_word' id='word_1_779' title='bbox 3036 3111 3171 3174; x_wconf 82' lang='lat' dir='ltr'><strong>Quia</strong></span> <span class='ocrx_word' id='word_1_780' title='bbox 3200 3118 3446 3172; x_wconf 87' lang='lat' dir='ltr'><strong>nimirum</strong></span> 
     </span>
    </p>
   </div>
   <div class='ocr_carea' id='block_1_101' title="bbox 1852 3175 3446 3257">
    <p class='ocr_par' dir='ltr' id='par_1_101' title="bbox 1852 3175 3446 3257">
     <span class='ocr_line' id='line_1_102' title="bbox 1852 3175 3446 3257; baseline 0.012 -33"><span class='ocrx_word' id='word_1_781' title='bbox 1852 3182 2046 3257; x_wconf 63' lang='lat' dir='ltr'><strong>fruslra</strong></span> <span class='ocrx_word' id='word_1_782' title='bbox 2065 3176 2371 3257; x_wconf 74' lang='lat' dir='ltr'><strong>indignatio,</strong></span> <span class='ocrx_word' id='word_1_783' title='bbox 2391 3175 2587 3257; x_wconf 74' lang='lat' dir='ltr'><strong>clamor</strong></span> <span class='ocrx_word' id='word_1_784' title='bbox 2609 3188 2654 3257; x_wconf 68' lang='lat' dir='ltr'><strong>ei</strong></span> <span class='ocrx_word' id='word_1_785' title='bbox 2680 3177 2998 3257; x_wconf 82' lang='lat' dir='ltr'><strong>blasphemia</strong></span> <span class='ocrx_word' id='word_1_786' title='bbox 3021 3184 3083 3235; x_wconf 89' lang='lat' dir='ltr'><strong>ab</strong></span> <span class='ocrx_word' id='word_1_787' title='bbox 3105 3188 3446 3243; x_wconf 72' lang='lat' dir='ltr'><strong>exterioribus</strong></span> 
     </span>
    </p>
   </div>
   <div class='ocr_carea' id='block_1_102' title="bbox 1854 3248 3446 3313">
    <p class='ocr_par' dir='ltr' id='par_1_102' title="bbox 1854 3248 3446 3313">
     <span class='ocr_line' id='line_1_103' title="bbox 1854 3248 3446 3313; baseline 0.008 -12"><span class='ocrx_word' id='word_1_788' title='bbox 1854 3248 2072 3307; x_wconf 80' lang='lat' dir='ltr'><strong>tollitur,</strong></span> <span class='ocrx_word' id='word_1_789' title='bbox 2101 3248 2143 3300; x_wconf 84' lang='lat' dir='ltr'><strong>si</strong></span> <span class='ocrx_word' id='word_1_790' title='bbox 2172 3248 2225 3299; x_wconf 90' lang='lat' dir='ltr'><strong>in</strong></span> <span class='ocrx_word' id='word_1_791' title='bbox 2250 3248 2581 3301; x_wconf 89' lang='lat' dir='ltr'><strong>interioribus</strong></span> <span class='ocrx_word' id='word_1_792' title='bbox 2607 3250 2845 3301; x_wconf 82' lang='lat' dir='ltr'><strong>vitiorum</strong></span> <span class='ocrx_word' id='word_1_793' title='bbox 2872 3262 3034 3305; x_wconf 87' lang='lat' dir='ltr'><strong>mater</strong></span> <span class='ocrx_word' id='word_1_794' title='bbox 3061 3256 3257 3308; x_wconf 86' lang='lat' dir='ltr'><strong>malitia</strong></span> <span class='ocrx_word' id='word_1_795' title='bbox 3279 3258 3446 3313; x_wconf 84' lang='lat' dir='ltr'><strong>domi-</strong></span> 
     </span>
    </p>
   </div>
   <div class='ocr_carea' id='block_1_103' title="bbox 1852 3318 3446 3396">
    <p class='ocr_par' dir='ltr' id='par_1_103' title="bbox 1852 3318 3446 3396">
     <span class='ocr_line' id='line_1_104' title="bbox 1852 3318 3446 3396; baseline 0.008 -24"><span class='ocrx_word' id='word_1_796' title='bbox 1852 3330 2026 3396; x_wconf 76' lang='lat' dir='ltr'><strong>natur.</strong></span> <span class='ocrx_word' id='word_1_797' title='bbox 2054 3318 2119 3372; x_wconf 85' lang='lat' dir='ltr'><strong>Et</strong></span> <span class='ocrx_word' id='word_1_798' title='bbox 2142 3318 2399 3396; x_wconf 79' lang='lat' dir='ltr'><strong>incassum</strong></span> <span class='ocrx_word' id='word_1_799' title='bbox 2410 3320 2573 3396; x_wconf 73' lang='lat' dir='ltr'><strong>foras</strong></span> <span class='ocrx_word' id='word_1_800' title='bbox 2595 3321 2821 3396; x_wconf 80' lang='lat' dir='ltr'><strong>nequitia</strong></span> <span class='ocrx_word' id='word_1_801' title='bbox 2846 3325 3086 3396; x_wconf 54' lang='lat' dir='ltr'><strong>curantis</strong></span> <span class='ocrx_word' id='word_1_802' title='bbox 3106 3326 3377 3396; x_wconf 87' lang='lat' dir='ltr'><strong>inciditur,</strong></span> <span class='ocrx_word' id='word_1_803' title='bbox 3401 3334 3446 3385; x_wconf 89' lang='lat' dir='ltr'><strong>si</strong></span> 
     </span>
    </p>
   </div>
   <div class='ocr_carea' id='block_1_104' title="bbox 1851 3391 3445 3461">
    <p class='ocr_par' dir='ltr' id='par_1_104' title="bbox 1851 3391 3445 3461">
     <span class='ocr_line' id='line_1_105' title="bbox 1851 3391 3445 3461; baseline 0.004 -18"><span class='ocrx_word' id='word_1_804' title='bbox 1851 3391 2157 3461; x_wconf 88' lang='lat' dir='ltr'><strong>subreptura</strong></span> <span class='ocrx_word' id='word_1_805' title='bbox 2194 3391 2695 3461; x_wconf 85' lang='lat' dir='ltr'><strong>multipliciusintus</strong></span> <span class='ocrx_word' id='word_1_806' title='bbox 2722 3392 2774 3443; x_wconf 88' lang='lat' dir='ltr'><strong>in</strong></span> <span class='ocrx_word' id='word_1_807' title='bbox 2806 3392 2981 3447; x_wconf 82' lang='lat' dir='ltr'><strong>radice</strong></span> <span class='ocrx_word' id='word_1_808' title='bbox 3010 3405 3265 3450; x_wconf 67' lang='lat' dir='ltr'><strong>sentatur.</strong></span> <span class='ocrx_word' id='word_1_809' title='bbox 3303 3391 3445 3457; x_wconf 46' lang='lat' dir='ltr'><strong>Us&#39;us</strong></span> 
     </span>
    </p>
   </div>
   <div class='ocr_carea' id='block_1_105' title="bbox 1852 3460 3445 3528">
    <p class='ocr_par' dir='ltr' id='par_1_105' title="bbox 1852 3460 3445 3528">
     <span class='ocr_line' id='line_1_106' title="bbox 1852 3460 3445 3528; baseline 0.007 -15"><span class='ocrx_word' id='word_1_810' title='bbox 1852 3469 2026 3516; x_wconf 88' lang='lat' dir='ltr'><strong>autem</strong></span> <span class='ocrx_word' id='word_1_811' title='bbox 2066 3470 2148 3515; x_wconf 86' lang='lat' dir='ltr'><strong>est</strong></span> <span class='ocrx_word' id='word_1_812' title='bbox 2186 3461 2478 3528; x_wconf 79' lang='lat' dir='ltr'><strong>Aposmlus</strong></span> <span class='ocrx_word' id='word_1_813' title='bbox 2509 3460 2607 3513; x_wconf 88' lang='lat' dir='ltr'><strong>alia</strong></span> <span class='ocrx_word' id='word_1_814' title='bbox 2641 3461 2801 3514; x_wconf 89' lang='lat' dir='ltr'><strong>simili</strong></span> <span class='ocrx_word' id='word_1_815' title='bbox 2835 3474 3103 3517; x_wconf 82' lang='lat' dir='ltr'><strong>sententia</strong></span> <span class='ocrx_word' id='word_1_816' title='bbox 3143 3468 3206 3518; x_wconf 90' lang='lat' dir='ltr'><strong>ad</strong></span> <span class='ocrx_word' id='word_1_817' title='bbox 3248 3468 3445 3524; x_wconf 89' lang='lat' dir='ltr'><strong>Colos-</strong></span> 
     </span>
    </p>
   </div>
   <div class='ocr_carea' id='block_1_106' title="bbox 1848 3530 3442 3601">
    <p class='ocr_par' dir='ltr' id='par_1_106' title="bbox 1848 3530 3442 3601">
     <span class='ocr_line' id='line_1_107' title="bbox 1848 3530 3442 3601; baseline 0.006 -16"><span class='ocrx_word' id='word_1_818' title='bbox 1848 3546 2037 3586; x_wconf 89' lang='lat' dir='ltr'><strong>senses</strong></span> <span class='ocrx_word' id='word_1_819' title='bbox 2072 3547 2147 3590; x_wconf 85' lang='lat' dir='ltr'><strong>in.</strong></span> <span class='ocrx_word' id='word_1_820' title='bbox 2182 3546 2287 3599; x_wconf 88' lang='lat' dir='ltr'><strong>qua</strong></span> <span class='ocrx_word' id='word_1_821' title='bbox 2318 3532 2506 3586; x_wconf 90' lang='lat' dir='ltr'><strong>eadem</strong></span> <span class='ocrx_word' id='word_1_822' title='bbox 2539 3530 2650 3584; x_wconf 87' lang='lat' dir='ltr'><strong>fere</strong></span> <span class='ocrx_word' id='word_1_823' title='bbox 2678 3531 2857 3584; x_wconf 88' lang='lat' dir='ltr'><strong>omnia</strong></span> <span class='ocrx_word' id='word_1_824' title='bbox 2891 3543 2943 3586; x_wconf 92' lang='lat' dir='ltr'><strong>et</strong></span> <span class='ocrx_word' id='word_1_825' title='bbox 2974 3534 3183 3601; x_wconf 88' lang='lat' dir='ltr'><strong>singula</strong></span> <span class='ocrx_word' id='word_1_826' title='bbox 3216 3540 3345 3590; x_wconf 88' lang='lat' dir='ltr'><strong>vitia</strong></span> <span class='ocrx_word' id='word_1_827' title='bbox 3374 3541 3442 3595; x_wconf 89' lang='lat' dir='ltr'><strong>ad</strong></span> 
     </span>
    </p>
   </div>
   <div class='ocr_carea' id='block_1_107' title="bbox 1846 3601 3443 3669">
    <p class='ocr_par' dir='ltr' id='par_1_107' title="bbox 1846 3601 3443 3669">
     <span class='ocr_line' id='line_1_108' title="bbox 1846 3601 3443 3669; baseline 0.004 -14"><span class='ocrx_word' id='word_1_828' title='bbox 1846 3602 1982 3656; x_wconf 89' lang='lat' dir='ltr'><strong>iram</strong></span> <span class='ocrx_word' id='word_1_829' title='bbox 2016 3602 2360 3667; x_wconf 81' lang='lat' dir='ltr'><strong>pertinentia,</strong></span> <span class='ocrx_word' id='word_1_830' title='bbox 2394 3602 2487 3655; x_wconf 90' lang='lat' dir='ltr'><strong>sed</strong></span> <span class='ocrx_word' id='word_1_831' title='bbox 2519 3601 2625 3653; x_wconf 89' lang='lat' dir='ltr'><strong>alio</strong></span> <span class='ocrx_word' id='word_1_832' title='bbox 2663 3602 2873 3663; x_wconf 89' lang='lat' dir='ltr'><strong>ordine,</strong></span> <span class='ocrx_word' id='word_1_833' title='bbox 2907 3605 3175 3669; x_wconf 63' lang='lat' dir='ltr'><strong>expressit</strong></span> <span class='ocrx_word' id='word_1_834' title='bbox 3205 3606 3289 3658; x_wconf 87' lang='lat' dir='ltr'><strong>liis</strong></span> <span class='ocrx_word' id='word_1_835' title='bbox 3318 3624 3443 3661; x_wconf 89' lang='lat' dir='ltr'><strong>ver-</strong></span> 
     </span>
    </p>
   </div>
   <div class='ocr_carea' id='block_1_108' title="bbox 1847 3671 3443 3746">
    <p class='ocr_par' dir='ltr' id='par_1_108' title="bbox 1847 3671 3443 3746">
     <span class='ocr_line' id='line_1_109' title="bbox 1847 3671 3443 3746; baseline -0.002 -21"><span class='ocrx_word' id='word_1_836' title='bbox 1847 3673 1931 3746; x_wconf 86' lang='lat' dir='ltr'><strong>bis</strong></span> <span class='ocrx_word' id='word_1_837' title='bbox 1956 3690 1969 3726; x_wconf 89' lang='lat'><strong>:</strong></span> <span class='ocrx_word' id='word_1_838' title='bbox 2000 3673 2157 3727; x_wconf 88' lang='lat' dir='ltr'><strong>Nunc</strong></span> <span class='ocrx_word' id='word_1_839' title='bbox 2175 3682 2347 3746; x_wconf 82' lang='lat' dir='ltr'><strong>autem</strong></span> <span class='ocrx_word' id='word_1_840' title='bbox 2366 3671 2601 3746; x_wconf 77' lang='lat' dir='ltr'><strong>deponite</strong></span> <span class='ocrx_word' id='word_1_841' title='bbox 2623 3682 2666 3746; x_wconf 69' lang='lat' dir='ltr'><strong>ei</strong></span> <span class='ocrx_word' id='word_1_842' title='bbox 2690 3687 2777 3722; x_wconf 87' lang='lat' dir='ltr'><strong>vos</strong></span> <span class='ocrx_word' id='word_1_843' title='bbox 2799 3674 2993 3736; x_wconf 87' lang='lat' dir='ltr'><strong>omnia,</strong></span> <span class='ocrx_word' id='word_1_844' title='bbox 3021 3672 3175 3735; x_wconf 87' lang='lat' dir='ltr'><strong>iram,</strong></span> <span class='ocrx_word' id='word_1_845' title='bbox 3202 3676 3443 3746; x_wconf 79' lang='lat' dir='ltr'><strong>indigna.</strong></span> 
     </span>
    </p>
   </div>
   <div class='ocr_carea' id='block_1_109' title="bbox 1849 3739 3439 3811">
    <p class='ocr_par' dir='ltr' id='par_1_109' title="bbox 1849 3739 3439 3811">
     <span class='ocr_line' id='line_1_110' title="bbox 1849 3739 3439 3811; baseline 0.002 -15"><span class='ocrx_word' id='word_1_846' title='bbox 1849 3744 2055 3807; x_wconf 86' lang='lat' dir='ltr'><strong>tionem,</strong></span> <span class='ocrx_word' id='word_1_847' title='bbox 2081 3743 2353 3805; x_wconf 87' lang='lat' dir='ltr'><strong>malitiam,</strong></span> <span class='ocrx_word' id='word_1_848' title='bbox 2375 3739 2765 3811; x_wconf 74' lang='lat' dir='ltr'><strong>blasphemiam,</strong></span> <span class='ocrx_word' id='word_1_849' title='bbox 2787 3750 2982 3811; x_wconf 84' lang='lat' dir='ltr'><strong>turpem</strong></span> <span class='ocrx_word' id='word_1_850' title='bbox 3003 3739 3439 3811; x_wconf 40' lang='lat' dir='ltr'><strong>sermonemfetc.</strong></span> 
     </span>
    </p>
   </div>
   <div class='ocr_carea' id='block_1_110' title="bbox 1918 3809 3442 3877">
    <p class='ocr_par' dir='ltr' id='par_1_110' title="bbox 1918 3809 3442 3877">
     <span class='ocr_line' id='line_1_111' title="bbox 1918 3809 3442 3877; baseline 0.003 -9"><span class='ocrx_word' id='word_1_851' title='bbox 1918 3812 1945 3852; x_wconf 73' lang='grc' dir='ltr'><strong>ι’</strong></span> <span class='ocrx_word' id='word_1_852' title='bbox 1982 3815 2203 3867; x_wconf 80' lang='lat' dir='ltr'><strong>Videtur</strong></span> <span class='ocrx_word' id='word_1_853' title='bbox 2231 3811 2521 3865; x_wconf 87' lang='lat' dir='ltr'><strong>Cassianus</strong></span> <span class='ocrx_word' id='word_1_854' title='bbox 2552 3809 2639 3863; x_wconf 91' lang='lat' dir='ltr'><strong>his</strong></span> <span class='ocrx_word' id='word_1_855' title='bbox 2670 3810 2851 3863; x_wconf 88' lang='lat' dir='ltr'><strong>verbis</strong></span> <span class='ocrx_word' id='word_1_856' title='bbox 2883 3826 3098 3865; x_wconf 89' lang='lat' dir='ltr'><strong>omnem</strong></span> <span class='ocrx_word' id='word_1_857' title='bbox 3131 3814 3266 3869; x_wconf 85' lang='lat' dir='ltr'><strong>iram</strong></span> <span class='ocrx_word' id='word_1_858' title='bbox 3294 3809 3442 3877; x_wconf 78' lang='lat' dir='ltr'><strong>velle</strong></span> 
     </span>
    </p>
   </div>
   <div class='ocr_carea' id='block_1_111' title="bbox 1847 3879 3440 3951">
    <p class='ocr_par' dir='ltr' id='par_1_111' title="bbox 1847 3879 3440 3951">
     <span class='ocr_line' id='line_1_112' title="bbox 1847 3879 3440 3951; baseline 0.013 -23"><span class='ocrx_word' id='word_1_859' title='bbox 1847 3884 2154 3947; x_wconf 70' lang='lat' dir='ltr'><strong>excludere,</strong></span> <span class='ocrx_word' id='word_1_860' title='bbox 2204 3892 2257 3935; x_wconf 91' lang='lat' dir='ltr'><strong>et</strong></span> <span class='ocrx_word' id='word_1_861' title='bbox 2302 3883 2354 3935; x_wconf 92' lang='lat' dir='ltr'><strong>in</strong></span> <span class='ocrx_word' id='word_1_862' title='bbox 2395 3879 2525 3933; x_wconf 84' lang='lat' dir='ltr'><strong>vitio</strong></span> <span class='ocrx_word' id='word_1_863' title='bbox 2572 3894 2774 3951; x_wconf 89' lang='lat' dir='ltr'><strong>ponere</strong></span> <span class='ocrx_word' id='word_1_864' title='bbox 2819 3895 2833 3932; x_wconf 88' lang='lat'><strong>:</strong></span> <span class='ocrx_word' id='word_1_865' title='bbox 2878 3885 3019 3951; x_wconf 86' lang='lat' dir='ltr'><strong>quod</strong></span> <span class='ocrx_word' id='word_1_866' title='bbox 3062 3899 3127 3938; x_wconf 79' lang='lat' dir='ltr'><strong>ex</strong></span> <span class='ocrx_word' id='word_1_867' title='bbox 3168 3892 3440 3949; x_wconf 89' lang='lat' dir='ltr'><strong>sententia</strong></span> 
     </span>
    </p>
   </div>
   <div class='ocr_carea' id='block_1_112' title="bbox 1848 3950 3442 4028">
    <p class='ocr_par' dir='ltr' id='par_1_112' title="bbox 1848 3950 3442 4028">
     <span class='ocr_line' id='line_1_113' title="bbox 1848 3950 3442 4028; baseline 0.005 -19"><span class='ocrx_word' id='word_1_868' title='bbox 1848 3957 2006 4028; x_wconf 69' lang='lat' dir='ltr'><strong>etiam</strong></span> <span class='ocrx_word' id='word_1_869' title='bbox 2051 3952 2297 4021; x_wconf 83' lang='lat' dir='ltr'><strong>Apostoli</strong></span> <span class='ocrx_word' id='word_1_870' title='bbox 2341 3951 2501 4006; x_wconf 91' lang='lat' dir='ltr'><strong>modo</strong></span> <span class='ocrx_word' id='word_1_871' title='bbox 2543 3950 2935 4028; x_wconf 62' lang='lat' dir='ltr'><strong>e§_plicata,_et</strong></span> <span class='ocrx_word' id='word_1_872' title='bbox 2976 3956 3097 4009; x_wconf 89' lang='lat' dir='ltr'><strong>aliis</strong></span> <span class='ocrx_word' id='word_1_873' title='bbox 3143 3956 3442 4028; x_wconf 76' lang='lat' dir='ltr'><strong>Scriptura:</strong></span> 
     </span>
    </p>
   </div>
   <div class='ocr_carea' id='block_1_113' title="bbox 1845 4021 3441 4091">
    <p class='ocr_par' dir='ltr' id='par_1_113' title="bbox 1845 4021 3441 4091">
     <span class='ocr_line' id='line_1_114' title="bbox 1845 4021 3441 4091; baseline 0.006 -11"><span class='ocrx_word' id='word_1_874' title='bbox 1845 4026 1980 4080; x_wconf 90' lang='lat' dir='ltr'><strong>locis</strong></span> <span class='ocrx_word' id='word_1_875' title='bbox 2022 4028 2233 4079; x_wconf 87' lang='lat' dir='ltr'><strong>videtur</strong></span> <span class='ocrx_word' id='word_1_876' title='bbox 2273 4034 2537 4078; x_wconf 91' lang='lat' dir='ltr'><strong>astruere.</strong></span> <span class='ocrx_word' id='word_1_877' title='bbox 2585 4021 2783 4077; x_wconf 78' lang='lat' dir='ltr'><strong>Verum</strong></span> <span class='ocrx_word' id='word_1_878' title='bbox 2822 4025 2864 4077; x_wconf 91' lang='lat' dir='ltr'><strong>si</strong></span> <span class='ocrx_word' id='word_1_879' title='bbox 2899 4021 3282 4084; x_wconf 75' lang='lat' dir='ltr'><strong>antecedentia</strong></span> <span class='ocrx_word' id='word_1_880' title='bbox 3316 4051 3441 4091; x_wconf 89' lang='lat' dir='ltr'><strong>cum</strong></span> 
     </span>
    </p>
   </div>
   <div class='ocr_carea' id='block_1_114' title="bbox 1845 4095 3440 4164">
    <p class='ocr_par' dir='ltr' id='par_1_114' title="bbox 1845 4095 3440 4164">
     <span class='ocr_line' id='line_1_115' title="bbox 1845 4095 3440 4164; baseline 0.004 -12"><span class='ocrx_word' id='word_1_881' title='bbox 1845 4098 2302 4164; x_wconf 87' lang='lat' dir='ltr'><strong>consequentibus</strong></span> <span class='ocrx_word' id='word_1_882' title='bbox 2324 4095 2692 4160; x_wconf 86' lang='lat' dir='ltr'><strong>conferantur,</strong></span> <span class='ocrx_word' id='word_1_883' title='bbox 2715 4107 2767 4150; x_wconf 92' lang='lat' dir='ltr'><strong>et</strong></span> <span class='ocrx_word' id='word_1_884' title='bbox 2789 4099 3094 4152; x_wconf 90' lang='lat' dir='ltr'><strong>accuratius</strong></span> <span class='ocrx_word' id='word_1_885' title='bbox 3119 4104 3440 4159; x_wconf 67' lang='lat' dir='ltr'><strong>examinen.</strong></span> 
     </span>
    </p>
   </div>
   <div class='ocr_carea' id='block_1_115' title="bbox 1847 4165 3442 4236">
    <p class='ocr_par' dir='ltr' id='par_1_115' title="bbox 1847 4165 3442 4236">
     <span class='ocr_line' id='line_1_116' title="bbox 1847 4165 3442 4236; baseline 0.007 -15"><span class='ocrx_word' id='word_1_886' title='bbox 1847 4179 1953 4232; x_wconf 91' lang='lat' dir='ltr'><strong>tur,</strong></span> <span class='ocrx_word' id='word_1_887' title='bbox 2003 4169 2135 4221; x_wconf 88' lang='lat' dir='ltr'><strong>satis</strong></span> <span class='ocrx_word' id='word_1_888' title='bbox 2188 4165 2502 4236; x_wconf 89' lang='lat' dir='ltr'><strong>intelligitur</strong></span> <span class='ocrx_word' id='word_1_889' title='bbox 2563 4181 2665 4218; x_wconf 87' lang='lat' dir='ltr'><strong>non</strong></span> <span class='ocrx_word' id='word_1_890' title='bbox 2725 4167 3044 4236; x_wconf 87' lang='lat' dir='ltr'><strong>simpliciter</strong></span> <span class='ocrx_word' id='word_1_891' title='bbox 3092 4180 3146 4224; x_wconf 91' lang='lat' dir='ltr'><strong>et</strong></span> <span class='ocrx_word' id='word_1_892' title='bbox 3198 4174 3442 4233; x_wconf 87' lang='lat' dir='ltr'><strong>absolute</strong></span> 
     </span>
    </p>
   </div>
   <div class='ocr_carea' id='block_1_116' title="bbox 1847 4237 3441 4315">
    <p class='ocr_par' dir='ltr' id='par_1_116' title="bbox 1847 4237 3441 4315">
     <span class='ocr_line' id='line_1_117' title="bbox 1847 4237 3441 4315; baseline -0.001 -23"><span class='ocrx_word' id='word_1_893' title='bbox 1847 4254 2061 4315; x_wconf 79' lang='lat' dir='ltr'><strong>omnem</strong></span> <span class='ocrx_word' id='word_1_894' title='bbox 2092 4240 2258 4315; x_wconf 82' lang='lat' dir='ltr'><strong>iram,</strong></span> <span class='ocrx_word' id='word_1_895' title='bbox 2298 4237 2390 4290; x_wconf 87' lang='lat' dir='ltr'><strong>sed</strong></span> <span class='ocrx_word' id='word_1_896' title='bbox 2411 4239 2526 4315; x_wconf 58' lang='lat' dir='ltr'><strong>ira:</strong></span> <span class='ocrx_word' id='word_1_897' title='bbox 2551 4241 2939 4315; x_wconf 81' lang='lat' dir='ltr'><strong>_t_antumm0i_lo</strong></span> <span class='ocrx_word' id='word_1_898' title='bbox 2966 4241 3177 4309; x_wconf 90' lang='lat' dir='ltr'><strong>vitium,</strong></span> <span class='ocrx_word' id='word_1_899' title='bbox 3212 4244 3311 4299; x_wconf 83' lang='lat' dir='ltr'><strong>hoc</strong></span> <span class='ocrx_word' id='word_1_900' title='bbox 3336 4259 3441 4315; x_wconf 58' lang='lat' dir='ltr'><strong>esi,</strong></span> 
     </span>
    </p>
   </div>
   <div class='ocr_carea' id='block_1_117' title="bbox 1846 4307 3442 4376">
    <p class='ocr_par' dir='ltr' id='par_1_117' title="bbox 1846 4307 3442 4376">
     <span class='ocr_line' id='line_1_118' title="bbox 1846 4307 3442 4376; baseline 0.004 -12"><span class='ocrx_word' id='word_1_901' title='bbox 1846 4310 1979 4364; x_wconf 84' lang='lat' dir='ltr'><strong>iram</strong></span> <span class='ocrx_word' id='word_1_902' title='bbox 2013 4309 2260 4362; x_wconf 89' lang='lat' dir='ltr'><strong>vitiosam</strong></span> <span class='ocrx_word' id='word_1_903' title='bbox 2289 4324 2385 4361; x_wconf 88' lang='lat' dir='ltr'><strong>seu</strong></span> <span class='ocrx_word' id='word_1_904' title='bbox 2411 4307 2771 4361; x_wconf 89' lang='lat' dir='ltr'><strong>inordinatam</strong></span> <span class='ocrx_word' id='word_1_905' title='bbox 2799 4310 3035 4366; x_wconf 86' lang='lat' dir='ltr'><strong>voluisse</strong></span> <span class='ocrx_word' id='word_1_906' title='bbox 3065 4307 3349 4376; x_wconf 87' lang='lat' dir='ltr'><strong>damnare,</strong></span> <span class='ocrx_word' id='word_1_907' title='bbox 3388 4307 3442 4373; x_wconf 73' lang='lat' dir='ltr'><strong>ei</strong></span> 
     </span>
    </p>
   </div>
   <div class='ocr_carea' id='block_1_118' title="bbox 1847 4378 3441 4446">
    <p class='ocr_par' dir='ltr' id='par_1_118' title="bbox 1847 4378 3441 4446">
     <span class='ocr_line' id='line_1_119' title="bbox 1847 4378 3441 4446; baseline 0.005 -13"><span class='ocrx_word' id='word_1_908' title='bbox 1847 4380 2314 4433; x_wconf 86' lang='lat' dir='ltr'><strong>mansuetudinem</strong></span> <span class='ocrx_word' id='word_1_909' title='bbox 2357 4380 2555 4431; x_wconf 87' lang='lat' dir='ltr'><strong>irarum</strong></span> <span class='ocrx_word' id='word_1_910' title='bbox 2595 4378 3005 4436; x_wconf 87' lang='lat' dir='ltr'><strong>moderatricem</strong></span> <span class='ocrx_word' id='word_1_911' title='bbox 3049 4388 3336 4441; x_wconf 75' lang='lat' dir='ltr'><strong>monachis</strong></span> <span class='ocrx_word' id='word_1_912' title='bbox 3375 4391 3441 4446; x_wconf 86' lang='lat' dir='ltr'><strong>ad</strong></span> 
     </span>
    </p>
   </div>
   <div class='ocr_carea' id='block_1_119' title="bbox 1849 4449 3436 4518">
    <p class='ocr_par' dir='ltr' id='par_1_119' title="bbox 1849 4449 3436 4518">
     <span class='ocr_line' id='line_1_120' title="bbox 1849 4449 3436 4518; baseline 0.007 -14"><span class='ocrx_word' id='word_1_913' title='bbox 1849 4452 2237 4518; x_wconf 81' lang='lat' dir='ltr'><strong>perfectionem</strong></span> <span class='ocrx_word' id='word_1_914' title='bbox 2290 4449 2632 4503; x_wconf 89' lang='lat' dir='ltr'><strong>tendentibus</strong></span> <span class='ocrx_word' id='word_1_915' title='bbox 2680 4450 2974 4518; x_wconf 88' lang='lat' dir='ltr'><strong>impensius</strong></span> <span class='ocrx_word' id='word_1_916' title='bbox 3034 4460 3436 4515; x_wconf 89' lang='lat' dir='ltr'><strong>commendare.</strong></span> 
     </span>
    </p>
   </div>
   <div class='ocr_carea' id='block_1_120' title="bbox 1846 4520 3442 4591">
    <p class='ocr_par' dir='ltr' id='par_1_120' title="bbox 1846 4520 3442 4591">
     <span class='ocr_line' id='line_1_121' title="bbox 1846 4520 3442 4591; baseline 0.006 -16"><span class='ocrx_word' id='word_1_917' title='bbox 1846 4520 1971 4591; x_wconf 86' lang='lat' dir='ltr'><strong>Agit</strong></span> <span class='ocrx_word' id='word_1_918' title='bbox 1989 4522 2129 4575; x_wconf 86' lang='lat' dir='ltr'><strong>enim</strong></span> <span class='ocrx_word' id='word_1_919' title='bbox 2154 4521 2205 4573; x_wconf 91' lang='lat' dir='ltr'><strong>in</strong></span> <span class='ocrx_word' id='word_1_920' title='bbox 2232 4520 2314 4573; x_wconf 83' lang='lat' dir='ltr'><strong>liis</strong></span> <span class='ocrx_word' id='word_1_921' title='bbox 2336 4520 2491 4573; x_wconf 91' lang='lat' dir='ltr'><strong>libris</strong></span> <span class='ocrx_word' id='word_1_922' title='bbox 2513 4529 2698 4575; x_wconf 88' lang='lat' dir='ltr'><strong>contra</strong></span> <span class='ocrx_word' id='word_1_923' title='bbox 2723 4524 2845 4576; x_wconf 89' lang='lat' dir='ltr'><strong>vitia</strong></span> <span class='ocrx_word' id='word_1_924' title='bbox 2871 4523 3144 4589; x_wconf 83' lang='lat' dir='ltr'><strong>capitalia,</strong></span> <span class='ocrx_word' id='word_1_925' title='bbox 3175 4538 3229 4582; x_wconf 91' lang='lat' dir='ltr'><strong>ut</strong></span> <span class='ocrx_word' id='word_1_926' title='bbox 3251 4540 3442 4588; x_wconf 86' lang='lat' dir='ltr'><strong>notum</strong></span> 
     </span>
    </p>
   </div>
   <div class='ocr_carea' id='block_1_121' title="bbox 1848 4591 3443 4671">
    <p class='ocr_par' dir='ltr' id='par_1_121' title="bbox 1848 4591 3443 4671">
     <span class='ocr_line' id='line_1_122' title="bbox 1848 4591 3443 4671; baseline 0.01 -30"><span class='ocrx_word' id='word_1_927' title='bbox 1848 4602 1952 4671; x_wconf 72' lang='lat' dir='ltr'><strong>est,</strong></span> <span class='ocrx_word' id='word_1_928' title='bbox 1984 4602 2036 4645; x_wconf 88' lang='lat' dir='ltr'><strong>et</strong></span> <span class='ocrx_word' id='word_1_929' title='bbox 2067 4591 2251 4645; x_wconf 89' lang='lat' dir='ltr'><strong>titulus</strong></span> <span class='ocrx_word' id='word_1_930' title='bbox 2275 4591 2510 4671; x_wconf 82' lang='lat' dir='ltr'><strong>indicat:</strong></span> <span class='ocrx_word' id='word_1_931' title='bbox 2546 4591 2771 4660; x_wconf 91' lang='lat' dir='ltr'><strong>proinde</strong></span> <span class='ocrx_word' id='word_1_932' title='bbox 2797 4597 3146 4671; x_wconf 74' lang='lat' dir='ltr'><strong>contrairain</strong></span> <span class='ocrx_word' id='word_1_933' title='bbox 3173 4616 3277 4653; x_wconf 92' lang='lat' dir='ltr'><strong>non</strong></span> <span class='ocrx_word' id='word_1_934' title='bbox 3309 4605 3443 4671; x_wconf 84' lang='lat' dir='ltr'><strong>agit,</strong></span> 
     </span>
    </p>
   </div>
   <div class='ocr_carea' id='block_1_122' title="bbox 1853 4663 3444 4731">
    <p class='ocr_par' dir='ltr' id='par_1_122' title="bbox 1853 4663 3444 4731">
     <span class='ocr_line' id='line_1_123' title="bbox 1853 4663 3444 4731; baseline 0.009 -16"><span class='ocrx_word' id='word_1_935' title='bbox 1853 4663 1953 4716; x_wconf 91' lang='lat' dir='ltr'><strong>nisi</strong></span> <span class='ocrx_word' id='word_1_936' title='bbox 1980 4673 2243 4730; x_wconf 88' lang='lat' dir='ltr'><strong>quatenus</strong></span> <span class='ocrx_word' id='word_1_937' title='bbox 2267 4664 2450 4716; x_wconf 88' lang='lat' dir='ltr'><strong>vitium</strong></span> <span class='ocrx_word' id='word_1_938' title='bbox 2474 4670 2559 4716; x_wconf 91' lang='lat' dir='ltr'><strong>est</strong></span> <span class='ocrx_word' id='word_1_939' title='bbox 2584 4671 2639 4716; x_wconf 90' lang='lat' dir='ltr'><strong>et</strong></span> <span class='ocrx_word' id='word_1_940' title='bbox 2662 4675 2963 4731; x_wconf 85' lang='lat' dir='ltr'><strong>peccatum.</strong></span> <span class='ocrx_word' id='word_1_941' title='bbox 2998 4666 3147 4722; x_wconf 87' lang='lat' dir='ltr'><strong>Unde</strong></span> <span class='ocrx_word' id='word_1_942' title='bbox 3178 4686 3281 4724; x_wconf 88' lang='lat' dir='ltr'><strong>non</strong></span> <span class='ocrx_word' id='word_1_943' title='bbox 3311 4663 3444 4730; x_wconf 72' lang='lat' dir='ltr'><strong>dicit</strong></span> 
     </span>
    </p>
   </div>
   <div class='ocr_carea' id='block_1_123' title="bbox 1850 4733 3442 4805">
    <p class='ocr_par' dir='ltr' id='par_1_123' title="bbox 1850 4733 3442 4805">
     <span class='ocr_line' id='line_1_124' title="bbox 1850 4733 3442 4805; baseline 0.005 -16"><span class='ocrx_word' id='word_1_944' title='bbox 1850 4739 2171 4789; x_wconf 86' lang='lat' dir='ltr'><strong>monachum</strong></span> <span class='ocrx_word' id='word_1_945' title='bbox 2208 4734 2276 4787; x_wconf 91' lang='lat' dir='ltr'><strong>ab</strong></span> <span class='ocrx_word' id='word_1_946' title='bbox 2304 4733 2448 4787; x_wconf 92' lang='lat' dir='ltr'><strong>omni</strong></span> <span class='ocrx_word' id='word_1_947' title='bbox 2480 4733 2555 4786; x_wconf 85' lang='lat' dir='ltr'><strong>ira</strong></span> <span class='ocrx_word' id='word_1_948' title='bbox 2589 4734 2824 4789; x_wconf 90' lang='lat' dir='ltr'><strong>alienum</strong></span> <span class='ocrx_word' id='word_1_949' title='bbox 2856 4752 2975 4792; x_wconf 73' lang='lat' dir='ltr'><strong>esse</strong></span> <span class='ocrx_word' id='word_1_950' title='bbox 3007 4739 3225 4805; x_wconf 89' lang='lat' dir='ltr'><strong>debere,</strong></span> <span class='ocrx_word' id='word_1_951' title='bbox 3257 4744 3348 4795; x_wconf 76' lang='lat' dir='ltr'><strong>sed</strong></span> <span class='ocrx_word' id='word_1_952' title='bbox 3379 4746 3442 4797; x_wconf 84' lang='lat' dir='ltr'><strong>ab</strong></span> 
     </span>
    </p>
   </div>
   <div class='ocr_carea' id='block_1_124' title="bbox 1850 4804 3442 4881">
    <p class='ocr_par' dir='ltr' id='par_1_124' title="bbox 1850 4804 3442 4881">
     <span class='ocr_line' id='line_1_125' title="bbox 1850 4804 3442 4881; baseline 0.006 -23"><span class='ocrx_word' id='word_1_953' title='bbox 1850 4806 1984 4881; x_wconf 82' lang='lat' dir='ltr'><strong>omni</strong></span> <span class='ocrx_word' id='word_1_954' title='bbox 2012 4805 2103 4881; x_wconf 70' lang='lat' dir='ltr'><strong>ita:</strong></span> <span class='ocrx_word' id='word_1_955' title='bbox 2135 4806 2421 4881; x_wconf 71' lang='lat' dir='ltr'><strong>{morisque</strong></span> <span class='ocrx_word' id='word_1_956' title='bbox 2450 4805 2606 4881; x_wconf 72' lang='lat' dir='ltr'><strong>vitio;</strong></span> <span class='ocrx_word' id='word_1_957' title='bbox 2635 4816 2688 4859; x_wconf 91' lang='lat' dir='ltr'><strong>et</strong></span> <span class='ocrx_word' id='word_1_958' title='bbox 2716 4804 3035 4881; x_wconf 78' lang='lat' dir='ltr'><strong>infradocet</strong></span> <span class='ocrx_word' id='word_1_959' title='bbox 3071 4804 3220 4880; x_wconf 78' lang='lat' dir='ltr'><strong>(Cap.</strong></span> <span class='ocrx_word' id='word_1_960' title='bbox 3256 4812 3285 4864; x_wconf 93' lang='lat'><strong>7</strong></span> <span class='ocrx_word' id='word_1_961' title='bbox 3308 4824 3357 4866; x_wconf 88' lang='lat' dir='ltr'><strong>et</strong></span> <span class='ocrx_word' id='word_1_962' title='bbox 3387 4815 3442 4881; x_wconf 88' lang='lat'><strong>8)</strong></span> 
     </span>
    </p>
   </div>
   <div class='ocr_carea' id='block_1_125' title="bbox 1846 4875 3442 4950">
    <p class='ocr_par' dir='ltr' id='par_1_125' title="bbox 1846 4875 3442 4950">
     <span class='ocr_line' id='line_1_126' title="bbox 1846 4875 3442 4950; baseline 0.004 -19"><span class='ocrx_word' id='word_1_963' title='bbox 1846 4875 2433 4950; x_wconf 58' lang='lat' dir='ltr'><strong>irascenduuinostris</strong></span> <span class='ocrx_word' id='word_1_964' title='bbox 2481 4875 2625 4950; x_wconf 75' lang='lat' dir='ltr'><strong>vitiis</strong></span> <span class='ocrx_word' id='word_1_965' title='bbox 2673 4886 2726 4929; x_wconf 90' lang='lat' dir='ltr'><strong>et</strong></span> <span class='ocrx_word' id='word_1_966' title='bbox 2773 4875 3091 4950; x_wconf 74' lang='lat' dir='ltr'><strong>defectibus,</strong></span> <span class='ocrx_word' id='word_1_967' title='bbox 3146 4875 3200 4935; x_wconf 83' lang='lat' dir='ltr'><strong>et</strong></span> <span class='ocrx_word' id='word_1_968' title='bbox 3247 4897 3365 4950; x_wconf 87' lang='lat' dir='ltr'><strong>cap.</strong></span> <span class='ocrx_word' id='word_1_969' title='bbox 3410 4875 3442 4937; x_wconf 81' lang='lat'><strong>7</strong></span> 
     </span>
    </p>
   </div>
   <div class='ocr_carea' id='block_1_126' title="bbox 1848 4943 3445 5019">
    <p class='ocr_par' dir='ltr' id='par_1_126' title="bbox 1848 4943 3445 5019">
     <span class='ocr_line' id='line_1_127' title="bbox 1848 4943 3445 5019; baseline 0.005 -17"><span class='ocrx_word' id='word_1_970' title='bbox 1848 4947 2029 5019; x_wconf 87' lang='lat' dir='ltr'><strong>laudat</strong></span> <span class='ocrx_word' id='word_1_971' title='bbox 2061 4946 2335 5019; x_wconf 77' lang='lat' dir='ltr'><strong>Davidem,</strong></span> <span class='ocrx_word' id='word_1_972' title='bbox 2365 4944 2507 5019; x_wconf 84' lang='lat' dir='ltr'><strong>quod</strong></span> <span class='ocrx_word' id='word_1_973' title='bbox 2544 4943 2805 5019; x_wconf 71' lang='lat' dir='ltr'><strong>adversus</strong></span> <span class='ocrx_word' id='word_1_974' title='bbox 2831 4948 3003 5002; x_wconf 89' lang='lat' dir='ltr'><strong>diram</strong></span> <span class='ocrx_word' id='word_1_975' title='bbox 3036 4943 3445 5019; x_wconf 74' lang='lat' dir='ltr'><strong>suggesdoiiem</strong></span> 
     </span>
    </p>
   </div>
   <div class='ocr_carea' id='block_1_127' title="bbox 1851 5012 3438 5091">
    <p class='ocr_par' dir='ltr' id='par_1_127' title="bbox 1851 5012 3438 5091">
     <span class='ocr_line' id='line_1_128' title="bbox 1851 5012 3438 5091; baseline 0 -19"><span class='ocrx_word' id='word_1_976' title='bbox 1851 5018 2141 5091; x_wconf 40' lang='lat' dir='ltr'><strong>nbisaipia</strong></span> <span class='ocrx_word' id='word_1_977' title='bbox 2159 5015 2525 5091; x_wconf 76' lang='lat' dir='ltr'><strong>indignatione</strong></span> <span class='ocrx_word' id='word_1_978' title='bbox 2548 5012 2708 5067; x_wconf 81' lang='lat' dir='ltr'><strong>fuerit</strong></span> <span class='ocrx_word' id='word_1_979' title='bbox 2729 5030 3034 5091; x_wconf 84' lang='lat' dir='ltr'><strong>commotus</strong></span> <span class='ocrx_word' id='word_1_980' title='bbox 3059 5012 3273 5091; x_wconf 68' lang='grc'><strong>(117189.</strong></span> <span class='ocrx_word' id='word_1_981' title='bbox 3307 5023 3438 5091; x_wconf 73' lang='lat' dir='ltr'><strong>svi).</strong></span> 
     </span>
    </p>
   </div>
   <div class='ocr_carea' id='block_1_128' title="bbox 1852 5082 3443 5147">
    <p class='ocr_par' dir='ltr' id='par_1_128' title="bbox 1852 5082 3443 5147">
     <span class='ocr_line' id='line_1_129' title="bbox 1852 5082 3443 5147; baseline 0.003 -5"><span class='ocrx_word' id='word_1_982' title='bbox 1852 5082 2082 5142; x_wconf 81' lang='lat' dir='ltr'><strong>Proinde</strong></span> <span class='ocrx_word' id='word_1_983' title='bbox 2123 5082 2518 5136; x_wconf 83' lang='lat' dir='ltr'><strong>observandum</strong></span> <span class='ocrx_word' id='word_1_984' title='bbox 2556 5092 2608 5134; x_wconf 92' lang='lat' dir='ltr'><strong>et</strong></span> <span class='ocrx_word' id='word_1_985' title='bbox 2644 5089 2921 5140; x_wconf 72' lang='lat' dir='ltr'><strong>memoria:</strong></span> <span class='ocrx_word' id='word_1_986' title='bbox 2947 5082 3443 5147; x_wconf 48' lang='lat' dir='ltr'><strong>coin&#39;menduandum</strong></span> 
     </span>
    </p>
   </div>
   <div class='ocr_carea' id='block_1_129' title="bbox 1855 5151 3442 5228">
    <p class='ocr_par' dir='ltr' id='par_1_129' title="bbox 1855 5151 3442 5228">
     <span class='ocr_line' id='line_1_130' title="bbox 1855 5151 3442 5228; baseline 0 -15"><span class='ocrx_word' id='word_1_987' title='bbox 1855 5174 1919 5214; x_wconf 79' lang='lat' dir='ltr'><strong>ex</strong></span> <span class='ocrx_word' id='word_1_988' title='bbox 1962 5156 2203 5228; x_wconf 84' lang='lat' dir='ltr'><strong>doctrina</strong></span> <span class='ocrx_word' id='word_1_989' title='bbox 2361 5151 2604 5228; x_wconf 78' lang='lat' dir='ltr'><strong>Gregorii</strong></span> <span class='ocrx_word' id='word_1_990' title='bbox 2648 5152 2746 5228; x_wconf 89' lang='lat' dir='ltr'><strong>lib._</strong></span> <span class='ocrx_word' id='word_1_991' title='bbox 2792 5158 3145 5228; x_wconf 11' lang='lat' dir='ltr'><strong>vihloralinm</strong></span> <span class='ocrx_word' id='word_1_992' title='bbox 3178 5176 3298 5228; x_wconf 85' lang='lat' dir='ltr'><strong>cap.</strong></span> <span class='ocrx_word' id='word_1_993' title='bbox 3339 5162 3442 5226; x_wconf 75' lang='lat'><strong>55,</strong></span> 
     </span>
    </p>
   </div>
   <div class='ocr_carea' id='block_1_130' title="bbox 1855 5222 3443 5300">
    <p class='ocr_par' dir='ltr' id='par_1_130' title="bbox 1855 5222 3443 5300">
     <span class='ocr_line' id='line_1_131' title="bbox 1855 5222 3443 5300; baseline 0.001 -18"><span class='ocrx_word' id='word_1_994' title='bbox 1855 5228 1995 5299; x_wconf 89' lang='lat' dir='ltr'><strong>quod</strong></span> <span class='ocrx_word' id='word_1_995' title='bbox 2022 5224 2126 5278; x_wconf 86' lang='lat' dir='ltr'><strong>alia</strong></span> <span class='ocrx_word' id='word_1_996' title='bbox 2155 5231 2229 5300; x_wconf 81' lang='lat' dir='ltr'><strong>est</strong></span> <span class='ocrx_word' id='word_1_997' title='bbox 2258 5224 2356 5300; x_wconf 79' lang='lat' dir='ltr'><strong>ira,</strong></span> <span class='ocrx_word' id='word_1_998' title='bbox 2379 5238 2533 5293; x_wconf 81' lang='lat' dir='ltr'><strong>quam</strong></span> <span class='ocrx_word' id='word_1_999' title='bbox 2549 5222 2885 5300; x_wconf 75' lang='lat' dir='ltr'><strong>impatientia</strong></span> <span class='ocrx_word' id='word_1_1000' title='bbox 2911 5229 3126 5300; x_wconf 60' lang='lat' dir='ltr'><strong>eacitat;</strong></span> <span class='ocrx_word' id='word_1_1001' title='bbox 3154 5222 3260 5282; x_wconf 59' lang='lat' dir='ltr'><strong>aliti</strong></span> <span class='ocrx_word' id='word_1_1002' title='bbox 3286 5222 3443 5300; x_wconf 73' lang='lat' dir='ltr'><strong>quani</strong></span> 
     </span>
    </p>
   </div>
   <div class='ocr_carea' id='block_1_131' title="bbox 1856 5292 3451 5373">
    <p class='ocr_par' dir='ltr' id='par_1_131' title="bbox 1856 5292 3451 5373">
     <span class='ocr_line' id='line_1_132' title="bbox 1856 5292 3451 5373; baseline -0.004 -19"><span class='ocrx_word' id='word_1_1003' title='bbox 1856 5292 1993 5353; x_wconf 65' lang='lat' dir='ltr'><strong>zelus</strong></span> <span class='ocrx_word' id='word_1_1004' title='bbox 2017 5299 2239 5373; x_wconf 74' lang='lat' dir='ltr'><strong>justitia:</strong></span> <span class='ocrx_word' id='word_1_1005' title='bbox 2270 5292 2509 5373; x_wconf 42' lang='lat' dir='ltr'><strong>formai:</strong></span> <span class='ocrx_word' id='word_1_1006' title='bbox 2542 5292 2635 5373; x_wconf 80' lang='lat' dir='ltr'><strong>illa</strong></span> <span class='ocrx_word' id='word_1_1007' title='bbox 2662 5309 2724 5346; x_wconf 84' lang='lat' dir='ltr'><strong>ea:</strong></span> <span class='ocrx_word' id='word_1_1008' title='bbox 2753 5296 2895 5373; x_wconf 72' lang='lat' dir='ltr'><strong>uitio,</strong></span> <span class='ocrx_word' id='word_1_1009' title='bbox 2928 5298 3036 5350; x_wconf 78' lang='lat' dir='ltr'><strong>[nec</strong></span> <span class='ocrx_word' id='word_1_1010' title='bbox 3059 5292 3122 5351; x_wconf 71' lang='lat' dir='ltr'><strong>ea:</strong></span> <span class='ocrx_word' id='word_1_1011' title='bbox 3148 5292 3332 5373; x_wconf 57' lang='lat' dir='ltr'><strong>virt_ut&#39;e</strong></span> <span class='ocrx_word' id='word_1_1012' title='bbox 3358 5320 3451 5373; x_wconf 84' lang='lat' dir='ltr'><strong>ge.</strong></span> 
     </span>
    </p>
   </div>
   <div class='ocr_carea' id='block_1_132' title="bbox 1857 5366 3443 5438">
    <p class='ocr_par' dir='ltr' id='par_1_132' title="bbox 1857 5366 3443 5438">
     <span class='ocr_line' id='line_1_133' title="bbox 1857 5366 3443 5438; baseline 0.001 -16"><span class='ocrx_word' id='word_1_1013' title='bbox 1857 5366 2085 5425; x_wconf 80' lang='lat' dir='ltr'><strong>neratur.</strong></span> <span class='ocrx_word' id='word_1_1014' title='bbox 2120 5368 2179 5423; x_wconf 90' lang='lat' dir='ltr'><strong>Si</strong></span> <span class='ocrx_word' id='word_1_1015' title='bbox 2211 5370 2343 5422; x_wconf 88' lang='lat' dir='ltr'><strong>enim</strong></span> <span class='ocrx_word' id='word_1_1016' title='bbox 2368 5366 2512 5420; x_wconf 89' lang='lat' dir='ltr'><strong>nulla</strong></span> <span class='ocrx_word' id='word_1_1017' title='bbox 2540 5366 2619 5419; x_wconf 89' lang='lat' dir='ltr'><strong>ira</strong></span> <span class='ocrx_word' id='word_1_1018' title='bbox 2640 5381 2700 5418; x_wconf 80' lang='lat' dir='ltr'><strong>ea:</strong></span> <span class='ocrx_word' id='word_1_1019' title='bbox 2726 5366 2910 5420; x_wconf 83' lang='lat' dir='ltr'><strong>virtute</strong></span> <span class='ocrx_word' id='word_1_1020' title='bbox 2940 5381 3183 5438; x_wconf 86' lang='lat' dir='ltr'><strong>surgeret,</strong></span> <span class='ocrx_word' id='word_1_1021' title='bbox 3218 5366 3443 5429; x_wconf 66' lang='lat' dir='ltr'><strong>Pliinees</strong></span> 
     </span>
    </p>
   </div>
   <div class='ocr_carea' id='block_1_133' title="bbox 1860 5438 3449 5513">
    <p class='ocr_par' dir='ltr' id='par_1_133' title="bbox 1860 5438 3449 5513">
     <span class='ocr_line' id='line_1_134' title="bbox 1860 5438 3449 5513; baseline -0.001 -19"><span class='ocrx_word' id='word_1_1022' title='bbox 1860 5443 2046 5494; x_wconf 80' lang='lat' dir='ltr'><strong>divina:</strong></span> <span class='ocrx_word' id='word_1_1023' title='bbox 2073 5438 2531 5513; x_wconf 73' lang='lat' dir='ltr'><strong>animadversionis</strong></span> <span class='ocrx_word' id='word_1_1024' title='bbox 2554 5439 2797 5513; x_wconf 71' lang='lat' dir='ltr'><strong>impetum</strong></span> <span class='ocrx_word' id='word_1_1025' title='bbox 2829 5456 2917 5513; x_wconf 79' lang='lat' dir='ltr'><strong>per</strong></span> <span class='ocrx_word' id='word_1_1026' title='bbox 2945 5440 3177 5513; x_wconf 83' lang='lat' dir='ltr'><strong>gladium</strong></span> <span class='ocrx_word' id='word_1_1027' title='bbox 3202 5458 3303 5495; x_wconf 90' lang='lat' dir='ltr'><strong>non</strong></span> <span class='ocrx_word' id='word_1_1028' title='bbox 3330 5446 3449 5513; x_wconf 60' lang='lat' dir='ltr'><strong>pla.</strong></span> 
     </span>
    </p>
   </div>
   <div class='ocr_carea' id='block_1_134' title="bbox 1860 5506 3447 5578">
    <p class='ocr_par' dir='ltr' id='par_1_134' title="bbox 1860 5506 3447 5578">
     <span class='ocr_line' id='line_1_135' title="bbox 1860 5506 3447 5578; baseline 0.003 -13"><span class='ocrx_word' id='word_1_1029' title='bbox 1860 5520 2043 5565; x_wconf 84' lang='lat' dir='ltr'><strong>casset.</strong></span> <span class='ocrx_word' id='word_1_1030' title='bbox 2078 5510 2231 5564; x_wconf 84' lang='lat' dir='ltr'><strong>Hanc</strong></span> <span class='ocrx_word' id='word_1_1031' title='bbox 2256 5510 2385 5562; x_wconf 88' lang='lat' dir='ltr'><strong>iram</strong></span> <span class='ocrx_word' id='word_1_1032' title='bbox 2407 5510 2525 5578; x_wconf 88' lang='lat' dir='ltr'><strong>quia</strong></span> <span class='ocrx_word' id='word_1_1033' title='bbox 2556 5506 2676 5560; x_wconf 86' lang='lat' dir='ltr'><strong>Heli</strong></span> <span class='ocrx_word' id='word_1_1034' title='bbox 2701 5523 2803 5559; x_wconf 90' lang='lat' dir='ltr'><strong>non</strong></span> <span class='ocrx_word' id='word_1_1035' title='bbox 2825 5506 3019 5578; x_wconf 79' lang='lat' dir='ltr'><strong>habuit,</strong></span> <span class='ocrx_word' id='word_1_1036' title='bbox 3045 5522 3236 5568; x_wconf 86' lang='lat' dir='ltr'><strong>motum</strong></span> <span class='ocrx_word' id='word_1_1037' title='bbox 3264 5506 3447 5569; x_wconf 81' lang='lat' dir='ltr'><strong>contra</strong></span> 
     </span>
    </p>
   </div>
   <div class='ocr_carea' id='block_1_135' title="bbox 1862 5578 3444 5652">
    <p class='ocr_par' dir='ltr' id='par_1_135' title="bbox 1862 5578 3444 5652">
     <span class='ocr_line' id='line_1_136' title="bbox 1862 5578 3444 5652; baseline 0.003 -17"><span class='ocrx_word' id='word_1_1038' title='bbox 1862 5598 1915 5635; x_wconf 89' lang='lat' dir='ltr'><strong>se</strong></span> <span class='ocrx_word' id='word_1_1039' title='bbox 1944 5582 2337 5652; x_wconf 88' lang='lat' dir='ltr'><strong>implacabiliter</strong></span> <span class='ocrx_word' id='word_1_1040' title='bbox 2364 5578 2835 5652; x_wconf 50' lang='lat' dir='ltr'><strong>superngultionis</strong></span> <span class='ocrx_word' id='word_1_1041' title='bbox 2856 5583 3112 5635; x_wconf 74' lang='lat' dir='ltr'><strong>excitavit.</strong></span> <span class='ocrx_word' id='word_1_1042' title='bbox 3142 5584 3219 5638; x_wconf 91' lang='lat' dir='ltr'><strong>De</strong></span> <span class='ocrx_word' id='word_1_1043' title='bbox 3239 5582 3335 5637; x_wconf 86' lang='lat' dir='ltr'><strong>hac</strong></span> <span class='ocrx_word' id='word_1_1044' title='bbox 3366 5587 3444 5640; x_wconf 67' lang='lat' dir='ltr'><strong>ina</strong></span> 
     </span>
    </p>
   </div>
   <div class='ocr_carea' id='block_1_136' title="bbox 1863 5648 3446 5731">
    <p class='ocr_par' dir='ltr' id='par_1_136' title="bbox 1863 5648 3446 5731">
     <span class='ocr_line' id='line_1_137' title="bbox 1863 5648 3446 5731; baseline 0.004 -27"><span class='ocrx_word' id='word_1_1045' title='bbox 1863 5670 1953 5731; x_wconf 25' lang='lat' dir='ltr'><strong>puer</strong></span> <span class='ocrx_word' id='word_1_1046' title='bbox 1984 5648 2313 5731; x_wconf 66' lang='lat' dir='ltr'><strong>Psalmistant</strong></span> <span class='ocrx_word' id='word_1_1047' title='bbox 2340 5650 2530 5731; x_wconf 65' lang='lat' dir='ltr'><strong>dicitur</strong></span> <span class='ocrx_word' id='word_1_1048' title='bbox 2551 5648 2775 5731; x_wconf 62' lang='lat' dir='ltr'><strong>(Psalnt.</strong></span> <span class='ocrx_word' id='word_1_1049' title='bbox 2810 5652 2883 5720; x_wconf 84' lang='lat' dir='ltr'><strong>tv)</strong></span> <span class='ocrx_word' id='word_1_1050' title='bbox 2915 5668 2930 5708; x_wconf 85' lang='lat'><strong>:</strong></span> <span class='ocrx_word' id='word_1_1051' title='bbox 2960 5652 3253 5731; x_wconf 73' lang='lat' dir='ltr'><strong>Irascintint&#39;</strong></span> <span class='ocrx_word' id='word_1_1052' title='bbox 3282 5664 3327 5710; x_wconf 91' lang='lat' dir='ltr'><strong>et</strong></span> <span class='ocrx_word' id='word_1_1053' title='bbox 3354 5674 3446 5731; x_wconf 41' lang='lat' dir='ltr'><strong>nos</strong></span> 
     </span>
    </p>
   </div>
   <div class='ocr_carea' id='block_1_137' title="bbox 112 5370 1752 5442">
    <p class='ocr_par' dir='ltr' id='par_1_137' title="bbox 112 5370 1752 5442">
     <span class='ocr_line' id='line_1_138' title="bbox 112 5370 1752 5442; baseline 0.001 -20"><span class='ocrx_word' id='word_1_1054' title='bbox 112 5370 329 5439; x_wconf 70' lang='lat' dir='ltr'><strong>faceret</strong></span> <span class='ocrx_word' id='word_1_1055' title='bbox 344 5372 648 5442; x_wconf 84' lang='lat' dir='ltr'><strong>judicium,</strong></span> <span class='ocrx_word' id='word_1_1056' title='bbox 677 5380 721 5424; x_wconf 91' lang='lat' dir='ltr'><strong>et</strong></span> <span class='ocrx_word' id='word_1_1057' title='bbox 754 5387 866 5424; x_wconf 88' lang='lat' dir='ltr'><strong>ecce</strong></span> <span class='ocrx_word' id='word_1_1058' title='bbox 893 5371 1165 5440; x_wconf 87' lang='lat' dir='ltr'><strong>iniquitas;</strong></span> <span class='ocrx_word' id='word_1_1059' title='bbox 1194 5381 1240 5422; x_wconf 89' lang='lat' dir='ltr'><strong>et</strong></span> <span class='ocrx_word' id='word_1_1060' title='bbox 1258 5370 1541 5440; x_wconf 87' lang='lat' dir='ltr'><strong>justitiam,</strong></span> <span class='ocrx_word' id='word_1_1061' title='bbox 1572 5378 1617 5423; x_wconf 91' lang='lat' dir='ltr'><strong>et</strong></span> <span class='ocrx_word' id='word_1_1062' title='bbox 1639 5386 1752 5424; x_wconf 87' lang='lat' dir='ltr'><strong>ecce</strong></span> 
     </span>
    </p>
   </div>
   <div class='ocr_carea' id='block_1_138' title="bbox 111 5441 1751 5511">
    <p class='ocr_par' dir='ltr' id='par_1_138' title="bbox 111 5441 1751 5511">
     <span class='ocr_line' id='line_1_139' title="bbox 111 5441 1751 5511; baseline 0.001 -17"><span class='ocrx_word' id='word_1_1063' title='bbox 111 5441 365 5496; x_wconf 80' lang='lat' dir='ltr'><strong>clamor.</strong></span> <span class='ocrx_word' id='word_1_1064' title='bbox 423 5441 784 5511; x_wconf 84' lang='lat' dir='ltr'><strong>Blasphemia,</strong></span> <span class='ocrx_word' id='word_1_1065' title='bbox 832 5443 881 5495; x_wconf 92' lang='lat' dir='ltr'><strong>id</strong></span> <span class='ocrx_word' id='word_1_1066' title='bbox 928 5453 1033 5509; x_wconf 71' lang='lat' dir='ltr'><strong>est,</strong></span> <span class='ocrx_word' id='word_1_1067' title='bbox 1084 5444 1482 5505; x_wconf 63' lang='lat' dir='ltr'><strong>maledicentia,</strong></span> <span class='ocrx_word' id='word_1_1068' title='bbox 1534 5455 1649 5495; x_wconf 79' lang='lat' dir='ltr'><strong>Sive</strong></span> <span class='ocrx_word' id='word_1_1069' title='bbox 1698 5442 1751 5495; x_wconf 88' lang='lat' dir='ltr'><strong>in</strong></span> 
     </span>
    </p>
   </div>
   <div class='ocr_carea' id='block_1_139' title="bbox 112 5511 1755 5583">
    <p class='ocr_par' dir='ltr' id='par_1_139' title="bbox 112 5511 1755 5583">
     <span class='ocr_line' id='line_1_140' title="bbox 112 5511 1755 5583; baseline -0.001 -18"><span class='ocrx_word' id='word_1_1070' title='bbox 112 5512 304 5568; x_wconf 85' lang='lat' dir='ltr'><strong>Deum</strong></span> <span class='ocrx_word' id='word_1_1071' title='bbox 346 5522 421 5583; x_wconf 79' lang='lat' dir='ltr'><strong>et</strong></span> <span class='ocrx_word' id='word_1_1072' title='bbox 460 5523 698 5577; x_wconf 90' lang='lat' dir='ltr'><strong>sanctos,</strong></span> <span class='ocrx_word' id='word_1_1073' title='bbox 743 5514 857 5568; x_wconf 90' lang='lat' dir='ltr'><strong>sive</strong></span> <span class='ocrx_word' id='word_1_1074' title='bbox 899 5517 950 5566; x_wconf 93' lang='lat' dir='ltr'><strong>in</strong></span> <span class='ocrx_word' id='word_1_1075' title='bbox 989 5513 1287 5576; x_wconf 82' lang='lat' dir='ltr'><strong>proximos,</strong></span> <span class='ocrx_word' id='word_1_1076' title='bbox 1333 5528 1451 5583; x_wconf 68' lang='lat' dir='ltr'><strong>qua:</strong></span> <span class='ocrx_word' id='word_1_1077' title='bbox 1481 5511 1645 5583; x_wconf 88' lang='lat' dir='ltr'><strong>etiam</strong></span> <span class='ocrx_word' id='word_1_1078' title='bbox 1687 5526 1755 5564; x_wconf 81' lang='lat' dir='ltr'><strong>ex</strong></span> 
     </span>
    </p>
   </div>
   <div class='ocr_carea' id='block_1_140' title="bbox 108 5582 1757 5648">
    <p class='ocr_par' dir='ltr' id='par_1_140' title="bbox 108 5582 1757 5648">
     <span class='ocr_line' id='line_1_141' title="bbox 108 5582 1757 5648; baseline -0.003 -10"><span class='ocrx_word' id='word_1_1079' title='bbox 108 5583 195 5638; x_wconf 89' lang='lat' dir='ltr'><strong>ira</strong></span> <span class='ocrx_word' id='word_1_1080' title='bbox 242 5582 539 5648; x_wconf 84' lang='lat' dir='ltr'><strong>nascitur,</strong></span> <span class='ocrx_word' id='word_1_1081' title='bbox 577 5594 633 5637; x_wconf 90' lang='lat' dir='ltr'><strong>ct</strong></span> <span class='ocrx_word' id='word_1_1082' title='bbox 672 5585 811 5637; x_wconf 89' lang='lat' dir='ltr'><strong>inter</strong></span> <span class='ocrx_word' id='word_1_1083' title='bbox 844 5584 935 5638; x_wconf 69' lang='lat' dir='ltr'><strong>irae</strong></span> <span class='ocrx_word' id='word_1_1084' title='bbox 970 5584 1107 5636; x_wconf 76' lang='lat' dir='ltr'><strong>tilias</strong></span> <span class='ocrx_word' id='word_1_1085' title='bbox 1144 5582 1478 5636; x_wconf 73' lang='lat' dir='ltr'><strong>numeratur.</strong></span> <span class='ocrx_word' id='word_1_1086' title='bbox 1520 5582 1657 5635; x_wconf 85' lang='lat' dir='ltr'><strong>Hinc</strong></span> <span class='ocrx_word' id='word_1_1087' title='bbox 1690 5582 1757 5633; x_wconf 76' lang='lat' dir='ltr'><strong>D.‘</strong></span> 
     </span>
    </p>
   </div>
   <div class='ocr_carea' id='block_1_141' title="bbox 107 5652 1750 5723">
    <p class='ocr_par' dir='ltr' id='par_1_141' title="bbox 107 5652 1750 5723">
     <span class='ocr_line' id='line_1_142' title="bbox 107 5652 1750 5723; baseline -0.005 -14"><span class='ocrx_word' id='word_1_1088' title='bbox 107 5655 522 5723; x_wconf 80' lang='lat' dir='ltr'><strong>Hieronymus</strong></span> <span class='ocrx_word' id='word_1_1089' title='bbox 566 5653 655 5706; x_wconf 89' lang='lat' dir='ltr'><strong>ubi</strong></span> <span class='ocrx_word' id='word_1_1090' title='bbox 698 5669 863 5720; x_wconf 90' lang='lat' dir='ltr'><strong>supra</strong></span> <span class='ocrx_word' id='word_1_1091' title='bbox 897 5673 908 5706; x_wconf 91' lang='lat'><strong>:</strong></span> <span class='ocrx_word' id='word_1_1092' title='bbox 944 5653 1069 5706; x_wconf 84' lang='lat' dir='ltr'><strong>Post</strong></span> <span class='ocrx_word' id='word_1_1093' title='bbox 1102 5653 1525 5717; x_wconf 82' lang='lat' dir='ltr'><strong>amaritudinem,</strong></span> <span class='ocrx_word' id='word_1_1094' title='bbox 1562 5652 1750 5721; x_wconf 88' lang='lat' dir='ltr'><strong>inquit,</strong></span> 
     </span>
    </p>
   </div>
   <div class='ocr_carea' id='block_1_142' title="bbox 104 5720 3445 5799">
    <p class='ocr_par' dir='ltr' id='par_1_142' title="bbox 104 5720 3445 5799">
     <span class='ocr_line' id='line_1_143' title="bbox 104 5720 3445 5799; baseline 0.002 -22"><span class='ocrx_word' id='word_1_1095' title='bbox 104 5720 380 5799; x_wconf 63' lang='lat' dir='ltr'><strong>furerent</strong></span> <span class='ocrx_word' id='word_1_1096' title='bbox 432 5733 477 5775; x_wconf 90' lang='lat' dir='ltr'><strong>et</strong></span> <span class='ocrx_word' id='word_1_1097' title='bbox 522 5724 690 5799; x_wconf 80' lang='lat' dir='ltr'><strong>iram,</strong></span> <span class='ocrx_word' id='word_1_1098' title='bbox 712 5727 1101 5799; x_wconf 83' lang='lat' dir='ltr'><strong>_recte_clamor</strong></span> <span class='ocrx_word' id='word_1_1099' title='bbox 1135 5741 1334 5799; x_wconf 81' lang='lat' dir='ltr'><strong>quoque</strong></span> <span class='ocrx_word' id='word_1_1100' title='bbox 1362 5734 1409 5777; x_wconf 88' lang='lat' dir='ltr'><strong>et</strong></span> <span class='ocrx_word' id='word_1_1101' title='bbox 1436 5720 1757 5799; x_wconf 76' lang='lat' dir='ltr'><strong>blasphemia</strong></span> <span class='ocrx_word' id='word_1_1102' title='bbox 1865 5725 1955 5799; x_wconf 67' lang='lat' dir='ltr'><strong>lite</strong></span> <span class='ocrx_word' id='word_1_1103' title='bbox 1984 5738 2210 5799; x_wconf 77' lang='lat' dir='ltr'><strong>peccare.</strong></span> <span class='ocrx_word' id='word_1_1104' title='bbox 2247 5720 2407 5799; x_wconf 72' lang='lat' dir='ltr'><strong>Quod</strong></span> <span class='ocrx_word' id='word_1_1105' title='bbox 2446 5720 2687 5799; x_wconf 81' lang='lat' dir='ltr'><strong>nimirum</strong></span> <span class='ocrx_word' id='word_1_1106' title='bbox 2726 5737 2829 5774; x_wconf 87' lang='lat' dir='ltr'><strong>non</strong></span> <span class='ocrx_word' id='word_1_1107' title='bbox 2872 5737 3005 5779; x_wconf 86' lang='lat' dir='ltr'><strong>recte</strong></span> <span class='ocrx_word' id='word_1_1108' title='bbox 3033 5726 3330 5798; x_wconf 88' lang='lat' dir='ltr'><strong>intelligunt</strong></span> <span class='ocrx_word' id='word_1_1109' title='bbox 3356 5730 3445 5799; x_wconf 90' lang='lat' dir='ltr'><strong>qui</strong></span> 
     </span>
    </p>
   </div>
   <div class='ocr_carea' id='block_1_143' title="bbox 103 5792 3443 5873">
    <p class='ocr_par' dir='ltr' id='par_1_143' title="bbox 103 5792 3443 5873">
     <span class='ocr_line' id='line_1_144' title="bbox 103 5792 3443 5873; baseline 0.001 -20"><span class='ocrx_word' id='word_1_1110' title='bbox 103 5792 491 5873; x_wconf 76' lang='lat' dir='ltr'><strong>prohibentur</strong></span> <span class='ocrx_word' id='word_1_1111' title='bbox 516 5796 568 5847; x_wconf 90' lang='lat' dir='ltr'><strong>in</strong></span> <span class='ocrx_word' id='word_1_1112' title='bbox 602 5796 769 5859; x_wconf 86' lang='lat' dir='ltr'><strong>nobis,</strong></span> <span class='ocrx_word' id='word_1_1113' title='bbox 804 5797 924 5859; x_wconf 90' lang='lat' dir='ltr'><strong>quia</strong></span> <span class='ocrx_word' id='word_1_1114' title='bbox 943 5798 1029 5866; x_wconf 89' lang='lat' dir='ltr'><strong>qui</strong></span> <span class='ocrx_word' id='word_1_1115' title='bbox 1052 5792 1203 5850; x_wconf 86' lang='lat' dir='ltr'><strong>semel</strong></span> <span class='ocrx_word' id='word_1_1116' title='bbox 1224 5792 1400 5865; x_wconf 69' lang='lat' dir='ltr'><strong>furore</strong></span> <span class='ocrx_word' id='word_1_1117' title='bbox 1425 5792 1575 5851; x_wconf 84' lang='lat' dir='ltr'><strong>fuerit</strong></span> <span class='ocrx_word' id='word_1_1118' title='bbox 1607 5811 1759 5866; x_wconf 87' lang='lat' dir='ltr'><strong>supe-</strong></span> <span class='ocrx_word' id='word_1_1119' title='bbox 1866 5793 2021 5847; x_wconf 78' lang='lat' dir='ltr'><strong>irasci</strong></span> <span class='ocrx_word' id='word_1_1120' title='bbox 2050 5808 2141 5847; x_wconf 84' lang='lat' dir='ltr'><strong>nos</strong></span> <span class='ocrx_word' id='word_1_1121' title='bbox 2169 5792 2316 5849; x_wconf 85' lang='lat' dir='ltr'><strong>nobis</strong></span> <span class='ocrx_word' id='word_1_1122' title='bbox 2353 5792 2727 5862; x_wconf 87' lang='lat' dir='ltr'><strong>tantummodo,</strong></span> <span class='ocrx_word' id='word_1_1123' title='bbox 2759 5810 2860 5850; x_wconf 86' lang='lat' dir='ltr'><strong>non</strong></span> <span class='ocrx_word' id='word_1_1124' title='bbox 2897 5799 3049 5852; x_wconf 87' lang='lat' dir='ltr'><strong>etiam</strong></span> <span class='ocrx_word' id='word_1_1125' title='bbox 3078 5792 3325 5873; x_wconf 74' lang='lat' dir='ltr'><strong>proximis</strong></span> <span class='ocrx_word' id='word_1_1126' title='bbox 3353 5792 3443 5855; x_wconf 56' lang='grc' dir='ltr'><em>ἀμ</em></span> 
     </span>
    </p>
   </div>
   <div class='ocr_carea' id='block_1_144' title="bbox 352 5887 2962 5970">
    <p class='ocr_par' dir='ltr' id='par_1_144' title="bbox 352 5887 2962 5970">
     <span class='ocr_line' id='line_1_145' title="bbox 352 5887 2962 5970; baseline -0.002 -17"><span class='ocrx_word' id='word_1_1127' title='bbox 352 5892 647 5953; x_wconf 70' lang='grc' dir='ltr'><strong>ΡΔτιιυι..</strong></span> <span class='ocrx_word' id='word_1_1128' title='bbox 690 5887 919 5949; x_wconf 78' lang='lat' dir='ltr'><strong>XLIX.</strong></span> <span class='ocrx_word' id='word_1_1129' title='bbox 2892 5887 2962 5948; x_wconf 90' lang='grc'><strong>11</strong></span> 
     </span>
    </p>
   </div>
  </div>
