3994 6202
473 219 577 287 335

1791 218 2070 277 JOANNIS
2105 217 2417 279 CASSIANI

3641 219 3736 282 330

471 345 560 400 bis
608 343 872 398 adversus
915 335 1134 394 fratrem
1178 329 1492 406 irrepserit,
1535 346 1960 399 commovemur,
2014 343 2068 388 et
2094 336 2361 406 Acapitis
2393 335 2510 405 ejus
2555 334 2814 405 explere;
2855 343 3047 392 beatus
3091 332 3255 392 Davxd
3283 333 3541 393 adversus
3578 337 3739 394 diram

473 438 599 493 irati
648 433 878 489 lethales
921 431 1302 501 instigatioues
1331 428 1450 494 ejus
1479 425 1838 490 extrudimus,
1871 440 1972 480 nec
2013 426 2070 479 in

473 531 675 587 abditis
712 525 946 599 pectoris
996 523 1164 579 nostri
1211 521 1401 576 noxias
1443 533 1563 574 eam
1606 517 1842 572 latebras
1868 516 2071 573 habere

474 623 866 694 permittimus.
898 617 1101 672 Taliter
1133 629 1228 668 nos
1270 613 1431 667 irasci
1471 614 1636 666 etiam
1670 610 1762 665 ille
1807 609 2072 681 propheta

477 715 658 778 docet,
693 711 783 782 qui
811 711 864 765 in
897 717 1100 763 tantum
1130 706 1272 760 hanc
1301 718 1333 761 e
1361 703 1473 783 suis
1519 702 1776 772 abegerat
1800 702 2070 768 sensibus,

475 818 537 862 ut
564 823 630 861 ne
653 802 888 858 inimicis
915 799 1132 869 quidem
1159 796 1411 867 propriis,
1446 805 1500 850 et
1526 793 1741 864 quidem
1769 809 1800 847 a
1829 794 1939 849 Deo
1969 794 2073 851 sibi

480 899 729 963 traditis,
783 895 1034 950 maluerit
1080 891 1312 946 reddere
1355 889 1608 943 talionem
1644 907 1657 941 :
1691 897 1715 924 α
1745 886 2072 953 lrasrimini,

479 994 753 1064 inquiens,
793 998 848 1044 et
879 987 1048 1043 nolite
1100 1000 1323 1056 peccare
1357 981 1588 1055 (Psalm.
1621 982 1758 1050 xrv).
1805 980 1899 1034 Ille
1929 979 2074 1034 enim

479 1103 602 1144 cum
644 1099 837 1156 aquam
869 1081 937 1137 de
967 1081 1206 1136 cisterna
1247 1074 1657 1132 Bethleemitica
1695 1073 2071 1142 concupisset,

479 1194 707 1248 eamque
736 1193 764 1230 a
794 1175 928 1229 viris
961 1173 1188 1228 fortibus
1214 1185 1312 1240 per
1339 1168 1546 1224 medias
1569 1167 1803 1222 hostium
1832 1175 2074 1221 catervas

480 1271 842 1340 suscepisset,
890 1267 1108 1320 allatam
1141 1264 1391 1334 protinus
1438 1261 1628 1317 ell‘udit
1658 1259 1714 1314 in
1749 1269 1980 1325 terram;
2024 1266 2080 1313 et

481 1365 556 1420 ita
603 1364 980 1432 voluptuosam
1009 1359 1037 1398 δ
1067 1357 1521 1427 concupiscentiae
1555 1357 1862 1426 passionem
1910 1355 2080 1409 iratus

486 1456 844 1524 exsungueus
888 1451 1075 1508 libavit
1116 1465 1233 1504 eam
1267 1449 1518 1513 Domino,
1547 1457 1601 1502 et
1630 1446 1944 1516 cupiditatis
1968 1460 2082 1503 sua:

482 1547 813 1602 desiderium
847 1559 952 1596 non
994 1540 1254 1610 explevit,
1283 1540 1470 1594 dicens
1499 1555 1512 1591 :
1546 1536 1818 1606 Propitius
1845 1537 1917 1590 sit
1947 1534 2083 1590 mihi

481 1640 750 1696 Dominus
774 1651 841 1691 ne
871 1634 1061 1689 faciam
1106 1632 1242 1697 ltoc;
1274 1646 1401 1685 num
1441 1629 1762 1697 sanguinem
1798 1627 2080 1682 hominum

484 1718 735 1791 istorum.
769 1729 860 1799 qui
889 1726 1118 1798 proiecti
1157 1732 1304 1788 sunt,
1348 1731 1404 1778 et
1445 1723 1747 1776 animarum
1778 1720 2080 1791 periculum
2110 1713 2159 1774 B

485 1824 665 1879 bibam
693 1821 763 1891 (ll
798 1821 926 1892 Reg.
959 1817 1153 1887 xxut)?
1177 1816 1273 1872 Vel
1306 1831 1429 1871 cum
1461 1814 1640 1870 Semei
1669 1815 1721 1868 in
1755 1829 1937 1883 regem
1969 1814 2075 1867 Da-

486 1917 602 1983 vid,
635 1915 888 1970 audiente
914 1927 1002 1978 eo,
1024 1910 1230 1980 lapides
1259 1918 1313 1964 et
1344 1907 1638 1963 maledicta
1674 1922 1857 1961 coram
1903 1906 2081 1960 omni-

487 2009 588 2064 bus
634 2007 934 2076 irrogaret,
985 2003 1257 2072 velletque
1286 2001 1470 2055 Abisai
1517 2000 1659 2054 lilius
1687 1999 1898 2055 Sarvize
1936 2000 2084 2068 prin-

489 2114 618 2172 ceps
648 2099 907 2168 militum,
940 2096 1172 2153 convicii
1221 2096 1416 2168 regalis
1448 2096 1710 2151 ultionem
1741 2097 2082 2150 truncatione

2172 427 2572 499 suggestionem
2602 429 2717 498 ejus
2749 428 3123 500 indignatione
3170 431 3256 500 pia
3293 439 3626 498 commotus,
3652 431 3744 487 liu-

2173 526 2414 582 militatis
2444 525 2663 581 modum
2691 532 2746 579 et
2770 524 3040 593 patientiae
3071 525 3306 594 rigorem
3335 524 3652 588 inconcussa
3677 525 3746 581 le-

2175 619 2344 673 nitate
2368 619 2622 684 servavit,
2643 616 2830 672 dicens
2859 634 2873 670 :
2903 615 3041 683 Quid
3066 616 3198 671 milii
3217 625 3278 688 ,ει
3304 617 3480 680 vobis,
3510 615 3607 670 lilii
3627 614 3746 672 Sar-

2175 711 2315 766 vite?
2363 711 2583 766 Dimitte
2623 726 2768 775 eum,
2806 719 2863 764 ut
2903 709 3214 765 maledicat.
3253 721 3274 748 ε
3324 709 3582 765 Dominus
3617 711 3749 766 enim

2177 804 2439 874 praecepit
2467 803 2515 858 ei
2547 812 2604 858 ut
2649 801 3003 857 malediceret
3047 801 3236 855 David.
3282 799 3350 855 Et
3389 801 3509 869 quis
3536 811 3637 868 est,
3666 801 3748 872 qui

2177 899 2373 953 audeat
2412 898 2594 954 dicere
2617 940 2632 965 ,
2662 911 2832 965 quare
2861 898 2942 952 sic
2968 896 3192 952 iecerit?
3224 895 3366 951 Ecce
3394 895 3534 951 ﬁlius
3579 910 3748 961 meus,

2177 990 2268 1060 qui
2289 1004 2539 1060 egressus
2558 998 2642 1043 est
2657 989 2725 1044 de
2748 997 2905 1044 utero
2928 1003 3070 1051 meo,
3089 990 3287 1058 quaerit
3308 989 3542 1042 animam
3564 1004 3751 1055 meam,

2177 1091 2379 1153 quanto
2404 1082 2574 1152 magis
2598 1081 2686 1137 hic
2711 1080 2855 1137 illius
2886 1081 3120 1137 Jeminil
3149 1081 3374 1137 Dimitte
3404 1097 3550 1150 eum,
3572 1091 3628 1137 ut
3651 1096 3755 1137 ma-

2180 1175 2376 1230 ledicat
2412 1174 2565 1245 juxta
2591 1185 2918 1244 praeceptum
2949 1172 3190 1240 Domini,
3238 1173 3284 1228 si
3332 1173 3470 1229 forte
3517 1174 3758 1243 respiciat

2182 1268 2440 1324 Dominus
2470 1266 2820 1322 amictionem
2852 1281 3053 1335 meam,
3085 1277 3138 1322 et
3169 1265 3361 1322 reddat
3403 1266 3536 1322 mihi
3562 1267 3758 1323 bonum

2180 1376 2280 1431 pro
2305 1359 2686 1417 maledictione
2712 1359 2812 1416 bac
2841 1359 3105 1416 hodierna
3139 1359 3206 1431 (ll
3237 1358 3370 1431 Reg.
3400 1361 3535 1431 xix).

2770 1493 3001 1550 CAPUT
3040 1493 3174 1550 VIII.

2379 1607 2457 1662 De
2483 1608 2563 1662 ira
2584 1607 2832 1663 adversus
2859 1608 3201 1679 nosmetipsos
3230 1609 3575 1682 suscipienda.

2255 1716 2283 1756 ἀ
2306 1718 2568 1775 Jubemur
2597 1721 2777 1791 itaque
2809 1719 2970 1775 irasci
3000 1720 3317 1788 salubriter,
3349 1721 3444 1778 sed
3475 1721 3764 1779 nobismet.

2183 1813 2356 1883 ipsis,
2402 1827 2466 1868 ac
2519 1812 2952 1883 suggestionibus
3008 1813 3394 1870 accedentibus
3440 1814 3663 1884 pravis;
3715 1822 3764 1870 et

2187 1920 2293 1960 non
2323 1918 2565 1973 peccare,
2600 1903 2666 1957 ad
2696 1903 2950 1958 ell‘ectum
2980 1905 3189 1960 scilicet
3233 1919 3326 1960 eas
3369 1906 3585 1961 noxium
3641 1923 3763 1977 per-

2187 1995 2464 2052 ducentes.
2497 1995 2737 2065 Denique
2765 1995 2908 2051 hunc
2931 1996 3181 2052 eumdem
3213 2011 3430 2052 sensum
3467 1999 3768 2054 evidentius

2189 2091 2443 2160 explanat
2488 2090 2788 2145 versiculus
2832 2105 3066 2161 sequens
3100 2108 3114 2145 :
3161 2100 3184 2128 ε
3214 2091 3346 2158 Qua:
3373 2091 3548 2149 dicitis
3576 2093 3633 2148 in
3658 2107 3770 2149 cor-

1577 2231 1834 2287 ALARDI
1875 2229 2102 2286 (ΞΑΖᾹΞΙ
2138 2226 2710 2283 COMMENTARIUS—

490 2336 612 2390 dine
649 2334 723 2387 ita
761 2336 1119 2396 comparatum
1167 2337 1276 2393 est,
1322 2335 1374 2380 ut
1421 2328 1508 2380 via:
1551 2326 1817 2396 quisquam
1861 2325 2077 2377 inveniri

489 2408 671 2476 possit,
697 2404 785 2476 cui
816 2394 920 2454 non
948 2397 1204 2476 interdum
1231 2396 1521 2476 iracundite
1549 2394 2078 2476 aﬂ'ectuspboriatur;

491 2467 600 2530 liceo
626 2475 739 2528 sola
756 2476 899 2543 justa
927 2468 1274 2543 edistimauda
1306 2478 1402 2543 est,
1442 2481 1557 2543 qua:
1586 2481 1686 2519 non
1718 2467 1963 2543 adversus
1993 2481 2082 2518 eos

491 2548 577 2610 qui
624 2536 772 2598 nobis'
809 2541 1055 2613 injuriavn
1095 2539 1324 2608 aliquam
1362 2537 1670 2604 intulerunt,
1703 2536 1792 2590 sed
1836 2538 2080 2590 adversus

492 2619 625 2670 iram
649 2617 815 2676 ipsam
844 2610 1152 2673 concipitur.

568 2697 592 2722 η
629 2688 736 2739 lloc
766 2685 974 2736 duobus
1020 2681 1194 2733 modis
1227 2678 1454 2748 intelligi
1485 2693 1650 2747 posse
1677 2677 1837 2731 docet
1866 2679 2081 2747 Augus-

493 2760 636 2811 tinus
666 2776 676 2808 :
709 2757 832 2823 Aut,
862 2751 1082 2814 etiamsi,
1115 2750 1307 2818 inquit,
1337 2749 1638 2823 irascimini,
1668 2749 1842 2823 nolite
1866 2764 2080 2815 peccare

494 2828 670 2899 (Psal.
701 2819 1242 2901 tv);'etiamsi.surgat
1268 2831 1439 2901 mgnus
1481 2821 1661 2901 animi,
1695 2819 1797 2901 qui
1816 2820 2083 2901 jampro-

495 2890 607 2964 pter
639 2890 840 2964 pinnam
870 2893 1063 2961 peccati
1085 2909 1188 2945 non
1217 2899 1292 2945 est
1321 2892 1374 2944 in
1399 2899 1674 2964 potestate,
1702 2890 1883 2943 saltem
1907 2891 1954 2943 ei
1979 2906 2082 2944 non

495 2963 773 3024 consentiat
803 2965 935 3018 ratio
959 2975 1008 3017 et
1034 2979 1197 3028 mens,
1241 2979 1354 3032 qua:
1391 2963 1532 3014 intus
1568 2970 1868 3032 regenerata
1905 2971 1981 3014 est
2004 2979 2084 3016 se-

495 3041 721 3094 cundum
748 3035 946 3099 Deum;
967 3042 1076 3099 aut,
1109 3031 1261 3102 agite
1283 3032 1650 3103 pwnitentiam,
1682 3031 1743 3103 id
1776 3041 1871 3096 est,
1900 3032 2086 3103 irasci-

496 3112 624 3163 mini
666 3106 1038 3170 nobismetipsis
1077 3101 1156 3155 de?
1181 3101 1456 3171 praeteritis
1494 3102 1738 3170 peccatis,
1781 3110 1827 3154 et
1865 3101 2085 3156 ulterius

2188 2330 2329 2396 tanto
2366 2320 2620 2396 exercitus
2661 2336 2893 2396 mamere‘,
2936 2322 3261 2396 cumuutique
3286 2324 3442 2396 multo
3465 2324 3641 2379 minus
3669 2327 3771 2396 regi

2185 2392 2358 2444 deesse
2381 2391 2605 2460 potuerit
2631 2407 2694 2444 ea:
2714 2392 2910 2444 cateris
2933 2393 3161 2462 fontibus
3176 2391 3342 2462 aqua,
3367 2391 3772 2451 irrationabilein

2220 2461 2459 2535 uamdum
2485 2464 2948 2528 concupiscentiam
2971 2477 3176 2535 passus,
3200 2461 3505 2519 desideravit
3526 2482 3641 2520 eam
3665 2483 3772 2535 qua:

2220 2479 2459 2513 uamaum
2485 2479 2948 2528 concupiscentiam
2971 2479 3176 2534 passus,
3200 2479 3505 2519 desideravit
3526 2482 3641 2520 eam
3665 2483 3772 2535 qua:

2183 2479 2412 2584 Zostium
2441 2540 2550 2585 erat
2581 2537 2976 2587 circumfustone
3006 2533 3223 2598 vallata,
3253 2537 3391 2590 unde
3414 2537 3527 2590 sine
3548 2541 3772 2593 maximo

2186 2603 2418 2672 periculo
2449 2618 2550 2654 non
2576 2604 2825 2674 potuisset
2855 2605 3067 2674 deferri.
3101 2603 3287 2674 Itaque
3311 2608 3383 2658 ait
3415 2623 3433 2659 :
3468 2607 3596 2671 Quis
3633 2610 3772 2663 dabit

2187 2673 2316 2744 mihi
2347 2683 2519 2739 potum
2551 2672 2613 2724 de
2642 2673 2756 2726 lacu
2791 2675 2880 2742 qui
2923 2672 2995 2737 est
3041 2676 3096 2728 in
3141 2672 3404 2730 Bethleem
3432 2679 3501 2730 ud
3529 2681 3773 2744 portant?

2189 2742 2399 2819 Etcum
2420 2746 2796 2819 essentreperti
2825 2753 2926 2798 tres
2956 2747 3051 2798 viri
3075 2747 3161 2815 qui
3187 2747 3408 2801 hostium
3437 2742 3607 2802 castra
3637 2767 3774 2819 pra:-

2189 2814 2436 2888 ciderent,
2481 2821 2528 2867 et
2565 2814 2818 2881 deferrent
2845 2832 3053 2884 aquam,
3088 2814 3248 2885 quam
3279 2835 3477 2888 summa
3519 2814 3772 2877 desiderio

2191 2883 2556 2960 desiderasset,
2577 2883 3045 2960 cOgnoscensquod
3066 2883 3296 2960 periculo
3317 2884 3486 2943 alieno
3512 2907 3655 2960 aqua
3681 2893 3773 2946 sibi

2191 2955 2721 3030 eadem__constitiss_et,
2751 2957 2981 3030 profudit
3009 2955 3156 3030 illam
3182 2957 3426 3024 Domino,
3459 2977 3519 3014 ne
3549 2955 3770 3030 sangui-

2190 3041 2316 3100 nem,
2336 3025 2548 3100 illorum
2571 3027 2657 3088 qui
2680 3025 2801 3100 eam
2817 3027 3114 3081 detulerant
3141 3029 3310 3083 bibere
3333 3031 3609 3084 rideretur.
3649 3025 3772 3100 Quae

2191 3111 2272 3148 res
2302 3097 2498 3149 indicio
2533 3105 2626 3169 est,
2665 3096 2801 3166 quod
2833 3101 3246 3169 concupiscentia
3285 3103 3489 3169 quidem
3517 3096 3771 3157 rationem

497 3162 704 3247 peccare
752 3162 987 3247 desinite.
1031 3162 1196 3247 Atqui
1232 3173 1320 3226 hic
1353 3162 1620 3247 pgstérior
1657 3162 1879 3247 sensus,
1912 3173 2002 3247 qui
2031 3183 2077 3227 el

2190 3169 2501 3247 prwveniat,
2521 3167 2610 3218 sed
2640 3162 2772 3222 ratio
2803 3162 3080 3240 cupiditati
3109 3162 3329 3224 resistal.
3364 3173 3489 3227 Haec
3531 3176 3770 3230 Ambro-

498 3242 755 3304 Cassiano
815 3242 1332 3313 placuitulsidorus
1361 3242 1686 3313 ‘Pelusiotes
1728 3244 1791 3313 _in
1846 3243 2076 3306 quadam

500 3319 727 3386 epistola
753 3310 986 3386 quatuor
1007 3310 1160 3386 aliert
1189 3310 1831 3386 expositiones_e_ju_sder_n
1865 3321 2084 3386 senten-

501 3379 589 3444 u'ae
621 3379 815 3462 (Epist.
858 3382 983 3462 9.5a,
1013 3381 1119 3462 _tib.
1172 3379 1335 3462 ιιτςετε
1373 3398 1502 3434 vers.
1545 3379 1741 3462 sua);
1777 3381 1945 3462 ζτοειιε
1975 3383 2079 3462 hic,

499 3450 705 3530 inquit;
728 3454 1043 3530 irascimini,
1072 3462 1117 3506 et
1139 3453 1296 3530 nolite
1315 3467 1561 3530 peccare;
1581 3450 1929 3530 multiplicem
1956 3455 2081 3508 mihi

500 3521 703 3585 sensum
731 3529 915 3582 habere
941 3526 1160 3578 videtur.
1201 3525 1262 3579 ιο
1304 3521 1481 3576 Potest
1513 3523 1646 3575 enim
1683 3521 1988 3576 etabsolute
2021 3542 2082 3577 ac

501 3604 708 3669 de/inite
734 3595 975 3668 intelligi,
1005 3604 1052 3648 et
1087 3611 1177 3669 per
1201 3592 1842 3669 consiliiAmodumpuerbi
1870 3595 2040 3663 gratia
2062 3611 2080 3648 :

502 3664 827 3734 Irascimini;
853 3664 1072 3734 et'quam
1093 3664 1154 3718 ob
1177 3681 1385 3719 causam
1407 3665 1734 3718 irascimini?
1757 3665 2082 3734 Quapropter

501 3759 564 3796 ne
586 3739 888 3804 irascimini,
913 3747 967 3791 ut
998 3752 1060 3790 ne
1080 3737 1414 3807 peccetis.__‘:2°
1437 3735 1611 3788 Potest
1634 3737 1754 3788 item
1777 3745 1823 3789 et
1849 3735 1983 3789 illud
2012 3737 2082 3790 si-

501 3815 786 3885 gniﬁcare:
812 3805 1229 3885 Quoniam'acris
1259 3805 1476 3872 affectus
1509 3807 1788 3885 iracundia:
1812 3817 1910 3885 est,
1938 3822 2082 3875 quie-

501 3877 602 3952 que
629 3886 851 3936 animum
884 3879 1010 3952 mire
1035 3878 1292 3946 surripere
1319 3886 1476 3952 queat
1521 3877 1539 3945 (
1567 3894 1788 3948 persaepe
1823 3880 1958 3931 enim
1995 3896 2082 3952 ra-

504 3947 628 4005 tioni
654 3947 922 4022 prazcurrit
952 3963 1011 3999 ac
1043 3957 1225 4022 praeter
1248 3949 1556 4022 voluntatem
1573 3965 1712 4022 pene
1729 3947 2078 4022 procreatur),

503 4016 696 4075 idcirco
726 4019 924 4072 ratione
961 4024 1052 4068 aut
1088 4017 1373 4084 insequenti
1403 4019 1810 4069 consideratione
1840 4016 1970 4068 hanc
1999 4034 2079 4070 se-

505 4094 642 4156 date,
677 4108 779 4144 non
809 4091 862 4141 in
896 4087 1138 4156 ultionem
1165 4095 1572 4156 prorumpentes,
1613 4087 1701 4137 sed
1737 4087 1790 4137 in
1822 4086 2080 4139 lenitatem

503 4153 654 4231 atque
677 4158 996 4231 clementiam
1017 4153 1405 4231 de_sinentes.§°
1429 4153 1574 4231 Illud
1596 4171 1793 4231 quoque
1813 4155 2081 4231 designare

509 4224 671 4299 potest
712 4249 728 4284 :
782 4225 1086 4280 lrascamini
1129 4224 1247 4276 huic
1284 4224 1530 4299 a/fectui._
1551 4227 1636 4292 qui
1665 4227 1801 4299 vobis
1842 4226 2080 4280 molestus

505 4292 653 4365 atque
681 4302 897 4370 infestus
924 4305 1023 4370 est.
1057 4311 1116 4370 ac
1145 4296 1424 4370 prazsertim
1451 4292 1726 4370 voluptati,
1758 4304 1936 4370 et_non
1966 4312 2083 4370 pec-

507 4371 704 4425 cabitis.
733 4365 872 4422 Nam
893 4368 934 4419 si
959 4382 1044 4419 vos
1068 4366 1255 4436 fractos
1281 4383 1342 4418 ac
1361 4365 1637 4436 dissolutos
1658 4366 1904 4429 inveniat,
1934 4366 2079 4420 nullo

506 4443 711 4512 negotio
739 4456 823 4491 vos
854 4435 1142 4504 superabit;
1174 4437 1217 4488 si
1256 4446 1425 4512 autem
1459 4435 1724 4512 vigilantes
1762 4437 2076 4512 acdsobrios,

507 4506 701 4581 ipsique
737 4513 1028 4581 irascentes,
1066 4523 1217 4581 quam
1257 4509 1480 4581 primum
1519 4507 1762 4581 discedet.
1803 4506 1861 4560 4°
1903 4507 2079 4581 Patest

506 4577 663 4635 etiam
689 4579 972 4651 imperandi
998 4577 1144 4651 modo
1170 4577 1382 4651 exponi.
1417 4577 1668 4640 Quoniam
1696 4581 1842 4651 enim
1860 4593 1971 4651 cum
2001 4580 2076 4631 in-

506 4654 675 4724 jurias
701 4647 899 4704 nostras
922 4647 1473 4724 ttlcisciinitr,_ntodum
1499 4662 1696 4724 quoque
1715 4647 1768 4698 in
1789 4648 2080 4724 ulciscendo

505 4716 826 4781 excedimus;
851 4735 967 4773 cum
989 4728 1156 4770 autent
1181 4717 1257 4769 vel
1279 4716 1341 4769 de
1366 4718 1536 4769 divina
1566 4716 1750 4785 gloria,
1781 4716 1855 4769 vel
1880 4718 1944 4771 de
1965 4721 2080 4771 vin-

505 4793 740 4846 dicundis
769 4805 942 4844 eorum
967 4788 1055 4858 qui
1083 4787 1344 4839 laeduntur
1374 4788 1577 4857 injuriis
1606 4788 1802 4858 agitur,
1831 4796 1939 4840 tum
1965 4806 2079 4842 vero

505 4874 694 4917 metum
722 4872 767 4914 et
793 4857 1008 4930 quietem
1043 4858 1302 4930 ﬁngimus,
1335 4866 1561 4930 mutique
1582 4873 1641 4908 ac
1670 4857 1861 4924 torpidi
1881 4875 2076 4925 sumus,

504 4944 560 4987 ut
591 4934 720 4987 nihil
760 4928 890 4985 inter
919 4945 1008 4982 nos
1048 4938 1094 4980 et
1133 4943 1260 4980 saxa
1288 4928 1488 4982 intersit
1518 4943 1536 4979 :
1569 4939 1859 4996 prOpterea,
1893 4930 2075 4997 inquit,

501 5007 638 5067 iuste
684 5005 886 5070 quidem
911 4999 1212 5063 irascimini,
1260 5008 1312 5050 at
1353 5001 1512 5052 nolite
1549 5014 1794 5066 peccare;
1836 4999 2073 5053 nimirum

505 5074 584 5128 vel
620 5074 1308 5143 aliena-peccata,iquorum_
1345 5070 1703 5143 conscii'cstis,
1734 5070 2069 5143 occultantes,

501 5146 579 5199 vel
624 5147 690 5199 ad
733 5134 1238 5214 privatasginjurias
1262 5134 1596 5214 vindicandas
1635 5134 1732 5193 hac
1769 5134 2070 5213 adjumento

502 5211 787 5270 abutentes.
821 5213 945 5267 Haec
969 5211 1058 5266 ille
1090 5211 1272 5278 paucis
1301 5211 1642 5264 intermissis.

572 5286 596 5324 δ
629 5288 737 5341 Hoc
769 5284 978 5353 insigne
1005 5280 1758 5353 mortificationisexemplum
1788 5281 2069 5353 inpavide

499 5348 978 5411 conimendans'D.
1011 5352 1260 5406 Ambros.
1294 5351 1389 5404 lib.
1417 5352 1486 5404 de
1509 5358 1696 5420 sancto
1723 5348 1884 5404 Jacob
1913 5351 2066 5420 (Cap.

498 5428 554 5494 1)
582 5445 594 5481 :
624 5427 804 5492 Quem,
830 5425 1024 5494 inquit,
1053 5423 1115 5476 de
1140 5419 1784 5494 hominibusmelioremet
1801 5419 2066 5489 fortiorem

495 5491 828 5559 assumemus,
852 5491 1010 5566 quam
1030 5503 1260 5566 sanctum
1284 5492 1472 5566 David,
1501 5492 1587 5559 qui
1609 5491 1940 5566 cupiditatem
1965 5509 2070 5566 qua

494 5567 825 5631 concupierat
853 5561 1039 5631 aquam
1069 5563 1132 5615 de
1170 5564 1284 5615 lacu
1313 5561 1575 5616 Bethleem
1615 5562 1788 5615 hostili
1821 5563 2070 5616 interclu-

493 5652 606 5688 sam
631 5637 883 5695 exercitu,
916 5635 1012 5687 sibi
1042 5633 1250 5702 auferre
1274 5649 1376 5687 non
1405 5635 1591 5700 potuit,
1619 5635 1780 5700 potuit
1810 5635 2064 5702 mitigare.

493 5704 635 5764 Nam
663 5719 781 5758 cum
803 5703 921 5758 aliis
950 5703 1122 5767 utique
1150 5703 1376 5769 defuisse
1403 5719 1504 5759 non
1529 5704 1866 5773 inveniamus,
1889 5703 1943 5760 id
1969 5714 2062 5776 est,

2108 4548 2160 4608 D

2189 3239 2302 3289 sius
2333 3237 2459 3290 huic
2491 3238 2608 3289 loco
2635 3237 3020 3294 consentanea.

2262 3317 2284 3345 ο
2317 3307 2588 3373 Quomodo
2613 3308 2796 3362 dixerit
2828 3310 3079 3364 Dominus
3108 3311 3278 3366 Semei
3304 3312 3611 3368 maledicere
3656 3315 3766 3370 Da-

2186 3377 2269 3453 vid
2297 3379 2372 3453 (ΙΙΔ
2392 3376 2689 3453 lleq._xv1),
2721 3383 2835 3453 quis
2863 3386 3085 3453 sapiens,
3119 3393 3162 3434 et
3194 3383 3476 3453 intelliget?
3501 3401 3604 3439 non
3637 3388 3772 3446 enim

2176 3447 2405 3525 jubendo
2428 3449 2580 3512 dixit,
2606 3449 3000 3525 ubiobedientia
3024 3452 3325 3508 laudaretur
3339 3447 3471 3518 {sed
3499 3457 3641 3525 quod
3663 3459 3774 3525 eius

2185 3520 2502 3595 voluntatem
2531 3523 2743 3595 proprio
2773 3538 2863 3575 suo
2895 3523 3014 3595 vitio
3044 3525 3258 3595 malam,
3291 3526 3343 3578 in
3375 3525 3472 3579 hoc
3502 3520 3772 3595 peccatum

2179 3590 2379 3657 judicio
2411 3606 2502 3642 suo
2545 3590 2681 3652 iusto
2711 3601 2757 3645 et
2788 3592 2986 3646 occulto
3027 3594 3373 3658 inclinaverit,
3416 3590 3528 3650 ideo
3559 3599 3697 3652 dixit
3725 3599 3772 3652 ei

2187 3659 2464 3736 Dominus.
2511 3659 2650 3713 Nam
2685 3663 2732 3736 si
2764 3663 2967 3736 jrubenti
3012 3664 3429 3736 obtemperasset,
3471 3668 3773 3723 laudandus

2188 3732 2356 3810 potius
2386 3747 2536 3798 quant
2569 3732 2863 3810 puniendus
2899 3744 3049 3810 esset,
3083 3732 3214 3810 sicut
3243 3737 3434 3810 euhoe
3464 3749 3642 3810 postea
3675 3757 3772 3810 pu-

2187 3802 2349 3878 nitum
2367 3819 2474 3878 esse
2500 3805 2911 3878 novimus.‘ll:rc
2937 3807 3269 3874 Augustinus
3287 3806 3419 3878 (Lib.
3451 3802 3513 3861 de
3539 3802 3694 3862 Grai.
3726 3819 3773 3863 et

2186 3870 2276 3945 lib.
2311 3873 2502 3928 Arbitr.
2537 3890 2651 3942 cup.
2685 3874 2811 3945 ευ).
2849 3870 3053 3929 Dicitur
3091 3887 3270 3930 autem
3295 3870 3444 3932 Dens
3474 3880 3772 3935 inclinaSse

2186 3943 2515 4015 voluntatem
2547 3945 2723 4000 Semei
2745 3943 2812 4000 ad
2838 3946 3262 4001 maledicendum
3295 3950 3479 4015 David,
3511 3966 3615 4004 non
3641 3967 3767 4005 eum

2187 4014 2481 4085 incitando,
2523 4029 2612 4066 aut
2641 4015 3051 4082 compellenda;
3091 4018 3185 4072 sed
3225 4014 3604 4085 permittendo,
3647 4038 3771 4078 cum

2190 4081 2347 4136 facile
2374 4081 2849 4161 possetimpedire
2893 4104 2903 4136 :
2949 4101 3046 4141 nec
3090 4081 3464 4161 hoe'tantuin,
3509 4081 3602 4146 sed
3643 4095 3769 4161 quia

2187 4167 2492 4219 perversum
2522 4157 2641 4220 ejus
2674 4157 3026 4219 Voluntatem,
3061 4170 3114 4213 et
3140 4159 3203 4212 ad
3238 4161 3402 4213 multa
3445 4157 3772 4216 scelera—iu-

2185 4224 2465 4299 cliuatam,
2498 4225 2600 4278 hoc
2630 4235 2835 4280 tantum
2868 4243 3028 4296 agere
3073 4241 3126 4282 et
3165 4232 3384 4295 exsequi
3425 4233 3667 4299 permisit
3701 4249 3770 4287 ex

2187 4295 2367 4373 multis
2395 4296 2458 4347 ad
2489 4306 2986 4373 qumparataerat;
3018 4300 3266 4373 idque‘ad
3296 4295 3617 4373 puniendum
3653 4304 3768 4356 Da-

2184 4363 2361 4436 videm
2412 4383 2425 4419 :
2475 4363 2630 4420 siciiti
2672 4363 2887 4422 diabolo
2936 4363 3133 4436 petenti
3181 4363 3490 4426 facultatem
3533 4374 3770 4428 vexandi

2182 4433 2303 4511 Job,
2338 4437 2600 4511 concessit
2641 4454 2744 4511 non
2784 4433 2997 4511 omnem
3056 4457 3210 4508 quam
3250 4444 3489 4511 optabat,
3530 4444 3627 4497 sed
3675 4460 3772 4499 re-

2187 4506 2424 4584 sti'ictam
2454 4507 2560 4560 illis
2592 4509 2775 4562 verbis
2808 4509 2946 4580 (Job.
2981 4512 3019 4580 ι)
3051 4506 3225 4565 {Ecce
3253 4506 3489 4567 universa
3517 4531 3631 4584 quw
3659 4516 3772 4567 Ita-

2187 4576 2264 4628 bet
2293 4578 2345 4629 in
2385 4594 2565 4639 manu,
2611 4590 2699 4631 tua
2740 4576 2899 4646 sunt;
2929 4576 3135 4635 tantum
3174 4585 3224 4635 in
3255 4600 3366 4636 eum
3411 4576 3617 4638 manum
3656 4602 3772 4640 non

2184 4649 2430 4726 extendas
2457 4649 2620 4726 (Vide
2645 4649 2889 4726 Bellarm.
2914 4651 3002 4726 lib.
3033 4669 3068 4706 ll
3101 4655 3161 4726 de
3189 4653 3376 4708 Amiss.
3408 4666 3541 4726 grat.
3565 4671 3615 4708 c.
3643 4655 3767 4724 15).

2253 4717 2279 4754 ά
2323 4719 2411 4774 Sic
2454 4717 2516 4774 D.
2562 4723 2887 4789 Augustinus
2932 4723 2985 4776 iu
3034 4725 3168 4792 psal.
3206 4740 3309 4781 xxv
3340 4717 3582 4780 scribens
3634 4745 3648 4780 :
3700 4717 3769 4781 Si

2181 4802 2450 4865 propterea
2476 4793 2710 4865 irasceris
2734 4809 2875 4847 servo
2906 4803 3013 4865 tuo,
3054 4797 3179 4865 quia
3211 4797 3467 4865 peccavit;
3513 4814 3575 4850 ne
3615 4807 3664 4849 et
3709 4808 3769 4850 tu

2180 4860 2752 4938 ipse‘pegces,__i_rasc_ere
2787 4866 2876 4918 tibi
2916 4860 3090 4938 (Vide
3212 4860 3406 4920 'Tltont.
3436 4860 3547 4935 9-2,
3576 4884 3628 4938 q.
3661 4867 3762 4934 46,

2180 4945 2232 4981 a.
2266 4929 2341 4997 7).
2378 4930 2596 5004 Et_alibi
2626 4931 2716 5004 (In
2743 4938 2874 5004 psal.
2903 4929 2976 5004 tv)
3003 4954 3016 4990 :
3048 4935 3180 4989 Volo
3210 4953 3295 4990 vos
3325 4938 3501 5002 irasci,
3533 4929 3623 5003 sed
3653 4929 3770 4993 non

2180 5008 2236 5077 ut
2281 5002 2642 5077 peccetisput
2676 5002 2845 5077 autem
2893 5002 2995 5058 non
3042 5008 3279 5077 peccetis,
3330 5005 3514 5077 quibus
3561 5007 3769 5062 habetis

2171 5069 2371 5145 irasci,‘
2394 5072 2494 5124 nisi
2523 5073 2702 5145 vobis?
2721 5076 2857 5145 quid
2893 5069 3130 5129 enim'est
3163 5069 3314 5131 homo
3342 5069 3613 5145 paenitens,
3658 5080 3769 5132 nisi

2171 5140 2324 5193 homo
2352 5141 2514 5197 iratus
2543 5143 2680 5198 sibi?
2713 5140 2780 5200 Ut
2810 5147 3030 5215 accipiat
3056 5150 3278 5214 veniam,
3311 5140 3377 5202 de
3403 5149 3570 5218 seipso
3599 5140 3770 5220 exigit

2170 5227 2390 5278 ptenam.

2246 5291 2285 5360 °_
2316 5283 2546 5360 Basilius
2567 5286 2624 5360 in
2646 5284 3049 5360 bunc‘locumhr
3087 5286 3215 5354 Quae
3262 5304 3354 5360 per
3405 5289 3541 5343 diem
3593 5306 3767 5354 prava

2171 5354 2404 5431 cogitatis
2435 5357 2679 5431 consilia,
2711 5372 2770 5410 ea
2792 5357 2844 5410 in
2874 5357 3125 5431 cubilibus
3152 5354 3329 5413 vestris
3360 5369 3585 5431 tempore
3611 5362 3766 5429 quie-

2173 5423 2237 5499 tis
2268 5426 2529 5495 castigate,
2565 5428 2720 5496 inque
2744 5444 2831 5499 vos
2881 5429 3018 5499 ipsos
3057 5429 3442 5498 inquisitionem
3461 5423 3766 5486 'instit'us'te.

2172 5493 2242 5546 Et
2264 5493 2420 5563 quare
2445 5513 2545 5550 non
2573 5493 2823 5552 deverbia
2850 5493 2911 5552 et'
2943 5493 3176 5565 aperibus
3217 5501 3419 5554 locutus
3449 5510 3545 5564 est,
3573 5501 3664 5554 sed
3697 5503 3774 5557 de

2171 5567 2342 5634 pravis
2388 5567 2820 5639 coqitationibus?
2872 5585 2937 5625 ex
2977 5570 3266 5625 abundanti
3318 5573 3415 5625 hoc
3461 5573 3591 5626 dixit
3637 5587 3656 5623 :
3715 5575 3772 5627 si

2172 5652 2390 5706 namque
2417 5648 2533 5692 sunt
2561 5639 2857 5714 castiganda
2903 5656 3059 5711 prava
3098 5642 3317 5714 consilia
3339 5683 3356 5707 ,
3391 5643 3555 5714 multo
3586 5645 3770 5714 magis

2169 5722 2382 5780 propter
2411 5725 2566 5779 opera
2589 5718 2636 5763 et
2657 5711 2806 5766 verba
2855 5713 3245 5783 compungenda
3291 5722 3366 5770 est
3397 5713 3590 5768 anima.
3619 5711 3775 5774 Hinc
