4016 6202
314 278 418 338 557

978 282 1059 337 DE
1098 280 1574 341 CCENOBIORUM
1615 283 1870 340 INSTI'I‘.
1914 284 2037 341 LIB.
2086 283 2220 340 VIII.
2251 314 2321 326 —-
2349 285 2438 340 DE
2479 284 2752 343 SPIRITU
2793 286 2955 344 IIUE.

3498 294 3601 354 338

320 401 484 455 dibus
511 400 735 465 vestris,
770 398 821 454 in
853 399 1119 455 cubilibus
1152 402 1349 456 vestris
1378 402 1832 471 compungimini;
1864 400 1914 455 id
1942 404 1993 463 Α
2019 403 2436 467 compunctione
2476 402 2828 456 saluberrima
2876 402 3181 471 emendate,
3230 410 3388 475 atque
3432 410 3605 463 corri-

322 503 450 558 est,
493 509 847 564 quaecumque
878 494 929 547 in
974 493 1230 547 cordibus
1275 497 1496 557 vestris,
1534 494 1913 564 ingruentibus

328 588 634 655 repentinis
662 604 723 643 ac
751 587 967 641 lubricis
999 587 1451 656 instigationibus,
1485 590 1748 658 cogitatis,
1779 602 1909 641 con-

327 679 435 733 silii
490 679 858 734 moderatione
902 694 1113 733 omnem
1154 681 1438 748 strepitum
1470 691 1522 734 et
1553 680 1913 749 perturbatio-

328 787 451 826 nem
486 772 683 827 furoris
710 780 1039 838 amoventes,
1067 772 1214 826 velut
1241 772 1295 827 in
1321 771 1486 826 cubili
1508 772 1701 839 quietis
1724 772 1907 843 positi,

2020 494 2147 563 gite.
2183 494 2424 563 Denique
2452 495 2639 548 beatus
2670 495 2962 565 Apostolus
2994 513 3120 552 usus
3167 498 3323 567 hujus
3352 501 3605 555 versiculi

2022 587 2350 651 testimonio,
2381 602 2502 640 cum
2534 587 2763 643 dixisset
2794 608 2805 641 :
2857 590 3151 645 Irascimini
3194 599 3249 646 et
3280 592 3445 646 nolite
3478 607 3604 660 pec-

2018 693 2179 738 care;
2232 679 2509 748 subjunxit
2544 699 2555 733 :
2594 689 2617 715 η
2645 681 2738 736 Sol
2773 698 2879 735 non
2922 684 3134 737 occidat
3182 699 3347 752 super
3390 685 3604 739 iracun-

2018 770 2158 824 diam
2185 781 2442 836 vestram,
2464 788 2638 843 neque
2659 773 2798 828 detis
2823 775 2994 829 locum
3018 774 3233 831 diabolo
3258 776 3475 847 (Ephes.
3500 776 3601 849 tv).

1410 888 1667 945 ALARDI
1708 886 1935 944 GAZ/EI
1972 887 2537 944 COMMENTARIUS.

328 978 586 1041 Basilius.
614 995 736 1048 quae
764 987 820 1033 et
868 979 1125 1033 Cassiano
1157 977 1543 1048 suffragantur.
1604 978 1781 1048 Atque
1830 979 1901 1032 ita

323 1050 542 1103 solitum
574 1049 742 1104 fuisse
776 1051 1035 1105 Davidem
1085 1060 1246 1103 noctu
1279 1051 1330 1103 in
1360 1051 1525 1103 cubili
1557 1058 1777 1119 peccata
1809 1063 1902 1102 sua

320 1122 629 1188 recogitare
658 1132 711 1175 et
740 1121 1215 1187 deﬂere,'propter
1235 1124 1697 1188 Opportunitatem
1731 1135 1908 1174 secre-

321 1192 359 1244 ti
391 1202 449 1245 et
473 1191 675 1245 silentii
708 1192 989 1253 nocturni,
1026 1193 1311 1245 manifeste
1358 1192 1633 1257 colligitur
1676 1208 1741 1245 ex
1798 1192 1906 1243 illis

323 1264 531 1322 verbis,
568 1264 761 1328 psaim.
792 1279 841 1317 vr
868 1281 881 1315 :
916 1262 1120 1316 Lavabo
1150 1279 1239 1328 per
1255 1261 1493 1332 singulas
1523 1272 1695 1315 noctes
1721 1262 1906 1332 lectum

320 1349 488 1405 meum
514 1350 532 1397 ;
566 1336 806 1404 lacrymis
837 1336 961 1405 mgis
977 1344 1199 1405 stratum
1230 1331 1397 1387 meum
1425 1334 1601 1405 rigabo
1650 1332 1810 1404 (Vide
1837 1331 1903 1384 D.

319 1401 657 1474 Hieronym.,
679 1401 849 1472 infra,
884 1403 1020 1472 Eph.
1052 1420 1103 1457 tv
1127 1404 1169 1474 ).

393 1484 419 1511 ⁸
452 1473 674 1540 Triplex
729 1476 893 1541 hujus
926 1478 1217 1529 sententia:
1260 1474 1536 1543 expositio
1567 1490 1596 1529 a
1650 1473 1908 1528 Cassiano

317 1544 569 1608 aﬂ‘ertur,
602 1563 830 1614 quarum
859 1546 1087 1611 primam
1118 1556 1170 1598 et
1199 1547 1487 1599 secandam
1514 1545 1768 1608 admittit,
1799 1553 1908 1598 ter-

319 1616 454 1668 tiam
488 1617 759 1681 improbat
787 1626 843 1671 et
863 1617 1080 1669 refellit.
1106 1616 1287 1670 Prima
1324 1617 1633 1683 allegorica,
1669 1632 1769 1681 qua
1808 1630 1901 1681 per

316 1687 495 1740 solem
530 1689 857 1755 intelligitur
883 1686 1133 1741 Christus
1169 1688 1441 1747 Dominus.
1476 1703 1633 1739 vertis
1670 1686 1907 1757 juStitiae

312 1757 406 1809 Sol
428 1760 621 1811 oriens
651 1774 717 1811 cx
747 1759 878 1820 alto,
904 1759 968 1810 de
999 1773 1104 1825 quo
1132 1758 1257 1828 Sap.
1291 1774 1342 1820 ν,
1371 1757 1594 1811 Malacl).
1628 1774 1702 1819 tv,
1742 1760 1907 1811 Amos

316 1843 442 1891 vui,
492 1828 660 1897 quiet
712 1829 973 1882 illuminat
1011 1845 1208 1881 onmem
1249 1829 1499 1882 hominem
1538 1830 1817 1881 venientem
1852 1828 1906 1879 in

316 1899 467 1949 hunc
496 1900 743 1951 mundum
775 1900 793 1968 (
820 1897 978 1951 Joan.
1014 1914 1026 1950 I
1059 1898 1075 1965 )
1102 1915 1114 1950 :
1151 1909 1203 1950 et
1230 1899 1430 1952 dicitur
1456 1900 1708 1952 occidere
1740 1913 1909 1965 super

317 1968 664 2021 iracundiam
698 1978 967 2031 nostram,
1002 1968 1215 2034 quando
1251 1978 1469 2036 propter
1498 1970 1592 2022 ira)
1615 1984 1907 2023 excessum

311 2054 342 2091 a
375 2039 537 2093 nobis
564 2042 789 2103 recedit,
816 2050 871 2093 et
902 2038 1080 2093 radios
1111 2056 1221 2091 suae
1251 2041 1440 2107 gratia:
1487 2040 1777 2093 subtrahit.
1813 2038 1910 2092 Se-

314 2110 496 2163 cunda
517 2112 871 2180 tropologica.
890 2126 992 2178 qua
1019 2111 1150 2162 Solis
1171 2111 1388 2164 nomine
1404 2111 1738 2178 signiﬁcatur
1755 2124 1906 2163 mens

314 2189 504 2234 nostra
528 2224 542 2243 ,
580 2197 677 2235 seu
711 2182 889 2235 lumen
916 2181 1167 2243 rationis,
1200 2196 1320 2248 quae
1347 2181 1400 2233 in
1430 2182 1588 2235 nobis
1620 2192 1703 2234 est
1734 2180 1907 2234 instar

315 2251 452 2305 solis
483 2260 539 2306 et
563 2251 723 2313 lucis,
759 2252 1059 2305 secundum
1094 2251 1225 2304 illud
1254 2250 1419 2304 Luc-.e
1457 2268 1510 2305 1x
1549 2269 1560 2303 :
1602 2251 1737 2304 Vide
1778 2268 1899 2319 ergo

317 2336 387 2374 ne
414 2323 581 2375 lumen
606 2324 743 2391 quod
770 2323 823 2375 in
845 2332 891 2375 te
917 2331 1009 2385 est,
1040 2322 1262 2375 tenebrae
1280 2322 1414 2374 sint:
1449 2333 1501 2376 et
1533 2322 1907 2389 metaphorice

319 2390 524 2446 dicitur
540 2390 792 2448 occidere
806 2403 858 2447 et
882 2393 1359 2457 obtenebrescere,
1389 2393 1516 2446 dum
1539 2395 1616 2446 ira
1639 2392 1905 2462 judicium

323 2463 556 2518 rationis
581 2473 810 2533 occupat
839 2473 893 2518 et
922 2463 1184 2524 obcaecat,
1217 2471 1269 2516 et
1312 2466 1588 2518 hominem
1639 2464 1903 2530 quodam-

318 2534 483 2587 modo
508 2544 654 2589 extra
683 2550 741 2589 se
766 2535 1071 2598 constituit,
1091 2542 1150 2585 ut
1169 2534 1385 2588 velutin
1415 2535 1656 2588 tenebris
1680 2543 1733 2589 et
1760 2550 1905 2589 caeca

316 2615 477 2657 nocte
505 2607 808 2669 ambulans,
840 2605 1045 2660 nesciat
1091 2603 1219 2673 quid
1252 2614 1395 2674 agat,
1431 2616 1524 2658 aut
1574 2621 1682 2674 quo
1716 2604 1899 2673 vadat,

314 2675 468 2743 juxta
501 2677 634 2730 illud
664 2677 846 2731 Poeta:
872 2696 884 2730 :

446 2776 655 2839 Impedit
682 2780 751 2828 ira
776 2779 1009 2841 animum,
1036 2792 1098 2829 ne
1124 2781 1275 2842 possit
1301 2791 1514 2828 cernere
1535 2791 1726 2828 verum.

318 2879 490 2952 Quam
540 2883 933 2941 expositionem
966 2884 1258 2937 conﬁrmat
1298 2886 1464 2937 etiam
1509 2883 1573 2937 D.
1609 2883 1903 2952 Gregorius

322 2952 339 3017 (
365 2949 480 3004 Lib.
517 2967 576 3007 Ill
608 2952 796 3006 Moral.
828 2970 875 3006 c.
896 2953 959 3009 ’51
995 2954 1012 3023 )
1047 2954 1131 3007 his
1161 2952 1342 3009 verbis
1373 2973 1384 3005 :
1422 2954 1523 3007 Per
1543 2956 1675 3007 iram
1701 2949 1795 3008 lita:
1820 2970 1903 3008 ve-

317 3023 490 3076 ritatis
521 3025 797 3086 amittitur,
829 3025 959 3079 sicut
981 3027 1227 3094 scriptum
1260 3034 1334 3078 est
1364 3041 1381 3077 :
1434 3025 1529 3079 Sol
1566 3042 1667 3078 non
1700 3026 1900 3079 occidat

314 3108 474 3158 super
499 3094 827 3165 iracundiam
847 3104 1064 3149 vestram
1094 3112 1111 3159 ;
1142 3096 1261 3165 quia
1288 3112 1403 3149 cum
1435 3097 1591 3149 menti
1636 3097 1902 3149 iracundia

2009 987 2155 1050 tuam
2215 978 2559 1050 concordiam
2616 988 2670 1032 et
2724 978 3011 1033 amicitiam
3058 978 3361 1033 redeamus.
3416 980 3601 1050 Neque

2011 1047 2140 1100 inde
2178 1049 2423 1118 sequitur
2462 1049 2661 1103 licittnn
2713 1065 2832 1104 esse
2876 1058 2966 1104 aut
3004 1060 3279 1119 peccatum
3338 1066 3441 1105 tt0n
3476 1047 3600 1107 esse

2013 1119 2193 1180 irasci,
2225 1129 2316 1173 aut
2338 1120 2471 1173 iram
2500 1121 2783 1188 perlicere,
2811 1120 2862 1174 id
2891 1131 2995 1186 est,
3026 1121 3303 1174 vindicare
3322 1130 3447 1175 ante
3467 1125 3599 1178 solis

2013 1203 2287 1252 occasum,
2337 1191 2416 1245 vel
2466 1193 2626 1245 etiam
2660 1202 2869 1252 noctu;
2911 1192 3004 1244 sed
3039 1193 3215 1259 potius
3261 1194 3597 1247 contrarium

2014 1260 2339 1333 insinuatur,
2370 1262 2622 1313 nimirum
2648 1264 2828 1333 statim
2854 1271 2908 1314 et
2934 1263 3298 1331 absquetnora
3328 1264 3597 1333 deponcn-

2015 1330 2135 1383 dum
2167 1345 2289 1383 esse
2312 1334 2473 1394 iram,
2503 1341 2556 1385 et
2586 1332 2916 1386 redeundum
2958 1334 3008 1384 in
3054 1330 3282 1401 gratiam
3315 1351 3328 1385 :
3369 1330 3517 1388 velut
3546 1336 3596 1390 si

2015 1401 2134 1469 quis
2168 1402 2587 1455 hominisaucio
2625 1411 2716 1454 aut
2761 1418 2907 1469 aegro
2953 1404 3121 1469 dicat,
3170 1403 3359 1457 eadem
3409 1407 3595 1471 phrasi

2016 1481 2173 1524 utens
2202 1490 2214 1525 :
2245 1471 2378 1524 Vide
2406 1488 2471 1526 ne
2492 1472 2574 1525 sol
2610 1474 2813 1526 occidat
2853 1490 3018 1541 super
3058 1475 3252 1528 vulnus
3285 1486 3454 1541 tuum,
3499 1485 3595 1530 aut

2015 1556 2177 1610 super
2205 1544 2450 1595 morbum
2484 1552 2651 1607 tuum,
2684 1544 2887 1612 absque
2943 1545 3136 1599 modici
3179 1559 3330 1609 cura,
3373 1560 3477 1598 non
3519 1546 3594 1599 si-

2014 1612 2229 1684 gniiicat
2256 1615 2675 1677 exsitectandum
2719 1615 2768 1667 ei
2802 1630 2973 1683 usque
3003 1616 3069 1669 ad
3097 1631 3399 1684 veSperam,
3426 1626 3484 1670 ut
3524 1617 3593 1671 ad

2015 1682 2283 1755 medicum
2310 1684 2549 1748 accedat,
2580 1695 2669 1738 aut
2695 1700 2819 1739 eum
2852 1682 3095 1739 accersiit
3119 1702 3133 1751 ;
3160 1682 3253 1740 sed
3278 1696 3464 1741 contra
3498 1703 3594 1755 po-

2016 1754 2142 1827 tius,
2171 1761 2225 1827 u_t
2254 1769 2411 1822 quam
2448 1758 2675 1819 primum
2703 1764 2913 1823 potest;
2940 1757 3032 1811 sed
3058 1758 3100 1810 si
3132 1758 3291 1811 citius
3328 1773 3434 1811 non
3469 1754 3595 1827 pos-

2014 1825 2103 1889 sit,
2134 1824 2321 1877 saltem
2353 1832 2479 1879 ante
2502 1827 2633 1879 solis
2676 1842 2930 1880 occasum
2957 1827 3007 1880 id
3039 1838 3274 1895 prmstet,
3302 1844 3370 1883 ne
3394 1824 3593 1884 vulnus

2012 1898 2743 1968 autmorbusﬂingravescat.
2800 1898 2982 1963 Neque
3030 1897 3168 1952 hanc
3198 1900 3591 1968 expositionem

2012 1965 2232 2038 omnino
2283 1967 2459 2038 rejicit
2492 1968 2553 2021 D.
2579 1968 2957 2038 Hieronymus.
2986 1968 3116 2021 Nam
3142 1965 3282 2036 post'
3307 1972 3591 2037 pmmissa

2010 2036 2191 2108 subdit
2219 2054 2229 2087 :
2263 2036 2485 2103 Quidam
2518 2048 2699 2106 putant
2725 2036 2798 2091 sic
2829 2040 3182 2108 accipiendum
3206 2036 3441 2093 hoc’esse
3468 2042 3592 2094 sim-

2010 2104 2233 2172 pliciter,
2258 2104 2583 2176 quomodo'et
2614 2108 2743 2161 illud
2785 2104 2958 2177 quarti
2973 2110 3334 2178 psalmi,unde
3364 2112 3591 2179 idipsum

2007 2188 2265 2248 sumptum
2294 2180 2490 2232 videtur
2517 2196 2535 2234 :
2569 2180 2697 2244 Qua:
2741 2180 2910 2231 dicitis
2938 2180 2991 2231 in
3017 2180 3252 2231 cordibus
3282 2182 3484 2247 vestris,
3540 2192 3589 2233 et

2006 2247 2059 2321 in
2093 2248 2341 2321 cubilibus
2372 2251 2545 2303 vestris
2575 2249 3000 2321 compungimini,
3028 2248 3087 2321 id
3128 2260 3222 2315 est,
3254 2265 3591 2320 qua’cumque

2007 2317 2059 2390 in
2089 2320 2191 2390 die,
2231 2322 2311 2372 vel
2342 2336 2512 2389 opere,
2548 2320 2623 2375 vel
2674 2317 2927 2386 sermone,
2961 2319 3037 2373 vel
3066 2321 3374 2389 cogitatione
3402 2317 3588 2390 pecca-

2008 2389 2092 2463 tis,
2125 2389 2230 2463 [nec
2259 2392 2560 2463 succedente
2587 2392 2888 2463 paenitentia
2916 2402 3133 2463 purgate
3162 2389 3504 2463 perhnoctem,
3539 2402 3587 2445 et

2006 2458 2086 2511 ira
2114 2461 2176 2512 sit
2205 2460 2386 2525 brevis;
2419 2479 2510 2515 nec
2566 2458 2616 2516 in
2663 2463 2798 2515 diem
2855 2458 3133 2514 crastinum
3162 2458 3470 2525 differatur.
3521 2463 3590 2517 Et

2007 2532 2167 2597 Cpisl.
2192 2531 2260 2586 56
2294 2534 2434 2586 hunc
2467 2535 2643 2605 ipsum
2676 2535 2851 2605 locum
2880 2543 3130 2601 spectans
3158 2549 3174 2589 ε
3213 2533 3349 2597 Quid
3377 2549 3588 2605 agemus

2008 2616 2121 2666 nos,
2154 2605 2349 2671 inquit,
2381 2605 2434 2655 in
2465 2604 2546 2656 die
2576 2604 2785 2672 judicii,
2846 2619 2997 2670 super
3052 2620 3270 2672 quorum
3321 2604 3453 2656 iram
3482 2621 3590 2658 non

2006 2673 2156 2725 unius
2185 2674 2305 2735 diei,
2336 2675 2424 2726 sed
2451 2684 2710 2727 tantorum
2747 2690 3000 2727 annorum
3026 2672 3103 2727 sol
3132 2677 3274 2728 testis
3305 2675 3540 2728 occubuit
3561 2678 3589 2730 ἑ)

2006 2739 2263 2814 Similiter
2292 2754 2345 2797 et
2380 2742 2436 2798 S.
2487 2742 2910 2813 Chrysostomus
2949 2745 3064 2797 haec
3106 2745 3269 2800 verba
3320 2745 3585 2814 exponit:

2006 2810 2102 2883 Sol
2130 2829 2229 2865 non
2256 2814 2455 2865 occidat
2487 2810 2635 2883 super
2662 2814 2986 2867 iracundiam
3014 2826 3229 2869 vestram
3248 2856 3263 2880 ,
3295 2816 3345 2869 id
3370 2810 3475 2879 est,
3506 2819 3584 2870 sol

2004 2881 2099 2934 iste
2123 2884 2295 2936 abiens
2346 2900 2448 2936 non
2480 2881 2566 2937 vos
2615 2886 2868 2953 relinquat
2918 2885 3174 2939 inimicos.
3203 2887 3491 2942 Consentit
3520 2889 3585 2942 D.

2003 2952 2322 3024 Ambrosius
2344 2955 2393 3007 in
2410 2955 2643 3024 psalmos
2659 2957 2728 3008 ita
2744 2952 3007 3010 Scriberis:
3024 2954 3171 3011 Alius
3192 2958 3418 3011 medicus
3436 2958 3586 3013 dicit:

2005 3022 2222 3096 Solinon
2251 3022 2447 3078 occidat
2460 3043 2621 3096 super
2648 3026 2969 3079 iracundiam
2982 3037 3221 3096 vestram;
3248 3045 3311 3083 ne
3342 3030 3461 3082 dum
3492 3030 3586 3082 diu

2004 3094 2205 3163 differs,
2238 3098 2403 3148 veniat
2428 3095 2516 3169 ille
2533 3094 2631 3167 qui
2658 3098 2959 3169 calefactum
2987 3094 3215 3169 corporis
3240 3117 3417 3154 somno
3446 3101 3588 3154 exci-

316 3164 635 3240 confusionis
659 3166 890 3240 tenebras
902 3167 1091 3240 ineptit
1115 3208 1129 3240 ,
1156 3164 1299 3240 huic
1344 3165 1485 3240 D_eus
1528 3167 1742 3240 radium
1789 3183 1897 3220 sua!
1924 3169 1970 3231 C
2003 3172 2114 3240 tare
2140 3169 2397 3221 consuevit
2428 3164 2569 3239 (scil;
2603 3164 2894 3239 diabolus),
2928 3177 2976 3221 et
3002 3164 3226 3226 stimulet
3272 3182 3338 3236 te,
3392 3172 3585 3240 inferat

316 3236 627 3305 cognitionis
664 3236 953 3291 abscondit.
986 3236 1165 3291 Tertia
1197 3236 1454 3291 litterali's
1512 3237 1579 3291 de
1627 3237 1729 3292 hoc
1779 3240 1892 3293 sole

314 3318 587 3372 corporeo
616 3316 669 3360 et
696 3307 917 3371 visibili,
951 3308 1197 3361 lutninari
1230 3323 1457 3376 magno,
1487 3308 1644 3375 cujus
1688 3317 1808 3362 ortu
1841 3318 1896 3363 et

316 3389 519 3430 occasu
542 3376 659 3431 dies
688 3386 742 3431 et
763 3388 946 3434 noctes
965 3378 1383 3443 distinguuntur.
1417 3378 1615 3434 Verum
1638 3379 1777 3433 hanc
1802 3396 1896 3435 ex-

317 3449 671 3520 positionem,
702 3457 758 3502 ut
783 3449 928 3520 dixi,
963 3449 1201 3503 excludit
1242 3447 1538 3503 Cassianus
1587 3450 1686 3502 sub
1733 3450 1891 3504 linem
1993 3447 2486 3520 Ergo‘contemnere
2515 3464 2562 3507 te
2588 3454 2757 3508 debuit
2807 3468 2981 3508 servus
3003 3454 3029 3506 Ρ

1996 3522 2193 3575 amicus
2221 3523 2440 3577 illudere
2462 3526 2487 3576 ?
2510 3534 2613 3578 etc.
2652 3524 2752 3579 Ubi
2784 3520 3074 3577 manifeste
3099 3525 3322 3592 exponit
3342 3523 3579 3576 Ambro-

1996 3594 2109 3645 sius
2135 3596 2458 3647 sententiam
2481 3595 2728 3664 Apostoli
2758 3594 2826 3648 de
2853 3593 2967 3648 sole
2987 3607 3271 3661 corporeo,
3302 3594 3457 3660 cujus
3487 3607 3580 3647 oc-

1995 3675 2122 3731 casu
2152 3664 2269 3716 dies
2324 3664 2544 3729 linitur,
2576 3676 2629 3719 et
2672 3680 2775 3718 nos
2827 3675 2959 3731 supe

1996 3730 2238 3786 insinuat
2263 3748 2360 3786 cur
2388 3749 2489 3786 non
2520 3736 2588 3787 sit
2606 3730 2990 3787 retinendaira
3024 3747 3197 3801 usque
3226 3733 3291 3785 ad
3326 3733 3459 3786 solis
3490 3749 3581 3788 oc-

1995 3818 2201 3868 casum,
2233 3819 2303 3857 ne
2330 3805 2539 3858 scilicet
2560 3805 2740 3857 noctis
2761 3803 2937 3872 spatio
2970 3812 3092 3869 post
3138 3803 3377 3871 quietem
3400 3804 3580 3858 acrio-

1994 3873 2144 3945 ribus
2170 3874 2403 3927 Stimulis
2442 3875 2507 3927 ad
2531 3871 2820 3929 vindictam
2866 3890 2894 3926 a
2939 3871 3155 3929 diabolo
3198 3889 3577 3945 provocamur.

1995 3941 2240 4024 Denique
2267 3945 2593 4024 Prudentius
2628 3946 2677 3999 in
2712 3944 2924 4001 laudem
2947 3941 3263 4001 Concordia:
3308 3946 3426 4002 sive
3472 3946 3581 4002 Pa-

1996 4016 2198 4070 tientia:
2228 4017 2298 4071 ita
2338 4018 2533 4072 cecinit
2559 4035 2571 4070 :

311 3517 513 3590 capitis
554 3519 850 3590 sequentis,
882 3520 967 3574 cui
995 3530 1048 3574 et
1094 3520 1155 3573 ι).
1202 3519 1565 3590 Hieronymus
1610 3520 1891 3590 θυαε-πεπιτί

314 3587 549 3659 videtur.
583 3588 673 3644 Sic
701 3591 843 3644 enim
872 3591 1062 3645 scribit
1087 3591 1140 3644 in
1170 3591 1315 3644 hunc
1364 3587 1578 3643 locum:
1604 3589 1663 3644 Si
1691 3591 1893 3659 simpli-

310 3657 441 3710 citer
467 3660 605 3711 hunc
626 3660 784 3713 solem
804 3661 1154 3731 intelligimus,
1186 3663 1270 3727 qui
1302 3662 1467 3731 oculis
1493 3663 1662 3731 carnis
1708 3657 1895 3730 aspici-

308 3736 419 3795 tur,
451 3745 723 3795 peccamus
752 3732 955 3797 quando
974 3730 1268 3797 irascimur,
1294 3740 1340 3783 et
1364 3730 1624 3783 occidente
1661 3732 1768 3783 sole
1790 3733 1894 3784 ira-

310 3801 505 3853 cundia
531 3812 964 3863 perseveratmon
995 3818 1260 3870 peccamus
1299 3800 1712 3867 autem,quando
1735 3802 1895 3869 (verbi

310 3870 505 3941 gratia)
532 3888 563 3922 a
594 3873 756 3939 prima
786 3873 912 3926 hora
945 3889 1101 3940 usque
1143 3870 1211 3924 ad
1255 3871 1575 3923 undecimam
1621 3873 1895 3927 irascentes

312 3942 539 4008 facimus
559 3944 703 4015 quod
732 3945 1039 4015 indignatio,
1075 3943 1347 4015 furor,_ira
1370 3942 1730 4015 suggesserim.
1780 3944 1893 4006 Quo

308 4028 466 4064 sensu
514 4013 647 4066 nihil
676 4013 801 4066 mihi
837 4012 1037 4067 videtur
1074 4012 1369 4075 absurdius,
1411 4013 1560 4081 quasi
1589 4028 1691 4065 non
1742 4024 1893 4082 queat

307 4082 577 4150 quispiam
605 4084 667 4136 ab
695 4095 813 4137 ortu
834 4085 959 4138 solis
995 4101 1151 4153 usque
1172 4085 1241 4136 ad
1268 4099 1506 4136 occasum
1536 4083 1588 4135 in
1617 4092 1759 4136 tanta
1785 4101 1891 4138 sce-

309 4155 426 4207 lera
448 4154 774 4222 debacchari,
804 4165 995 4224 quanta
1035 4164 1137 4207 tota
1156 4156 1261 4208 vita
1290 4171 1382 4207 sua
1412 4170 1514 4206 non
1543 4156 1698 4218 possit
1723 4154 1893 4225 lacry-

312 4227 414 4277 mis
437 4227 667 4292 expiare;
695 4236 783 4278 aut
812 4243 913 4279 non
935 4226 1096 4296 magis
1140 4226 1219 4278 ira
1246 4226 1412 4278 locum
1447 4224 1500 4276 in
1530 4225 1610 4278 die
1667 4224 1847 4279 habeat
1874 4272 1888 4295 ,

320 4313 435 4347 :um
462 4298 637 4363 utique
666 4312 769 4349 nox
795 4298 990 4363 requies
1015 4297 1307 4364 sitfuroris,
1330 4306 1398 4357 et,
1431 4296 1730 4348 succedente
1753 4314 1892 4349 som-

308 4380 406 4427 no,
432 4368 629 4420 etiamsi
652 4368 945 4434 irascimur,
978 4368 1031 4420 in
1056 4368 1187 4419 diem
1219 4366 1540 4419 iracundiam
1566 4366 1888 4430 differamus.

313 4436 456 4501 Quia
483 4438 640 4505 igitur
666 4454 811 4491 verus
833 4440 931 4502 sol,
969 4438 1099 4490 sicut
1127 4438 1312 4490 occidit
1364 4453 1516 4505 super
1556 4438 1723 4489 malos
1773 4454 1893 4504 pro-

308 4510 521 4575 phetas,
545 4510 703 4580 juxta
730 4508 863 4562 illud
894 4508 1031 4579 quod
1064 4510 1311 4580 scriptum
1336 4517 1411 4560 est
1433 4522 1449 4560 :
1468 4506 1779 4580 Occiditsol
1806 4525 1891 4561 su-

310 4593 411 4648 per
439 4577 712 4649 prophetas
738 4577 927 4633 vestros
953 4578 1345 4647 meridie(Amos
1368 4577 1509 4647 vm),
1534 4578 1605 4629 ita
1631 4579 1784 4630 etiam
1806 4596 1897 4631 su-

312 4664 413 4717 per
440 4665 607 4702 omnes
630 4651 817 4703 occidit
849 4658 1157 4717 peccatores,
1183 4664 1503 4718 nequaquam
1540 4650 1610 4701 eis
1643 4657 1785 4700 ortus
1817 4650 1898 4702 sui

236 4730 239 4731 ⁷
308 4720 489 4773 lumen
512 4720 823 4789 indulgens;
855 4720 1089 4789 prwcipit
1121 4735 1252 4772 nunc
1270 4718 1547 4789 Apostolus
1570 4736 1632 4772 ne
1663 4720 1789 4770 talia
1812 4723 1892 4789 fa-

309 4789 515 4870 ciamus
538 4788 713 4872 furore
737 4788 985 4872 superati,
1009 4807 1106 4872 per
1134 4805 1248 4872 qua:
1271 4788 1415 4872 nabis
1467 4788 1558 4872 sol.
1578 4790 1794 4852 occidat,
1813 4788 1817 4789 ⁷
1830 4798 1900 4872 “et

309 4859 602 4929 principale
665 4859 837 4915 cordis
889 4861 1108 4915 tenebris
1158 4861 1462 4914 involvatur.
1518 4859 1789 4914 Haetenus
1829 4861 1891 4914 D.

311 4929 700 5002 Hieronymus.
725 4930 830 4986 Sed
858 4948 986 4999 pace
1011 4932 1137 4985 tanti
1169 4931 1339 4985 viriet
1369 4930 1535 4985 nostri
1565 4932 1725 4984 etiam
1759 4930 1892 4985 Cas-

305 5002 477 5065 siani,
509 5016 676 5054 verus
704 5012 757 5055 et
803 5006 1051 5072 proprius
1098 5002 1257 5070 hujus
1288 5002 1389 5054 loci
1436 5017 1628 5056 sensus
1653 5016 1773 5055 esse
1813 5004 1895 5054 vi-

304 5073 497 5136 detur,
520 5088 682 5140 quem
706 5075 868 5127 verba
895 5073 1107 5140 proprie
1135 5081 1354 5138 accepta
1380 5073 1708 5137 exprimunt,
1743 5087 1894 5125 nem-

308 5157 390 5213 pe
412 5142 483 5213 de
513 5143 630 5197 sole
677 5143 779 5197 hoc
812 5158 1070 5213 corporeo
1099 5153 1147 5196 et
1173 5141 1492 5213 asnectabili
1518 5184 1531 5206 ,
1558 5142 1645 5211 qui
1674 5144 1891 5211 proprie

304 5211 516 5265 dicitur
542 5213 794 5268 occidere
835 5211 998 5281 super
1021 5212 1351 5267 iracundiam
1387 5220 1644 5273 nostram.
1674 5214 1890 5279 quando

304 5283 453 5335 iram
476 5283 736 5337 adversus
761 5287 1065 5351 proximum
1105 5288 1265 5339 etiam
1294 5291 1418 5350 post
1463 5284 1593 5335 solis
1640 5298 1891 5338 occasum

306 5353 642 5418 retinemus;
673 5362 730 5407 et
748 5355 997 5408 vindicta:
1014 5356 1471 5421 opportunitatem
1496 5362 1890 5418 exspectamus.

302 5424 416 5478 Est
435 5424 576 5477 enim
606 5425 721 5479 hinc
754 5425 961 5479 locutio
1009 5424 1230 5494 ﬁgurata
1261 5436 1311 5478 et
1332 5469 1345 5492 ,
1372 5432 1429 5477 ut
1478 5432 1719 5492 apparet,
1765 5439 1893 5491 pro-

300 5495 598 5559 verbialis,
647 5506 704 5549 et
742 5498 900 5564 vulgo
928 5497 1052 5548 trita
1085 5496 1371 5558 sententia,
1402 5510 1503 5562 qua
1540 5507 1763 5546 monere
1799 5510 1895 5549 nos

302 5565 484 5619 voluit
512 5567 835 5635 Apostolus,
870 5567 997 5621 utsi
1046 5565 1182 5620 forte
1213 5580 1309 5633 per
1361 5564 1504 5618 diem
1563 5565 1612 5615 in
1657 5564 1892 5631 aliquem

296 5640 570 5692 commoti
604 5637 845 5697 autirati
893 5636 1175 5698 fuerimus,
1228 5637 1416 5689 demus
1448 5648 1670 5701 operam
1702 5642 1758 5685 ut
1790 5636 1896 5687 sal—

298 5718 425 5762 tem
454 5718 582 5761 ante
610 5722 893 5776 vesperam
924 5715 978 5760 et
1015 5707 1146 5759 solis
1174 5721 1426 5759 occasum
1478 5706 1526 5760 ei
1578 5703 1899 5776 reconcilie-

300 5790 461 5844 mur,
489 5785 546 5833 et
573 5775 821 5846 deposita
855 5777 1002 5832 omni
1035 5776 1111 5831 ira
1143 5786 1196 5832 et
1217 5776 1596 5834 malevolentia
1624 5818 1638 5843 ,
1680 5775 1733 5827 in
1776 5790 1896 5827 mu-

1921 4545 1975 4606 D

1999 3237 2094 3310 tibi
2121 3237 2475 3310 cogitationes,
2509 3249 2554 3293 et
2605 3242 2656 3295 in
2684 3237 2876 3295 secreta
2928 3244 3145 3309 pectoris
3187 3244 3264 3296 tui
3290 3237 3579 3310 immergat,

1996 3308 2222 3383 dicens:
2263 3309 2479 3383 Vindica
2505 3313 2756 3383 injuriam
2779 3324 2952 3366 tuam:
2978 3312 3142 3366 virum
3168 3324 3215 3366 te
3238 3329 3345 3366 esse
3392 3308 3583 3381 cogno-

1994 3394 2118 3451 s_ce,'
2151 3381 2381 3449 feminea:
2409 3381 2723 3451 infirmitatis
2775 3393 2849 3438 est
2898 3397 3000 3434 non
3051 3400 3231 3451 capere
3280 3384 3581 3436 vindictam.

3126 3463 3263 3507 rater
3291 3454 3530 3520 decipere
3554 3454 3580 3506 ?

2965 3666 3145 3716 rvenit
3174 3679 3189 3726 ;
3221 3671 3277 3716 et
3315 3664 3580 3717 rationem

2092 4118 2332 4169 Occasum
2354 4119 2476 4168 lucis
2501 4122 2642 4168 venia
2669 4132 2979 4181 praecurrere
3003 4121 3153 4182 gestit

2088 4183 2269 4241 Anxia,
2292 4194 2355 4229 ne
2375 4182 2603 4231 stabilem
2624 4182 2815 4245 linquat
2838 4184 2913 4232 sol
2934 4184 3159 4232 conscius
3179 4184 3312 4231 iram.

1995 4289 2105 4344 Nec
2134 4304 2263 4343 vero
2296 4288 2729 4358 praetereundum
2773 4288 3030 4342 existimo
3087 4287 3250 4355 hujus
3297 4286 3584 4344 sententia:

1995 4373 2317 4414 assertorem
2348 4360 2764 4413 disertissimum
2794 4369 2847 4412 et
2868 4359 3250 4428 gravissimum
3302 4368 3583 4413 auctorem

1998 4432 2263 4485 lsidorum
2297 4429 2653 4496 Pelusiotant,
2677 4430 2766 4499 qui
2792 4430 2844 4483 in
2873 4430 3104 4498 quadam
3127 4430 3354 4498 epistola
3383 4429 3581 4499 (Epist.

2003 4502 2104 4557 189
2134 4502 2223 4554 lib.
2250 4505 2337 4571 ιι),
2368 4502 2504 4555 hanc
2535 4501 2862 4555 sententiam
2904 4500 2977 4553 ita
3026 4504 3307 4555 enucleate
3351 4500 3587 4568 explicat

2000 4583 2054 4626 et
2083 4573 2333 4637 adstruit,
2369 4584 2424 4624 ut
2468 4573 2601 4625 nihil
2651 4572 2885 4639 amplius
2934 4571 3231 4625 desiderari
3272 4571 3459 4639 possit.
3494 4571 3585 4626 Sic

2000 4646 2143 4697 enim
2171 4645 2284 4712 ipse
2311 4664 2323 4695 :
2365 4643 2623 4709 Quoniam
2644 4658 2760 4695 cum
2790 4640 3059 4694 iracundia
3087 4644 3327 4709 rationis,
3360 4658 3471 4712 qua:
3491 4660 3586 4695 au-

1999 4716 2128 4785 rigte
2159 4732 2366 4768 munere
2396 4716 2650 4783 fungitur,
2679 4713 2901 4765 habenas
2930 4712 3155 4782 infregit,
3198 4714 3418 4765 hominis
3446 4730 3585 4765 men-

2000 4795 2098 4840 tem
2128 4799 2271 4840 eastra
2294 4796 2492 4839 natura:
2508 4786 2753 4838 terminos
2776 4785 3072 4852 plerumque
3093 4795 3430 4837 transversam
3454 4787 3583 4852 agit:

1998 4856 2192 4910 idcirco
2214 4855 2415 4908 Paulus
2443 4856 2742 4925 hujusmodi
2771 4855 2942 4921 lapsui
2972 4856 3258 4923 emcogitata
3288 4871 3390 4907 non
3432 4855 3585 4906 modo

1997 4927 2331 4997 Optima,rsed
2362 4927 2514 4997 etiam
2539 4924 3128 4997 celerrimamedicina,
3160 4925 3239 4977 his
3266 4925 3427 4978 verbis
3458 4941 3585 4997 usus

1996 4993 2069 5050 est
2095 5012 2113 5049 :
2142 4996 2233 5050 Sol
2275 5010 2375 5045 non
2404 4993 2601 5045 occidat
2628 5008 2782 5055 super
2825 4995 3147 5047 iracundiam
3179 5004 3412 5047 vestram.
3471 4993 3585 5047 Hoc

1996 5076 2095 5129 est,
2132 5076 2405 5129 antequam
2431 5063 2510 5113 sol
2554 5064 2606 5134 in
2635 5076 2877 5134 occasum
2907 5075 3113 5134 vergat,
3147 5076 3387 5117 naturam
3417 5080 3585 5131 agno-

1995 5139 2118 5189 scite
2140 5178 2153 5197 ,
2187 5136 2414 5200 furorem
2451 5131 2775 5195 exstinguite,
2835 5131 3181 5201 arrogantiam
3230 5135 3586 5201 comprimite;

1999 5207 2352 5274 cognationem
2379 5219 2437 5255 ac
2483 5201 2935 5274 propinquitatem,
2967 5219 3083 5267 qua:
3134 5203 3286 5255 etiam
3323 5204 3445 5271 feris
3486 5206 3585 5256 do-

1996 5273 2249 5344 minatur,
2292 5273 2839 5344 complectimini.__ne
2871 5289 2972 5325 no.1:
3028 5274 3297 5344 interjecta
3353 5274 3586 5327 morbum

1994 5340 2416 5402 immedicabileni
2454 5345 2655 5414 efficiat.
2714 5340 2851 5395 Nam
2898 5352 3004 5395 tum
3054 5340 3289 5397 diabolus
3343 5345 3586 5398 idoneum

2001 5430 2199 5490 tempus
2228 5430 2429 5483 nactus,
2464 5435 2522 5469 ra
2547 5431 2667 5490 quin
2691 5415 3010 5490 contigerunt
3062 5422 3224 5486 magis
3253 5417 3543 5490 inﬂammat
3567 5460 3581 5482 ,

2001 5494 2070 5543 ad
2102 5486 2347 5544 ultionem
2376 5492 2569 5552 irruat,
2601 5488 2667 5537 ad
2696 5486 3017 5538 inimicitiam
3048 5486 3370 5552 exstimulat,
3402 5491 3471 5540 ad
3497 5506 3586 5541 (τες

2001 5564 2282 5615 cusationes
2308 5563 2523 5626 excitat,
2548 5559 2861 5627 injuriarum
2890 5558 3187 5610 memoriam
3216 5558 3385 5627 parit,
3431 5576 3587 5612 mnu-

2006 5650 2240 5701 meraque
2268 5634 2384 5685 hinc
2416 5628 2551 5683 mala
2582 5636 2834 5701 procreat.
2860 5627 2999 5681 Nam
3015 5631 3149 5695 quod
3175 5629 3243 5681 Ι).
3281 5627 3504 5697 Paulus,
3529 5642 3587 5685 ut

2004 5705 2112 5758 haec
2135 5700 2467 5767 exscinderet,
2497 5700 2797 5754 dissidentes
2825 5716 2980 5769 quam
3006 5702 3240 5755 ocissime
3265 5701 3389 5754 inter
3422 5719 3475 5755 se
3499 5717 3585 5756 re-

2004 5774 2271 5827 conciliari
2296 5773 2533 5843 jusserit,
2563 5787 2625 5827 ea:
2648 5788 2706 5827 eo
2740 5781 2875 5840 patet
2929 5773 3065 5841 quod
3111 5789 3230 5828 mox
3279 5773 3582 5845 subjunxit:
