4016 6202
521 340 627 402 359

1854 326 2129 388 ΙΟΑΝΝΙΞ
2170 321 2471 382 ΟΑΞςΙΑΝΙ

3683 314 3775 374 540

523 461 585 520 Si
630 457 851 516 noxium
886 461 969 512 est
1000 466 1163 525 super
1206 454 1545 508 iracunma‘m
1575 462 1816 505 nostram
1869 446 2117 502 occidere
2145 447 2197 507 Α
2224 444 2440 497 modum
2485 442 2555 495 de
2606 440 2684 494 ira
2736 444 3025 503 sentirent,
3076 434 3206 491 licet
3241 434 3485 506 longiore
3530 446 3770 500 sermone,

523 555 698 610 solem
721 549 981 622 Iustitiae,
1013 558 1069 605 et
1091 547 1212 602 irati
1238 545 1521 602 confestim
1561 544 1737 598 locum
1777 541 1995 596 diabolo
2023 539 2119 593 da-

523 659 649 701 mus
698 643 751 699 in
800 642 966 698 corde
1006 647 1224 706 nostro;
1271 638 1540 709 quomodo
1584 635 1837 702 superius
1875 632 2120 703 praecipit

521 746 585 815 ut
612 736 931 803 irascamur,
965 730 1152 789 dicens
1186 752 1197 786 :
1230 730 1527 787 lrascimini
1557 738 1612 785 et
1642 729 1823 783 nolite
1851 724 2117 796 peccare?

521 818 716 889 Nonne
741 829 1023 886 evidenter
1054 827 1156 881 hoc
1201 825 1335 881 dicit
1377 841 1391 878 :
1438 821 1737 879 lrascimini
1772 820 1916 874 vitiis
1954 825 2010 872 et
2036 816 2117 872 fu-

521 925 634 982 rori
683 929 897 987 vestro,
959 936 1027 975 ne
1074 914 1492 974 conniventibus
1546 914 1701 970 vobis
1759 912 1841 968 sol
1891 911 2115 981 iustitia

522 1016 771 1072 Christus
804 1013 1025 1083 incipiat
1070 1020 1292 1081 propter
1320 1007 1656 1064 iracundiam
1684 1015 1917 1061 vestram
1961 1018 2112 1059 men-

523 1109 670 1165 tibus
713 1105 1020 1163 obscuratis
1063 1102 1347 1168 occidere,
1392 1110 1444 1156 et
1470 1099 1783 1156 discedente
1810 1098 1902 1154 illo
1927 1098 2110 1154 locum

522 1200 742 1258 diabolo
767 1200 823 1255 in
852 1198 1049 1255 vestris
1076 1195 1333 1253 cordibus
1363 1193 1648 1265 praebeatis

1126 1301 1353 1367 CAPUT
1391 1305 1483 1363 IX.

523 1431 606 1488 De
624 1447 723 1504 quo
752 1429 861 1485 sole
897 1430 1121 1493 dicatur,
1146 1434 1203 1482 ut
1240 1442 1344 1481 non
1370 1423 1573 1479 occidat
1599 1437 1755 1494 super
1779 1398 2107 1476 iracundiam

1152 1506 1393 1550 uestram.

1152 1513 1393 1552 vestram.

598 1614 676 1671 De
704 1602 812 1685 quo
842 1602 954 1668 Sole
979 1627 1074 1683 per
1101 1610 1427 1681 pr0phetam
1473 1608 1621 1664 Deus
1657 1607 1936 1662 evidenter
1966 1616 2116 1659 com-

524 1715 824 1776 memorat,
878 1690 949 1761 ita
1005 1705 1230 1759 dicens:
1285 1700 1630 1757 Timentibus
1685 1706 1866 1754 autem
1919 1711 2114 1751 nomen

523 1819 706 1861 meum
739 1802 944 1857 0rietur
979 1799 1059 1854 sol
1096 1796 1347 1867 iustitiae,
1375 1805 1426 1851 et
1456 1795 1661 1851 sanitas
1690 1794 1744 1847 in
1775 1792 1969 1863 pennis
1998 1790 2117 1861 ejus

2224 536 2567 607 protulimus,
2601 532 2693 603 qui
2724 547 2845 587 eam
2870 544 2971 586 nec
2997 528 3064 585 ad
3099 536 3435 584 momentum
3464 526 3668 597 quidem
3694 539 3775 580 cor

2224 637 2470 683 nostrum
2493 635 2779 695 penetrare
2806 624 3153 693 permittunt,
3186 621 3323 677 illud
3364 619 3638 690 Evangelii
3679 633 3777 673 om-

2228 721 2463 778 nimodis
2489 721 2848 775 observantes
2879 736 2891 771 :
2928 717 3031 785 Qui
3057 715 3315 770 irascitur
3336 713 3488 769 fratri
3518 727 3613 768 suo
3635 755 3648 776 ,
3670 726 3779 767 reus

2227 816 2333 871 erit
2356 812 2563 882 judicio
2586 811 2605 885 (
2624 810 2819 865 Matth.
2844 826 2877 864 v
2906 808 2951 883 ).
3007 808 3276 865 Caeterum
3318 807 3364 864 si
3412 822 3578 877 usque
3605 805 3665 860 ad
3696 819 3779 859 oc-

2224 923 2409 964 casum
2438 908 2573 962 solis
2617 907 2825 961 licitum
2856 904 2926 960 sit
2967 902 3165 970 irasci,
3204 910 3330 956 ante
3379 898 3783 971 perturbationes

2226 1001 2403 1056 noxiae
2447 1006 2708 1070 poterunt
2759 997 2959 1052 furoris
3001 994 3309 1051 satietatem
3360 1000 3416 1047 et
3454 990 3655 1046 ultricis
3698 990 3784 1045 irae

2223 1093 2647 1149 commotionem
2679 1091 2926 1160 explere,
2956 1102 3116 1161 quam
3146 1090 3250 1143 iste
3271 1086 3349 1141 sol
3381 1085 3449 1140 ad
3500 1086 3665 1141 locum
3707 1082 3784 1137 sui

2227 1193 2415 1256 vergat
2442 1196 2687 1238 occasus.

2863 1247 3090 1307 CAPUT
3117 1246 3186 1305 X.

2227 1350 2309 1406 De
2327 1349 2408 1405 his
2428 1365 2645 1423 quorum
2662 1347 2946 1423 iracundia:
2969 1364 3030 1401 ne
3052 1362 3263 1423 occasus
3284 1344 3490 1416 quidem
3513 1341 3633 1398 solis
3654 1342 3789 1396 istius

2803 1417 3012 1473 modum
3053 1418 3221 1489 ponit.

2296 1514 2433 1583 Quid
2456 1529 2586 1569 vero
2610 1512 2785 1568 dicam
2816 1512 2885 1567 de
2911 1510 2997 1565 his
3030 1510 3196 1582 (quod
3226 1510 3447 1581 quidem
3478 1508 3653 1565 dicere
3677 1508 3791 1562 sine

2224 1623 2345 1664 mea
2368 1607 2686 1665 confusione
2704 1624 2813 1663 non
2830 1608 3078 1677 possum)
3104 1621 3345 1677 quorum
3378 1603 3791 1675 implacabilitati

2224 1718 2324 1760 nec
2348 1704 2436 1759 hic
2466 1704 2685 1774 quidem
2727 1704 2811 1759 sol
2843 1702 3102 1758 occidens
3150 1702 3439 1757 terminum
3471 1700 3654 1771 ponit;
3698 1698 3793 1755 sed

2224 1809 2323 1866 per
2345 1795 2463 1851 dies
2483 1811 2601 1851 eam
2645 1796 2912 1866 plurimos
2955 1795 3313 1864 protelantes,
3347 1803 3512 1864 atque
3545 1792 3791 1847 adversus

527 1880 797 1969 (Malach.
830 1890 884 1947 Iv
915 1892 955 1963 ).
985 1890 1087 1957 Qui
1128 1903 1319 1944 rursus
1356 1885 1739 1958 peccatoribus
1772 1893 1828 1940 et
1872 1882 2114 1956 psettdo-
2142 1870 2191 1931 Β
2220 1904 2315 1945 eos
2346 1890 2399 1942 in
2427 1904 2562 1959 quos
2590 1890 2848 1945 commoti
2900 1888 3104 1945 fuerint
3130 1888 3157 1927 δ
3198 1902 3485 1943 rancorem
3525 1886 3682 1940 animi
3708 1899 3789 1939 re.

524 1984 836 2060 prophetis,
870 1984 1089 2053 illisque
1115 1983 1207 2052 qui
1264 1985 1595 2041 irascuntur,
1630 1975 1883 2032 occidere
1911 1974 2115 2029 dicitur

524 2084 581 2139 in
612 2082 793 2137 medio
830 2080 940 2145 die,
966 2079 1181 2133 dicente
1230 2076 1536 2145 praptieta:
1579 2072 1794 2128 Occidit
1818 2072 1901 2125 eis
1942 2070 2025 2125 sol
2058 2070 2113 2123 in

524 2174 752 2231 meridie
780 2171 799 2247 (
823 2172 979 2227 Amas
1000 2187 1095 2226 vut
1130 2168 1171 2241 ).
1198 2167 1293 2224 Vel
1323 2176 1476 2223 certe
1520 2163 1819 2222 secundum
1849 2164 2113 2232 tropicum

525 2281 749 2323 sensum
777 2275 803 2304 ει
836 2280 1010 2329 mens,
1042 2263 1094 2319 id
1123 2270 1225 2326 est,
1257 2268 1374 2322 νοῦς
1405 2261 1520 2314 sive
1571 2259 1732 2325 ratio,
1763 2273 1882 2326 qua:
1915 2272 2010 2326 pro
2050 2270 2117 2311 eo

524 2357 670 2430 quod
694 2372 884 2414 omnes
911 2356 1093 2411 cordis
1122 2351 1484 2422 cogitationes
1509 2349 1979 2418 discretionesque
2004 2364 2121 2418 per-

524 2450 747 2515 lustret,
780 2448 863 2503 sol
890 2435 1086 2502 merito
1110 2455 1473 2512 nuncupatur,
1499 2444 1595 2497 ira:
1621 2441 1754 2496 vitio
1774 2456 1880 2495 non
1913 2440 2121 2495 exstin-

525 2550 765 2615 guatur;
814 2554 882 2594 ne
936 2536 1128 2593 eadem
1160 2536 1463 2603 occidente,
1515 2534 1991 2606 perturbationum
2038 2543 2119 2588 te-

528 2634 716 2690 nebrae
762 2647 886 2687 cum
925 2641 1148 2686 auctore
1176 2643 1274 2684 suo
1317 2628 1538 2684 diabolo
1579 2627 1893 2682 universum
1946 2627 2118 2682 nostri

527 2726 715 2784 cordis
754 2730 1027 2795 occupent
1056 2737 1298 2788 sensum,
1332 2730 1388 2779 et
1417 2721 1661 2778 tenebris
1710 2721 1805 2775 ira:
1835 2722 2071 2790 possessi
2098 2762 2113 2785 ,

527 2819 681 2875 velut
710 2819 761 2872 in
791 2818 950 2879 nocte
970 2831 1143 2881 caeca,
1175 2813 1302 2887 quid
1334 2829 1433 2871 nos
1473 2822 1727 2885 oporteat
1754 2829 1934 2884 agere,
1968 2812 2120 2883 igno-

527 2925 740 2968 remus.
790 2909 911 2965 Tali
955 2924 1120 2965 sensu
1155 2909 1299 2965 hunc
1343 2908 1595 2978 Apostoli
1644 2909 1821 2962 locum
1858 2906 2119 2961 institutis

523 3002 806 3059 seniorum
831 3000 1089 3056 traditum
1120 3001 1295 3068 nobis,
1321 3000 1447 3071 quia
1479 3013 1705 3055 necesse
1733 2999 1833 3053 fuit
1858 2992 2121 3068 quemad-

2216 1993 2517 2044 servantes,
2547 1994 2744 2053 negant
2773 1982 2994 2053 quidem
3017 1998 3075 2038 se
3100 1982 3282 2038 verbis
3328 1981 3512 2048 irasci,
3556 1980 3649 2036 sed
3690 1980 3788 2034 rei-

2219 2090 2316 2147 psa
2355 2084 2413 2130 et
2455 2089 2622 2145 opere
2655 2075 2931 2146 indignari
2981 2076 3299 2145 gravissime
3339 2071 3792 2144 comprobantur?

2220 2168 2355 2224 Nam
2382 2184 2557 2238 neque
2607 2185 2703 2225 eos
2732 2184 2973 2240 congruo
3019 2184 3273 2225 sermone
3303 2168 3632 2237 compellant
3659 2208 3672 2231 ,
3704 2179 3796 2221 nec

2218 2262 2542 2318 affabilitate
2579 2264 2659 2318 eis
2700 2264 2858 2319 solita
2899 2264 3328 2334 colloquuntur;
3360 2273 3414 2318 et
3439 2265 3490 2317 in
3518 2278 3583 2319 co
3610 2278 3669 2317 se
3706 2273 3797 2315 mt-

2226 2354 2374 2409 nime
2409 2354 2731 2425 delinquere
2764 2366 2977 2425 putant,
3021 2355 3162 2426 quod
3191 2355 3489 2409 vindictam
3518 2368 3627 2408 sua:
3668 2367 3796 2407 com-

2224 2444 2481 2501 motionis
2531 2462 2637 2501 non
2669 2457 2924 2517 expetant
2954 2464 2969 2513 ;
3004 2463 3161 2519 quam
3195 2456 3374 2501 tamen
3405 2448 3526 2517 quia
3570 2446 3799 2516 proferre

2222 2537 2397 2606 palam
2429 2546 2485 2592 et
2516 2553 2809 2606 exercere,
2838 2549 2932 2595 aut
2988 2556 3094 2596 non
3127 2540 3341 2605 audent,
3392 2548 3485 2594 aut
3529 2546 3675 2595 certe
3699 2552 3798 2591 non

2221 2640 2471 2700 possunt,
2506 2632 2559 2685 in
2589 2646 2744 2685 suam
2770 2632 3069 2700 perniciem
3098 2632 3251 2686 virus
3298 2630 3593 2686 iracundiae
3636 2639 3801 2686 retor-

2220 2731 2468 2792 quentes,
2485 2734 2832 2793 concoquunt
2850 2726 3040 2781 eamin
3055 2726 3221 2781 corde
3237 2726 3404 2792 taciti,
3431 2739 3495 2781 ac
3516 2725 3730 2780 silentes
3750 2721 3799 2777 in

2219 2817 2527 2886 semetipsis
2539 2830 2881 2884 consumunt,
2907 2819 3321 2874 amaritudinem
3341 2819 3567 2873 tristitiae
3580 2832 3683 2871 non
3696 2816 3799 2870 vir-

2222 2917 2336 2965 tute
2356 2909 2521 2964 animi
2546 2912 2791 2981 protinus
2830 2912 3189 2980 expellentes,
3216 2911 3311 2966 sed
3351 2911 3657 2980 digerentes
3693 2922 3802 2978 pro-

2222 3015 2378 3056 cessu
2408 3001 2647 3067 dierum,
2680 3014 2735 3058 et
2758 3012 3052 3072 utcumque
3083 3016 3183 3072 pro
3210 3010 3456 3072 tempore
3484 3000 3797 3071 mitigantes.

1190 3152 1197 3171 ι
1622 3092 1884 3150 ALARDI
1922 3092 2159 3152 GAZJEI
2193 3093 2752 3151 COMMENTARIUS.

527 3190 711 3247 Nolite
734 3190 905 3245 locum
936 3191 1059 3244 dare
1087 3188 1320 3253 diabolo,
1352 3188 1716 3262 quiuexignos-
1739 3185 1953 3251 affectus
1991 3203 2107 3262 ma-
2136 3189 2181 3262 ζ]
2214 3190 2467 3258 contingit
2495 3193 2706 3258 fratrem
2737 3191 2890 3257 fratri
2914 3191 3090 3257 irasci,
3135 3192 3180 3245 ei
3219 3192 3440 3262 quodam
3476 3191 3667 3259 furoris
3713 3190 3801 3262 im-

524 3279 655 3337 gnos
682 3265 882 3337 occulte
908 3262 1098 3337 reddit,
1128 3276 1190 3337 ea
1216 3257 1514 3337 quwfacile
1534 3258 1973 3337 curaripossunt,
2001 3260 2110 3337 Anim

524 3327 618 3388 aut
646 3334 799 3387 etiam
825 3333 971 3387 nullo
1018 3331 1175 3391 modo
1198 3327 1457 3385 curabilia
1493 3329 1658 3398 efﬁcit.
1690 3327 1815 3381 Hzec
1853 3328 1966 3398 illc.
2001 3328 2104 3382 P0-

525 3414 732 3461 stretno
759 3405 901 3460 circa
935 3404 1079 3469 hunc
1119 3403 1295 3457 locum
1325 3401 1460 3456 libet
1483 3397 1587 3455 alia
1608 3399 1715 3453 duo
1741 3397 1994 3453 salutaria
2018 3399 2111 3453 do-

524 3486 778 3532 cumenta
800 3489 1081 3538 annotare,
1113 3483 1341 3543 quorum
1375 3472 1610 3543 primum
1642 3479 1725 3543 est
1751 3470 1805 3526 S.
1863 3469 2108 3543 Antonii,

525 3549 619 3617 qui
653 3555 713 3602 ut
747 3546 917 3602 refert
944 3546 1007 3600 D.
1049 3541 1391 3600 Athanasius
1424 3544 1476 3617 in
1511 3542 1643 3617 ejus
1666 3542 1812 3605 Vita,
1862 3541 2112 3595 suadebat

524 3613 638 3690 iugi
685 3618 1021 3673 meditatione
1046 3617 1370 3690 retinendum
1409 3613 1644 3690 Apostoli
1674 3629 1977 3679 sermonem,
2011 3629 2109 3679 quo

524 3686 620 3757 ait,
658 3690 755 3745 Sol
797 3706 903 3745 non
934 3689 1137 3743 occidat
1166 3704 1323 3758 super
1345 3686 1675 3755 iracundiam
1702 3694 1921 3738 vestram
1947 3700 1968 3747 ;
2008 3700 2111 3738 non

526 3768 728 3815 tantum
756 3772 926 3815 autem
947 3776 1102 3831 super
1144 3757 1491 3827 iracundiam,
1522 3757 1680 3812 solem
1728 3758 1959 3831 occidere
2006 3772 2110 3831 non

526 3832 706 3887 debere
730 3828 1190 3899 interpretabatur,
1221 3832 1309 3886 sed
1330 3839 1376 3885 et
1422 3846 1573 3897 super
1602 3829 1774 3883 omnia
1802 3828 1990 3883 delicta
2020 3828 2112 3879 ho—

528 3903 746 3964 minum,
776 3918 839 3955 ne
859 3914 1183 3973 peccatorum
1210 3917 1451 3973 umquam
1470 3910 1765 3973 nostrorum
1788 3940 1802 3961 ,
1822 3970 1831 3973 _
1848 3911 1940 3953 aut
1968 3907 2114 3973 noc_te

528 3972 655 4026 luna
678 4014 695 4038 ,
735 3982 823 4025 aut
860 3969 916 4025 in
954 3974 1039 4027 die
1090 3974 1169 4027 sol
1199 3982 1348 4026 testes
1383 3971 1737 4025 abscederent.
1772 3970 2014 4024 Alterum
2046 3969 2109 4021 D.

529 4042 809 4113 Benedimi
844 4042 861 4111 (
888 4041 1015 4113 Cap.
1044 4043 1110 4096 15
1130 4040 1317 4111 Regul.
1347 4042 1387 4109 ),
1423 4042 1538 4107 qui,
1578 4040 2113 4113 ut‘Turrecrematus

531 4122 587 4167 et
612 4109 943 4181 Smaragdus
965 4109 1387 4175 annotuverunt,
1420 4110 1760 4181 sanctissime
1784 4109 2037 4181 instituit,
2059 4116 2113 4161 ut

530 4185 587 4237 in
638 4178 832 4238 ultimd
876 4192 1020 4252 parte
1068 4182 1448 4252 Matutinarum
1493 4178 1511 4249 (
1554 4178 1608 4233 id
1641 4188 1758 4252 est,
1784 4179 2029 4252 Lauduin
2061 4188 2114 4231 et.

531 4249 1193 4323 Vesperarum),dicatur
1212 4251 1443 4323 aipriore
1478 4293 1493 4317 ,
1541 4264 1649 4323 seu
1700 4249 1975 4323 abeoqui
2028 4262 2115 4323 sa-

533 4318 775 4379 cerdotis
802 4318 1213 4379 hcbdomadarii
1235 4318 1476 4390 fungitur
1498 4319 1703 4383 officio,
1735 4320 1915 4373 Oratio
1934 4318 2114 4371 Domi-

533 4397 650 4449 nica
669 4397 777 4449 alta
801 4411 920 4449 voce
946 4412 965 4455 :
996 4404 1041 4447 et
1091 4393 1208 4458 hoc,
1262 4393 1454 4463 inquit,
1507 4400 1716 4463 propter
1751 4390 2115 4463 scandalorum

533 4466 735 4536 spinas,
762 4466 813 4521 id
834 4475 936 4531 est,
971 4462 1349 4520 dissensiones
1370 4478 1433 4536 ac
1454 4462 1716 4528 lites,'aut
1738 4462 1988 4531 injurias,
2018 4475 2113 4515 seu

535 4534 917 4592 contentiones
944 4552 1065 4607 qua:
1090 4545 1215 4590 sunt
1241 4534 1622 4589 scandalorum
1646 4548 1828 4607 causa:
1855 4550 1869 4588 :
1900 4542 1949 4587 et
1978 4542 2116 4585 tam-

536 4623 697 4677 quam
727 4610 897 4677 spinae
931 4606 1166 4662 mentem
1201 4622 1295 4674 per
1329 4608 1461 4677 iram
1503 4613 1559 4660 et
1591 4606 1772 4660 odium
1804 4613 2113 4677 pungentes

2216 3269 2336 3327 petu
2381 3263 2684 3314 commoveri
2715 3278 2734 3326 ;
2765 3263 2854 3329 qui
2897 3263 3015 3316 licet
3050 3261 3237 3315 statim
3273 3264 3505 3315 animum
3536 3277 3635 3315 non
3667 3261 3801 3315 cohi-

2215 3330 2347 3393 beat,
2363 3334 2727 3402 exspectandus
2746 3342 2913 3386 tamen
2934 3334 3001 3387 ad
3022 3335 3220 3387 veniant
3234 3351 3251 3387 :
3267 3334 3383 3388 ideo
3400 3332 3621 3402 sufficere
3639 3335 3800 3385 uisum

2212 3410 2285 3454 est
2312 3414 2486 3474 sancto
2524 3401 2707 3474 Patri,
2733 3404 2778 3457 si
2824 3404 2903 3457 sol
2950 3420 3051 3459 non
3096 3406 3292 3459 occidat
3340 3401 3496 3474 super
3540 3402 3799 3457 iracundia

2214 3474 2345 3542 ejus.
2376 3472 2501 3525 llaec
2521 3473 2630 3527 ille.
3262 3506 3267 3517 ι

2286 3552 2313 3580 α
2338 3544 2633 3616 uois-apud
2683 3544 2904 3599 Grrrcns
2935 3546 3084 3600 varie
3115 3547 3403 3616 accipitur.
3455 3547 3559 3599 Pro
3603 3546 3795 3611 animo,

2215 3628 2309 3684 seu
2342 3615 2599 3668 facultate
2623 3616 2893 3684 ratiOnali,
2929 3617 3106 3682 idest,
3140 3615 3340 3682 mente,
3379 3618 3611 3680 ratione,
3640 3616 3798 3671 intel-

2216 3683 2456 3761 ligentia.
2478 3684 2511 3761 _l
2537 3686 2781 3761 Uorinth.
2817 3683 2904 3740 xiv
2924 3706 2945 3761 γε
2978 3690 3127 3743 Ψαλῶ
3155 3698 3227 3761 τῷ
3257 3692 3540 3761 πνεύματι,
3564 3686 3707 3743 γελῶ
3750 3687 3800 3743 δέ

2214 3760 2297 3832 xui
2316 3764 2389 3832 τῷ
2414 3756 2507 3832 νοΐ.
2536 3755 2774 3832 Psallam
2800 3760 3012 3832 spiritu,
3042 3755 3262 3827 psallam
3292 3755 3549 3832 etmente.
3596 3760 3800 3832 Aristo-

2219 3827 2437 3881 telcs'in
2468 3828 2712 3897 Etlticist
2746 3829 2860 3883 Lib.
2886 3846 2937 3883 vr
2960 3872 2974 3894 ,
3006 3833 3142 3885 verb.
3176 3839 3308 3891 Νοῦς
3342 3830 3356 3897 )
3402 3839 3575 3901 σῶμα,
3629 3830 3797 3902 ψυχή,

2215 3905 2346 3960 νοῦς.
2377 3916 2584 3970 corpus,
2610 3903 2807 3967 anima,
2830 3918 2991 3963 mens,
3020 3912 3189 3970 partes
3216 3902 3461 3955 hominis.
3498 3903 3655 3969 Apuli
3682 3903 3799 3957 Sui-

2217 3970 2337 4051 datn
2375 3969 2702 4051 Pythagoras
2732 3973 2950 4025 hominis
2977 3974 3205 4051 animum
3233 3973 3286 4025 in
3317 3984 3431 4051 (res
3450 3985 3623 4043 partes
3647 3972 3799 4051 diuidi

2216 4040 2369 4121 dixit,
2398 4048 2534 4105 νοῦν,
2553 4040 2763 4121 ἠφρένας,
2794 4045 3089 4121 κᾳξμθυμόνς
3114 4061 3177 4121 ac
3201 4052 3317 4099 νοῦν
3345 4040 3553 4111 quidem
3574 4054 3620 4097 et
3657 4043 3801 4113 θυμόν

2218 4125 2324 4189 esse
2350 4114 2628 4191 numereris
2658 4114 2983 4191 animalibus,
3030 4118 3588 4191 ppivagrerotantum
3617 4117 3671 4168 in
3714 4117 3802 4167 ho-

2217 4181 2370 4260 mine.
2406 4181 2503 4260 Ubi
2530 4191 2772 4260 voﬁu‘pt‘o
2799 4181 3202 4260 phantasiauseu
3227 4186 3615 4260 imaginatione
3645 4201 3796 4241 acce-

2220 4251 2365 4332 pisse
2414 4251 2625 4332 videtur
2654 4251 3495 4332 Lactzintin‘s(Lib._vtrc.l2)_:
3533 4256 3659 4310 Non
3706 4266 3797 4332 est,

2220 4323 2585 4402 inquit.hidem
2615 4342 2755 4378 mens
2777 4338 2823 4402 et
2854 4323 3031 4380 anima
3066 4345 3084 4392 ;
3109 4328 3254 4402 aliud
3286 4340 3366 4402 est
3388 4323 3524 4382 enim
3552 4344 3655 4398 quo
3679 4330 3800 4382 vivi-

2219 4407 2352 4457 mus,
2380 4392 2524 4475 aliud
2544 4412 2647 4461 quo
2674 4399 2961 4475 cogitamus
2986 4416 3003 4463 ;
3055 4416 3173 4451 nam
3202 4392 3574 4453 dormientium
3612 4415 3754 4453 mens
3781 4440 3793 4462 ,

2219 4478 2319 4543 non
2343 4469 2540 4527 animo,
2570 4469 2817 4543 sopitur;
2846 4477 2896 4522 et
2924 4471 2974 4521 in
3012 4472 3221 4539 furiosis
3251 4487 3391 4524 mens
3435 4471 3796 4543 exstinguitur,

2218 4540 2392 4585 anima
2419 4549 2587 4588 manet
2614 4554 2631 4602 ;
2660 4546 2707 4591 et
2766 4540 2879 4592 ideo
2907 4558 3005 4593 non
3064 4544 3318 4595 exanimes
3337 4583 3351 4606 ,
3400 4543 3489 4596 sed
3545 4540 3799 4594 dementes

2218 4614 2484 4682 uoctmtur.
2532 4606 2671 4662 Mens
2693 4625 2834 4678 ergo,
2858 4612 2910 4663 id
2935 4622 3025 4671 est.
3061 4613 3425 4679 intelligentia.
3455 4610 3533 4665 vel
3586 4624 3799 4682 augetur

537 4668 593 4731 et
614 4668 936 4751 lacerantes,
968 4690 1024 4733 ut
1058 4668 1309 4751 contenti,
1345 4676 1395 4730 id
1428 4685 1530 4751 est,
1555 4668 1840 4751 admoniti,
1856 4668 1953 4751 vel
1995 4690 2114 4741 per-
2139 4668 2194 4729 D
2219 4674 2570 4751 vel_minnitur
2594 4696 2685 4751 pro
2707 4668 2875 4734 ωῖαίρ.
2906 4668 3324 4749 8.Βοεί1ἰιιε’(1η
3347 4684 3546 4736 constit.
3578 4668 3795 4737 mo'nast.

538 4750 708 4815 suasi,
732 4760 781 4802 ct
811 4751 1064 4815 compulsi
1095 4766 1181 4817 per
1207 4750 1369 4818 ipsius
1398 4750 1647 4803 orationis
1670 4747 1943 4801 dominica:
1965 4762 2120 4818 spon-

539 4819 735 4873 sionem
758 4837 819 4874 ac
844 4821 1186 4875 conditionem
1208 4817 1352 4891 ,iqua
1378 4819 1561 4872 dicunt
1578 4835 1594 4872 :
1620 4820 1832 4872 Dimitte
1861 4820 2000 4873 nobis
2031 4817 2119 4891 de-

541 4890 647 4943 bita
672 4903 866 4955 nostra,
886 4894 1019 4946 sicut
1045 4902 1088 4945 et
1112 4909 1200 4945 nos
1231 4888 1531 4945 dimittimus
1559 4891 1875 4945 debitoribus
1893 4888 2076 4944 ndstris
2100 4903 2118 4951 ;

540 4972 761 5033 purgent
792 4979 845 5016 se
874 4963 939 5016 ab
962 4966 1057 5017 hoc
1078 4965 1197 5017 vitio
1225 4964 1352 5027 odii,
1383 4963 1460 5017 uel
1490 4964 1601 5027 iraa,
1636 4980 1722 5017 seu
1751 4965 2118 5033 cujuscumque

540 5034 752 5120 queritis
782 5035 1055 5117 passionis,
1086 5045 1134 5088 et
1155 5036 1376 5120 dinrirtat
1398 5037 1749 5120 unusquisque
1763 5035 1916 5120 fratri
1938 5036 2000 5087 de
2011 5047 2117 5087 cor-

540 5103 605 5157 de
624 5118 751 5169 suo;
782 5103 929 5158 utsic
957 5115 1227 5177 purgatus,
1250 5107 1300 5161 id
1327 5116 1475 5169 est.a
1508 5103 2116 5173 vitiis’emendatusmut

542 5178 607 5228 ad
622 5190 752 5250 opus
780 5192 927 5231 mane
950 5178 1155 5231 accedat
1180 5179 1475 5233 obedientice
1503 5180 1870 5250 peragendum,
1890 5188 1979 5232 aut
2001 5196 2109 5233 ves-

540 5263 661 5317 pere
684 5248 751 5300 ad
780 5256 1058 5302 nocturnas
1076 5250 1309 5303 excubias
1335 5248 1687 5305 celebrandas.
1712 5253 1820 5307 Cur
1843 5261 2022 5304 autem
2053 5252 2106 5304 in

545 5317 665 5371 aliis
696 5319 841 5371 horis
882 5327 993 5373 tota
1022 5317 1206 5375 Oratio
1246 5320 1522 5376 Doniinica
1576 5338 1683 5375 non
1717 5324 1793 5375 sic
1834 5323 1939 5374 alta
1973 5335 2111 5376 voce

541 5390 941 5456 pronuntietur,
965 5392 1226 5446 rationem
1275 5391 1451 5446 reddit
1494 5393 1958 5458 Turrecrematus,
1991 5394 2112 5461 quia

540 5474 748 5529 uespera
776 5466 849 5514 est
877 5462 996 5530 ﬁnis
1025 5463 1128 5516 diei
1157 5472 1202 5516 et
1233 5463 1538 5532 principium
1558 5464 1762 5529 nectis;
1797 5465 2112 5516 matutinum

543 5545 660 5614 vero
688 5546 717 5584 e
742 5542 925 5614 contra
952 5535 1259 5657 princcifium
1288 5534 1392 5589 diei
1419 5544 1463 5588 et
1486 5536 1604 5604 linis
1635 5537 1794 5589 noctis
1825 5551 1843 5591 :
1888 5535 2001 5588 ideo
2030 5550 2116 5587 vo-

545 5599 642 5655 luit
670 5604 1058 5657 nrtecmuetstis
1133 5608 1294 5657 uabus
1342 5607 1483 5657 horis
1506 5606 1607 5657 dici
1637 5607 1744 5657 alta
1769 5623 1890 5657 uoce
1932 5608 2116 5657 oratio-

545 5599 642 5655 luit
670 5603 927 5685 praecipue
946 5599 1058 5657 istis
1094 5599 1294 5685 duabus
1342 5599 1607 5661 horis'dici
1637 5607 1744 5685 alta
1769 5623 1890 5661 uoce
1932 5608 2123 5661 oratio-

544 5686 661 5752 nem
682 5673 1013 5752 dominicam,
1041 5685 1095 5727 ut
1123 5676 1216 5752 illa
1238 5679 1398 5749 frater
1423 5679 1777 5752 commonitus,
1812 5694 1913 5733 non
1950 5687 2119 5752 tran_s-

543 5751 640 5824 ear.
674 5744 807 5824 diem
837 5758 913 5824 αςΔ
928 5753 1124 5824 noctem
1143 5744 1251 5824 sine
1272 5749 1678 5824 reconciliarione
1705 5751 1879 5817 fratris
1910 5750 2011 5802 sui.
2047 5747 2113 5804 In

543 5808 668 5866 aliis
691 5812 860 5885 autem
887 5812 1029 5868 horis
1056 5824 1159 5870 non
1202 5820 1277 5871 sic
1307 5819 1410 5871 dici
1448 5808 1772 5888 praecipitur,
1814 5822 1937 5892 quia
1977 5838 2115 5891 sirpe

2227 4761 2273 4799 c.
2406 4764 2424 4800 .·
2459 4745 2903 4827 Quemadmodum
2927 4770 3013 4827 per
3039 4745 3249 4807 oculum
3298 4771 3483 4825 corpus
3520 4756 3675 4827 videt,
3733 4756 3800 4809 sic

2226 4823 2429 4897 animus
2457 4823 2587 4897 uidet
2604 4839 2701 4897 per
2721 4836 2935 4897 mentem
2960 4825 3119 4891 (νοῦν)
3151 4826 3250 4890 ipsi
3277 4823 3569 4896 cognatam.
3597 4826 3654 4881 S.
3687 4828 3803 4879 Am-

2225 4888 2435 4969 brosius
2460 4891 2477 4962 (
2511 4888 2679 4961 Epist.
2705 4894 2776 4969 28
2802 4895 2820 4966 )
2848 4913 2865 4949 :
2895 4888 3023 4956 Νοῦς
3051 4888 3234 4949 animm
3259 4888 3422 4964 vigor,
3455 4898 3803 4969 principatum

2224 4966 2409 5040 animm
2434 4972 2479 5015 et
2512 4966 2744 5040 corporis
2773 4970 2892 5040 sibi,
2924 4969 3072 5035 quasi
3100 4978 3283 5032 rector,
3316 4968 3605 5040 vindicans.
3640 4966 3803 5021 Divus

2226 5030 2584 5115 Hieronymus
2606 5030 2895 5115 'inNalium
2935 5030 3051 5105 cap.
3079 5054 3134 5092 ιιι
3164 5057 3174 5090 :
3210 5030 3446 5104 sensum,
3496 5038 3693 5105 inquit,
3725 5040 3805 5091 hic

2225 5117 2329 5183 non
2357 5107 2579 5183 accipias
2612 5126 2704 5179 pro
2756 5111 2925 5163 animo
2976 5118 3022 5162 et
3060 5121 3257 5176 mente,
3314 5126 3430 5178 qua:
3464 5125 3630 5180 grtece
3686 5116 3804 5170 νοῦς

2215 5174 2421 5248 dicitur,
2446 5174 2538 5229 sed
2570 5174 2663 5248 pro
2685 5183 2936 5240 αἰσθήσει.

2260 5242 2518 5326 bBancor
2540 5242 2757 5321 p'r0prie
2779 5253 2972 5305 dicitur
2999 5262 3154 5317 putor
3174 5253 3411 5326 quidam,
3434 5260 3595 5326 atque
3618 5250 3806 5326 odoris

2216 5321 3021 5396 gravitasquchvetustatem
3048 5321 3330 5393 putredine
3364 5325 3621 5377 nascitur.
3651 5321 3806 5396 Unde

2221 5390 2495 5473 rant‘idum
2520 5393 2656 5447 idem
2682 5411 2764 5464 qua
2778 5396 2823 5447 id
2847 5390 3114 5461 putridum
3138 5396 3220 5473 vel
3237 5397 3499 5463 putidum,
3525 5394 3667 5465 quod
3686 5397 3807 5473 Asci-

2224 5465 2526 5519 lii-etnimia
2561 5475 2821 5519 vetustate
2847 5480 3162 5535 corruptum
3194 5466 3420 5523 fetorem
3452 5466 3731 5521 contraxit
3760 5474 3810 5519 et

2223 5539 2491 5606 ingratum
2525 5552 2793 5605 saporem.
2838 5537 3203 5605 Metapborice
3236 5555 3364 5593 vero
3389 5537 3724 5591 transfer-tur
3744 5536 3809 5590 ad

2222 5612 2486 5673 animum,
2506 5625 2625 5663 cum
2655 5624 2751 5677 pro
2772 5609 2848 5661 ira
2882 5608 3199 5673 inveterata,
3231 5612 3381 5671 odio,
3410 5609 3695 5677 simultate
3720 5623 3810 5662 ac-

2220 5684 2436 5751 cipitur.
2474 5683 2605 5735 Hinc
2631 5676 2692 5734 Β.
2734 5680 3095 5751 Hieronymus
3125 5682 3350 5749 epistola
3373 5681 3443 5735 56
3473 5697 3485 5731 :
3519 5676 3589 5751 U_t
3614 5690 3807 5746 retere,

2218 5748 2411 5819 inquit,
2448 5768 2662 5825 rancore
2688 5748 2954 5825 deposito,
3007 5753 3256 5806 mundum
3286 5751 3510 5825 pectoris
3542 5748 3658 5804 Deo
3717 5768 3811 5825 pa-

2211 5840 2384 5879 remus
2435 5823 2801 5876 habitaculum.
