3994 6202
234 184 324 242 3H

841 275 1070 351 CAPUT
1121 293 1213 348 XL

231 389 335 458 Qui
376 391 510 446 iram
537 404 688 446 suam
715 386 1082 458 dissimulant,
1131 395 1220 440 aut
1271 394 1468 455 tegunt,
1519 399 1624 438 non
1672 373 1819 438 secus

541 468 757 533 peccant
797 475 948 530 quam
974 457 1019 512 si
1067 473 1180 512 eam
1227 457 1523 526 proderent.

303 577 468 644 Quasi
508 590 640 631 vero
679 587 787 629 non
816 573 905 628 hic
946 572 1073 627 ﬁnis
1115 571 1404 641 unicuique
1431 557 1681 624 {vindictae
1724 566 1816 634 sit,

230 682 288 729 et
317 671 536 728 abunde
563 671 693 740 quis
728 669 902 724 furori
943 667 1166 738 proprio
1197 667 1282 721 vel
1322 664 1555 720 tristitia:
1600 661 1822 719 satisfe-

237 765 398 828 cerit,
445 764 489 818 si
521 762 573 817 id
601 759 745 832 quod
779 760 1056 828 prtevalet,
1085 759 1165 813 ira
1219 759 1508 828 instigante
1536 797 1551 820 ,
1581 754 1823 825 comple-

230 857 416 912 verit:
457 854 598 926 quod
629 853 682 908 hi
709 865 921 924 quoque
951 851 1130 906 facere
1168 859 1466 904 noscuntur
1502 847 1594 917 qui
1642 853 1822 900 motus

232 961 384 1016 suos,
414 961 522 1002 non
548 946 790 1016 appetitu
823 942 1175 1013 placiditatis,
1205 940 1301 996 sed
1353 939 1538 1008 inopia
1563 936 1823 992 cohibent

234 1039 459 1095 ultionis
486 1056 499 1091 :
537 1037 672 1093 nihil
698 1038 841 1093 enim
871 1035 1072 1091 inferre
1105 1035 1340 1102 amplius
1370 1032 1455 1087 his
1477 1030 1676 1101 quibus
1698 1028 1822 1083 irati

239 1141 388 1196 sunt,
425 1138 676 1200 possunt,
728 1127 834 1182 nisi
858 1143 978 1182 cum
1007 1128 1088 1183 eis
1116 1134 1142 1163 ι
1169 1124 1485 1179 aﬁ‘abilitate
1513 1122 1668 1176 solita
1721 1120 1822 1174 mi-

239 1222 382 1278 nime
411 1221 818 1291 colloquantur;
850 1229 939 1272 aut
969 1217 1121 1289 quasi
1157 1217 1210 1272 in
1259 1215 1452 1271 eﬁecttt
1505 1213 1686 1284 operis
1727 1227 1817 1266 so-

241 1312 517 1368 lummodo
547 1313 618 1368 sit
640 1311 924 1368 iracundia
948 1308 1304 1374 moderanda,
1332 1317 1387 1362 et
1417 1321 1522 1361 non
1551 1305 1730 1376 p0tius
1757 1304 1823 1360 ab

244 1406 452 1460 arcanis
483 1405 654 1460 nostri
693 1404 929 1474 peetoris
957 1401 1197 1458 eruenda
1229 1442 1245 1469 ,
1293 1415 1360 1455 ne
1394 1397 1633 1454 tenebris
1675 1396 1823 1452 illius

244 1500 536 1563 obscurati,
565 1513 664 1554 nec
692 1498 904 1554 consilii
933 1496 1187 1561 salubris,
1233 1509 1335 1550 nec
1360 1493 1599 1548 scientiae
1641 1491 1820 1546 lumen

245 1591 554 1657 admittere,
590 1590 683 1645 sed
712 1606 779 1645 ne
794 1589 1053 1660 templum
1075 1587 1306 1658 Spiritus
1323 1588 1512 1653 sancti,
1545 1572 1824 1639 habita-ie

880 181 970 238 DE
1009 178 1490 238 C(ENOBIORUM
1531 173 1773 232 lNS'l‘lT.
1813 173 1942 231 LIB.
1989 174 2124 230 V’lll.
2155 204 2226 249 .—
2258 176 2344 230 DE
2385 175 2654 232 δΡιιιιτι]
2696 174 2862 231 ῙΒιΕ.

3399 169 3512 232 562

1842 273 1898 351 Α
1923 287 2085 342 alium
2109 296 2295 342 contra
2340 303 2438 341 nos
2468 287 2665 356 aliquid
2697 286 2939 342 rancoris
2981 283 3186 364 habere
3225 284 3512 356 cognosci-

1925 396 2077 445 mus;
2111 380 2296 434 dicens
2322 397 2334 431 :
2359 378 2383 417 δ
2418 378 2479 433 Si
2507 395 2626 450 ergo
2662 379 2813 447 offers
2833 395 3017 432 munus
3048 385 3195 431 tuum
3226 378 3295 431 ad
3319 379 3506 445 altare,

1924 480 1971 526 et
1999 472 2070 525 ibi
2095 471 2596 542 recordatuq'ueris,
2624 471 2762 542 quod
2791 473 2952 543 frater
2981 455 3097 526 tuus
3137 459 3284 543 habet
3312 471 3510 542 aliquid

1922 561 2191 616 aduersum
2215 571 2261 616 te
2284 603 2296 626 ,
2327 541 2556 628 relinque
2587 541 2656 614 ibi
2701 541 2886 614 munus
2931 543 3074 614 tuum
3115 541 3182 613 ad
3213 541 3416 630 altare,
3458 570 3512 615 et

1921 656 2050 708 vade
2069 655 2214 726 prius
2238 651 2559 708 reconciliari
2589 653 2745 726 fratri
2790 663 2876 707 tuo
2899 669 2918 718 ;
2969 663 3018 707 et
3053 655 3125 708 sic
3147 656 3350 710 veniens
3379 651 3510 721 o/fer

1924 762 2108 799 munus
2154 755 2296 799 tuum
2329 733 2538 818 (Matth.
2584 744 2660 815 ν).
2715 741 2995 812 Quomodo
3045 759 3212 814 ergo,
3265 760 3369 800 non
3421 745 3505 800 di-

1921 853 2039 894 cam
2093 837 2262 909 usque
2303 839 2354 892 in
2385 837 2503 893 dies
2550 839 2729 909 plures
2754 880 2768 903 ,
2814 837 2910 892 sed
2942 837 3021 892 vel
3052 851 3218 908 usque
3249 839 3314 892 ad
3346 853 3508 895 occa-

1923 946 2040 987 sum
2071 932 2199 985 snlis
2219 931 2395 998 istius,
2430 931 2790 1001 pertuittimur
2811 940 2998 986 contra
3024 927 3241 984 fratrem
3275 931 3509 985 retinere

1923 1015 2192 1080 tristitiam
2220 1041 2234 1089 ;
2279 1026 2368 1094 qui
2401 1041 2467 1081 ue
2499 1026 2591 1080 illo
2620 1024 2728 1098 [ΑΙ.
2762 1020 2892 1094 ullo]
2923 1022 3138 1094 quidem
3189 1023 3386 1088 aliquid
3418 1023 3510 1076 has

1923 1119 2085 1175 bente
2115 1119 2398 1173 adversum
2431 1135 2527 1173 uos
2552 1162 2567 1186 ,
2602 1118 2878 1173 orationes
2924 1126 3138 1170 uosuas
3179 1114 3289 1168 Deo
3318 1111 3512 1168 oﬁ‘erre

1926 1211 2306 1267 concedimur?
2349 1212 2542 1282 quibus
2584 1209 2894 1280 prazcipitur
2933 1209 3000 1263 ab
3039 1206 3340 1276 Apostolo:
3387 1205 3512 1261 Siue

1925 1306 2301 1360 intermissione
2328 1297 2467 1358 orate
2493 1304 2534 1376 (1
2564 1303 2740 1358 Thess.
2770 1303 2858 1374 v);
2904 1295 2979 1372 et,
3012 1301 3082 1357 In
3120 1299 3258 1355 enini
3300 1301 3410 1354 loco
3443 1299 3513 1352 le-

1924 1407 2097 1451 vantes
2113 1414 2268 1470 puras
2287 1387 2471 1450 manus
2492 1395 2602 1450 sine
2624 1396 2702 1450 ira
2723 1404 2769 1449 et
2791 1394 3158 1464 disceptatione
3196 1393 3236 1463 (I
3259 1391 3396 1446 Tim.
3421 1390 3504 1459 tt).

1927 1487 2187 1557 Superest
2227 1488 2410 1558 igitur,
2443 1496 2500 1542 ut
2529 1493 2619 1541 aut
2640 1502 2929 1556 numquam
2975 1500 3213 1548 oremus,
3261 1483 3515 1552 hujusce-

1924 1583 2072 1637 modi
2105 1582 2254 1635 virus
2283 1581 2576 1635 retinentes
2607 1579 2659 1634 in
2682 1579 2934 1634 cordibus
2963 1577 3193 1643 nostris,
3218 1585 3270 1630 et
3297 1584 3518 1645 aposto-

247 1680 302 1735 in
349 1682 508 1738 nobis
567 1681 755 1752 spiritu
810 1678 1120 1745 iracundiae,
1179 1692 1511 1748 nequaquam
1551 1675 1822 1731 valeamus
1857 1665 1902 1726 Β
1930 1674 2033 1730 lico
2057 1671 2180 1728 huic
2201 1680 2497 1743 prmcepto,
2521 1669 2637 1726 sive
2662 1671 2994 1741 evangelico,
3019 1667 3518 1740 quoindesineuter

241 1772 524 1827 existere;
576 1771 848 1825 cohibitus
894 1771 1037 1825 enim
1089 1770 1141 1824 in
1179 1769 1342 1824 corde
1395 1767 1543 1822 furor
1583 1776 1824 1822 astantes

237 1863 466 1931 quidem
489 1862 736 1917 homines
758 1878 861 1916 non
887 1861 1127 1927 ollendit,
1161 1862 1255 1917 sed
1275 1876 1426 1926 atque
1452 1859 1682 1930 Spiritus
1703 1874 1827 1914 san-

232 1953 312 2009 cti
331 1949 821 2024 splendidissimum
839 1955 1018 2025 jubar,
1041 1970 1102 2008 ac
1127 1956 1169 2009 si
1200 1953 1462 2024 prolatus,
1496 1951 1750 2008 excludit.

835 2044 1062 2102 CAPUT
1102 2045 1198 2100 XII

236 2133 400 2201 Quod
430 2151 495 2190 ne
522 2146 927 2192 momentaneam
951 2135 1159 2210 quidem
1200 2137 1330 2193 iram
1381 2136 1532 2194 liceat
1580 2127 1819 2195 retinere.

313 2225 421 2281 Aut
459 2227 911 2296 quemadmodum
953 2221 1057 2285 vel.
1087 2230 1152 2284 ad
1183 2239 1512 2286 momentum
1545 2231 1657 2285 vult
1702 2246 1823 2285 eam

235 2318 502 2374 Dominus
531 2324 786 2378 retentari
807 2364 821 2388 ,
871 2324 961 2394 qui
991 2339 1090 2380 nec
1119 2325 1384 2380 sacriﬁcia
1415 2326 1628 2395 quidem
1661 2325 1824 2395 spiri-

233 2409 363 2465 talia
403 2414 707 2470 orationum
758 2421 1066 2472 nostrarum
1097 2417 1364 2487 permittit
1387 2416 1608 2473 oﬁerri:
1648 2416 1693 2472 si
1739 2416 1825 2471 vel

1927 1778 1982 1824 et
2011 1765 2207 1835 ubique
2230 1763 2486 1835 jubemur
2508 1779 2685 1830 orare,
2716 1764 2885 1818 simus
2914 1762 3130 1817 obnoxii
3157 1777 3172 1826 ;
3202 1768 3292 1814 aut
3321 1761 3364 1814 si
3393 1775 3517 1812 nos-

1928 1858 2189 1928 metipsos
2205 1853 2687 1915 circumvenientes
2707 1849 2916 1925 precem
2943 1852 3167 1908 fundere
3189 1861 3375 1908 contra
3398 1851 3517 1920 ejus

1927 1951 2278 2009 interdictum
2304 1952 2681 2022 prmsnmimus
2702 1991 2718 2018 ,
2767 1963 2871 2003 non
2901 1947 3200 2002 orationem
3241 1943 3472 1998 Domino
3495 1983 3512 2006 ,

1929 2045 2026 2103 sed
2057 2045 2368 2102 rebellionis
2386 2045 2576 2115 Spiritu
2596 2042 2994 2100 contumaciam
3024 2055 3122 2094 nos
3151 2037 3328 2094 eidem
3351 2049 3516 2091 neve-

1932 2138 2103 2195 rimus
2127 2136 2346 2194 offerre.
2533 2203 2539 2208 I

2525 2225 2753 2285 CAPUT
2789 2224 2930 2280 Xlll.

2317 2321 2397 2376 De
2423 2319 2840 2375 reconciliatione
2876 2320 3129 2387 fraterna.

2007 2417 2074 2472 Et
2091 2415 2215 2488 quia
2240 2416 2554 2487 plerumque
2577 2429 2674 2470 seu
2702 2413 2860 2468 laesos
2886 2411 3079 2466 fratres
3101 2421 3154 2465 et
3170 2407 3518 2465 contristatos

1317 2577 1577 2633 ALARDI
1615 2576 1848 2634 GAZAH
1886 2577 2453 2636 COMMENTARIUS.

319 2693 344 2721 ι
375 2685 433 2762 D.
463 2685 905 2762 Gregoriusloco
938 2687 1033 2762 illo
1077 2703 1222 2761 saepe
1275 2691 1440 2745 citato
1471 2708 1483 2743 :
1513 2691 1827 2762 Aliquando,

235 2757 436 2832 ittquit,
477 2757 880 2832 imperturbata
903 2761 1108 2832 animo,
1138 2757 1285 2830 quasi
1315 2777 1378 2814 ea:
1416 2757 1644 2832 judicio,
1667 2757 1828 2815 silen¥

236 2828 371 2902 tium
396 2827 617 2902 inducit,
650 2841 695 2881 et
725 2845 826 2900 quo
854 2846 908 2883 se
939 2830 1081 2901 feras
1108 2827 1196 2900 per
1227 2827 1460 2902 linguam
1513 2849 1615 2884 non
1663 2834 1834 2900 expri-

236 2900 369 2964 mit,
407 2899 545 2952 intus
575 2899 796 2953 deterius
818 2899 1074 2971 ignoscit;
1105 2913 1159 2956 ut
1185 2899 1350 2955 iratus
1370 2903 1584 2970 quisque
1614 2905 1834 2956 collocu-

233 2971 429 3043 ti_onem
463 2972 861 3043 suamproximo
885 2973 1176 3038 subtrahat,
1209 2982 1256 3026 et
1281 2972 1410 3026 nihil
1424 2971 1833 3043 dicendo,qnam

234 3041 309 3095 sit
339 3054 565 3099 arersus.
592 3041 750 3094 dicat.
784 3039 852 3094 Et
882 3059 1263 3110 nonnumquam
1288 3043 1395 3097 lucc
1433 3043 1624 3097 silentii
1643 3039 1830 3098 severi-

233 3121 324 3183 tas
355 3127 455 3183 (per
502 3111 790 3183 discipline
838 3099 1279 3180 dispensationem
1307 3114 1523 3183 geritur,
1565 3116 1609 3168 si
1662 3126 1830 3170 tamen
1860 3099 1906 3162 Ο

233 3181 462 3236 sollicite
501 3183 553 3234 in
584 3181 780 3256 in'timis
826 3183 1147 3240 discretionis
1194 3181 1362 3256 forma
1401 3193 1652 3240 teneatur.
1689 3185 1837 3240 Non-

234 3268 527 3322 numquam
547 3269 666 3306 vero
693 3254 818 3306 dum
846 3269 1088 3310 accensus
1137 3254 1340 3309 animus
1385 3273 1416 3308 a
1465 3267 1712 3310 consueta
1750 3259 1830 3311 Io-

233 3325 466 3396 cutionei
487 3323 836 3396 restringitur,
873 3342 963 3395 per
990 3342 1252 3381 accessum
1282 3327 1524 3396 temporis
1555 3329 1758 3394 penitus
1799 3345 1832 3381 α

233 3395 468 3466 proximi
497 3395 769 3466 dilectione
818 3407 1107 3466 separatur,
1157 3405 1204 3450 et
1253 3395 1477 3452 aeriares
1520 3396 1717 3452 stimuli
1765 3399 1833 3452 ad

232 3465 466 3541 mentem
511 3465 766 3541 veniunt,
809 3465 1073 3541 causaeque
1113 3485 1227 3537 quos
1252 3468 1459 3541 gravius
1491 3477 1829 3541 exasperant,

235 3536 512 3609 oriuntur,
542 3545 698 3609 atque
735 3538 788 3589 in
827 3539 953 3591 irati
991 3536 1146 3592 oculo
1184 3536 1379 3609 festuca
1407 3539 1462 3593 in
1494 3536 1689 3594 trabem
1721 3556 1835 3592 cer-

235 3607 554 3680 titur,__dum
583 3607 667 3680 ira
689 3609 758 3680 (in
787 3609 963 3662 odium
999 3607 1342 3680 permutatur.

314 3674 344 3714 δ
389 3676 550 3730 Multa
582 3675 634 3729 itt
686 3679 822 3732 hanc
867 3674 1190 3734 sententiam
1232 3675 1600 3735 evauttelicam
1648 3679 1830 3735 afferri

317 3696 344 3714 ν
389 3696 550 3730 tuuua
582 3696 634 3729 ut
686 3696 822 3732 nanc
867 3696 1190 3734 sententiam
1232 3696 1365 3733 evan
1409 3696 1600 3733 ettcam
1648 3696 1830 3735 atterrt

233 3757 674 3830 po_ssent,“qu:e
700 3763 818 3830 non
838 3749 1012 3830 minus
1045 3751 1158 3830 pie,
1184 3767 1341 3819 quam
1372 3696 1529 3830 aucte
1554 3767 1578 3800 a
1604 3750 1834 3830 diversis

234 3817 856 3890 interpretibustradita
886 3817 1159 3875 suntz'sed
1192 3817 1358 3890 pauca
1382 3819 1685 3884 dumtaxat,
1709 3835 1832 3887 qua:

235 3887 374 3961 huic
407 3890 526 3961 loco
562 3888 834 3961 sufﬁciant
857 3931 871 3955 ,
903 3890 992 3945 hic
1019 3887 1324 3961 subjiciam.
1348 3890 1608 3961 _Primutn
1641 3891 1833 3944 efticax

235 3958 537 4014 admodum
571 3969 653 4014 est
679 3960 793 4014 hac
815 3963 1082 4017 sententia
1118 3958 1190 4016 ad
1231 3959 1564 4016 suadendum
1596 3961 1831 4015 studium

237 4029 726 4101 reconciliationis,
761 4031 884 4086 dum
916 4034 1076 4088 docet
1103 4033 1392 4088 fraternam
1435 4031 1750 4086 cltaritatetn
1780 4041 1836 4087 et

243 4100 740 4173 concordiamDeo
771 4105 942 4173 magis
971 4103 1188 4172 placere
1208 4145 1224 4170 ,
1266 4117 1424 4173 quant
1448 4101 1742 4171 sacriﬁcia,
1778 4113 1834 4157 et

246 4169 585 4242 oblationes;
607 4172 772 4226 immo
798 4169 907 4227 non
930 4169 1050 4228 esse
1073 4175 1186 4234 Deo
1211 4169 1427 4242 accepta
1458 4169 1740 4236 sacriticia,
1770 4188 1834 4228 ac

246 4241 481 4325 proinde
511 4257 611 4325 nec
637 4244 837 4325 quaevis
867 4245 970 4298 alia
1001 4260 1164 4314 Opera
1212 4241 1432 4325 uostra,
1459 4245 1511 4325 si_
1534 4243 1673 4298 desit
1699 4247 1832 4299 clta-

241 4313 386 4382 ritas
413 4321 621 4379 mutua,
655 4313 885 4382 ideoque
927 4313 1054 4370 ante
1083 4317 1260 4371 omnia
1282 4316 1609 4371 Studendum
1642 4329 1834 4370 recon-

242 4381 750 4457 c_i|iationi,_si__lmsa
774 4381 847 4457 sit
867 4385 1133 4452 charitas;
1158 4399 1321 4457 atque
1347 4387 1480 4440 adeo
1505 4396 1834 4457 postponen-

1937 2693 2202 2754 habemus,
2230 2693 2274 2747 si
2302 2692 2391 2748 ille
2428 2710 2521 2748 nos
2550 2693 2737 2748 la’serit
2759 2709 2780 2760 ;
2810 2691 2897 2746 ubi
2929 2708 3030 2744 non
3055 2700 3127 2745 est
3158 2706 3286 2762 Opus
3314 2706 3522 2762 pergere

1935 2764 2002 2816 ad
2027 2766 2524 2818 reconciliationem:
2546 2782 2648 2818 non
2667 2766 2802 2817 enim
2826 2763 3021 2816 veniam
3044 2763 3328 2832 postulabis
3350 2765 3412 2815 ab
3441 2778 3522 2826 eo,

1936 2835 2030 2905 qui
2051 2835 2144 2886 tibi
2177 2837 2294 2902 fecit
2324 2837 2606 2905 injuriam;
2635 2835 2724 2889 sed
2773 2842 2971 2905 tantum
3001 2835 3250 2894 dimittas,
3275 2839 3418 2905 sicut
3433 2832 3524 2886 tibi

1937 2920 1971 2958 α
2004 2903 2224 2958 Domino
2264 2902 2453 2959 dimitti
2483 2907 2661 2974 cupis,
2695 2905 2832 2974 quod
2874 2904 2981 2971 ipse
3011 2905 3332 2974 commiseris
3363 2902 3520 2973 (Aug.

1938 2974 2027 3047 lib:
2055 2990 2071 3028 ι
2101 2975 2162 3027 de
2186 2975 2354 3029 Serm.
2385 2973 2609 3030 Denuo.
2637 2973 2749 3047 20).
2781 2976 2961 3047 Itaque
2987 2991 3091 3047 non
3120 2973 3427 3047 praecipitur
3447 2975 3518 3047 ei,

1938 3044 2030 3112 qui
2059 3047 2125 3100 ab
2153 3047 2261 3100 alio
2286 3047 2444 3101 laesus
2476 3057 2581 3114 est,
2613 3057 2671 3102 ut
2701 3043 2824 3100 ante
2846 3043 3176 3100 oblationem
3205 3043 3523 3100 reconcilie-

1941 3125 2027 3188 tur
2068 3115 2252 3188 fratri:
2287 3120 2534 3186 quamvis
2559 3133 2762 3188 magna:
2794 3119 2864 3171 sit
2892 3116 3234 3183 perfectionis
3257 3159 3274 3180 ,
3315 3115 3361 3170 si
3404 3117 3524 3181 quis

1939 3187 2102 3242 lsesus
2157 3187 2374 3242 fratrem
2416 3187 2747 3244 inducat’ad
2789 3189 3286 3243 reconciliationem
3337 3201 3522 3242 secum

1936 3257 2248 3313 iucundam.
2289 3259 2482 3315 Verum
2515 3262 2617 3315 etsi
2647 3277 2752 3315 ttott
2793 3260 2861 3314 sit
2887 3275 3134 3326 necesse,
3165 3270 3217 3312 ut
3245 3258 3335 3326 qui
3365 3259 3524 3312 Ite-sus

1935 3338 2040 3396 est,
2069 3329 2562 3403 reconciliationem
2593 3341 2808 3403 qumrat
2837 3348 2849 3385 :
2883 3339 3221 3403 necesseest
3247 3337 3425 3382 tamen
3451 3340 3525 3403 _ut

1936 3409 2060 3456 ante
2104 3402 2431 3456 oblationem
2481 3400 2732 3470 injuriam
2761 3402 3016 3457 dimittat.
3065 3400 3224 3456 Aliud
3254 3411 3335 3453 est
3376 3400 3522 3454 enim

1936 3472 2274 3544 reconciliari
2333 3472 2524 3536 fratri,
2554 3477 2666 3528 sive
2711 3474 2959 3544 proximo
2985 3513 3000 3538 ,
3031 3470 3218 3544 aliud
3248 3470 3523 3544 dimittere

1937 3541 2086 3596 fratri
2114 3560 2125 3595 :
2161 3542 2291 3613 Nam
2317 3544 2685 3598 reconciliatio
2712 3541 2780 3598 ex
2813 3553 2965 3613 parte
2993 3543 3110 3609 ejus
3131 3541 3221 3613 qui
3246 3541 3403 3613 laesit.
3436 3556 3524 3613 re-

1936 3613 2102 3684 quirit
2130 3611 2556 3684 satisfactionem
2588 3610 2832 3684 injuriae;
2866 3628 2940 3684 ex
2981 3621 3142 3684 parte,
3175 3610 3522 3684 Izesicondo-

1939 3679 2232 3744 nationem,
2259 3691 2314 3734 et
2341 3679 2738 3738 remissionem.
2765 3683 2948 3736 Tertio
2969 3679 3074 3734 non
3102 3683 3179 3733 sic
3207 3679 3518 3744 accipienda

1937 3760 2022 3805 est
2061 3752 2162 3804 ista
2187 3754 2486 3818 sententia,
2519 3752 2671 3820 quasi
2709 3766 2928 3820 semper
2963 3751 3029 3820 ad
3059 3749 3277 3802 fratrem
3319 3751 3394 3802 ire
3421 3750 3520 3820 de-

1937 3821 2197 3890 beamus.
2216 3821 2470 3876 Sanctum
2501 3818 2550 3874 id
2575 3821 2790 3890 quidem
2819 3818 3138 3883 consilium;
3160 3829 3361 3890 etcum
3391 3818 3521 3873 cita-

1936 3891 2076 3944 ritas
2124 3889 2417 3957 efﬂagitat,
2463 3899 2519 3945 et
2547 3889 2696 3946 locus
2731 3905 2795 3944 ac
2825 3901 3036 3954 tempus
3069 3889 3352 3958 permittit,
3383 3905 3521 3954 pra:-

1938 3970 2152 4030 ceptunt
2185 3961 2344 4015 etiam
2379 3961 2742 4017 necessarium
2770 3980 2784 4016 :
2831 3961 3148 4030 plerumque
3180 3969 3356 4030 tamen
3385 3999 3399 4024 ,
3442 3959 3520 4014 al-

1938 4029 2168 4088 lectibus
2215 4032 2433 4101 potius,
2472 4041 2565 4087 aut
2593 4029 2903 4097 elfectibus,
2955 4047 3113 4100 quant
3164 4029 3388 4098 pedibus
3440 4031 3520 4085 ire

1938 4101 2230 4170 debemus,
2274 4103 2468 4159 aﬁ‘ectu
2499 4103 2754 4174 injuriam
2788 4105 2994 4172 potius,
3036 4101 3080 4156 si
3124 4116 3287 4174 quam
3320 4101 3386 4157 ab
3428 4101 3520 4157 illo

1938 4175 2277 4239 accepimus,
2334 4171 2740 4240 eundonautes,
2789 4171 3084 4240 odiumque
3134 4171 3516 4228 remittentes:

1937 4243 2156 4317 eﬁ‘ectu,
2184 4244 2413 4317 injuriae,
2433 4248 2480 4300 si
2507 4261 2675 4317 quam,
2701 4246 2792 4317 ille
2812 4260 2841 4298 a
2867 4244 3021 4317 nobis
3047 4246 3274 4317 accepit,
3306 4244 3518 4298 satisfa—

1937 4315 2163 4385 cientes.
2214 4316 2330 4372 Hoc
2363 4314 2620 4385 justitim,
2665 4315 2796 4370 illud
2837 4314 3114 4370 charitatis
3161 4326 3511 4384 praeceptum.

1937 4381 2224 4456 Postremo
2252 4381 2393 4456 quod
2420 4387 2504 4442 hic
2522 4389 2588 4442 de
2608 4381 2884 4442 veteribus
2906 4381 3214 4456 Judzeoruin
3236 4381 3518 4442 sacrificiis

243 4451 398 4538 dum,
430 4467 492 4507 ac
522 4454 878 4538 differendum
909 4471 1030 4538 esse
1057 4451 1421 4538 sacriﬁcium,
1454 4451 1520 4511 ut'
1552 4451 1711 4538 [ra—tri
1753 4455 1835 4538 of-
1861 4477 1912 4538 Β
1938 4455 2137 4538 dicitur
2167 4451 2460 4538 (quiet-unc
2485 4459 2660 4538 adhuc
2690 4457 2964 4538 vigebant,
2993 4472 3114 4538 cum
3141 4454 3519 4538 Qbristushmc

243 4521 400 4598 fettso
427 4526 862 4598 reconciliemur.
906 4527 1040 4584 llinc
1071 4529 1134 4582 D.
1169 4521 1499 4598 Gregorius:
1552 4523 1721 4596 Ecce,
1754 4529 1837 4582 iu-

245 4593 384 4670 quit,
417 4611 449 4648 a
481 4595 895 4670 discordantibus
945 4601 1175 4670 accipere
1199 4593 1303 4670 non
1328 4599 1434 4652 vult
1472 4593 1786 4670 sacriﬁcium
1815 4615 1837 4654 .°

246 4663 607 4739 holocaustum
649 4669 908 4739 suscipere
952 4663 1176 4723 recusat.
1211 4669 1346 4723 Hinc
1381 4685 1501 4739 ergo
1540 4663 1836 4739 perpendite

245 4746 499 4809 aucturum
534 4738 601 4790 sit
635 4737 828 4792 malum
855 4737 1158 4803 discordiw,
1189 4750 1395 4809 prapter
1437 4737 1572 4809 quod
1612 4746 1657 4809 et
1699 4739 1834 4809 illud

246 4803 522 4882 abjicj_tur,_
537 4809 792 4882 p_er_quod
818 4809 972 4879 culpa
991 4803 1252 4864 relaxatur
1271 4803 1660 4882 (Gregiihomil.
1688 4808 1720 4862 8
1741 4825 1832 4864 su-

247 4891 342 4956 per
366 4873 818 4956 Ezech.l.‘Ne_que
840 4873 915 4934 ad
937 4882 1038 4935 hoc
1063 4873 1443 4956 t_a_ntt_tm'valét
1466 4881 1591 4956 haec
1609 4889 1822 4956 senten-

245 4949 322 5000 tia
349 4987 362 5009 ,
410 4956 466 5001 ut
494 4949 785 5022 quilmsit,
832 4965 992 5022 quam
1035 4949 1295 5022 citissime
1339 4950 1831 5022 reconciliationem

174 5025 178 5030 '
244 5029 491 5092 qumrat;
526 5020 620 5092 sed
649 5020 809 5092 etiam
839 5020 1214 5092 utquiilaesus
1237 5030 1316 5075 est
1338 5065 1351 5082 ,
1402 5021 1453 5076 id
1485 5031 1600 5092 est,
1636 5020 1833 5092 injuria

248 5085 497 5153 allectus,
523 5088 673 5162 fratri
698 5085 1197 5147 reconciliationem
1220 5092 1482 5161 quaerenti
1505 5091 1659 5162 facile
1682 5085 1834 5162 igno-

247 5167 388 5223 scat,
421 5173 490 5215 ne
519 5159 613 5215 Dei
649 5160 940 5228 honorem,
971 5174 1024 5218 et
1054 5159 1318 5217 sacriﬁcia
1344 5164 1417 5217 illi
1445 5159 1723 5216 offerenda
1748 5175 1834 5216 re-

246 5237 494 5301 moretur
517 5241 571 5285 et
600 5233 878 5301 impediat.
925 5233 1174 5290 Secundo
1204 5233 1402 5288 dicitur
1441 5232 1605 5288 frater
1632 5231 1832 5287 habere

246 5297 454 5375 aliquid
481 5297 767 5375 adversum
799 5319 918 5370 nos,
951 5322 1072 5359 cum
1097 5304 1300 5375 justam
1331 5303 1492 5358 habet
1519 5313 1704 5357 contra
1735 5316 1832 5375 nos

247 5372 550 5446 querelam,
579 5373 722 5446 quod
745 5375 955 5446 anobis
983 5372 1238 5446 injuriam
1269 5377 1498 5446 aliquam
1531 5372 1824 5446 acceperit.

247 5437 406 5494 Unde
429 5437 731 5515 nonudicit:
757 5444 812 5499 Si
841 5455 894 5499 tu
924 5437 1088 5502 habes
1104 5446 1302 5515 aliquid
1319 5437 1576 5499 adversus
1606 5437 1821 5498 fratrem

245 5516 434 5586 tuum;
465 5513 561 5586 sed
580 5557 591 5577 ,
623 5516 667 5568 si
694 5520 852 5586 frater
890 5528 1006 5572 tuus
1035 5517 1180 5571 habet
1196 5513 1403 5586 aliquid
1433 5516 1705 5568 adversum
1733 5523 1820 5582 te;

243 5576 397 5662 tunc
416 5576 580 5662 enim,
599 5576 769 5662 inquit
788 5591 1132 5662 Augustinus,
1155 5589 1262 5657 ipse
1278 5576 1423 5641 habet
1445 5576 1812 5662 adt-ersus‘nos,

247 5655 297 5705 si
311 5669 402 5708 nos
422 5671 536 5711 eum
561 5657 616 5711 in
627 5659 801 5721 aliqua
821 5655 1060 5715 uisimus.
1079 5655 1192 5714 Nos
1216 5668 1385 5715 autem
1405 5659 1645 5714 adversus
1669 5655 1816 5709 illum

1941 4525 2279 4597 loqueretur)
2310 4531 2359 4584 id
2389 4530 2556 4583 multo
2586 4525 2763 4598 magis
2779 4529 2845 4583 de
2875 4527 3139 4581 sacriﬁcio
3162 4525 3518 4598 Eucharistim

1943 4598 2351 4668 intelligendum
2378 4616 2391 4665 ;
2428 4602 2651 4670 proinde
2681 4597 2724 4656 Si
2750 4605 2875 4654 ante
2905 4598 3230 4670 oblationem
3264 4597 3516 4670 legalium

1940 4670 2328 4725 sacriﬁciorum
2355 4712 2370 4735 ,
2413 4668 2705 4739 qua-renda
2750 4680 2865 4724 erat
2896 4668 3302 4739 reconciliatio:
3351 4669 3520 4722 multo

1902 4743 1911 4753 '
1943 4742 2112 4809 magis
2143 4752 2265 4796 ante
2291 4737 2620 4798 oblationem
2651 4739 2904 4797 sacriﬁcii
2929 4737 3099 4793 nostri
3128 4739 3516 4803 Eucharistici;

1895 4822 1906 4834 '
1942 4814 2244 4880 praesertim
2271 4829 2390 4866 cum
2442 4813 2581 4868 idem
2627 4813 2872 4870 uuionis.
2905 4817 2962 4880 et
2998 4811 3311 4880 concordiae,
3337 4824 3520 4880 sacra-

1938 4877 2178 4937 mentum
2208 4881 2297 4946 sit,
2329 4898 2391 4937 ac
2418 4885 2717 4950 symbolum
2742 4880 2902 4952 (Vide
2930 4879 2995 4932 ι).
3026 4877 3245 4952 Bernar.
3279 4879 3341 4931 de
3367 4877 3515 4952 Prte-

1938 4963 2081 5023 cepto
2100 4962 2145 5006 et
2169 4952 2408 5023 Dispens.
2425 4969 2470 5006 c.
2494 4953 2608 5021 “26).
2642 4950 2793 5008 Unde
2815 4963 2868 5004 et
2891 4951 3199 5023 communio
3225 4958 3276 5002 ct
3296 4950 3515 5023 syu‘axis
3578 4994 3590 5004 .

1936 5018 2273 5090 appellatur.
2314 5019 2486 5074 Unum
2509 5018 2642 5075 enim
2685 5038 2870 5090 corpus
2900 5021 3046 5074 multi
3079 5036 3288 5090 sumus,
3317 5018 3410 5090 qui
3451 5019 3515 5070 de

1937 5087 2040 5163 uno
2070 5093 2595 5163 parteparticipantus
2635 5093 2676 5163 (Ι
2701 5087 2822 5146 Cor.
2866 5090 2940 5160 χ).
2992 5089 3153 5163 Atqui
3194 5088 3354 5142 etiam
3397 5087 3515 5142 luu-

1937 5159 2369 5229 des,'gratiarum
2397 5159 2658 5226 actiones,
2677 5159 2970 5225 orationes,
2993 5168 3048 5214 et
3074 5160 3432 5229 eleemosyna:
3460 5169 3515 5213 et

1937 5228 2159 5286 Omnino
2181 5230 2359 5283 omnia
2389 5244 2552 5297 opera
2584 5233 2743 5294 bona,
2774 5246 2890 5295 qua:
2918 5229 3030 5283 Deo
3056 5228 3350 5294 oll'erimus,
3384 5231 3511 5282 etin

1940 5301 2032 5358 Dei
2077 5303 2339 5357 honorem
2378 5302 2714 5367 referimus,
2761 5301 3023 5355 sacrificia
3070 5298 3316 5367 qumdam
3364 5309 3506 5354 sunt.

1935 5371 2121 5444 Itaque
2151 5374 2250 5428 hac
2278 5365 2541 5428 sententia
2593 5365 2877 5437 docemur,
2929 5365 3249 5444 sacriﬁcium
3293 5370 3466 5424 laudis
3491 5411 3507 5436 ,

1931 5439 2193 5501 orationis
2218 5490 2233 5514 ,
2285 5446 2622 5516 aliorumque
2668 5457 2952 5516 operum,_
2981 5439 3102 5516 Deo
3144 5439 3358 5511 placere
3401 5455 3509 5516 non

1930 5533 2122 5588 posse,
2172 5507 2280 5588 nisi
2304 5507 2670 5586 reconciliati,
2697 5507 2895 5572 etcum
2927 5507 3187 5567 fratribus
3213 5512 3512 5584 concordes

1924 5587 2044 5644 bazc
2079 5590 2187 5644 Deo
2208 5587 2520 5642 oﬁ‘eramus.
