3994 6202
458 88 564 144 543

459 296 714 358 offensos,
747 293 1104 362 despicimus:
1130 295 1428 348 animarum
1454 294 1695 349 medicus
1723 303 1775 348 et
1807 296 2050 350 occulto-

458 406 576 444 rum
602 388 881 454 conscius,
909 388 1227 441 occasiones
1251 387 1545 441 iracundia:
1570 389 1758 452 volens
1789 387 2051 444 radicitus

458 497 486 533 a
522 480 780 536 cordibus
806 479 1010 533 nostris
1039 478 1295 545 evellere,
1332 494 1436 533 non
1463 480 1634 544 solum
1663 482 1707 533 si
1744 481 1856 536 laesi
1891 482 2052 538 lucri-

460 590 600 638 mus,
648 574 801 642 jubet
831 587 930 625 nos
974 573 1270 637 remittere,
1304 579 1359 626 et
1397 573 1740 628 reconciliari
1792 574 2052 629 fratribus

461 668 685 730 nostris,
718 665 1026 733 nullamque
1047 663 1309 717 adversus
1333 678 1427 718 eos
1453 665 1662 734 injurize
1691 679 1786 720 seu
1817 665 2054 721 laesionis

463 758 781 812 memoriam
810 755 1076 819 retinere;
1099 756 1191 810 sed
1220 757 1382 810 etiam
1403 758 1447 812 si
1473 757 1595 812 illos
1611 767 1637 794 ι
1651 758 1937 814 adversum
1956 773 2056 814 nos

463 864 558 903 seu
585 849 750 917 juste,
781 863 876 902 seu
911 847 1108 915 injuste
1133 848 1331 903 habere
1359 849 1559 919 aliquid
1601 850 1933 917 noverimus,
1975 852 2053 906 si-

464 943 668 996 militer
699 943 976 1011 praecepit,
1008 950 1064 994 ut
1091 955 1282 995 manus
1314 949 1563 996 nostrum
1595 943 2057 1014 relinquentes,id

465 1047 567 1102 est,
600 1044 1010 1104 compescentes
1042 1035 1316 1090 orationes
1343 1045 1578 1101 nostras,
1603 1037 1669 1091 ad
1693 1051 1879 1092 eorum
1911 1038 2057 1107 prius

464 1128 890 1195 satisfactionem
927 1127 1151 1182 tendere
1181 1126 1537 1183 festinemus:
1568 1138 1622 1184 et
1652 1130 1723 1185 ita
1751 1129 1936 1186 fratris
1964 1147 2059 1186 cu-

466 1221 674 1274 ratione
704 1220 979 1289 praemissa
1013 1217 1319 1273 orationum
1349 1229 1654 1276 nostrarum
1701 1236 1923 1294 munera
1953 1220 2059 1276 illi-

465 1313 587 1366 bata
613 1313 849 1368 deferre.
876 1310 992 1365 Non
1013 1311 1156 1366 enim
1189 1311 1267 1365 ita
1297 1315 1500 1368 nostris
1515 1313 1790 1384 obsequiis
1817 1328 2062 1368 commu-

466 1407 548 1460 nis
587 1407 828 1461 omnittm
882 1405 1146 1462 Dominus
1193 1405 1530 1474 delectatur,
1579 1417 1638 1462 ut
1684 1407 1825 1477 quod
1857 1408 1909 1462 in
1953 1423 2060 1462 uno

467 1500 728 1569 acquirit,
764 1497 955 1568 perdat
1002 1499 1055 1551 in
1099 1497 1303 1563 altero,
1349 1497 1664 1555 dominante
1716 1501 1952 1554 tristitia.
2003 1501 2059 1554 ln

468 1591 760 1661 cujuslibet
781 1603 1016 1658 namque
1043 1589 1330 1658 dispendio
1352 1606 1512 1644 unum
1539 1590 1738 1659 patitur
1766 1591 2062 1646 detrimen-
2092 1586 2140 1647 B

470 1694 613 1748 tum,
643 1684 730 1752 qui
757 1681 947 1736 eodem
980 1681 1140 1734 modo
1182 1681 1423 1734 omnium
1465 1680 1791 1736 famulorum
1837 1696 2058 1739 suorum

470 1777 698 1830 salutem
731 1775 1006 1830 desiderat
1036 1783 1091 1830 et
1133 1784 1434 1843 exSpectat.
1476 1776 1540 1830 Et
1581 1775 1785 1831 idcirco
1806 1775 1835 1814 ιι
1865 1791 2063 1847 atque;

472 1868 704 1921 babente
737 1867 939 1937 aliquid
983 1867 1274 1922 adversum
1305 1881 1404 1922 nos
1448 1867 1646 1935 fratre,
1676 1867 1926 1924 inefﬁcax
1963 1869 2068 1924 erit

473 1958 652 2014 oratio
683 1970 890 2025 nostra,
923 1974 985 2015 ac
1013 1963 1056 2015 si
1089 1974 1187 2014 nos
1209 1960 1495 2016 adversum
1522 1976 1645 2018 eum
1692 1963 1916 2017 tumenti
1956 1963 2065 2032 spi-

475 2055 578 2108 ritu
608 2053 991 2124 indignationis
1021 2053 1434 2110 amaritudinem
1478 2069 1840 2111 reservemus.

1784 87 2061 147 JOANNIS
2099 89 2410 147 CASSIANI

458 201 876 264 contemnimus,
906 200 991 255 vel
1016 210 1163 256 certe
1186 216 1291 256 non
1322 201 1449 258 vitio
1478 209 1664 258 nostro
1691 201 1931 257 dicentes
1955 219 2049 260 eos
2075 209 2128 268 Α

3644 91 3759 159 5M

2738 206 2967 266 CAPUT
3005 209 3146 266 XIV.

2155 319 2306 388 Quod
2333 329 2475 376 vetus
2498 335 2696 391 quoque
2719 322 2800 377 lex
2825 324 2954 377 iram
2981 341 3083 379 non
3111 333 3310 380 tantum
3326 327 3390 380 de
3417 324 3632 394 effectu,
3662 327 3757 382 sed

2508 394 2658 445 etiam
2685 395 2749 448 de
2772 397 3078 464 cogitatione
3109 397 3380 452 convellat.

2225 507 2330 563 Sed
2357 507 2484 577 quid
2511 507 2720 564 diutius
2743 511 3028 580 praeceptis
3059 513 3387 582 evangelicis
3416 522 3583 583 atque
3615 529 3756 584 apo-

2155 603 2360 659 stolicis
2390 603 2772 670 immoramur,
2807 619 2930 660 cum
2957 607 3120 661 etiam
3153 616 3310 660 vetus
3339 607 3448 670 lex,
3477 622 3606 676 quae
3658 608 3760 660 aii-

2155 698 2282 768 quid
2314 697 2515 752 babere
2544 698 2882 753 remissionis
2913 698 3149 766 videtur,
3181 699 3298 754 haec
3319 699 3508 755 eadem
3539 715 3761 768 praeca-

2155 800 2277 845 veat
2308 790 2522 845 dicens:
2557 789 2641 843 Ne
2687 791 2855 844 oderis
2905 795 3119 861 fratrem
3164 800 3309 844 tuum
3358 793 3412 844 in
3460 791 3623 845 corde
3671 802 3762 845 tuo

2158 882 2343 955 (Levii.
2374 883 2524 952 xtx);
2551 891 2607 937 et
2636 882 2834 938 iterum
2863 900 2876 935 :
2906 882 3030 936 Non
3065 885 3163 937 eris
3204 899 3399 938 memor
3426 884 3650 954 injuria:
3683 885 3760 936 ci-

2159 975 2295 1028 vium
2322 984 2527 1029 tuorum
2549 973 2774 1047 (Ibid.);
2799 988 2853 1030 et
2884 989 3136 1031 rursum:
3165 986 3186 1015 ε
3213 975 3410 1030 Itinera
3437 993 3644 1040 eorum,
3670 976 3764 1046 qui

2162 1069 2457 1124 memoriam
2479 1070 2696 1124 retinent
2714 1070 3002 1141 malefacti,
3018 1071 3071 1124 in
3094 1079 3305 1126 mortem
3323 1069 3379 1142 (Ι
3383 1071 3467 1124 bid
3476 1071 3515 1142 .)
3532 1072 3555 1124 'l
3585 1070 3762 1126 Vides

2162 1171 2217 1218 et
2245 1163 2316 1218 ibi
2346 1162 2642 1232 nequitiam
2675 1177 2780 1217 non
2817 1164 2870 1218 in
2901 1178 3066 1233 opere
3107 1172 3316 1218 tantum
3337 1205 3352 1230 ,
3377 1163 3472 1219 sed
3500 1163 3677 1218 etiam
3709 1163 3764 1217 in

2163 1257 2376 1312 arcanis
2402 1255 2819 1326 cogitationibus
2835 1257 3106 1322 resecari;
3128 1270 3249 1311 cum
3276 1255 3343 1311 de
3358 1256 3522 1312 corde
3539 1255 3762 1324 odium,

2164 1357 2219 1404 et
2244 1346 2453 1417 injuria:
2482 1361 2588 1402 non
2619 1347 2790 1402 solum
2822 1347 3137 1418 retributio,
3167 1347 3262 1404 sed
3304 1347 3464 1403 etiam
3495 1349 3616 1418 ipsa
3647 1361 3768 1404 me-

2168 1441 2336 1494 moria
2364 1439 2626 1494 radicitus
2649 1439 2869 1509 jubetur
2898 1440 3081 1495 evelli.

2777 1575 3006 1632 CAPUT
3046 1575 3164 1633 XV.

2237 1669 2397 1723 Natat
2437 1684 2522 1722 eos
2578 1669 2666 1738 qui
2707 1668 3036 1750 impatientia:
3079 1684 3187 1722 sua:
3227 1683 3412 1723 causas
3451 1669 3505 1722 in
3549 1668 3691 1722 alios

2801 1747 3105 1807 conjiciunt.

2238 1869 2512 1925 interdum
2555 1869 2808 1938 superbia
2837 1868 2922 1923 vel
2969 1868 3304 1939 impatientia
3336 1871 3604 1940 superati,
3637 1885 3765 1926 cum

2170 1960 2480 2016 inconditos
2528 1974 2708 2015 mores
2747 1969 2999 2026 nostros,
3033 1969 3193 2030 atque
3239 1959 3574 2016 inordinatos
3608 1961 3768 2017 volu-

2169 2069 2287 2109 mus
2324 2051 2617 2110 emendare
2641 2093 2656 2118 ,
2679 2051 2706 2089 ά
2735 2052 3088 2108 solitudinem
3126 2068 3225 2108 nos
3259 2052 3576 2110 desiderare
3631 2069 3763 2110 con-

1547 2210 1801 2266 ALARDI
1841 2209 2070 2266 GAZEI
2110 2205 2679 2266 COMMENTARIUS.

551 2341 576 2368 η
611 2330 831 2385 Videtur
857 2329 1147 2385 Cassianus
1174 2327 1334 2399 (Vide
1361 2326 1554 2399 Collat.
1574 2327 1659 2393 16,
1692 2344 1739 2382 c.
1768 2326 1856 2398 16)
1884 2327 2060 2383 locum

478 2403 630 2458 illum
665 2401 898 2455 Matthzei
922 2402 1002 2455 sic
1024 2398 1386 2463 intellexisse,
1415 2409 1473 2451 ttt
1494 2398 1608 2454 sive
1628 2400 1796 2467 juste.
1828 2400 1940 2453 sive
1967 2402 2067 2453 in-

479 2475 620 2544 juste
647 2475 877 2544 fratrem
895 2479 1161 2544 nostrum,
1185 2483 1277 2522 seu
1307 2470 1610 2544 proximum
1636 2471 1834 2524 habere
1860 2470 2065 2544 aliquid

481 2540 766 2598 adversum
797 2543 924 2602 nos,
960 2541 1061 2595 hoc
1103 2549 1214 2598 est.
1269 2540 1422 2594 nobis
1459 2540 1674 2595 infenso
1717 2555 1836 2594 esse
1881 2541 2066 2596 animo
2116 2549 2117 2560 ‘

481 2616 827 2675 noverimus;
860 2613 926 2666 ad
952 2627 1074 2665 eum
1100 2611 1281 2665 statim
1307 2610 1762 2665 reconciliationis
1783 2612 1953 2679 gratia
1979 2627 2067 2666 ac-

483 2688 696 2743 cedere,
725 2699 954 2752 eumque
975 2683 1194 2752 placare
1217 2681 1532 2738 debeamus.
1557 2681 1662 2738 Sed
1689 2696 2069 2750 srepenumero

485 2756 707 2810 consilia
736 2770 858 2810 cum
893 2753 1173 2821 princeptis
1205 2753 1520 2817 confundit,
1571 2761 1628 2805 ut
1659 2752 1747 2806 hic
1791 2763 1846 2807 et
1901 2753 2062 2820 alibi,

485 2827 648 2880 facile
679 2836 760 2879 est
789 2825 1241 2878 animadvertere.
1293 2824 1452 2878 Aliud
1497 2825 1643 2877 enim
1685 2832 1769 2878 est
1803 2823 1947 2892 quod
1981 2823 2068 2878 hic

485 2897 827 2965 pratcipitur;
856 2895 997 2948 aliud
1021 2894 1162 2962 quod
1185 2895 1523 2950 consulitur:
1561 2894 1872 2965 satisfactio,
1891 2893 2066 2965 exigi-

488 2964 575 3022 tur
594 2970 660 3022 ab
687 2983 774 3031 eo,
802 2966 892 3034 qui
924 2967 1088 3029 la-sit;
1118 2967 1364 3019 remissio
1385 2976 1586 3028 autent,
1614 2980 1712 3019 seu
1741 2964 2070 3019 condonatio

491 3041 661 3108 culpas
688 3039 766 3108 ab,
785 3051 868 3100 eo,
894 3036 986 3108 qui
1018 3036 1180 3089 Lusus
1206 3045 1307 3100 cst,
1341 3045 1400 3090 ut
1422 3037 1626 3091 dictum
1653 3045 1754 3089 est.
1794 3035 2068 3108 Aticonsi-

491 3107 620 3164 lium
647 3107 995 3178 perfectionis
1018 3117 1122 3170 est,
1155 3122 1259 3159 non
1287 3117 1640 3176 praceptum,
1666 3107 2070 3178 reconciliatio-

491 3197 614 3235 nem
645 3177 713 3233 ab
743 3195 807 3232 eo
835 3191 1100 3246 quaerere,
1135 3179 1226 3246 qui
1254 3178 1454 3245 injuste
1487 3179 1680 3243 iratus,
1709 3183 1894 3244 utpote
1924 3177 2071 3230 nulla

493 3269 520 3304 a
546 3251 700 3305 nobis
729 3248 953 3303 affectus
999 3257 1083 3301 est
1129 3248 1343 3315 injuria.
1386 3247 1467 3301 Ad
1498 3261 1656 3317 quam
1687 3247 2070 3314 perfectionem

494 3338 613 3376 cum
637 3335 825 3376 omnes
854 3318 1146 3373 Christiani
1178 3318 1463 3384 multiplici
1500 3317 1713 3372 ratione
1741 3317 2072 3383 imitentur;

494 3395 664 3446 multo
696 3393 864 3460 magis
895 3389 1155 3456 religiosi,
1185 3391 1276 3460 qui
1310 3404 1368 3442 se
1401 3387 1748 3460 perfectionis
1773 3388 2070 3456 studiosos,

496 3473 550 3516 et
589 3463 758 3518 velati
788 3459 1105 3517 eandidatos
1129 3459 1487 3526 profitentur;
1520 3473 1655 3525 quos
1683 3459 1824 3512 decet
1867 3460 2078 3527 implere

495 3550 694 3587 omnem
711 3529 1222 3606 justitiamiMattlt:
1248 3545 1304 3584 Ill
1331 3529 1486 3599 etv):
1517 3538 1572 3584 et
1602 3544 1828 3606 quorum
1871 3529 2077 3598 justitia

496 3614 644 3658 tanto
678 3600 794 3674 plus
821 3600 1099 3674 abundare
1139 3602 1299 3674 debet
1326 3617 1487 3670 quam
1516 3600 2080 3674 szecularium;quan-

496 3685 552 3727 to
582 3670 768 3729 eorum
799 3685 972 3729 status
1022 3673 1341 3736 sublimior,
1375 3681 1431 3726 et
1459 3673 1722 3725 sanctior.
1754 3670 1865 3737 Qua
1899 3672 2080 3725 consi-

495 3745 778 3800 deratione
806 3746 966 3799 etiam
1006 3744 1066 3798 D.
1102 3743 1425 3797 Benedictus
1456 3758 1576 3808 cap.
1608 3743 1667 3795 7i
1701 3745 1924 3806 statuit,
1954 3753 2008 3796 ut
2034 3743 2080 3796 si

496 3817 610 3884 quis
643 3818 802 3886 frater
828 3832 920 3885 pro
949 3816 1124 3883 quavis
1157 3815 1369 3867 minima
1404 3829 1559 3866 causa
1582 3813 1660 3886 ab
1690 3813 1904 3886 abbate,
1947 3815 2022 3868 vel
2047 3829 2080 3886 α

496 3882 811 3955 quocumque
829 3882 1011 3953 priore
1034 3902 1127 3937 stto
1168 3886 1445 3951 corripitur
1469 3882 1696 3951 quolibet
1721 3885 1873 3939 modo
1893 3900 1913 3948 ;
1937 3886 2012 3937 vel
2035 3885 2082 3938 si

499 3957 674 4009 leviter
701 3958 917 4010 senserit
939 3957 1168 4007 animum
1197 3956 1383 4020 prioris
1425 3958 1792 4024 cujuscumque
1824 3962 2002 4008 contra
2027 3971 2082 4008 se

499 4028 706 4090 iratum,
732 4025 810 4080 vel
829 4035 1156 4088 commotunt,
1179 4026 1409 4092 quamvis
1435 4025 1650 4085 modice,
1679 4040 1795 4076 mox
1811 4026 1919 4076 sine
1936 4041 2081 4077 mora

500 4098 696 4149 tamdiu
725 4105 1008 4168 prostratus
1025 4097 1080 4168 in
1112 4104 1246 4168 terra
1269 4103 1386 4168 ante
1409 4095 1561 4168 pedes
1593 4095 1706 4163 ejus
1729 4094 1902 4168 jaceat
1931 4095 2083 4145 satis-

502 4162 745 4234 faciens}
792 4182 946 4235 usque
1000 4165 1125 4218 dum
1169 4162 1516 4214 benedictione
1556 4162 1768 4215 sanetur
1803 4164 1896 4216 illa
1940 4179 2080 4216 com-

503 4241 680 4290 motio.

577 4306 602 4344 δ
630 4308 803 4362 Durus
829 4314 914 4360 est
939 4304 1026 4358 hic
1065 4317 1274 4370 sermo,
1306 4314 1362 4358 et
1391 4303 1550 4358 valde
1591 4302 1972 4374 hyperbolicus
1996 4345 2009 4367 ,
2037 4305 2083 4358 si

503 4378 800 4432 sccundum
836 4377 1092 4443 praedicta
1125 4374 1422 4445 generatim
1459 4376 1790 4444 intelligatur
1821 4374 1888 4428 de
1920 4375 2085 4430 fratre

505 4449 739 4502 habente
771 4447 968 4514 aliquid
998 4447 1286 4501 adversum
1317 4462 1444 4508 nos,
1491 4447 1607 4500 sive
1633 4445 1801 4514 jttste,
1833 4445 1953 4501 sive
1997 4447 2083 4500 in‘

502 4520 666 4585 jttste.
703 4519 819 4573 Non
867 4518 946 4571 sic
976 4517 1303 4586 Augustinus
1355 4530 1518 4581 supra
1566 4518 1795 4581 citatus,
1849 4532 1948 4573 nec
1991 4518 2082 4572 alii

502 4590 691 4643 Patres
725 4588 1127 4643 intellexerunt.
1164 4587 1396 4641 Proinde
1423 4601 1592 4656 grano
1622 4588 1750 4642 salis
1771 4589 2078 4655 coodiatur,

503 4669 559 4714 et
589 4663 667 4714 sic
694 4670 1022 4728 expoliatur:
1057 4658 1232 4727 IEquc
1254 4658 1507 4712 inefficax
1538 4657 1717 4711 futura
1746 4669 1930 4712 nostra
1959 4673 2084 4713 ora-

502 4731 602 4796 tio,
632 4746 730 4784 seu
773 4737 958 4793 trater,
990 4740 1080 4782 aut
1109 4728 1381 4797 proximus
1408 4729 1667 4782 adversus
1709 4744 1825 4792 nos,
1857 4743 1954 4782 seu
1985 4743 2082 4784 nos

503 4802 764 4856 adversus
787 4800 962 4870 ipsum
1002 4802 1208 4855 infenso
1239 4800 1408 4853 simus
1437 4801 1648 4866 animo,
1685 4799 1771 4854 vel
1797 4809 1854 4853 ut
1882 4798 2085 4854 Auctor

502 4873 688 4926 verbis
726 4872 1072 4941 sequentibus
1102 4873 1340 4938 exponit,
1376 4870 1658 4924 adversum
1699 4885 1821 4924 eum
1857 4873 2081 4925 tumenti

419 4965 432 4974 -
502 4944 686 4997 animo
718 4943 1103 5012 indignationis
1147 4941 1558 5012 amaritudinem
1600 4955 1965 4996 reservemus.
1999 4942 2080 4996 Ob

504 5014 647 5068 hanc
674 5011 1077 5077 obscuritatem,
1111 5023 1165 5066 ct
1191 5011 1558 5066 difﬂettltatem
1587 5028 1708 5082 quae
1735 5028 1800 5068 ex
1834 5013 1932 5068 hoc
1956 5027 2075 5082 cap.

503 5085 635 5138 oriri
681 5095 910 5152 poterat,
959 5083 1251 5154 Dionysius
1279 5085 1418 5138 hunc
1450 5084 1624 5138 locum
1651 5084 1718 5138 ab
1739 5085 1850 5139 illis
1879 5085 2075 5149 verbis,

503 5172 609 5209 non
636 5158 772 5209 ettim
813 5157 884 5209 ita
927 5155 1112 5210 nostris
1140 5155 1412 5224 obsequiis,
1453 5162 1584 5220 etc.,
1614 5156 1832 5211 silentio
1861 5167 2080 5225 praeter-

503 5229 633 5281 iisse
664 5229 893 5281 videtur.
1174 5229 1177 5231 ’

444 5317 450 5346 ε
578 5309 598 5335 ε
637 5299 781 5352 Hauc
803 5295 1125 5353 sententiam
1163 5295 1502 5366 praetermisit
1530 5296 1817 5366 Dionysius
1852 5295 2080 5350 Cartbtt-

435 5367 441 5418 .'
503 5367 689 5422 sianus
721 5373 866 5439 (quae
895 5380 1072 5424 tamen
1098 5368 1151 5422 in
1181 5367 1440 5439 omnibus
1460 5367 1736 5439 codicibus
1766 5376 2078 5439 tamexcu-

501 5439 576 5491 sis
605 5435 776 5506 quam
800 5441 1177 5508 manuscriptis
1205 5437 1452 5507 habetur)
1501 5454 1514 5508 ς
1563 5437 1704 5508 forte,
1729 5439 1851 5506 quia
1885 5438 1937 5490 in
1966 5435 2082 5488 vul-

500 5509 638 5573 gatis
684 5509 870 5563 Bibliis
896 5525 1000 5568 non
1033 5519 1239 5575 exstat;
1269 5511 1362 5565 sed
1391 5524 1460 5564 ex
1489 5507 1748 5562 Proverb.
1781 5522 1852 5560 xu
1881 5521 2079 5562 secun-

501 5581 626 5631 dum
656 5578 1031 5648 Septuaginta,
1071 5589 1128 5634 ut
1155 5581 1243 5634 hic
1267 5580 1333 5634 ad
1376 5581 1670 5648 marginem
1701 5578 1916 5633 citatur.
1947 5576 2077 5632 Nam

2114 4489 2162 4550 Ι)

2169 2328 2224 2381 in
2248 2329 2458 2396 vulgata
2488 2327 2724 2382 editione
2751 2327 3016 2382 sententia
3041 2326 3168 2381 huic
3194 2324 3534 2396 respondens
3559 2326 3641 2382 sic
3671 2326 3768 2380 ba-

2169 2399 2262 2452 bet
2288 2417 2300 2452 :
2334 2397 2399 2450 In
2427 2400 2604 2452 semita
2623 2400 2845 2468 justitiae
2869 2402 3016 2464 vita;
3060 2399 3154 2452 iter
3175 2407 3344 2453 autem
3371 2398 3574 2451 devium
3603 2399 3768 2452 tendit

2167 2469 2236 2520 ad
2265 2481 2496 2523 mortem.
2523 2470 2694 2523 Porro
2720 2469 2862 2538 quod
2893 2469 2956 2521 ad
2991 2471 3310 2522 memoriam
3341 2479 3395 2522 et
3423 2468 3760 2522 oblivionem

2171 2540 2515 2608 injuriarum,
2546 2540 2613 2594 de
2643 2553 2748 2608 qua
2772 2540 2857 2594 ltic
2880 2541 3084 2607 agitur,
3124 2540 3336 2605 attinet,
3373 2540 3610 2593 notanda
3643 2548 3768 2594 sunt

2171 2610 2396 2664 Joannis
2421 2611 2640 2664 Climaci
2669 2611 2833 2664 verba
2862 2627 2874 2663 :
2911 2611 3186 2675 Memoria,
3220 2611 3413 2680 inquit,
3448 2612 3766 2680 injuriarum

2173 2691 2248 2734 est
2280 2682 2470 2743 furoris
2503 2683 2949 2751 complementum,
2976 2692 3300 2750 peccatorum
3330 2693 3518 2744 custos,
3541 2683 3768 2752 justitia‘:

2176 2753 2373 2817 odium,
2405 2752 2652 2804 virtutum
2677 2752 2918 2820 perditio,
2942 2768 3188 2805 venenum
3215 2753 3422 2814 animae,
3461 2754 3650 2806 mentis
3680 2769 3766 2804 us-

2177 2822 2360 2875 siduus
2387 2824 2593 2887 vermis,
2624 2823 2870 2876 orationis
2911 2822 3144 2892 confusio
3169 2865 3183 2887 ,
3217 2823 3598 2889 deprecationis
3629 2823 3765 2876 exci-

2177 2893 2274 2952 sio.
2298 2893 2563 2946 charitatis
2584 2893 2850 2953 alienatio.
2878 2897 3049 2946 clavus
3077 2894 3268 2959 inﬁxus
3289 2895 3495 2959 animat,
3523 2895 3768 2964 injucun-

2179 2965 2275 3016 dus
2300 2980 2497 3028 sensus,
2522 2965 2607 3029 qui
2630 2967 2682 3017 in
2705 2965 3064 3017 amaritudinis
3092 2965 3343 3018 suavitate
3365 2964 3624 3032 diligitur,
3638 2967 3768 3034 jugs

2179 3045 2466 3102 peccatum.
2498 3052 2778 3106 numquam
2797 3034 3054 3088 dormiens
3076 3036 3344 3104 iniquitas,
3375 3033 3515 3087 horis
3547 3033 3766 3106 singulis

2179 3105 2403 3157 admissa
2431 3104 2651 3170 malitia,
2681 3107 3021 3168 tenebrosum,
3052 3123 3111 3159 ac
3133 3106 3546 3160 molestissimum
3563 3104 3765 3160 vitium.

2180 3175 2246 3228 Et
2293 3176 2468 3229 inira:
2525 3176 2810 3244 Monachus
2853 3177 3141 3241 solitarius,
3188 3178 3281 3246 qui
3320 3178 3452 3229 lianc
3495 3186 3670 3230 servat
3717 3177 3768 3228 in

2180 3248 2447 3318 semetipso
2477 3248 2795 3314 memoriam,
2815 3248 2952 3318 aspis
2985 3249 3258 3313 nidificans
3281 3256 3375 3307 est,
3407 3247 3602 3301 lethale
3632 3248 3765 3300 virus

2179 3333 2348 3369 secum
2381 3317 2564 3384 ubique
2593 3317 2978 3389 circumferens.
3015 3319 3116 3384 Qui
3145 3319 3277 3370 hanc
3318 3318 3476 3389 ejicit,
3502 3319 3764 3372 remissio-

2181 3401 2293 3460 nem
2325 3389 2512 3460 reperit
2536 3403 2559 3460 εξ
2580 3388 2672 3460 qui
2695 3403 2811 3440 vero
2834 3389 2912 3442 illi
2944 3390 3299 3460 agglutinatus
3324 3388 3421 3460 est.
3445 3389 3767 3442 miseratione

2181 3459 2430 3524 privatur.
2462 3456 2748 3511 Laboribus
2763 3475 2815 3512 se
2840 3456 3072 3526 quidam,
3100 3477 3158 3512 ac
3176 3459 3460 3524 doloribus,
3488 3469 3542 3512 ut
3573 3460 3766 3512 veniant

2181 3538 2526 3600 mererentur,
2560 3542 2939 3597 exposuerunt:
2970 3534 3060 3582 itos
3102 3540 3270 3582 tamen
3300 3534 3392 3595 vir,
3424 3531 3511 3595 qui
3556 3530 3763 3600 injuria:

2182 3598 2530 3663 obliviscitur,
2564 3600 2718 3668 facile
2747 3602 3059 3670 anticipavit.
3117 3601 3384 3667 Siquidem
3407 3600 3540 3653 illud
3570 3598 3768 3655 verissi-

2182 3684 2325 3742 mum
2351 3679 2423 3723 est
2454 3671 2591 3742 quod
2619 3671 2840 3742 dicitur:
2884 3670 3140 3724 Dintittite
3168 3674 3414 3736 celerius,
3464 3679 3509 3724 et
3565 3672 3766 3740 copiose

2183 3739 2474 3795 dimittetur
2515 3741 2676 3795 vobis.
2719 3740 2891 3804 Verte,
2921 3758 3277 3812 germanaeque
3306 3739 3637 3810 paenitentia
3660 3757 3764 3812 cer-

2185 3818 2302 3886 tum
2317 3823 2674 3886 argumentum
2700 3822 2773 3866 est
2801 3812 2983 3886 oblivio
3020 3811 3368 3886 injuriarutn:
3399 3814 3639 3886 quivero
3668 3811 3764 3886 ini-_

2183 3880 2403 3936 micitias
2433 3891 2586 3946 tenet,
2616 3892 2661 3934 et
2699 3899 2750 3935 se
2777 3885 3020 3950 poenitere
3045 3880 3298 3936 Existimat
3324 3927 3337 3950 ,
3366 3882 3560 3936 similis
3615 3892 3688 3938 est
3719 3880 3762 3932 ei

2184 3955 2350 4024 quise
2372 3954 2425 4005 in
2455 3954 2646 4006 somnis
2672 3969 2876 4006 currere
2903 3963 3068 4024 putat.
3096 3954 3219 4008 Hcce
3244 3954 3333 4008 ille
3357 3953 3559 4020 (Gradu
3580 3953 3658 4022 9).

2262 4021 2289 4058 ά
2337 4024 2504 4092 Hujus
2535 4027 2609 4077 rei
2641 4021 2946 4091 exemplum
2979 4027 3209 4092 insigne.
3242 4033 3297 4079 et
3322 4025 3446 4078 huic
3496 4021 3626 4077 loco
3651 4037 3765 4092 per-

2185 4108 2344 4162 quam
2378 4095 2838 4164 accommodatum
2868 4095 3033 4148 habes
3067 4097 3116 4149 in
3154 4095 3269 4149 Vita
3293 4095 3348 4150 S.
3381 4094 3567 4164 lgnatii
3595 4095 3767 4163 Loyo-

2186 4164 2252 4216 lae
2284 4179 2376 4229 per
2407 4163 2674 4234 Malleinm
2708 4163 2888 4228 cdita;
2936 4165 3081 4234 quod
3122 4167 3206 4220 bic
3238 4164 3488 4220 retulisse
3530 4181 3638 4219 non
3667 4166 3767 4234 erit

2187 4243 2526 4289 extraneum.
2542 4231 2671 4286 Cum
2691 4231 2967 4301 quemdani
2983 4251 3009 4287 e
3032 4236 3298 4305 fratribus,
3321 4237 3457 4305 quod
3481 4233 3766 4288 stomacho—

2188 4308 2292 4358 sior
2320 4313 2449 4358 esset
2477 4312 2683 4364 natura,
2709 4314 2754 4357 et
2777 4307 2992 4360 subinde
3018 4308 3068 4360 in
3091 4324 3270 4361 amara
3294 4308 3441 4362 verba
3468 4319 3767 4377 prorumpe-

2189 4386 2288 4443 ret,
2317 4392 2425 4429 sese
2451 4378 2678 4446 fratrum
2694 4378 3070 4443 consuetudini,
3103 4379 3269 4432 alieno
3299 4387 3549 4446 tempore,
3581 4377 3766 4429 subduc

2189 4457 2382 4500 centent
2411 4445 2623 4499 vidisset
2649 4443 2920 4517 Igttatius;
2937 4448 3122 4503 blande
3145 4465 3258 4502 eum
3275 4443 3624 4517 compellans;
3647 4449 3766 4517 quin

2187 4527 2255 4582 te,
2281 4517 2469 4586 inquit,
2489 4513 2850 4571 statutis’horis
2871 4519 2924 4570 in
2956 4523 3176 4588 fratrum
3203 4513 3621 4574 consuetudinem
3638 4513 3765 4569 das?

2187 4605 2301 4659 cum
2347 4589 2435 4641 ille
2478 4587 2805 4659 iracundiam
2855 4587 3072 4653 natura}.
3114 4591 3364 4659 bilemque
3395 4589 3762 4658 prwtenderet:

2189 4657 2311 4731 Nae,
2343 4668 2395 4712 tu
2427 4657 2744 4731 vehementer
2772 4674 2935 4721 erras.
2967 4662 3038 4713 ait
3068 4657 3339 4731 lgnatius:
3384 4661 3565 4714 etenim
3590 4659 3698 4710 hare
3722 4664 3766 4706 et

2186 4729 2490 4804 lrujusmodi
2506 4730 2630 4783 vitia
2656 4746 2758 4804 non
2777 4731 3041 4804 fugiendo,
3065 4729 3154 4786 sed
3176 4731 3761 4804 resistendorincunlur.

2190 4799 2303 4855 Huc
2349 4809 2558 4868 spectat
2610 4801 2751 4869 quod
2793 4799 2859 4870 de
2899 4803 3219 4870 quibusdam
3267 4802 3527 4856 solitariis
3583 4799 3765 4870 scribit

2187 4867 2424 4942 Joannes
2449 4867 2748 4924 Clitttaeus:
2783 4867 2932 4924 Cum'
2954 4874 3210 4939 sederent,
3255 4872 3462 4942 ittquit,
3491 4867 3763 4942 aliquando

2189 4941 2824 5015 cujusdam__necessitatis
2853 4959 3008 4997 causa
3024 4942 3182 5015 juxta
3211 4939 3553 5015 quorumdam
3578 4939 3762 4995 solita—

2188 5015 2380 5065 riorutn
2401 5010 2666 5078 cellulam,
2693 5013 2994 5068 audiviillos
3021 5010 3285 5083 perdicum
3312 5030 3452 5067 more
3474 5014 3611 5066 intus
3630 5023 3763 5065 sunt-

2190 5100 2274 5136 ma
2301 5083 2667 5146 amaritudine,
2701 5093 2751 5136 et
2784 5083 2956 5151 furore
2985 5086 3122 5154 apud
3149 5100 3201 5138 se
3225 5085 3575 5151 corrixantes,
3621 5091 3764 5151 atque

2191 5157 2244 5207 in
2272 5158 2385 5224 ejus
2416 5169 2706 5224 personam,
2738 5157 2825 5222 qui
2853 5173 2906 5208 se
2936 5157 3158 5218 lwserat,
3185 5166 3445 5224 tamquam
3475 5155 3519 5208 is
3550 5163 3765 5224 premet}!

2188 5220 2346 5297 esset,
2380 5220 2786 5297 petulantissime
2833 5227 3131 5297 insilientes.
3169 5220 3313 5292 Quos
3345 5243 3436 5297 ego
3470 5220 3690 5297 neultra
3715 5220 3766 5297 itt

2185 5295 2467 5366 solitudine
2490 5295 2746 5366 sederent,
2790 5297 2894 5366 pie,
2923 5305 2969 5348 et
3005 5296 3226 5364 fideliter
3256 5294 3454 5362 monui,
3505 5297 3548 5349 si
3579 5294 3765 5366 nollent

2186 5382 2249 5419 ea:
2276 5365 2574 5418 hominibus
2615 5362 2871 5419 tlwtnones
2895 5362 3024 5431 ﬁeri.
3065 5367 3130 5421 Et
3161 5366 3298 5421 infra
3325 5383 3336 5418 :
3382 5368 3444 5421 Si
3473 5362 3766 5436 diligentius

2185 5438 2534 5506 inspiciantus,
2563 5437 3029 5489 animadvertemus
3056 5439 3332 5508 plerosque
3351 5453 3412 5491 ea:
3435 5436 3536 5501 Itis,
3565 5434 3657 5508 qui
3670 5434 3768 5485 ira-

2184 5509 2383 5561 cuudiaz
2407 5509 2604 5576 facibus
2621 5508 2969 5579 exagitantur,
3001 5519 3234 5579 prompte
3248 5510 3512 5578 jejunare,
3537 5507 3767 5579 vigilare!

2182 5575 2412 5645 quietem
2448 5575 2739 5634 solitudinis
2770 5578 2978 5634 sectari.
3003 5575 3009 5576 ί
3034 5577 3127 5634 Est
3152 5575 3309 5634 enim
3340 5595 3398 5634 ea
3440 5575 3766 5634 versutissimi
