4016 6202
154 150 235 210 345
754 149 845 207 DE
882 147 1362 208 C(ENOBIORU.“
1402 149 1652 207 INSTIT.
1694 150 1824 208 LIB.
1868 149 2006 206 VIII.
2060 179 2125 193 -—
2167 150 2257 207 DE
2299 150 2573 210 SPIRI'I‘U
2611 150 2774 209 IRE.

3312 158 3420 217 546
3460 166 3462 173 ’

148 264 1002 337 querimur,tamquamibi,nullis
1018 278 1115 318 nos
1131 263 1551 331 concitantibus,
1577 264 1724 317 illico
1750 266 1798 326 A
1831 265 2001 320 sortio
2033 282 2048 318 :
2079 265 2145 319 ad
2174 274 2423 320 naturam
2449 267 2732 336 pristinam
2765 282 2890 324 mox
2917 283 3258 336 reversurus.
3293 288 3416 333 cum

150 358 377 414 virtutem
424 356 715 427 patientiae
754 355 1051 425 reperturi:
1093 366 1418 411 excusantes
1446 356 1722 425 negligen-

149 450 256 505 tiam
302 462 581 517 nostram,
632 464 927 520 causasque
969 450 1352 504 commotionis
1389 465 1494 504 non
1536 460 1721 505 nostra

148 543 383 600 dicentes
434 545 802 615 impatientia,
848 544 941 599 sed
993 544 1222 599 fratrum
1276 544 1406 599 vitio
1454 545 1719 615 generari.

148 636 381 709 Dumque
426 640 479 693 in
524 637 661 692 alios
708 636 909 693 erroris
955 637 1127 692 nostri
1178 637 1440 692 vertimus
1486 651 1677 691 causas
1704 680 1718 704 ,

148 744 432 795 numquam
464 730 529 785 ad
558 729 824 799 patientiae
849 744 913 784 ac
944 727 1300 799 perfectionis
1335 727 1537 784 calcem
1579 728 1723 783 vale-

132 821 321 879 bimus
355 823 661 894 pervenire.

722 912 947 969 CAPUT
985 910 1109 968 XVI

116 1010 157 1074 ρ
180 1006 293 1059 uad
314 1005 658 1075 tranquillitas
681 1006 851 1059 cordis
874 1005 1037 1059 nostri
1059 1021 1158 1059 non
1175 1005 1229 1058 in
1255 1005 1470 1058 alterius
1490 1003 1720 1069 arbitrio,

359 1079 446 1131 sed
473 1078 525 1130 in
555 1087 733 1130 nostra
762 1078 941 1131 debeat
963 1077 1156 1130 ditione
1179 1078 1481 1129 consistere.

192 1189 418 1245 Summa
457 1189 619 1260 igitur
648 1190 1047 1246 emendationis
1078 1204 1141 1245 ac
1184 1189 1595 1259 tranquillitatis
1628 1204 1725 1244 no-

137 1289 280 1347 sum,
316 1296 424 1336 non
455 1291 536 1337 est
564 1282 617 1336 in
649 1283 877 1337 alterius
923 1282 1148 1338 arbitrio
1189 1281 1543 1347 collocanda;
1582 1280 1725 1350 quod

136 1387 465 1443 nequaquam
487 1382 688 1429 nostrae
715 1374 997 1444 subiaceat
1025 1373 1284 1443 potestati
1304 1390 1316 1425 :
1336 1373 1433 1428 sed
1461 1372 1515 1426 in
1541 1382 1723 1426 nostra

136 1465 305 1532 potius
324 1452 639 1521 conditione
668 1467 953 1521 consistat.
981 1466 1166 1536 Itaque
1186 1474 1244 1520 ut
1270 1480 1375 1519 non
1401 1466 1719 1531 irascamur,

137 1570 235 1610 non
266 1556 425 1612 debet
471 1572 537 1612 ex
584 1557 808 1612 alterius
840 1557 1212 1626 perfectione,
1270 1556 1365 1611 sed
1416 1572 1484 1611 ex
1536 1563 1715 1610 nostra

1830 359 2260 427 interpellaverit
2328 360 2618 440 cujuslibet
2682 363 3069 420 commotionis
3122 368 3336 421 occasio
3393 386 3409 424 :

1828 462 2107 521 emergunt
2138 452 2338 523 quippe
2366 468 2431 507 ex
2481 467 2549 508 eo
2594 453 2878 509 confestim
2918 455 3074 523 vitia,
3117 471 3238 524 quae
3283 457 3417 514 late-

1828 541 1979 610 bant,
2013 554 2068 597 et
2096 543 2242 599 velut
2272 542 2662 613 equi'infrenes
2688 547 2934 602 certatim
2975 562 3005 602 e
3031 548 3145 603 suis
3183 564 3417 620 repagu-

1828 634 1897 688 lis
1926 635 2039 689 otio
2070 635 2317 703 longiore
2343 637 2530 691 nutriti
2555 638 2735 694 acrius
2758 637 2823 693 ad
2867 639 3164 708 perniciem
3208 642 3412 711 aurigae

1829 727 2053 796 proprii,
2074 726 2417 798 ferociusque
2448 738 2825 799 prorumpunt.
2853 731 3023 799 Magis
3046 732 3212 799 enim,
3240 748 3419 789 exer—

1826 818 1957 873 citio
1988 834 2198 889 usuque
2236 816 2473 875 humano
2514 830 2789 884 cessante,
2814 820 3107 876 efferantur
3154 823 3207 877 in
3260 824 3418 880 nobis

1831 910 1985 975 vitia,
2020 909 2127 964 nisi
2171 911 2372 966 fuerint
2399 921 2524 967 ante
2550 921 2801 983 purgata.
2832 913 3116 983 lpsamque
3168 914 3412 970 umbram

1829 1002 2128 1073 patientiae,
2159 1018 2319 1073 quam
2346 1004 2626 1074 possidere
2654 1005 2972 1075 imaginarie
3003 1007 3255 1076 permixti
3307 1007 3412 1061 fra-

1832 1096 2004 1151 tribus
2033 1096 2224 1152 saltem
2256 1112 2353 1167 pro
2383 1114 2574 1155 eorum
2604 1101 2917 1156 reverentia
2943 1109 2997 1156 et
3033 1109 3160 1156 nota
3196 1102 3413 1173 publica

1839 1184 2175 1253 videbamur,
2204 1186 2411 1242 desidia
2439 1189 2751 1244 securitatis
2776 1191 3094 1247 amittimus.

2387 1296 2615 1355 CAPUT
2653 1300 2841 1356 XVIII.

1826 1385 2162 1462 Impatientes
2211 1395 2364 1462 atque
2403 1389 2696 1462 iracundos
2761 1407 2868 1446 esse
2918 1392 3208 1462 frequenter
3257 1394 3410 1449 etiam

2025 1459 2144 1513 illos
2173 1460 2261 1527 qui
2300 1459 2365 1512 ab
2392 1458 2691 1515 hominibus
2725 1478 2827 1515 non
2858 1458 3224 1533 provocamur.

1896 1569 1923 1608 δ
1951 1570 2116 1638 Quasi
2164 1586 2294 1627 vero
2341 1571 2589 1628 universa
2636 1573 2904 1629 virulenta
2944 1575 3272 1643 serpentium
3317 1590 3402 1644 ge-

135 1649 327 1705 Vil'lule
374 1649 747 1715 descendere,
777 1666 896 1722 (ιυεε
940 1666 1050 1705 ηοη
1083 1649 1259 1705 aliena
1291 1648 1549 1720 Palienun
1572 1688 1588 1715 θ
1626 1646 1718 1703 sed
1747 1651 1797 1714 Β
1826 1678 1954 1718 nera
1978 1704 1994 1731 ,
2025 1663 2112 1718 vel
2135 1663 2386 1729 ferarum,
2415 1679 2532 1719 cum
2572 1663 2627 1718 in
2656 1664 2945 1720 solitudine
2995 1667 3212 1736 suisque
3254 1666 3408 1722 cubi-

136 1744 345 1814 propria
375 1744 788 1814 longanimitate
825 1744 1180 1814 conquiritur.

721 1832 948 1892 CAPUT
987 1835 1149 1892 XVII.

353 1929 470 1994 Quo
498 1928 672 1983 studio
694 1944 915 1981 eremum
946 1927 1219 1981 debeamus
1240 1935 1497 2003 expetere.

205 2021 375 2075 Porro
399 2029 425 2057 ι
459 2034 701 2074 eremum
741 2018 1028 2089 perfectos,
1060 2019 1317 2088 omnique
1340 2018 1477 2073 vitio
1522 2033 1719 2089 purga-

150 2123 227 2169 tos
255 2122 464 2183 oportet
489 2122 768 2181 expetere,
804 2121 855 2166 et
885 2113 1121 2167 excoctis
1152 2111 1219 2167 ad
1263 2126 1455 2181 purum
1493 2110 1547 2166 in
1579 2126 1714 2166 con-

140 2206 443 2273 gregatione
491 2204 716 2258 fratrum
748 2204 911 2267 vitiis,
944 2218 1049 2258 non
1084 2203 1550 2272 pusillanimitatis
1593 2218 1719 2273 pro-

139 2295 299 2366 fugio,
335 2295 426 2350 sed
460 2296 658 2349 divinae
687 2294 1163 2365 contemplationis
1209 2296 1453 2363 obtentu,
1488 2304 1543 2351 et
1570 2295 1718 2352 desi-

136 2387 280 2442 derio
314 2388 533 2443 intuitus
575 2387 906 2442 sublimioris
958 2387 1159 2443 intrare
1187 2430 1201 2454 ,
1234 2388 1324 2458 qui
1376 2403 1484 2442 non
1517 2388 1620 2442 nisi
1665 2390 1717 2444 in

136 2482 421 2537 solitudine
477 2496 506 2534 a
560 2481 809 2549 perfectis
876 2480 1218 2535 solummodo
1269 2481 1471 2550 poterit
1524 2495 1718 2551 appre-

141 2571 315 2628 hendi.
369 2575 728 2645 Quaecumque
759 2575 900 2629 enim
928 2567 1057 2630 vitia
1101 2576 1342 2629 incurata
1386 2575 1439 2629 in
1476 2589 1720 2630 eremum

146 2665 489 2721 detulerimus
516 2712 530 2737 ,
562 2678 749 2737 operta
780 2667 833 2721 in
874 2668 1051 2737 nobis,
1086 2682 1194 2723 non
1234 2668 1436 2722 abolita
1478 2668 1719 2723 sentien-

140 2767 236 2813 tur.
270 2761 513 2816 Solitudo
542 2777 798 2831 namque,
831 2761 968 2817 sicut
1007 2760 1179 2830 novit,
1209 2760 1514 2816 emendatis
1556 2761 1721 2816 mori—

148 2850 261 2918 bus,
293 2853 799 2922 contemplationem
832 2852 1177 2922 pnrissimam
1221 2867 1489 2919 reserare,
1537 2862 1591 2906 et
1639 2852 1721 2907 in-

150 2945 275 2999 tuitu
306 2946 672 3001 sincerissimo
700 2946 1020 3015 Spiritalium
1051 2954 1515 3001 sacramentorum
1541 2947 1720 3002 scien-

148 3036 263 3091 tiam
294 3038 535 3094 revclare
566 3058 577 3090 :
612 3039 683 3092 ita
707 3054 915 3105 eorum,
947 3039 1034 3110 qui
1059 3038 1240 3093 minus
1267 3038 1538 3093 emendati
1562 3049 1707 3104 sunt,
1742 3023 1789 3087 C

149 3130 289 3194 vitia,
326 3145 428 3184 non
455 3130 629 3184 solum
675 3144 915 3191 servare,
965 3144 1154 3184 verum
1188 3130 1349 3184 etiam
1379 3144 1711 3200 exaggerare

143 3223 423 3276 consuevit.
477 3221 811 3291 Tamdiuque
864 3221 962 3275 sibi
1007 3222 1215 3291 patiens
1260 3222 1377 3290 quis
1416 3222 1628 3276 videtur
1656 3233 1712 3278 et

144 3310 364 3381 humilis,
410 3316 583 3371 donec
631 3315 833 3370 nullius
875 3314 1109 3370 hominis
1139 3317 1551 3371 commisceatur
1581 3330 1711 3371 ροη-

1818 1756 1957 1812 libus
2004 1756 2393 1821 immorantur,
2451 1770 2556 1809 non
2611 1756 2828 1809 innoxia
2874 1766 3248 1825 perseverent,
3300 1772 3401 1812 nec

1819 1858 1997 1903 tamen
2029 1863 2094 1901 ex
2124 1861 2191 1901 eo
2223 1845 2558 1916 pronuntiari
2590 1847 2797 1915 possint
2847 1846 3085 1912 innoxia,
3112 1847 3234 1916 quia
3273 1846 3410 1901 nulli

1818 1947 2071 1996 noceant.
2107 1940 2219 1994 Hoc
2263 1939 2407 1994 enim
2454 1940 2533 1994 eis
2588 1954 2694 1994 non
2734 1939 2955 1995 aﬂ'eclus
3004 1938 3278 2005 bonitatis,
3312 1942 3409 2003 sed

1820 2034 2120 2090 necessitas
2169 2031 2473 2088 solitudinis
2530 2034 2737 2088 confert
2780 2050 2794 2086 :
2833 2034 2962 2100 Quae
3006 2047 3127 2087 cum
3178 2032 3408 2088 laedendi

1822 2137 1975 2181 nacta
2047 2124 2249 2179 fuerint
2306 2126 2550 2195 copiam,
2602 2125 2654 2179 in
2704 2124 3009 2193 semetipsis
3068 2126 3404 2181 reconditum

1819 2216 1969 2271 virus
2024 2223 2079 2271 et
2119 2216 2313 2271 animae
2356 2215 2625 2272 feritatem
2672 2214 2923 2285 protinus
2966 2222 3195 2285 egerunt
3234 2224 3399 2285 atque

1820 2309 2213 2364 demonstrant.
2228 2308 2465 2380 Ideoque
2488 2308 2875 2379 perfectionem
2898 2307 3268 2377 quaerentibus
3292 2321 3403 2362 non

1821 2400 2022 2455 sufficit
2039 2408 2230 2455 contra
2253 2399 2527 2455 hominem
2552 2413 2658 2455 non
2685 2398 2865 2453 irasci.
2892 2398 3235 2453 Meminimus
3256 2397 3401 2453 enim

1823 2491 1958 2563 (vide
1986 2490 2174 2545 Collat.
2224 2490 2311 2557 19,
2336 2507 2383 2545 c.
2413 2491 2467 2558 6,
2506 2491 2569 2545 I0
2606 2500 2653 2545 et
2684 2490 2815 2561 seq.)
2846 2491 2901 2545 in
2929 2488 3222 2545 solitudine
3252 2503 3404 2543 com-

1830 2583 2161 2637 morantibus
2190 2582 2364 2647 nobis,
2393 2591 2583 2637 contra
2606 2582 2894 2645 calamum,
2924 2596 3047 2637 cum
3079 2588 3176 2636 aut
3201 2582 3407 2651 grossi-

1821 2673 1950 2728 tudo
1978 2675 2120 2744 ejus,
2157 2683 2250 2728 aut
2294 2674 2509 2729 exilitas
2556 2674 2906 2742 diSpliceret:
2957 2684 3214 2729 contrave
3258 2674 3403 2730 scal-

1823 2767 2046 2836 pellum,
2077 2781 2198 2821 cum
2233 2766 2517 2821 incidenda
2552 2767 2737 2822 hebeti
2770 2752 2887 2822 acie
2913 2768 3151 2837 segniter
3183 2783 3405 2825 exseca-

1822 2869 1941 2925 ret;
1972 2867 2271 2926 contraque
2294 2860 2525 2927 silicem,
2559 2861 2603 2914 si
2632 2860 2772 2916 forte
2797 2876 2865 2915 ex
2912 2875 2975 2915 ea
3018 2860 3402 2917 festinantibus

1822 2951 1981 3007 nobis
2010 2951 2077 3006 ad
2106 2951 2393 3007 lectionem
2427 2952 2629 3007 tardius
2660 2953 2891 3009 scintilla
2920 2954 3057 3025 ignis
3091 2955 3392 3023 emicuerit,

1820 3043 1890 3097 ita
1918 3043 2301 3113 indignationis
2329 3043 2613 3114 irrepsisse
2644 3052 2870 3113 motum,
2898 3056 2955 3100 ut
2980 3062 3084 3107 non
3117 3047 3246 3102 alias
3275 3063 3399 3117 per-

1820 3135 2187 3190 turbationem
2236 3135 2461 3203 mentis,
2494 3152 2655 3207 quam
2695 3140 2778 3194 vel
2821 3149 3011 3196 contra
3055 3140 3401 3199 insensibiles

1819 3228 2098 3295 materias,
2128 3227 2212 3282 vel
2240 3236 2388 3284 certe
2429 3228 2689 3286 adversus
2718 3232 2989 3289 diabolum
3020 3233 3398 3293 maledictione

1821 3318 2051 3387 prolata,
2074 3317 2318 3390 digerere
2345 3329 2506 3393 atque
2546 3338 2842 3395 evaporare
2874 3339 3177 3398 possemus.
3198 3326 3398 3395 Quam-

1197 3457 1453 3513 ALARDI
1494 3456 1728 3515 GAZIEI
1769 3457 2311 3518 COMMENTARIUS

144 3566 373 3625 damonis
404 3574 638 3638 intentio,
673 3573 828 3641 idque
853 3588 1175 3640 summopere
1204 3571 1442 3640 inquirit.
1477 3578 1532 3622 ut
1558 3569 1716 3623 veluti

146 3652 221 3699 per
247 3643 599 3697 rationabilem
627 3645 948 3697 occasionem
978 3643 1304 3709 paenitentiae,
1340 3650 1387 3695 et
1415 3642 1605 3703 luctus,
1627 3657 1715 3694 eas

147 3715 393 3777 tttaterias,
424 3730 539 3778 qua:
562 3714 742 3768 morbo
768 3714 885 3766 huic
908 3715 1221 3766 incrementa
1243 3712 1378 3782 dare
1394 3711 1611 3782 possint,
1638 3726 1718 3763 se-

144 3786 359 3855 ducndas
388 3785 496 3838 illis
522 3786 848 3852 persuadeat.
883 3784 973 3839 Sic
1005 3784 1095 3837 ille
1123 3782 1326 3855 (Gradu
1358 3781 1437 3850 8).

203 3861 227 3886 ³
259 3848 557 3908 Confirmat
579 3855 715 3909 hanc
740 3856 1057 3908 sententiam
1090 3848 1257 3906 abbas
1297 3848 1534 3906 Joannes
1579 3848 1719 3913 apud

142 3915 440 3978 Cassianum
473 3925 688 3996 (Col/at.
724 3925 808 3989 Il),
843 3942 959 3991 cap.
990 3924 1076 3992 10)
1093 3940 1116 3996 ;γ
1136 3924 1221 3996 cui
1262 3934 1315 3976 et
1354 3922 1445 3974 alii
1620 3920 1720 3974 Pu-

142 3999 242 4044 lres
291 3992 661 4063 astipulantur,
706 3997 1007 4063 docentque
1055 3995 1120 4047 ad
1172 3994 1333 4046 vitam
1386 3992 1717 4046 eremiticam

143 4077 237 4135 non
270 4066 467 4120 debere
498 4062 821 4135 queinquam
850 4062 1101 4126 transire,
1132 4064 1235 4117 nisi
1264 4078 1323 4119 se
1354 4063 1507 4135 prius
1534 4062 1585 4114 in
1606 4076 1721 4116 cm-

143 4134 295 4205 n_obio
318 4132 598 4205 diligenter
618 4132 958 4200 excreuerit;
986 4143 1267 4204 propterea
1298 4135 1439 4202 quod
1470 4132 1717 4205 Eremns,

141 4203 246 4255 sive
276 4203 527 4272 solitudo,
557 4223 678 4261 cum
707 4210 777 4260 sit
807 4203 1017 4260 culmen
1045 4215 1099 4260 et
1139 4205 1404 4272 fastigium
1432 4205 1559 4258 vita:
1590 4203 1718 4256 reli-

143 4276 321 4345 giosae,
366 4278 747 4345 perfectionem
784 4293 886 4331 non
934 4275 1142 4339 alferat,
1186 4276 1279 4330 sed
1320 4284 1606 4342 supponat.
1637 4274 1716 4345 ἐι).

147 4342 513 4417 Hieronymus,
546 4359 824 4418 postquam
855 4346 1273 4418 solituilinis,iet
1310 4346 1565 4418 solitaria;
1600 4344 1721 4418 vita:

150 4412 391 4469 nonnulla
444 4412 776 4472 incommoda
823 4428 876 4472 et
916 4419 1150 4486 pericula
1193 4417 1264 4470 ita
1309 4414 1621 4471 recensuit:
1654 4412 1721 4466 ln

150 4487 409 4560 solitudine
431 4493 527 4543 cito
559 4490 753 4560 obrepit
774 4490 1012 4557 superbia
1033 4505 1050 4553 ;
1073 4496 1121 4541 et
1144 4491 1188 4540 si
1216 4502 1490 4560 parumper
1500 4486 1720 4555 jejuna-

153 4558 287 4619 terit,
315 4558 795 4628 ltominemque'non
833 4560 1032 4620 viderit,
1079 4567 1224 4628 putat
1264 4573 1318 4611 se
1361 4558 1584 4627 alicujus
1616 4570 1723 4607 esse

156 4632 397 4691 momenti,
427 4633 715 4692 oblitusque
753 4631 853 4697 sui,
890 4629 1042 4692 unde,
1087 4639 1133 4681 et
1179 4645 1280 4697 quo
1328 4628 1551 4690 venerit;
1584 4629 1722 4697 intus

158 4698 315 4771 corde,
341 4702 513 4770 lingua
555 4702 683 4769 foris
720 4694 953 4771 vagatur,
986 4710 1070 4752 etc
1104 4739 1119 4771 _.
1168 4694 1289 4771 mox
1322 4698 1548 4771 subdit;
1576 4694 1724 4771 Quid

161 4766 333 4839 t'{titurf’
377 4766 679 4824 Solitariam
736 4766 889 4823 vilam
948 4768 1397 4839 reprehendimus?
1460 4766 1670 4819 minime
1705 4808 1719 4831 ,

161 4837 328 4912 (Ιξιίρρε
353 4858 499 4910 quam
528 4858 664 4912 saepe
692 4837 1012 4894 laudavimus
1042 4855 1060 4893 :
1086 4839 1173 4912 sed
1200 4839 1263 4912 de
1302 4837 1428 4891 ludo
1465 4845 1721 4912 monastef

164 4907 339 4980 riorum
364 4907 662 4976 huiusmodi
691 4912 924 4964 volumus
956 4910 1127 4980 egredi
1157 4910 1369 4972 milites,
1399 4924 1527 4978 quos
1567 4907 1721 4960 eremi

167 4976 280 5050 dura
300 4984 582 5037 rudimenta
610 4999 712 5034 non
743 4976 1001 5043 terreantf
1033 4981 1119 5048 qui
1154 4976 1418 5050 specimen
1450 4993 1722 5050 conversa-

169 5048 299 5122 tionis
323 5070 424 5107 sua:
450 5055 615 5107 multo
644 5061 865 5122 tempore
893 5052 1155 5114 dederint;
1175 5048 1259 5118 qui
1281 5050 1506 5101 omnium
1530 5048 1723 5122 fuerint

172 5118 361 5185 minimi,
392 5134 443 5177 ut
476 5125 630 5192 primi
659 5117 886 5175 omnium
909 5123 1119 5188 ﬁerent;
1148 5135 1272 5192 quos
1296 5134 1384 5170 nec
1406 5120 1597 5192 esuries
1620 5117 1723 5169 ali-

172 5193 369 5257 quando,
402 5187 492 5247 nec
519 5195 764 5247 saturitas
786 5187 1079 5261 superarit;
1103 5187 1189 5259 qui
1220 5197 1526 5261 paupertate
1542 5187 1725 5261 laton-

176 5266 271 5333 “tr;
296 5281 509 5333 quorum
538 5265 763 5327 habitus,
788 5257 972 5333 sermo,
1003 5257 1192 5325 vultus,
1216 5260 1464 5333 incessus,
1493 5257 1728 5333 doctrina

177 5325 392 5400 virtutum
447 5350 544 5390 est.
595 5336 721 5389 Hmc
753 5325 829 5387 Ι).
875 5325 1235 5400 Hieronymus
1283 5325 1609 5400 (Epist),
1658 5327 1724 5379 ad

180 5398 349 5474 Bustic.
378 5404 667 5474 monach.).
700 5402 959 5474 Similiter
983 5402 1043 5454 D.
1075 5397 1590 5474 Betredictus,_itiitio
1617 5411 1729 5449 sum

179 5468 367 5542 Regulae
395 5478 560 5530 vitam
590 5467 1044 5539 anachoreticam,
1078 5483 1130 5525 et
1160 5472 1351 5540 quibus
1398 5467 1487 5521 illa
1533 5480 1729 5519 convc-

180 5545 286 5611 niat,
316 5547 625 5601 describens
657 5562 670 5599 :
699 5544 1027 5607 Secundum,
1062 5543 1234 5610 inquit
1254 5581 1266 5602 ,
1300 5554 1459 5611 genus
1487 5545 1561 5590 est
1600 5552 1727 5588 ana-

179 5610 494 5680 choretarrtm,
524 5618 578 5669 id
601 5626 693 5681 est,
726 5616 1073 5676 eremitarum,
1106 5612 1313 5677 horum,
1337 5610 1421 5678 qui
1463 5623 1562 5681 non
1603 5622 1724 5681 con-

176 5690 393 5745 versionis
434 5676 638 5754 fervore
682 5676 895 5751 nouitio,
944 5685 1032 5739 sed
1079 5676 1371 5737 monasterii
1419 5676 1721 5750 probatione
1768 5758 1773 5762 ⁸

1748 4874 1803 4935 D

1819 3570 2070 3623 diuturna
2107 3571 2414 3636 didicerunt,
2438 3580 2619 3628 contra
2646 3572 2928 3636 diabolum.
2956 3573 3235 3627 multorum
3265 3574 3407 3627 sola-

1819 3642 1887 3695 tio
1909 3645 2024 3712 jam
2051 3641 2186 3694 docti
2209 3660 2461 3712 pugnare,
2493 3653 2541 3695 et
2585 3644 2707 3695 bene
2753 3644 3021 3710 instructi,
3071 3643 3306 3711 fraterna
3333 3660 3401 3697 ea:

1819 3713 1926 3783 acie
1951 3712 2017 3765 ad
2046 3712 2357 3783 singularem
2381 3728 2604 3783 pugnam
2634 3713 2812 3775 eremi,
2836 3713 3001 3783 securi
3015 3714 3131 3783 jam
3159 3712 3267 3783 sine
3283 3729 3405 3766 con-

1819 3781 2070 3835 solatione
2090 3782 2304 3835 alterius
2330 3780 2508 3835 contra
2531 3782 2655 3834 vitia
2675 3784 2868 3845 carnis,
2898 3780 3398 3851 velicoqitationum,

1823 3851 1930 3906 Deo
1950 3853 2249 3922 auxiliante,
2276 3867 2506 3922 pugnare
2528 3851 2779 3922 sufﬁciunt
2805 3851 2944 3922 (vide
2966 3850 3033 3905 ι).
3071 3850 3396 3907 Bernardum

1820 3938 1971 3991 serm.
2002 3923 2036 3977 '5
2059 3922 2123 3975 de
2152 3919 2597 3991 Circunicisione).

1892 3990 1920 4030 ι’
1950 3993 2128 4064 Stylus
2160 3992 2397 4064 Dionysii
2443 4001 2498 4047 et
2517 3991 2737 4064 planior
2766 4000 2819 4045 et
2853 3993 3061 4061 plenior
3094 4010 3107 4048 :
3146 3992 3399 4050 Universa

1820 4074 2067 4117 venenata
2108 4063 2456 4135 serpentium,
2500 4063 2784 4128 ferarumve
2824 4080 3046 4135 genera,
3096 4064 3303 4131 quando
3340 4067 3395 4119 in

1821 4136 1928 4187 suis
1950 4134 2173 4188 latibulis
2220 4145 2267 4188 et
2290 4134 2565 4188 solitudine
2588 4134 2905 4202 permanent,
2928 4144 3127 4191 exstant
3149 4136 3396 4201 innoxia;

1821 4221 1912 4257 nec
1942 4215 2108 4257 tamen
2129 4206 2192 4258 ob
2217 4205 2312 4258 hoc
2342 4204 2643 4272 simpliciter
2667 4205 2770 4258 dici
2794 4216 3005 4273 possunt
3028 4206 3258 4270 innoxia,
3282 4207 3404 4273 quia

1822 4274 1957 4346 nulli
1984 4285 2104 4328 tunc
2129 4283 2332 4329 nocent.
2362 4276 2449 4329 Sic
2471 4275 2605 4346 ipse.
2645 4274 2795 4330 Unde
2816 4276 3083 4343 colligitur
3111 4276 3397 4346 legentium

1823 4344 1911 4398 hic
1948 4346 2183 4405 innoxia,
2228 4346 2475 4414 quamvis
2504 4344 2614 4410 alii,
2646 4355 2702 4399 et
2741 4346 2968 4402 fortasse
2997 4344 3186 4403 melius
3227 4347 3407 4415 legant

1824 4416 1998 4479 noxia,
2031 4424 2087 4468 ut
2115 4416 2444 4470 Basileensis
2471 4425 2525 4470 et
2554 4429 2682 4469 mss.
2710 4417 2948 4471 nonnulli
2978 4435 2993 4472 :
3025 4418 3125 4472 hoc
3148 4417 3403 4472 nimirum

1825 4494 2077 4556 contextu
2109 4501 2121 4536 :
2162 4486 2323 4550 Quasi
2362 4503 2465 4541 non
2516 4487 2670 4540 noxia
2709 4497 3061 4556 perseverent,
3109 4503 3199 4541 nec
3238 4503 3301 4541 ea:
3344 4504 3406 4542 eo

1826 4555 2154 4625 pronuntiari
2203 4560 2398 4628 possint
2452 4558 2640 4623 noxia,
2697 4555 2820 4628 quia
2865 4559 2997 4612 nulli
3046 4567 3284 4613 noceant.
3338 4558 3408 4612 Et

1828 4634 2113 4695 utrumque
2138 4626 2355 4695 quidem
2388 4643 2575 4682 verum
2618 4626 2720 4681 est;
2756 4628 2891 4682 Actu
2940 4629 3139 4697 quippe
3185 4629 3403 4684 innoxia

1826 4705 1951 4768 sunt
1980 4697 2282 4761 huiusmodi
2311 4700 2582 4765 animalia,
2612 4697 2863 4768 quamdiu
2897 4699 2948 4752 in
2978 4700 3289 4765 solitudine,
3314 4708 3408 4754 aut

1828 4766 1882 4820 in
1913 4768 2025 4822 suis
2056 4768 2296 4823 latibulis
2328 4766 2656 4825 remanent}
2689 4769 2919 4823 naturali
2960 4779 3139 4824 tamen
3173 4784 3407 4836 pronen-

1828 4837 1983 4891 sione
2013 4847 2067 4893 et
2096 4840 2438 4893 inclinatione
2468 4838 2621 4909 noxia
2650 4849 3017 4907 perseverant,
3044 4842 3169 4909 quia
3192 4854 3408 4907 semper

1829 4909 1894 4961 ad
1925 4911 2223 4965 nocendum
2250 4918 2492 4977 prompta
2527 4924 2541 4960 :
2570 4908 2801 4978 ideoque
2833 4927 2936 4964 non
2964 4908 3310 4979 simpliciter,
3343 4919 3405 4963 ut

1829 4980 1900 5031 ait
1949 4981 2253 5049 Dionysius,
2300 4978 2514 5049 innoxia
2560 4980 2892 5044 pronuntiari
2925 4978 3167 5049 possunt.
3204 4980 3271 5033 At
3304 4979 3407 5031 hoc

1831 5047 2099 5117 posterius
2148 5047 2593 5117 praecedentibus
2631 5050 2809 5117 magis,
2849 5047 3113 5117 quadrare
3162 5049 3398 5101 videtur.

1832 5112 2047 5184 Spectat
2088 5112 2228 5169 enim
2262 5115 2411 5179 illud,
2454 5112 2596 5185 quod
2636 5112 2883 5180 superius
2917 5118 3054 5171 dixit
3082 5135 3095 5170 :
3126 5117 3407 5185 Emerqunt

1830 5183 2019 5259 quippe
2043 5202 2105 5240 ea:
2128 5185 2365 5259 equitia,
2386 5199 2520 5259 qua:_
2537 5183 2869 5259 lutebanttet
2881 5186 3057 5259 velut
3084 5189 3203 5257 equi
3246 5183 3409 5259 infre-

1834 5253 2097 5321 nes','etc.
2149 5256 2239 5311 Sic
2285 5256 2451 5309 abbas
2494 5253 2730 5309 Joannes
2779 5256 3067 5310 Collat.|9
3123 5253 3243 5323 cap.
3297 5256 3402 5309 ηε

1839 5328 2029 5391 Nosse,
2059 5328 2249 5397 inquit,
2278 5325 2542 5387 debemus.
2566 5324 2703 5392 Quod
2744 5325 2788 5379 si
2824 5327 2895 5397 ad
2940 5327 3299 5392 solitudinem,
3333 5325 3410 5397 vel

1835 5400 1904 5452 ad
1928 5400 2104 5454 abdita
2133 5395 2244 5453 loca
2276 5399 2505 5451 nondum
2556 5397 2747 5449 curatis
2784 5396 2916 5451 vitiis
2955 5397 3274 5459 secedamus,
3319 5395 3409 5463 af-

1835 5474 1998 5538 fectus
2027 5486 2204 5524 eorum
2227 5466 2578 5522 tantummodo
2602 5467 2940 5533 reprimatur,
2974 5482 3078 5520 non
3108 5466 3410 5538 exstinguu-

1834 5537 1939 5596 tur.
1973 5541 2164 5596 Latitat
2199 5541 2333 5593 enim
2363 5539 2502 5590 intra
2541 5552 2665 5603 nos,
2695 5539 2850 5590 immo
2882 5539 3034 5592 etiam
3056 5537 3216 5607 serpit
3255 5538 3410 5591 radiat

1828 5611 2075 5678 omnium,
2100 5626 2214 5681 quia
2232 5609 2514 5677 exstirpata
2539 5624 2643 5662 non
2667 5608 2860 5679 fuerat,
2893 5615 3248 5679 peccatorum,
3272 5618 3381 5664 etc.
