4016 6202
153 268 255 334 349

160 487 265 541 odit
302 488 536 558 fratrem
565 507 733 559 suum,
768 491 1024 545 homicida
1066 502 1141 546 est
1172 492 1418 564 (Matth,
1450 512 1503 560 v,
1538 493 1560 550 Ι
1596 496 1757 553 Joan.

162 580 286 652 tu);
320 583 381 637 in
418 598 489 640 eo
518 584 723 640 scilicet
748 584 886 655 quod
920 601 1044 640 eum
1081 587 1245 643 corde
1283 589 1465 658 cupiat
1509 589 1756 661 interire,

163 674 324 743 cujus
352 690 609 731 cruorem
639 676 849 747 propria
878 693 1063 743 manu,
1093 680 1177 734 vel
1209 680 1319 735 telo
1346 681 1487 750 apud
1515 683 1760 741 homines

166 770 401 847 minime
448 770 653 828 fudisse
690 770 1054 841 cognoscitur,
1097 774 1297 830 affectu
1347 776 1444 831 ira:
1490 776 1759 834 homicida

164 863 563 931 pronuntiatur
585 879 613 917 a
642 862 867 919 Domino
898 881 913 919 :
947 866 1038 936 qui
1075 883 1182 922 non
1216 867 1395 922 solum
1426 884 1525 936 pro
1570 885 1758 941 opera-

164 952 337 1009 tionis
368 953 584 1020 effectu,
616 954 708 1010 sed
741 955 902 1011 etiam
933 970 1032 1027 pro
1060 959 1358 1015 voluntatis
1388 976 1450 1015 ac
1474 961 1586 1015 voti
1613 961 1761 1017 desi-

163 1042 343 1111 derio,
376 1046 666 1117 unicuique
694 1048 788 1103 aut
827 1051 1111 1119 prtemium
1141 1051 1362 1119 reddet,
1392 1064 1484 1107 aut
1518 1068 1756 1123 poenam,

164 1138 465 1194 secundum
502 1138 633 1195 illud
678 1140 820 1212 quod
846 1143 961 1212 ipse
991 1144 1232 1214 loquitur
1259 1162 1355 1216 per
1388 1147 1705 1216 prOphetam
1743 1167 1755 1202 :

162 1226 190 1266 δ
216 1228 333 1300 Ego
357 1242 529 1286 autem
552 1248 712 1301 Opera
738 1250 915 1288 eorum
934 1245 981 1289 et
998 1236 1335 1307 cogitationes
1354 1253 1530 1292 eorum
1547 1238 1692 1292 venio
1709 1248 1764 1293 ut

161 1338 595 1397 congregemcum
611 1328 841 1382 omnibus
870 1330 1107 1402 gentibus
1128 1340 1178 1386 et
1206 1332 1398 1402 linguis
1429 1331 1564 1404 (Isa.
1592 1331 1758 1407 vai).

161 1413 239 1470 Et
261 1414 552 1485 Apostolus
584 1438 595 1472 :
638 1430 661 1458 ο
689 1418 839 1475 Inter
867 1439 920 1475 se
943 1418 1158 1477 invicem
1186 1424 1587 1494 cogitationibus
1611 1442 1764 1479 accu-

155 1509 427 1578 santibus,
455 1522 542 1565 aut
572 1514 726 1567 etiam
754 1514 1173 1586 defendentibus,
1204 1517 1258 1571 in
1282 1516 1366 1571 die
1391 1517 1765 1589 quajudicabit

156 1597 306 1656 Deus
332 1604 539 1659 occulta
564 1603 837 1660 hominum
868 1606 1046 1680 (Rom.
1078 1608 1161 1680 tt).

817 280 909 338 DE
948 282 1421 341 CENOBIORUM
1461 282 1707 343 lNSTll’.
1753 287 1882 345 LIB.
1924 278 2061 348 Vlll.
2102 320 2175 333 —
2216 292 2304 349 DE
2345 294 2616 354 SPIRITU
2656 299 2817 358 lR/E.

156 394 405 451 irascitur
434 395 588 452 enim
619 398 771 469 fratri
814 414 930 463 suo,
975 416 1090 452 reus
1125 401 1221 453 erit
1260 400 1461 473 judicio
1490 419 1508 456 :
1545 412 1593 456 et
1622 411 1647 439 α
1675 405 1764 471 qui
1792 409 1845 467 Α

3349 308 3461 372 350

2479 410 2705 470 CAPUT
2742 414 2861 471 XX.

1864 520 2040 603 In‘eo
2070 524 2208 603 quod
2252 523 2308 577 in
2339 523 2619 595 Evangelia
2645 529 2896 603 scriptum
2934 536 3049 603 est,
3092 533 3183 603 qui
3213 535 3461 599 irascitur

1935 594 2092 677 fratri
2125 612 2241 659 suo,
2289 606 2411 659 etc.,
2458 594 2629 650 utrum
2676 594 3155 671 recipiendum’si't,
3183 608 3323 677 quod
3362 594 3461 664 ad;

1924 667 2126 736 jectum
2154 675 2262 734 est,
2303 682 2421 721 SINE
2450 682 2641 724 cavsa.

1937 777 2229 833 Sciendum
2254 787 2433 833 tamen
2457 777 2511 833 in
2543 794 2631 849 eu,
2654 780 2799 851 quod
2829 780 2881 837 in
2913 784 3236 854 quibusdam
3267 804 3457 845 exem-

1862 869 2109 939 plaribus
2138 869 2433 936 invenitur,
2462 872 2548 940 qui
2579 868 2832 926 irascitur
2853 873 3008 929 fratri
3036 890 3134 931 suo
3150 880 3258 933 sine
3279 897 3456 949 causa,

1864 976 1989 1017 reus
2020 959 2119 1016 erit
2143 962 2369 1031 judicio,
2401 959 2429 998 ά
2458 964 2790 1033 superﬂuum
2832 982 2985 1036 esse,
3017 968 3129 1025 sine
3160 987 3349 1042 causa,
3396 984 3451 1028 et

1865 1044 2135 1126 adjectum
2163 1072 2284 1112 esse
2305 1057 2372 1112 ab
2392 1057 2475 1112 his
2496 1058 2583 1128 qui
2607 1060 2989 1129 amputandam
3012 1062 3147 1117 iram
3176 1080 3272 1130 pro
3294 1064 3457 1135 justis

1864 1148 2041 1202 causis
2067 1149 2288 1203 minime
2312 1158 2655 1219 putaverunt,
2676 1160 2700 1188 °
2724 1167 2845 1208 cum
2865 1154 3048 1224 utique
3074 1154 3249 1211 nullus
3270 1174 3458 1227 quam-

1865 1239 1999 1296 libet
2026 1242 2233 1312 absque
2264 1244 2476 1298 ratione
2507 1252 2845 1314 commotus,
2885 1247 3004 1302 sine
3040 1262 3201 1303 causa
3233 1249 3375 1305 dicat
3401 1266 3460 1307 se

1868 1332 2048 1386 irasci.
2077 1333 2438 1399 Quamobrem
2470 1347 2693 1405 apparet
2725 1337 2792 1391 ab
2819 1339 2897 1393 eis
2930 1339 3197 1408 adjectum
3223 1342 3312 1411 qui
3336 1359 3459 1412 pro-

1865 1424 2102 1493 positum
2134 1441 2240 1479 non
2265 1426 2653 1482 intellexerunt
2702 1426 2998 1498 Scriptura:
3027 1431 3261 1486 volentis
3296 1432 3458 1489 fomi-

1866 1522 1973 1569 tem
2006 1516 2299 1571 iracundiae
2330 1518 2658 1573 omnimodis
2688 1530 2989 1588 amputare,
3022 1522 3338 1595 nullamque
3367 1526 3453 1580 in-

1865 1605 2190 1677 dignationis
2224 1608 2568 1665 occasionem
2620 1612 2835 1681 penitus
2867 1628 3178 1681 reservare;
3220 1631 3287 1672 ne
3327 1616 3456 1674 dum

1237 1744 1493 1803 ALARDI
1533 1742 1768 1803 GAZEI
1807 1741 2373 1801 COMMENTARIUS.

233 1842 260 1915 ξ
295 1832 427 1889 Huic
452 1836 719 1925 gente-"Eia
746 1837 1543 1925 ρςεηεθάςηιξξ.ρχριίορρῑοηθξι,
1591 1839 1739 1920 Idem
1775 1839 1823 1899 B
1849 1838 2098 1925 prteberle,
2130 1837 2591 1919 ininticos'nostros
2620 1856 2823 1925 amare],
2863 1850 2910 1895 et
2948 1857 3097 1925 arare
3136 1859 3235 1925 pro
3263 1861 3449 1925 persas

155 1904 431 1975 enimest
462 1906 622 1960 irasci
653 1904 803 1963 lralri
836 1923 955 1975 suo,
982 1911 1033 1962 in
1064 1910 1173 1965 illis
1200 1904 1382 1966 verbis
1404 1910 1736 1973 Salvatoris,

154 1990 220 2031 ac
266 1974 457 2050 odisse
499 1976 715 2050 fratrem
761 1974 947 2044 suum,
970 1982 1119 2046 juxta
1166 1992 1401 2037 mentem
1452 1981 1738 2050 Apostoli:

155 2062 283 2120 cum
309 2047 439 2120 quis
467 2048 678 2120 scilicet
709 2050 777 2103 ita
821 2051 1089 2115 irascitur,
1127 2062 1181 2106 ut
1227 2068 1344 2107 eum
1377 2047 1533 2106 corde
1560 2054 1744 2120 cupiat

158 2118 399 2183 interire,
428 2124 486 2169 ut
515 2119 604 2173 hic
625 2119 699 2171 ait
722 2121 1033 2186 Cassianus,
1065 2122 1168 2178 hoc
1191 2133 1299 2186 est.
1333 2134 1391 2177 ut
1423 2118 1652 2178 mortem
1689 2125 1738 2178 ei

156 2195 334 2256 optet.
363 2187 508 2263 Talis
531 2190 677 2263 enim
705 2191 846 2245 haud
893 2192 1052 2247 dubie
1080 2194 1221 2263 apud
1272 2195 1440 2249 Deum
1471 2194 1742 2249 homicida

156 2269 361 2334 est,_ac
392 2260 621 2334 proinde
653 2263 839 2334 aeterni
875 2264 1062 2331 judicii
1109 2260 1266 2331 reus;
1308 2267 1523 2320 etiamsi
1567 2266 1740 2334 reipsa

157 2330 300 2407 nihil
335 2330 465 2407 mali
498 2329 718 2387 inferat.
770 2329 921 2407 Unde
955 2335 1021 2389 D.
1073 2329 1432 2407 Hieronymus
1480 2329 1743 2403 cpist.'56

160 2400 323 2473 hunc
341 2400 517 2455 locum
544 2412 793 2471 spectans
823 2404 984 2459 :Cum
1004 2408 1160 2468 enim,
1187 2400 1385 2473 inquit,
1411 2400 1743 2460 homicidium

155 2488 226 2546 ea
258 2472 380 2546 odio
405 2489 539 2544 ηερε
566 2484 854 2546 nascatur;
877 2477 1187 2546 quicumque
1224 2472 1483 2543 odit,retsi
1523 2479 1741 2531 necdum

157 2543 341 2614 gladio
374 2543 695 2608 percusserit,
723 2543 898 2600 animo
923 2543 1110 2602 tamen
1122 2549 1379 2602 homicida
1401 2559 1497 2603 est.
1527 2550 1590 2601 Et
1615 2548 1743 2603 Cas-

157 2614 349 2668 sianus
400 2614 503 2669 hoc
550 2616 670 2688 loco
709 2638 721 2671 :
756 2615 825 2670 Et
873 2619 1013 2685 ideo,
1058 2620 1250 2688 inquit,
1296 2637 1360 2673 ne
1410 2618 1742 2673 homicidium

158 2686 689 2762 perpetreturpira,
737 2688 1017 2762 odiumque
1059 2686 1358 2751 succiditur,
1404 2693 1515 2745 sine
1558 2691 1743 2762 quibus

161 2757 435 2820 homicidii
473 2761 669 2811 crimen
700 2759 853 2812 nullo
899 2760 1049 2813 modo
1092 2762 1282 2815 valebit
1327 2757 1581 2815 admitti'.‘
1615 2761 1744 2815 insi-

160 2842 344 2899 nuans
374 2829 542 2883 verba
569 2844 687 2898 qua:
719 2841 1015 2899 sequuntur
1044 2832 1113 2885 ad
1144 2833 1490 2887 homicidium
1522 2832 1733 2887 referri.

232 2896 260 2936 δ
296 2896 378 2951 Ea:
419 2916 543 2969 quo,
589 2896 669 2953 ait
716 2896 1097 2971 Hieronymus,
1137 2902 1386 2957 discimus
1434 2920 1533 2956 non
1574 2904 1741 2956 solum

160 2984 356 3045 opera,
377 2971 465 3023 sed
487 2981 539 3045 et
562 2971 900 3045 cogitationes
932 2989 1041 3045 esse
1070 2975 1121 3026 in
1158 2975 1243 3027 die
1269 2974 1462 3045 judicii
1496 2975 1740 3041 judican-

161 3042 279 3096 das.
316 3038 392 3093 De
434 3038 641 3108 quibus'
669 3044 856 3097 dicitur
907 3061 926 3099 :
971 3043 1130 3098 Nunc
1172 3038 1613 3099 circumdederunt
1653 3060 1737 3097 eos

163 3112 501 3183 cogitationes
532 3128 661 3177 sure,
704 3114 915 3179 quando
951 3115 1212 3183 judicabit
1238 3116 1491 3169 Dominus
1530 3116 1741 3168 abscon-

163 3180 270 3255 dita
289 3180 588 3255 hominum,
619 3186 902 3241 secundum
926 3180 1268 3255 Evangelium
1287 3185 1415 3241 Jesu
1437 3184 1660 3247 Christi;
1683 3195 1738 3239 ut

1849 1907 2143 1978 quentibus,
2174 1910 2338 1961 omnis
2368 1909 2459 1963 ira:
2482 1910 2682 1963 occasio
2713 1912 2933 1966 tollitur.
2959 1912 3069 1966 Nec
3092 1907 3234 1967 enim
3262 1907 3454 1971 immu-

1851 1980 1934 2054 nis
1956 1987 2042 2033 est
2063 1988 2364 2054 a‘pcccato,
2411 1982 2502 2054 qui
2532 1982 2693 2054 etiam
2727 1981 2795 2034 ab
2841 1981 2948 2035 alin
2976 1984 3137 2039 lmsus
3164 1996 3216 2039 et
3250 1986 3446 2054 injuria

1848 2049 2379 2122 affectusirascitur.
2410 2050 2543 2105 Nam
2574 2053 2732 2106 sicuti
2765 2054 2966 2107 nemini
3001 2054 3146 2122 justa
3186 2058 3254 2111 de
3288 2049 3451 2115 causa

1850 2121 1973 2175 lit-et
1998 2122 2200 2189 privata
2227 2123 2549 2177 auctoritate
2570 2123 2877 2190 quempiam
2926 2121 3202 2191 occidere,
3238 2129 3309 2181 ita
3342 2145 3441 2184 ne-

1850 2192 1980 2246 mini
2026 2192 2167 2259 justa
2197 2192 2264 2247 de
2296 2208 2455 2249 causa
2490 2193 2615 2247 licet
2662 2194 2853 2259 irasci;
2883 2195 2962 2248 sic
2992 2194 3244 2250 nimirum
3276 2208 3332 2252 ut
3357 2201 3439 2254 al-

1850 2264 1949 2316 teri
1985 2264 2124 2336 male
2155 2264 2408 2331 velimus,
2445 2273 2555 2336 aut
2602 2264 2861 2336 iniuriam
2899 2264 3248 2331 ulciscamur,
3297 2271 3441 2336 quod

1845 2345 1933 2388 est
1959 2333 2157 2405 malum
2206 2350 2305 2404 pro
2352 2334 2493 2390 malo
2523 2334 2770 2390 reddere.
2818 2333 2928 2388 Nec
2960 2336 3142 2390 obstat
3167 2333 3441 2405 quodali-

1854 2403 2071 2473 quando
2102 2403 2220 2458 sine
2253 2419 2474 2471 peccato
2502 2406 2623 2474 quis
2648 2406 2801 2459 alteri
2835 2406 3127 2471 irascatur;
3162 2403 3253 2462 aut
3274 2410 3437 2465 etiam

1847 2474 2040 2540 racha,
2074 2475 2158 2530 vel
2184 2474 2349 2538 fatue.
2378 2476 2540 2531 dicat.
2572 2477 2809 2532 Primum
2837 2475 2984 2531 enim
3013 2492 3119 2532 non
3151 2479 3439 2545 prohiben-

1848 2556 1934 2600 tur
1967 2546 2058 2601 hic
2100 2547 2259 2613 primi
2303 2547 2598 2602 iracundiae
2645 2557 2846 2612 motus,
2882 2549 2971 2616 qui
3016 2549 3070 2603 in
3118 2562 3300 2605 llOSll'a
3334 2567 3441 2607 non

1822 2628 1971 2689 sunt
1999 2627 2297 2685 potestate:
2322 2618 2418 2673 sed
2438 2620 2515 2671 ira
2541 2619 2835 2673 deliberata
2860 2630 2915 2673 et
2935 2620 3196 2689 perfecta,
3225 2624 3309 2675 cui
3334 2624 3442 2679 sci-

1846 2686 1973 2741 licet
2004 2689 2570 2762 consensusaccedit.
2598 2689 2801 2744 Deinde
2845 2686 2950 2744 nee
2976 2690 3288 2762 lntjusmodi
3330 2695 3437 2762 ira,

1844 2774 1951 2825 qua
1981 2759 2100 2824 quis
2127 2759 2361 2814 hominis
2390 2760 2519 2813 vitio
2562 2761 2811 2814 irascitur
2860 2768 2953 2814 aut
2996 2759 3319 2827 offenditur;
3370 2759 3439 2819 ad

1845 2828 1988 2897 quod
2015 2830 2396 2883 iusinuandum
2420 2830 2637 2898 quidam
2664 2829 2866 2883 dictum
2892 2839 3111 2897 putant:
3135 2833 3237 2899 Qui
3260 2835 3443 2889 irasci-

1844 2908 1931 2953 tur
1951 2899 2103 2968 fratri
2124 2916 2239 2972 suo,
2275 2900 2375 2954 huc
2395 2909 2497 2965 est,
2524 2915 2629 2972 non
2647 2900 2776 2955 vitio
2799 2900 3047 2967 hominis,
3079 2906 3173 2957 sed
3209 2905 3443 2972 homini;

1844 2985 2027 3037 quem,
2055 2969 2177 3038 quia
2206 2969 2373 3023 frater
2401 2981 2504 3035 e5t,
2536 2969 2776 3026 fraterne
2805 2972 3031 3040 diligere
3052 2974 3241 3039 debet;
3275 2984 3331 3029 ut
3357 2969 3442 3032 ini-

1846 3040 2155 3113 telligatnus
2176 3041 2500 3113 Dominum
2530 3041 2669 3113 loqui
2719 3042 2787 3099 de
2814 3042 2890 3097 ira
2920 3059 3039 3107 quae
3070 3055 3270 3113 pugnat
3314 3062 3438 3103 cum

1845 3112 2135 3166 dilectione
2165 3110 2422 3187 fraterna.
2457 3109 2613 3187 Unde
2650 3114 2717 3187 D‘.
2744 3109 3246 3187 Augustinus'(Lib.
3283 3134 3301 3171 ι
3331 3118 3439 3174 Re-

1847 3191 2055 3257 tractat.
2079 3199 2128 3257 ac.
2158 3184 2323 3257 l_9,_et
2353 3184 2549 3257 li_lr.x1v
2570 3184 2632 3257 de
2662 3182 2814 3239 Civit.
2835 3182 2905 3257 'c.
2942 3185 2995 3257 9)
3029 3182 3211 3242 monet
3239 3189 3444 3246 intuen-

164 3223 269 3233 ..ι-κ
301 3223 567 3236 "unua-un
619 3223 902 3241 νυννμιηνιυο
979 3223 1075 3241 Vsus.
1112 3223 1415 3241 vuuuouocu
1479 3223 1528 3238 ur
1545 3223 1625 3241 ιον.
1684 3223 1738 3239 κν
1847 3223 1880 3237 υ
1897 3223 2055 3236 “vuu-
2084 3223 2128 3236 ν·
2163 3223 2220 3237 lu
2276 3223 2323 3235 ι.-
2353 3223 2542 3237 ηιιοιιν
2570 3223 2630 3237 ιον
2663 3223 2814 3239 usu".
2859 3223 2905 3237 νο
2943 3223 2971 3240 υ
3029 3223 3211 3242 ιιιυιιυι
3239 3223 3443 3246 "uacu-

163 3251 296 3305 illud
321 3254 457 3320 quod
486 3226 758 3322 Apbstolus
787 3223 983 3315 scribit:
1008 3223 1743 3327 veifitatejudicii‘comprebe-
1770 3223 1813 3284 C
1852 3254 1979 3306 dum
2001 3254 2127 3320 quid
2151 3254 2214 3306 sit
2233 3226 2577 3395 ’irasci/ratri
2598 3272 2709 3318 suo,
2743 3223 2995 3325 quoniam]
3033 3275 3133 3311 non
3168 3261 3314 3327 fratri
3338 3263 3443 3315 ira-

166 3332 293 3376 tur:
341 3322 573 3378 Invicem
615 3327 1011 3395 cogitationibus
1053 3327 1409 3382 accusantibus
1452 3338 1499 3381 et
1538 3329 1747 3395 satisfa-
1852 3325 2011 3378 scitur
2038 3324 2122 3393 qui
2161 3334 2366 3393 peccato
2432 3328 2584 3380 ratris
2611 3327 2871 3381 irascitur.
2921 3326 2990 3381 Et
3037 3329 3161 3382 alibi
3196 3348 3208 3381 :
3243 3329 3441 3395 Irasci,

166 3332 250 3397 tur
274 3322 573 3397 :ulnvicem
615 3327 1011 3397 cogitationibus
1053 3322 1409 3397 accusantibus
1452 3338 1499 3381 et
1538 3322 1747 3397 satisfa-

166 3395 418 3466 cientibﬁus
448 3396 501 3447 in
533 3396 615 3449 die
639 3395 743 3465 qua
776 3398 1031 3466 judicabit
1062 3396 1201 3452 Deus
1248 3399 1549 3454 abscondita
1587 3395 1751 3451 homi-

166 3481 287 3517 num
315 3465 492 3534 (Rom.
543 3482 600 3530 ll,
634 3468 707 3536 7),
742 3465 796 3520 ut
827 3470 1165 3537 cogitationes
1210 3482 1398 3524 nostra:
1437 3486 1612 3524 omnes
1648 3485 1747 3523 uno

164 3543 388 3605 tempore
408 3548 731 3607 congregata:
744 3542 946 3612 justum
971 3540 1211 3595 Iudicem
1240 3542 1482 3612 probent,
1510 3542 1632 3593 dum
1658 3548 1747 3593 aut

162 3616 373 3680 accusat
400 3624 494 3660 nos
537 3621 713 3661 nostra
753 3611 1084 3677 conscientia,
1117 3624 1205 3665 aut
1242 3611 1502 3680 satisfacit
1536 3628 1628 3679 pro
1660 3612 1749 3665 de—

165 3678 309 3743 licto,
344 3687 521 3731 utrum
566 3681 719 3749 plura
752 3681 854 3732 sint
901 3694 1111 3750 peccata
1134 3723 1149 3746 ,
1184 3700 1251 3735 an
1292 3678 1428 3735 bona
1474 3678 1664 3749 opera;
1702 3693 1749 3737 et

163 3757 336 3822 utrum
368 3759 559 3822 vetera,
584 3766 837 3822 aninova;
866 3762 912 3805 et
938 3762 1109 3805 utrum
1135 3754 1302 3807 deleta
1328 3754 1647 3822 paenitentia,
1677 3769 1743 3807 an

160 3820 308 3873 novis
336 3818 613 3874 sceleribus
641 3821 957 3877 instaurata.

239 3900 263 3927 θ
296 3891 379 3945 Ita
404 3890 614 3959 vulgata
646 3894 811 3946 editio
840 3891 1145 3947 emendata.
1177 3892 1396 3947 Veteres
1443 3903 1622 3948 autem
1671 3893 1749 3948 le-

158 3972 292 4031 gunt
328 3964 382 4014 in
410 3964 648 4030 genitivo
678 3980 689 4017 :
721 3960 867 4034 Inter
886 3979 939 4017 se
964 3964 1176 4016 invicem
1198 3964 1570 4034 cogitationum
1590 3980 1746 4017 accu-

160 4034 413 4116 santium.
447 4042 578 4095 ειη..
622 4049 776 4088 more
818 4032 1168 4116 Grmcorum,‘
1190 4032 1280 4116 qui
1330 4034 1604 4116 gettilivisn
1634 4035 1749 4091 loco

156 4103 527 4157 ablativorum
553 4112 794 4166 utuntur,
826 4104 967 4173 quod
1005 4103 1253 4159 ablativis
1290 4103 1531 4160 careant.
1569 4106 1737 4160 Porro

160 4174 534 4227 accusantibus
555 4182 605 4227 et
628 4175 1011 4244 defendentibus
1038 4176 1295 4231 vocabula
1321 4185 1447 4231 sunt
1468 4177 1703 4233 forensia
1730 4192 1744 4232 :

160 4253 215 4297 et
252 4258 448 4297 sensus
480 4253 583 4309 est,
619 4246 783 4314 quod,
809 4248 1140 4301 conscientia
1170 4260 1354 4301 nostra
1377 4257 1663 4301 attestante
1695 4259 1747 4302 et

154 4314 471 4383 judicante,
524 4316 879 4384 cogitationes
932 4325 1126 4371 nostra:
1173 4320 1417 4385 quaedam
1474 4317 1613 4373 facta
1661 4334 1746 4371 ar-

155 4394 335 4455 guunt
365 4395 418 4439 et
459 4395 717 4441 accusant
756 4396 813 4440 ut
860 4388 1019 4450 mala,
1052 4388 1295 4457 quaedam
1345 4388 1648 4443 defendunt
1695 4397 1748 4441 et

160 4464 435 4511 excusant
462 4466 519 4509 ut
544 4456 713 4522 bona;
749 4458 973 4525 proinde
999 4456 1386 4526 cogitationum
1436 4473 1743 4514 nostrarum

156 4528 285 4580 alia:
311 4527 414 4580 sibi
446 4536 663 4581 sumunt
695 4537 872 4595 partes
895 4531 1248 4596 accusatoris,
1279 4531 1400 4583 alim
1432 4532 1527 4584 rei.
1550 4530 1619 4584 At
1643 4530 1747 4584 hoc

1852 3325 2011 3397 scitur
2038 3324 2122 3393 qui
2161 3334 2366 3393 peccato
2408 3324 2584 3395 fratris
2611 3324 2871 3381 irascitur.
2921 3326 2990 3381 Et
3037 3324 3208 3382 alibi:
3243 3329 3441 3397 Irasci,

1854 3395 1947 3470 ait,
1973 3397 2131 3470 fratri
2155 3407 2211 3448 ut
2238 3399 2549 3470 corrigatur,
2583 3399 2757 3452 nullus
2787 3414 2926 3452 same
2954 3400 3137 3451 mentis
3165 3395 3441 3470 reprelienQ

1851 3467 1946 3520 dit.
1965 3465 2281 3534 Hujusmodi
2312 3465 2446 3521 enim
2470 3477 2635 3522 motus
2661 3470 2725 3521 de
2752 3487 2925 3523 amore
2954 3470 3071 3521 boni
3101 3479 3146 3522 et
3175 3465 3238 3523 de
3264 3486 3442 3527 sancta

1850 3538 2100 3591 charitate
2128 3540 2399 3599 venientes.
2424 3542 2547 3593 uitia
2569 3540 2788 3594 dicenda
2811 3556 2914 3593 non
2942 3550 3083 3604 sunt,
3106 3557 3221 3593 cum
3252 3554 3444 3597 rectam

1851 3610 2106 3662 rationem
2137 3619 2435 3677 sequantur.

1927 3688 1951 3716 ο
1982 3680 2041 3733 D.
2074 3679 2403 3747 Augustinus
2434 3680 2661 3748 epistola
2698 3681 2990 3735 centesima
3018 3696 3033 3732 :
3067 3679 3336 3747 Subrepit,
3361 3682 3443 3735 in-

1850 3749 1994 3819 quit,
2027 3750 2149 3802 dum
2184 3751 2317 3801 nulli
2347 3752 2591 3803 irascenti
2621 3752 2697 3801 ira
2744 3767 2839 3802 sua
2868 3750 3065 3801 videtur
3092 3750 3291 3818 injusta
3322 3766 3339 3803 :
3368 3753 3445 3805 ita

1850 3820 2331 3875 inveterascensira
2380 3820 2439 3888 fit
2485 3820 2691 3882 odium,
2734 3821 2857 3872 dum
2903 3820 3051 3888 quasi
3072 3820 3207 3888 justi
3251 3821 3447 3876 doloris

1851 3893 2084 3945 admixta
2133 3888 2352 3942 dulcedo
2393 3889 2587 3942 diutius
2637 3905 2747 3942 eam
2774 3890 2826 3941 in
2878 3905 2996 3942 vase
3035 3888 3252 3955 detinet,
3282 3892 3446 3945 donec

1852 3971 2012 4016 totum
2062 3970 2282 4021 acescat.
2314 3976 2500 4029 vasque
2534 3968 2851 4029 corrumpat.
2901 3960 3230 4027 Quapropter
3283 3963 3447 4017 multo

1852 4034 2034 4087 melius
2076 4048 2166 4105 nec
2196 4032 2341 4105 juste
2366 4032 2609 4105 cuiquam
2640 4032 2947 4105 irascimur,
2968 4032 3286 4105 qttamuvelut
3301 4036 3448 4105 juste

1850 4104 2124 4159 irascendo
2153 4102 2205 4156 in
2224 4102 2446 4174 alicujus
2476 4103 2653 4156 odium
2681 4103 2773 4157 ira:
2800 4102 3001 4156 occulta
3018 4102 3272 4174 facilitate
3302 4102 3449 4157 dila-

1851 4176 2041 4228 bimur.
2081 4176 2143 4228 Et
2174 4172 2468 4243 Gregorius
2519 4174 2573 4229 in
2626 4175 2855 4243 quadam
2888 4175 3113 4242 epiSlola
3158 4172 3301 4241 (Lib.
3344 4191 3444 4241 vtt,

1850 4261 1898 4299 c.
1931 4246 2072 4317 26):
2097 4244 2191 4298 Ira
2221 4246 2264 4297 si
2287 4246 2440 4300 semel
2464 4256 2681 4317 mentem
2708 4245 2973 4317 possidens
2996 4244 3206 4317 ceperit,
3237 4249 3446 4317 justum

1850 4333 1959 4387 esse
2016 4316 2229 4387 deputat
2276 4316 2430 4372 etiam
2482 4316 2617 4387 quod
2674 4316 2949 4387 crudeliter
2995 4316 3138 4383 facit.
3195 4316 3262 4371 Et
3317 4317 3443 4372 alibi

1851 4385 1990 4456 (Lib.
2027 4402 2152 4439 ιικι
2178 4386 2367 4440 Moral.
2398 4385 2511 4455 cap.
2564 4388 2653 4456 51)
2691 4405 2701 4438 :
2737 4386 2825 4440 Ira
2859 4388 3111 4458 devictum
3159 4404 3267 4452 cor,
3291 4390 3443 4458 quasi

1851 4474 1914 4510 ea:
1954 4458 2157 4509 ratione
2199 4458 2325 4529 solet
2358 4458 2651 4521 exhortari,
2696 4474 2813 4511 cum
2863 4458 2985 4511 dicit
3022 4475 3033 4510 ε
3069 4457 3195 4523 Qua:
3220 4457 3344 4529 erga
3394 4472 3443 4515 te

1852 4535 2095 4597 aguntur,
2116 4528 2469 4601 aequanimiter
2500 4530 2620 4595 ferri
2650 4546 2752 4583 non
2776 4541 3013 4599 possunt,
3036 4529 3191 4582 immo
3219 4528 3324 4601 [uec
3353 4548 3447 4601 pa-

157 4596 511 4669 conscientiaz
560 4599 924 4653 testimonium
971 4614 1091 4654 cum
1140 4602 1590 4669 cogitationibus,
1631 4606 1744 4655 sive
1774 4606 1826 4665 1)
1853 4596 2034 4652 tienter
2085 4597 2304 4651 tolerare
2336 4611 2605 4666 peccatum
2644 4610 2717 4653 est
2751 4596 2917 4666 {quia
2954 4604 2998 4653 si
3044 4616 3148 4653 non
3206 4600 3281 4653 eis
3332 4596 3447 4654 cum

159 4667 669 4742 ratiocinationibus
688 4710 702 4731 ,
731 4671 1011 4742 λογισμοῖς,
1042 4667 1418 4742 accusantibus
1446 4672 1528 4725 vel
1559 4670 1744 4725 defen-

160 4738 446 4811 dentibus,
483 4741 751 4808 praecipue
777 4738 1012 4793 futurum
1042 4750 1123 4794 est
1153 4741 1208 4795 in
1237 4742 1741 4811 extremojudicio;

158 4818 291 4864 tunc
322 4810 465 4863 enim
514 4811 750 4865 maxime
794 4813 999 4879 aperiet
1032 4826 1092 4865 se
1138 4815 1216 4865 vis
1266 4814 1351 4865 illa
1398 4812 1746 4868 conscientia:

161 4881 471 4934 accusatrix
506 4889 560 4934 et
592 4884 925 4949 excusatrix,
968 4882 1183 4949 quando
1206 4882 1466 4951 judicabit
1512 4885 1650 4939 Deus
1681 4898 1744 4938 ea

161 4966 286 5020 qua:
312 4967 460 5006 nunc
491 4954 701 5007 occulta
728 4960 854 5005 sunt
881 4952 1017 5019 apud
1054 4954 1317 5008 homines.

232 5018 260 5056 (ι
293 5022 468 5056 ηιμ-ιρί
500 5023 710 5056 mulina.-
728 5024 969 5056 "Im-imm
988 5022 1183 5056 lmhnns
1208 5040 1219 5051 -
1246 5030 1349 5056 _::-
1378 5026 1399 5056 ἒ.
1430 5026 1593 5056 ληανέ

293 5022 469 5100 ρευωοί
500 5023 969 5100 codicesplerique
987 5022 1221 5100 habent:
1246 5030 1349 5100 πᾷς
1377 5026 1402 5080 ὁ
1429 5026 1748 5100 ὀργιζόμενος

158 5098 233 5162 τῷ
252 5091 453 5164 ἀδελφῷ
479 5095 631 5167 αὐτοῦ
660 5097 788 5167 εἰκῇ.
806 5093 857 5147 id
886 5091 989 5167 est,
1016 5095 1191 5147 omnis
1210 5095 1299 5167 qui
1324 5091 1575 5151 irascitur
1597 5091 1748 5150 lratri

159 5175 517 5237 suo‘temere,
546 5163 836 5237 immerito,
862 5165 979 5219 sine
1016 5180 1177 5237 causa
1210 5163 1427 5237 (Μυκη.
1458 5167 1546 5237 ν);
1589 5182 1746 5237 quam

160 5231 457 5287 lectionem
503 5234 647 5305 inter
675 5233 893 5289 Graecos
933 5235 1180 5304 sequitur
1210 5231 1626 5305 Chrysostmnus
1659 5236 1751 5304 (In

159 5306 484 5375 comment),
504 5304 643 5358 inter
660 5304 884 5360 Latinos
905 5308 1233 5375 Augustinus
1254 5304 1451 5370 (Serm.
1470 5310 1491 5361 l
1514 5309 1576 5360 de
1591 5324 1747 5363 serm.

162 5372 322 5446 Dom.
359 5376 412 5427 in
443 5376 665 5446 monte);
698 5385 861 5445 atque
902 5372 1028 5430 inde
1068 5377 1333 5446 colligunt
1375 5393 1479 5431 nott
1532 5392 1749 5431 omnem

163 5444 300 5518 iram
329 5445 630 5518 interdici,
663 5446 755 5518 sed
778 5444 991 5501 tantum
1020 5444 1275 5518 injustam
1306 5456 1362 5501 et
1402 5448 1749 5501 irrationabi—

161 5512 292 5569 lem.
328 5516 529 5571 Verum
550 5518 689 5571 hanc
717 5517 1025 5580 lectionem,
1047 5512 1224 5588 neque
1245 5518 1465 5573 Latinus
1488 5518 1752 5588 interpres

162 5596 386 5641 secutus
412 5597 519 5652 est,
547 5604 644 5641 nec
669 5603 787 5641 eam
817 5589 965 5642 solus
985 5587 1294 5651 Cassianus,
1327 5588 1421 5643 sed
1452 5598 1505 5641 et
1534 5588 1596 5639 D.
1631 5587 1753 5640 Hie-

164 5671 427 5726 ronymus
475 5658 614 5712 haud
646 5658 915 5729 itnntcrito
968 5659 1348 5727 reprehendit,
1378 5669 1433 5714 et
1460 5658 1589 5711 illud
1620 5660 1748 5729 εἰκῇ,

174 5735 233 5778 ut
262 5729 593 5797 superﬂuunt
613 5769 627 5794 ,
661 5743 691 5781 e
715 5728 870 5782 libris
894 5730 1219 5784 eradendutn
1251 5745 1369 5785 esse
1397 5731 1653 5783 affirmat.
1689 5729 1752 5783 Si

179 5796 341 5863 enim,
367 5800 575 5870 inquit,
616 5799 867 5866 jubemur
894 5800 1179 5855 verberanti
1226 5801 1442 5856 alteram
1481 5796 1751 5855 maxillam

1855 4686 2041 4740 magna
2068 4672 2450 4737 exasperatione
2480 4672 2755 4734 resistitur,
2780 4681 2958 4723 contra
2998 4682 3043 4722 te
3072 4670 3311 4740 deinceps
3335 4673 3447 4725 sine

1854 4756 2095 4795 mensura
2148 4742 2499 4796 cumulantur.
2539 4742 2669 4796 Vide
2717 4741 2777 4798 S.
2808 4742 3067 4795 Thomam
3120 4740 3232 4805 1-2,
3264 4757 3319 4811 q.
3349 4743 3443 4808 46,

1856 4820 1957 4866 art.
1992 4819 2045 4875 4,
2078 4811 2164 4866 ubi
2197 4812 2355 4867 docet
2389 4814 2518 4866 iram
2550 4829 2669 4867 esse
2698 4828 2814 4864 cum
2861 4813 3081 4878 ratione,
3115 4812 3218 4864 sive
3240 4813 3447 4878 judicio

1855 4884 2106 4947 rationis;
2138 4883 2276 4936 unde
2317 4884 2440 4935 dicit
2472 4882 2826 4949 Philosophus
2873 4885 2924 4936 in
2958 4883 3088 4936 libro
3134 4882 3196 4935 de
3226 4882 3448 4936 Proble-

1858 4955 2079 5007 matibus
2112 4954 2274 5023 (Sect.
2307 4956 2359 5017 ὅ,
2394 4953 2641 5023 problem.
2666 4954 2746 5020 ‘2),
2779 4954 2989 5023 quodii
3033 4954 3119 5021 qui
3148 4964 3266 5023 sunt
3298 4952 3449 5006 valde

1856 5024 2004 5085 ebrii,
2037 5032 2299 5093 tamquam
2330 5023 2461 5074 nihil
2490 5022 2729 5093 habentes
2756 5024 2818 5076 de
2836 5022 3045 5093 judicio
3072 5022 3313 5087 rationis,
3342 5038 3443 5093 non

1856 5093 2184 5155 irascuntur;
2207 5091 2293 5143 sed
2324 5092 2530 5156 quando
2558 5103 2677 5144 sunt
2702 5091 2885 5159 parum
2901 5093 3048 5153 ebrii,
3077 5104 3337 5160 tamquam
3360 5092 3447 5145 Im-

1855 5160 2295 5232 bentesjudicium
2314 5161 2556 5232 rationis,
2582 5160 2672 5213 sed
2699 5161 3037 5232 impeditum.
3053 5161 3256 5216 Dicitur
3277 5170 3446 5232 autem

1853 5234 1933 5287 ira
1971 5228 2077 5286 esse
2107 5246 2221 5283 cum
2243 5229 2444 5282 ratione
2470 5232 2747 5301 secundum
2766 5228 3446 5301 Philosoghum(vttEthic.

1856 5321 1973 5372 cap.
2007 5302 2086 5368 6),
2118 5302 2238 5372 quia
2264 5302 2456 5372 appetit
2487 5300 2681 5353 malum
2708 5301 2918 5355 alterius
2947 5300 3037 5355 sub
3064 5301 3265 5353 ratione
3293 5300 3447 5372 iusta:

1854 5370 2110 5429 vindictaz.
2132 5370 2545 5443 iltaque'spectat
2574 5373 2627 5425 in
2649 5373 2848 5441 objecta
2864 5372 3137 5443 imaginem
3161 5370 3444 5443 quamdam

1849 5447 2104 5516 justitiaz,
2136 5456 2189 5499 ut
2224 5441 2484 5515 justitiam
2533 5443 2897 5516 vindicaturam
2939 5442 3136 5516 imitari
3172 5441 3445 5516 rideatur.

1862 5519 2013 5593 Sicut
2041 5512 2332 5593 enim-lucc
2359 5516 2563 5593 appetit
2612 5513 2808 5593 malum
2840 5512 3072 5593 proximi
3103 5512 3203 5592 sub
3235 5512 3445 5593 ratione

1856 5586 2013 5656 jnstm
2064 5586 2333 5663 vindicite.
2366 5587 2445 5641 sic
2476 5588 2549 5641 ira
2581 5584 2681 5663 sub
2711 5584 2889 5663 specie
2927 5594 2983 5639 et
3026 5584 3257 5663 imagine
3276 5584 3444 5663 jus-tm.

1860 5654 2111 5713 vindicta:
2146 5658 2273 5711 :sed
2305 5657 2452 5734 in_eo
2478 5666 2562 5734 est
2599 5656 2917 5734 discrimen,
2951 5654 3090 5725 quod
3113 5654 3321 5734 Jttstitiu
3355 5654 3443 5734 illa

1852 5740 2073 5796 regatur
2102 5744 2223 5783 vera
2255 5728 2565 5795 prudentia:
2599 5730 2674 5783 ira
2728 5742 2833 5784 non
2878 5724 3025 5795 vera,
3084 5724 3177 5780 sed
3210 5724 3443 5795 imagine

1858 5798 2133 5853 dumtaxat
2159 5800 2477 5862 prudentiae.
