3994 6202
610 256 711 317 551

1946 248 2225 308 JOANNIS
2261 248 2571 307 CASSIANI

3773 260 3873 318 se:
3903 228 3909 233 ’

612 374 862 445 iubemur
883 373 1044 428 irasci
1062 388 1183 428 cum
1210 387 1395 436 causa,
1418 370 1579 429 etiam
1602 372 1713 427 sine
1742 386 1903 424 causa
1928 369 2192 424 irascendi
2220 374 2274 434 Α
2297 369 2461 424 licere
2485 368 2637 423 nobis
2682 368 2841 424 irasci
2872 384 2887 424 :
2916 369 3149 425 scientes
3175 384 3271 426 nos
3294 368 3635 426 discretionis
3664 369 3861 431 lumen.

614 466 773 520 nobis
806 466 1196 519 intromittatur
1225 464 1458 519 occasio.
1506 473 1531 499 ει
1563 462 1711 516 Finis
1742 462 1885 517 enim
1929 462 2203 530 patientiae

617 573 726 613 non
758 558 811 612 in
847 558 1130 611 irascendo
1175 557 1339 626 juste,
1373 556 1466 610 sed
1510 556 1725 625 penitus
1773 571 1879 609 non
1922 554 2204 609 irascendo

618 652 865 706 consistit
921 650 949 687 ι)
976 650 1125 705 Licet
1152 664 1179 705 a
1214 649 1534 719 quibusdam
1570 648 1671 703 hoc
1702 646 1871 718 ipsum
1899 648 2040 717 quod
2066 647 2204 701 diei-

619 752 706 797 tur
744 743 855 795 sine
876 758 1053 807 causa,
1089 741 1159 794 ita
1206 740 1549 809 interpretari
1578 742 1775 804 sciam,
1820 738 1963 808 quod
1996 738 2208 793 scilicet

620 836 738 888 sine
766 848 929 887 causa
977 833 1241 887 irascatur
1272 832 1317 885 is
1344 833 1432 886 cui
1459 840 1713 901 expetere
1750 830 2010 884 ultionem
2066 831 2205 884 irato

620 940 725 980 non
752 926 929 980 liceat.
962 925 1152 980 Melius
1180 934 1360 979 tamen
1383 934 1467 980 est
1491 925 1564 979 ita
1592 934 1799 991 tenere,
1826 933 1883 978 ut
1910 932 1964 978 et
1994 923 2205 978 novella

617 1019 946 1088 exemplaria
978 1018 1145 1074 multa
1174 1026 1230 1073 et
1252 1018 1474 1089 antiqua
1516 1018 1699 1075 omnia
1723 1018 2065 1073 inveniuntur
2084 1031 2207 1072 esse

620 1109 940 1179 perscripta.

1191 1218 1417 1277 CAPUT
1456 1219 1577 1275 XXI

623 1356 874 1411 Remedia
915 1357 1103 1415 auibus
1138 1357 1270 1410 iram
1318 1355 1665 1439 de.cordibus
1707 1354 1899 1409 nostris
1946 1353 2209 1409 eradicare

1275 1443 1554 1497 possimus.

688 1586 1029 1653 Quapropter
1051 1583 1310 1638 athletam
1330 1583 1531 1638 Christi
1554 1582 1794 1653 legitime
1809 1582 2205 1647 decertantem,

622 1674 913 1730 iracundia:
945 1683 1123 1729 motus
1146 1674 1404 1728 radicitus
1443 1682 1657 1741 oportet
1703 1673 1957 1727 evellere.
1989 1681 2010 1709 ο
2042 1670 2210 1740 Cujus

2307 466 2550 531 rectique
2578 463 2790 516 consilii
2822 463 3129 518 ﬁrmitatem
3152 504 3167 530 ,
3198 465 3368 533 ipsam
3391 479 3601 534 quoque
3633 466 3872 525 honesta"

2309 563 2444 619 tem,
2482 563 2532 607 et
2557 554 2788 623 justitiae
2819 555 3189 610 moderamina
3221 556 3466 625 protinus
3493 558 3803 621 amissuros,
3833 562 3873 613 si

2306 646 2605 714 principale
2652 647 2833 700 cordis
2862 648 3031 702 nostri
3066 649 3248 702 lumen
3288 648 3405 715 ejus
3449 648 3609 703 fuerit
3652 651 3874 704 tenebris

2306 738 2691 794 obscuratum:
2726 747 2835 793 tum
2866 739 3062 795 deinde
3106 741 3398 809 puritatem
3452 742 3648 796 mentis
3696 752 3877 797 nostra:

2306 844 2431 883 mox
2454 830 2892 899 perturbandam,
2930 832 3293 901 templumque
3321 846 3440 887 eam
3462 833 3632 887 sancti
3662 834 3875 903 Spiritus
3912 806 3925 909 ξ

2306 921 2445 977 efﬁci
2472 924 2693 978 omnino
2740 939 2846 978 non
2885 938 3047 993 posse
3087 924 3381 980 iracundiae
3413 927 3467 981 in
3516 926 3672 981 nobis
3702 927 3878 996 spiritu
3916 918 3919 919 ν

2307 1025 2696 1070 commorante.
2733 1016 3037 1082 Postremo,
3090 1026 3149 1071 ut
3182 1018 3505 1088 cogitemus,
3557 1034 3877 1089 nequaquam

2306 1106 2472 1162 licere
2509 1107 2665 1161 nobis
2721 1124 2915 1175 orare,
2973 1124 3075 1164 nec
3128 1110 3292 1164 iratos
3323 1110 3545 1165 fundere
3587 1126 3778 1181 preces
3820 1110 3879 1165 ad

2309 1197 2499 1253 Deum.
2532 1201 2597 1255 Et
2634 1216 2746 1270 prae
2774 1202 3022 1257 omnibus
3048 1201 3311 1256 incertum
3344 1210 3539 1255 statum
3566 1202 3881 1257 conditionis

2310 1290 2557 1345 humana:
2589 1307 2697 1361 pra:
2719 1292 2890 1346 oculis
2928 1292 3210 1356 habentes,
3240 1290 3267 1328 ἀ
3306 1293 3546 1357 quotidie
3582 1308 3683 1348 nos
3705 1293 3881 1348 creda-

2310 1398 2431 1438 mus
2458 1398 2489 1439 e
2508 1398 2734 1454 corpore
2756 1384 3103 1453 migraturos,
3130 1384 3373 1455 nihilque
3397 1386 3552 1440 nobis
3565 1387 3883 1442 continentia

2310 1477 2573 1533 castitatis
2591 1518 2604 1542 ,
2630 1476 2764 1532 nihil
2791 1478 3262 1534 abrenuntiatione
3292 1479 3532 1534 omnium
3558 1480 3879 1547 facultatum,

2312 1570 2447 1624 nihil
2475 1568 2782 1625 divitiarum
2812 1579 3147 1638 contemptu,
3181 1569 3310 1623 nihil
3333 1570 3667 1639 jejuniorum
3696 1572 3885 1642 vigilia-

2311 1681 2539 1735 rumque
2566 1665 2845 1720 laboribus
2870 1662 3283 1729 conferendum,
3316 1664 3509 1731 quibus
3542 1674 3766 1734 propter
3792 1664 3886 1717 ira-

624 1764 795 1819 morbi
824 1764 939 1819 haec
962 1765 1068 1819 erit
1099 1763 1363 1817 medicina
1390 1762 1647 1831 perfecta,
1667 1772 1724 1816 ut
1746 1762 1995 1831 primitus
2022 1760 2207 1815 creda-
2231 1757 2281 1817 Β
2309 1758 2557 1814 cundiam
2586 1759 2756 1812 solam
2778 1766 2832 1812 et
2857 1756 3039 1811 odium
3071 1756 3140 1809 ab
3179 1756 3543 1811 universitatis
3564 1756 3748 1826 judice
3771 1771 3885 1826 sup-

624 1871 743 1910 mus
774 1856 923 1910 nullo
950 1854 1111 1909 modo
1153 1854 1267 1908 sive
1305 1854 1501 1922 justis,
1534 1854 1647 1908 sive
1694 1852 1906 1923 injustis
1935 1868 2001 1907 ex
2031 1852 2208 1907 causis

2315 1850 2473 1919 plicia
2504 1848 2897 1919 promittuntur
2928 1854 3149 1902 aeterna.

1680 1965 1938 2021 ALARDI
1976 1963 2215 2021 GAZEI
2250 1960 2815 2021 COMMENTARIUS.

693 2074 717 2100 ει
743 2062 870 2117 llaec
901 2061 1169 2117 sententia
1197 2074 1263 2116 eo
1277 2060 1437 2115 modo
1455 2059 1801 2129 intelligenda
1824 2068 2051 2128 est,quo
2078 2060 2201 2113 alia:

620 2134 821 2215 similes
844 2136 1092 2215 superius
1118 2131 1725 2215 explicataamempede.
1744 2132 1822 2183 ira
1849 2130 2076 2215 vulgari,
2107 2146 2203 2184 seu

620 2205 810 2259 affectu
844 2201 1009 2257 animi
1046 2202 1185 2257 male
1215 2203 1443 2257 volentis
1487 2201 1678 2265 alteri,
1712 2201 1764 2254 in
1797 2201 1878 2254 sui
1910 2203 2200 2265 ultionem;

621 2275 925 2343 hujusmodi
951 2276 1092 2328 enim
1120 2273 1200 2328 ira
1238 2288 1452 2341 semper
1485 2281 1569 2326 est
1608 2280 1905 2343 peccatum,
1931 2272 2205 2343 patientia:

620 2341 714 2400 seu
754 2344 1157 2399 mansuetudini
1185 2344 1517 2399 contrarium
1538 2384 1552 2409 ,
1582 2341 1744 2397 etiam
1784 2344 1835 2395 in
1858 2341 2041 2410 judice
2061 2341 2206 2410 juste

625 2417 880 2485 puniente
909 2427 1214 2470 nocentem.

691 2487 718 2525 δ
736 2487 825 2541 Sic
847 2486 1179 2539 intellexisse
1208 2485 1422 2539 videtur
1445 2485 1506 2539 ί).
1531 2484 1858 2553 Augustinus
1878 2482 2005 2553 (Ubi
2024 2498 2201 2553 supra,

620 2556 712 2609 lib.
745 2573 761 2609 ι
795 2556 1022 2629 Retract.
1055 2572 1171 2625 cap.
1204 2555 1315 2625 19),
1346 2566 1403 2629 ut
1433 2555 1528 2609 ille
1551 2555 1711 2629 irasci
1742 2554 1952 2629 dicatur
1978 2556 2103 2629 εἰκῇ,
2129 2562 2209 2629 te:

620 2643 767 2682 mere
796 2636 850 2681 et
898 2628 1013 2681 sine
1043 2623 1223 2690 causa,
1271 2623 1361 2696 qui
1392 2634 1579 2694 peccat
1616 2625 1934 2689 irascendo,
1966 2623 2077 2696 seu
2112 2623 2205 2696 qui

623 2699 792 2751 iratus
821 2696 1047 2768 proximi
1081 2694 1304 2750 malum‘
1331 2696 1590 2760 intendit,
1622 2705 1715 2768 aut
1742 2710 1864 2768 eum
1910 2695 2044 2768 odit.
2105 2694 2206 2759 Qui

620 2768 774 2834 enim,
802 2765 997 2837 inquit,
1023 2768 1196 2833 fratri,
1223 2783 1337 2821 non
1363 2776 1593 2836 peccato,
1620 2765 1886 2829 irascitur,
1909 2766 2019 2818 sine
2044 2780 2205 2818 causa

620 2840 876 2892 irascitur.

696 2908 999 2964 cllemedia
1049 2908 1309 2962 nonnulla
1356 2907 1621 2963 adversus
1667 2908 1799 2962 iram
1848 2922 1941 2962 seu
1991 2907 2206 2960 iracun-

620 2978 761 3034 diam
810 2978 1049 3047 suggerit
1092 2979 1400 3044 Cassianus,
1452 2995 1519 3032 ex
1571 2979 1635 3033 iis
1666 2993 1786 3047 quae
1834 2978 2093 3032 hactenus
2137 2976 2205 3030 de

620 3050 721 3103 hoc
743 3050 874 3104 vitio
890 3049 1146 3103 disseruit
1177 3051 1421 3103 collecta.
1449 3049 1656 3115 Quibus
1680 3052 1830 3115 plura
1859 3050 1903 3103 si
1934 3048 2200 3118 requiras,

621 3119 741 3173 vide
771 3120 831 3172 D.
866 3119 1120 3172 Basilium
1172 3118 1226 3173 in
1257 3120 1473 3173 bomilia
1524 3120 1594 3173 de
1626 3120 1728 3187 ira,
1759 3120 2075 3174 Cassianum
2110 3118 2201 3172 iti-

2306 2058 2426 2111 dem
2457 2056 2639 2111 collat.
2675 2056 2762 2119 l6,
2793 2069 2913 2124 cap.
2941 2053 3030 2120 27,
3079 2064 3134 2110 et
3152 2053 3333 2109 collat.
3359 2052 3447 2114 18,
3474 2067 3596 2119 cap.
3634 2052 3704 2107 12
3730 2062 3778 2107 et
3802 2055 3880 2117 l5,

2304 2128 2393 2182 ubi
2423 2127 2489 2181 de
2506 2126 2759 2195 patientia
2783 2123 3109 2194 acquirenda
3135 2126 3351 2195 disserit
3377 2125 3545 2179 abbas
3565 2123 3879 2187 Piammon.;

2306 2199 2371 2252 D.
2403 2194 2721 2267 Gregorium
2758 2197 2848 2250 lib.
2884 2212 2911 2247 ν
2942 2196 3130 2250 Moral.
3158 2210 3280 2267 cap.
3311 2194 3410 2256 δίς
3458 2209 3523 2267 ex
3562 2195 3879 2267 recentiori-

2307 2270 2429 2332 bus,
2462 2265 2933 2323 Turrecrematum
2963 2277 3122 2321 tract.
3155 2266 3188 2319 '5
3217 2267 3271 2320 in
3307 2265 3563 2334 ltegulam
3612 2266 3677 2318 υ.
3728 2265 3884 2319 Bene-

2307 2339 2437 2393 dicti
2467 2379 2482 2405 ,
2512 2348 2567 2393 et
2596 2339 2655 2392 Ρ.
2684 2337 3027 2392 Leonardum
3070 2337 3315 2392 Lessium
3356 2336 3423 2390 de
3446 2336 3670 2390 iustitia
3696 2347 3750 2391 et
3773 2334 3884 2395 Jurc

2309 2409 2403 2463 lib.
2435 2426 2515 2474 tn,
2548 2424 2668 2478 cap.
2700 2407 2756 2473 ‘2,
2784 2418 2836 2462 et
2874 2408 2968 2461 lib.
3006 2422 3077 2472 tv,
3102 2423 3221 2476 cap.
3255 2408 3306 2462 4.

2381 2480 2407 2515 ά
2424 2480 2601 2533 Facile
2615 2477 2747 2533 enim
2769 2479 3046 2531 contemnit
3069 2480 3260 2541 omnia,
3285 2478 3373 2547 qui
3401 2492 3455 2531 se
3479 2477 3774 2547 cogitaverit
3795 2492 3883 2530 esse

2309 2552 2631 2614 moriturum,
2661 2550 2736 2604 ait
2764 2549 2822 2601 D.
2854 2549 3213 2619 Hieronymus
3239 2549 3479 2619 Epistula
3501 2550 3568 2601 ad
3600 2547 3873 2619 Paulinum

2312 2621 2502 2691 (Epist.
2538 2622 2682 2691 l05).
2727 2620 2857 2673 Hinc
2900 2617 3104 2691 Eccles.
3135 2617 3298 2674 χχιιι
3330 2636 3342 2670 :
3369 2617 3882 2691 MementoLnouissi-

2310 2689 2528 2757 morum,
2561 2701 2609 2744 et
2639 2689 2831 2755 desine,
2879 2690 2964 2743 vel
2994 2690 3195 2744 desines
3220 2690 3499 2743 inimicari.
3536 2689 3601 2743 Et
3635 2689 3692 2745 S.
3724 2689 3881 2743 Maca-

2315 2764 2425 2816 rius
2451 2761 2654 2817 dixisse
2675 2760 2845 2815 fertur
2869 2777 2883 2813 :
2916 2759 3228 2814 Monachum
3249 2760 3323 2813 ita
3340 2760 3520 2814 debere
3538 2759 3761 2829 jejuniis
3779 2774 3881 2826 ape-

2309 2849 2423 2885 ram
2453 2833 2603 2901 dare,
2652 2833 2799 2902 quasi
2846 2847 3045 2898 semper
3068 2833 3297 2902 uicturus
3324 2832 3390 2883 sit
3419 2846 3437 2883 :
3466 2831 3539 2882 ita
3580 2844 3705 2884 vero
3733 2837 3879 2882 motus

2308 2904 2468 2957 animi
2490 2901 2771 2970 refrenare,
2794 2910 2842 2955 et
2868 2902 3185 2973 injuriarum
3209 2901 3459 2973 oblivisci,
3489 2910 3752 2973 tamquam
3767 2914 3877 2968 quo-

2308 2974 2432 3028 tidie
2480 2974 2546 3028 sit
2577 2975 2891 3038 moriturus,
2918 2971 3001 3025 ἰιι
3030 2973 3202 3027 refert
3241 2971 3530 3026 Cassianus
3578 2972 3683 3025 lib.
3719 2987 3746 3022 ν
3774 2983 3874 3037 cap.

2308 3046 2509 3185 ultir‘no)
2535 3045 2691 3112 (vide
2739 3044 2956 3099 Climac.
2985 3043 3155 3113 gradu
3198 3042 3254 3110 6,
3280 3043 3368 3112 qui
3412 3050 3485 3095 est
3538 3042 3601 3095 de
3657 3041 3877 3097 memoria

2308 3132 2417 3169 mor
2444 3132 2487 3169 ts
2521 3154 2533 3168 .

2306 3117 2533 3169 mortis).

1697 3318 2177 3431 LIBER
2248 3319 2357 3425 N
2366 3318 2612 3424 ΟΝ
2616 3319 2825 3427 US.

1876 3480 1961 3531 DE
1993 3477 2245 3529 SPIRITU
2280 3476 2629 3529 TRISTITLE.

1986 3723 2214 3783 CAPUT
2252 3696 2538 3783 putauit.

700 3817 935 3888 'Quinto
955 3818 1115 3875 nobis
1134 3818 1432 3876 certamine
1450 3815 1479 3857 δ
1511 3816 1692 3875 edacis
1724 3818 1957 3875 tristitia:
1985 3819 2191 3874 stimuli

2300 3816 2629 3875 retundendi
2653 3823 2798 3872 sunt.
2824 3814 2958 3882 Quae
2984 3815 3030 3871 si
3071 3814 3272 3886 passim
3316 3829 3415 3886 per
3437 3815 3684 3885 singulos
3715 3818 3873 3873 incur-

1702 3957 1957 4013 ALARDl
1996 3956 2231 4015 GAZEI
2267 3957 2829 4015 COMMENTARIUS.

686 4058 712 4087 α
742 4047 1064 4121 Ττὶίειίιὶίξιη,
1096 4061 1192 4104 seu
1234 4048 1467 4103 tristitiae
1495 4042 1921 4121 spiritnm_vitiis
1952 4051 2199 4116 capitali-
2224 4054 2269 4120 ο
2302 4052 2389 4115 t8,
2421 4068 2536 4121 cap.
2566 4052 2734 4121 quin).
2770 4049 3070 4121 Rationem
3117 4048 3428 4121 nonnullam
3477 4050 3783 4121 subindicat
3818 4051 3873 4103 υ.

618 4122 717 4175 bus
753 4120 939 4189 quinto
969 4119 1091 4173 loco
1121 4128 1475 4189 annumerat,
1514 4128 1571 4170 et
1624 4118 1868 4189 proxime
1897 4127 2019 4187 post
2058 4121 2192 4174 iram

617 4187 859 4245 nominat
886 4190 1201 4253 Cassianus,
1235 4203 1297 4241 ea
1328 4187 1579 4257 nimirum
1621 4188 1849 4251 ratione,
1876 4202 2035 4257 quam
2068 4191 2198 4244 alibi

616 4263 884 4330 expressit
926 4258 1144 4329 (Collat.
1168 4275 1224 4324 v,
1257 4275 1369 4327 cap.
1399 4256 1507 4330 l0),
1532 4258 1700 4330 quod
1722 4259 1785 4311 de
1828 4256 1907 4311 ira
1934 4260 2198 4313 tristitiam

618 4328 897 4399 pullulare,
930 4328 1143 4399 ideoque
1172 4341 1228 4383 ut
1258 4328 1465 4399 tristitia
1498 4328 1842 4396 propellatur,
1877 4330 2020 4397 prius
2064 4330 2198 4384 iram

615 4401 823 4453 extrudi
855 4398 1162 4470 necessesit.
1191 4398 1422 4470 Cuihac
1453 4400 1503 4452 in
1540 4406 1696 4470 parte
1722 4399 2001 4470 suffragari
2031 4399 2195 4455 etiam

616 4472 827 4526 videtur
858 4471 918 4523 D.
945 4469 1236 4539 Gregorius
1261 4469 1352 4522 lib.
1384 4484 1509 4522 χιιι
1533 4469 1723 4524 Moral.
1749 4468 1909 4537 c.5l,
1933 4471 2020 4525 ubi
2042 4472 2198 4526 vitio-

615 4557 730 4595 rum
758 4541 1065 4610 capitaliutn
1091 4540 1336 4595 ordinem
1358 4542 1843 4609 cognationemque
1874 4556 2149 4607 exponens
2177 4559 2190 4595 :

617 4611 698 4666 Ea:
728 4611 1047 4683 ira.i_nquit,
1070 4611 1277 4665 tristitia
1302 4612 1501 4675 oritur;
1523 4611 1645 4683 quia
1670 4611 1871 4683 turbata
1910 4628 2069 4671 mens.
2094 4629 2196 4683 quo

613 4700 667 4734 se
699 4681 991 4751 inordinate
1043 4683 1305 4745 concutit,
1346 4698 1407 4737 eo
1460 4681 1750 4734 addicendo
1792 4681 2114 4751 confunditf
2149 4693 2197 4737 et

614 4768 727 4804 cum
758 4749 1081 4823 dulcedinem
1102 4752 1495 4823 tranquillitatis
1520 4751 1766 4817 amiserit,
1787 4749 1916 4823 nihil
1945 4754 2077 4805 hanc
2099 4756 2198 4807 nisi

613 4837 675 4874 ex
695 4821 1081 4892 perturbatione
1104 4821 1414 4892 subsequens
1432 4837 1613 4876 maeror
1636 4822 1821 4891 pascit.
1858 4821 2053 4876 Verum
2096 4826 2197 4877 ali-

615 4889 1045 4959 ter'Cassianus,
1101 4889 1272 4947 aliter
1304 4891 1599 4961 Gregorius
1638 4889 1921 4946 tristitiam
1974 4894 2192 4961 accipit.

613 4963 906 5017 Cassianus
936 4964 1079 5019 enim
1115 4963 1394 5033 tristitiam,
1416 4964 1484 5016 ab
1510 4961 1690 5017 acedia
1723 4962 2025 5033 distinguit,
2053 4966 2195 5020 unde

611 5044 665 5087 et
690 5034 984 5103 separatim
1013 5044 1069 5089 et
1090 5032 1345 5088 di5tincte
1366 5032 1433 5087 de
1464 5033 1563 5086 hac
1583 5043 1638 5089 et
1666 5034 1757 5088 illa
1786 5032 2027 5102 agithoc
2055 5034 2194 5090 libro

609 5112 665 5158 et
691 5107 967 5173 sequenti;
996 5114 1051 5157 at
1098 5105 1163 5157 Ι).
1192 5103 1484 5171 Gregorius
1514 5105 1754 5159 acediam
1802 5105 2072 5159 tristitiam
2105 5120 2196 5160 no-

610 5179 816 5241 minat,
850 5175 1137 5243 etquidem
1169 5176 1602 5241 convenientius,
1633 5185 1689 5229 ut
1728 5175 1789 5228 D.
1824 5175 2061 5231 Thomas
2108 5192 2195 5231 as-

610 5250 740 5301 serit
770 5247 905 5308 (2-2.
933 5262 985 5315 q.
1018 5243 1110 5309 '55,
1142 5262 1193 5297 a.
1227 5246 1261 5299 5
1295 5246 1363 5296 ad
1405 5244 1481 5314 ι),
1512 5256 1561 5300 et
1595 5262 1657 5301 ex
1704 5249 2053 5313 sequentibus
2104 5250 2193 5301 fiet

611 5318 976 5371 manife~tunt.
1009 5315 1202 5369 Mirum
1227 5325 1403 5369 autem
1434 5317 1598 5370 videri
1647 5325 1842 5383 potest,
1875 5319 2018 5384 quod
2060 5316 2191 5371 Cas-

2300 4118 2534 4193 Thomas
2564 4120 2648 4193 bis
2668 4118 2846 4193 verbis
2875 4119 3011 4193 (2-2,
3040 4138 3092 4190 q.
3120 4118 3210 4186 57,
3242 4128 3345 4174 art.
3461 4119 3660 4193 rForte
3687 4133 3874 4193 propter

2299 4191 2412 4258 hoc,
2442 4191 2579 4262 quod
2605 4191 2803 4244 invidia
2838 4191 3107 4261 manifeste
3148 4206 3211 4244 ex
3252 4191 3399 4245 inani
3427 4191 3593 4262 gloria
3632 4191 3870 4256 nascitur,

2369 4400 2397 4440 δ
2437 4400 2675 4476 Edacem
2726 4401 2859 4456 dicit
2892 4402 3214 4476 tristitiam,
3265 4418 3372 4476 non
3411 4402 3586 4457 solum
3628 4414 3870 4476 respectu

2300 4473 2547 4541 corporis
2572 4482 2627 4527 et
2657 4473 2959 4540 corporalis
2999 4474 3153 4539 vitae,
3187 4475 3275 4528 cui
3322 4489 3429 4541 pra:
3457 4474 3670 4529 cteteris
3712 4473 3866 4528 animi

2297 4543 2647 4611 passionibus
2679 4559 2926 4611 magnum
2970 4544 3127 4599 affert
3165 4555 3543 4599 nocumentutn
3566 4587 3580 4608 ,
3613 4554 3750 4601 teste
3782 4561 3868 4601 ex-

2299 4615 2560 4686 perientia
2597 4614 2680 4684 (S.
2708 4614 2888 4668 Thom.
2918 4612 3009 4666 1-2
3032 4656 3044 4678 ,
3069 4631 3121 4685 q.
3148 4614 3237 4679 '57,
3270 4633 3321 4669 a.
3353 4614 3432 4686 4);
3465 4616 3557 4668 sed
3582 4618 3748 4671 etiam
3779 4630 3868 4669 suo

2298 4685 2480 4756 modo,
2514 4694 2762 4751 respectu
2790 4685 3001 4745 animae.
3034 4695 3093 4740 ut
3118 4701 3187 4740 ex
3212 4685 3565 4755 sequentibus
3593 4686 3861 4756 colligitur

2299 4754 2446 4824 (Cap.
2472 4757 2551 4824 5),
2586 4756 2677 4810 ubi
2709 4756 2839 4809 dicit
2871 4757 3097 4809 animam
3127 4754 3447 4810 edacissimis
3490 4754 3866 4811 tristitimmor-

2298 4826 2438 4879 sibus
2465 4826 2723 4898 devorari.
2760 4827 2831 4879 De
2857 4829 3103 4895 corporis
3140 4835 3319 4881 autem
3354 4840 3699 4898 nocumento,
3728 4825 3865 4898 quod

2296 4912 2359 4950 ex
2404 4896 2621 4951 tristitia
2662 4898 3022 4961 contrahitur,
3053 4898 3208 4967 plura
3236 4907 3361 4951 sunt
3385 4897 3679 4967 Scriptura:
3708 4896 3859 4952 testi-

2299 4968 2498 5042 monia.
2551 4967 2809 5042 Proverb.
2861 4984 2973 5022 xvu
3017 4986 3027 5020 :
3064 4967 3129 5021 In
3178 4984 3393 5042 mturare
3437 4971 3596 5042 animi
3634 4970 3865 5042 dejicitur

2295 5037 2540 5109 spiritus;
2586 5038 2786 5109 animus
2828 5042 3055 5109 gaudens
3096 5048 3296 5093 (etatem
3347 5040 3469 5109 facit
3506 5037 3785 5109 ﬂoridam,
3823 5047 3865 5089 et

2295 5108 2507 5173 spiritus
2539 5108 2695 5161 tristis
2723 5108 2938 5162 exsiccat
2978 5126 3108 5161 ossa.
3155 5108 3357 5163 Eccles.
3401 5108 3549 5164 xxxi:
3588 5110 3863 5164 Tristitiam

2296 5176 2448 5247 longe
2476 5177 2673 5247 expelle
2695 5196 2726 5231 α
2754 5190 2823 5244 te;
2849 5179 3033 5232 multos
3063 5180 3194 5232 enim
3212 5181 3395 5234 occidit
3426 5182 3657 5246 tristitia,
3692 5192 3738 5234 et
3770 5195 3863 5232 non

2294 5258 2369 5302 est
2394 5246 2594 5302 utilitas
2642 5251 2694 5301 in
2725 5266 2802 5302 ea.
2840 5250 2902 5303 Et
2926 5252 3102 5318 capite
3130 5266 3331 5305 xxxvm
3364 5270 3376 5303 :
3411 5250 3599 5304 Melior
3630 5263 3703 5304 est
3735 5264 3864 5302 mors

2298 5334 2451 5392 quam
2484 5320 2841 5392 _vita_amara_.
2876 5330 2920 5392 et
2961 5337 2991 5371 a
3038 5322 3242 5372 tristitia
3291 5323 3494 5392 festinat
3540 5339 3692 5375 mors.
3741 5320 3864 5384 Qua:

610 5385 2055 5486 :l'l‘i't‘l‘tlS-i'll.ll.agn\'lligrggl‘chililijllm‘if}.liifjllj:lglain
2070 5402 2188 5486 :IOI:
2216 5424 2268 5486 D
2301 5385 2480 5486 omnia
2497 5390 2786 5486 locum
2808 5385 3401 5486 b'abeantetveritu'tem
3422 5393 3722 5475 inquatibet
3745 5405 3860 5486 site-

609 5457 938 5531 nominarit;
971 5472 1092 5531 cum
1119 5467 1295 5531 tamen
1326 5464 1536 5531 constet
1565 5455 2038 5531 tttvidiatn‘vitium
2069 5472 2189 5531 esse
2217 5455 2268 5486 υ
2292 5460 2376 5513 cie
2406 5462 2669 5525 tristitiae,
2702 5460 3048 5531 peculiariter
3078 5470 3261 5515 tamen
3292 5473 3345 5517 et
3386 5455 3655 5531 praecipue
3682 5462 3860 5515 iubae

608 5527 861 5601 capitale,
896 5536 951 5580 et
977 5542 1006 5580 a
1038 5528 1098 5579 ι).
1131 5527 1390 5601 Gregorio
1412 5537 1465 5580 et
1485 5528 1605 5601 aliis
1627 5526 1942 5601 doctoribus
1969 5528 2019 5579 in
2047 5528 2188 5601 vitiis
2291 5532 2525 5584 secunda
2546 5574 2559 5595 ,
2598 5526 2883 5601 utdtctum
2915 5540 3031 5597 est,
3077 5548 3179 5599 qua
3211 5526 3423 5589 animus
3455 5526 3696 5587 molestia
3742 5547 3859 5601 pre-

610 5596 935 5667 capitalibus
964 5594 1304 5650 numeretur:
1336 5598 1501 5667 immo
1527 5599 1595 5649 ab
1625 5596 1742 5664 ipso
1775 5594 2033 5652 Cassiano
2068 5597 2184 5663 plu-
2292 5602 2456 5654 mitur
2498 5594 2567 5654 ob
2608 5600 2987 5655 adversitatcm
3017 5594 3125 5656 aut
3155 5605 3517 5664 calamitatem
3566 5594 3854 5667 incursant,

610 5665 759 5745 ribus
780 5668 833 5745 i_n
857 5668 989 5745 toris
1010 5667 1173 5745 simul
1201 5665 1905 5745 cum“vitiisnprincipaltbus
1926 5668 2188 5745 jungatur
2290 5686 2410 5738 qua:
2441 5672 2585 5745 nullo
2615 5672 2826 5745 meliori
2871 5672 3266 5730 medicamento
3295 5690 3452 5745 quam
3482 5676 3735 5745 patientia
3766 5665 3856 5727 cué

611 5743 666 5785 et
686 5736 995 5788 coufet‘at'ur
1025 5734 1163 5797 (Lib.
1196 5750 1224 5789 v
1244 5750 1289 5787 c.
1312 5736 1376 5788 2t
1403 5747 1447 5789 et
1469 5735 1540 5788 2‘2
1564 5752 1577 5799 ;
1603 5734 1709 5790 lib.’
1729 5753 1824 5802 vn,
1849 5755 1893 5792 c.
1923 5739 1977 5802 5,
2004 5734 2181 5793 collat.
2289 5734 2440 5796 ratur
2470 5750 2522 5795 et
2548 5736 2855 5807 depellitur.
