  <div class='ocr_page' id='page_1' title='image "/cluster/home/n/w/nwhite01/storage/ocr_20150623/49/uva.x000827093/184.png"; bbox 0 0 4016 6202; ppageno 0'>
   <div class='ocr_carea' id='block_1_1' title="bbox 112 250 206 315">
    <p class='ocr_par' dir='ltr' id='par_1_1' title="bbox 112 250 206 315">
     <span class='ocr_line' id='line_1_1' title="bbox 112 250 206 315; baseline -0.011 0"><span class='ocrx_word' id='word_1_1' title='bbox 112 250 206 315; x_wconf 74' lang='lat'><strong>553</strong></span> 
     </span>
    </p>
   </div>
   <div class='ocr_carea' id='block_1_2' title="bbox 645 249 2844 315">
    <p class='ocr_par' dir='ltr' id='par_1_2' title="bbox 645 249 2844 315">
     <span class='ocr_line' id='line_1_2' title="bbox 645 249 2844 315; baseline 0 -3"><span class='ocrx_word' id='word_1_2' title='bbox 645 255 740 314; x_wconf 85' lang='lat' dir='ltr'><strong>DE</strong></span> <span class='ocrx_word' id='word_1_3' title='bbox 778 253 1253 315; x_wconf 78' lang='lat' dir='ltr'><strong>C(ENOBIORUM</strong></span> <span class='ocrx_word' id='word_1_4' title='bbox 1290 249 1534 314; x_wconf 81' lang='lat' dir='ltr'><strong>INSTIT.</strong></span> <span class='ocrx_word' id='word_1_5' title='bbox 1580 253 1710 312; x_wconf 89' lang='lat' dir='ltr'><strong>LIB.</strong></span> <span class='ocrx_word' id='word_1_6' title='bbox 1769 252 1863 313; x_wconf 84' lang='lat' dir='ltr'><strong>IX.</strong></span> <span class='ocrx_word' id='word_1_7' title='bbox 1907 286 1977 298; x_wconf 90' lang='lat'>-</span> <span class='ocrx_word' id='word_1_8' title='bbox 2008 250 2096 312; x_wconf 83' lang='lat' dir='ltr'><strong>DE</strong></span> <span class='ocrx_word' id='word_1_9' title='bbox 2137 251 2411 313; x_wconf 80' lang='lat' dir='ltr'><strong>SPIRITU</strong></span> <span class='ocrx_word' id='word_1_10' title='bbox 2451 253 2844 313; x_wconf 61' lang='lat' dir='ltr'><strong>TBlSTlTl/E.</strong></span> 
     </span>
    </p>
   </div>
   <div class='ocr_carea' id='block_1_3' title="bbox 3278 230 3385 323">
    <p class='ocr_par' dir='ltr' id='par_1_3' title="bbox 3278 230 3385 323">
     <span class='ocr_line' id='line_1_3' title="bbox 3278 230 3385 323; baseline 0.009 -1"><span class='ocrx_word' id='word_1_11' title='bbox 3278 230 3385 323; x_wconf 72' lang='lat' dir='ltr'><strong>ast</strong></span> 
     </span>
    </p>
   </div>
   <div class='ocr_carea' id='block_1_4' title="bbox 111 368 3392 447">
    <p class='ocr_par' dir='ltr' id='par_1_4' title="bbox 111 368 3392 447">
     <span class='ocr_line' id='line_1_4' title="bbox 111 368 3392 447; baseline 0.002 -23"><span class='ocrx_word' id='word_1_12' title='bbox 111 383 193 425; x_wconf 88' lang='lat' dir='ltr'><strong>sus</strong></span> <span class='ocrx_word' id='word_1_13' title='bbox 215 376 269 424; x_wconf 91' lang='lat' dir='ltr'><strong>et</strong></span> <span class='ocrx_word' id='word_1_14' title='bbox 301 368 550 426; x_wconf 88' lang='lat' dir='ltr'><strong>incertos</strong></span> <span class='ocrx_word' id='word_1_15' title='bbox 594 384 661 426; x_wconf 86' lang='lat' dir='ltr'><strong>ac</strong></span> <span class='ocrx_word' id='word_1_16' title='bbox 694 372 877 426; x_wconf 88' lang='lat' dir='ltr'><strong>varios</strong></span> <span class='ocrx_word' id='word_1_17' title='bbox 917 386 1080 426; x_wconf 89' lang='lat' dir='ltr'><strong>casus</strong></span> <span class='ocrx_word' id='word_1_18' title='bbox 1134 370 1412 427; x_wconf 77' lang='lat' dir='ltr'><strong>obtinendi</strong></span> <span class='ocrx_word' id='word_1_19' title='bbox 1460 371 1696 425; x_wconf 90' lang='lat' dir='ltr'><strong>animum</strong></span> <span class='ocrx_word' id='word_1_20' title='bbox 1724 369 1969 433; x_wconf 77' lang='lat' dir='ltr'><strong>Acordi.</strong></span> <span class='ocrx_word' id='word_1_21' title='bbox 2001 369 2149 425; x_wconf 90' lang='lat' dir='ltr'><strong>Satis</strong></span> <span class='ocrx_word' id='word_1_22' title='bbox 2179 370 2461 426; x_wconf 80' lang='lat' dir='ltr'><strong>evidenter</strong></span> <span class='ocrx_word' id='word_1_23' title='bbox 2508 385 2574 427; x_wconf 90' lang='lat' dir='ltr'><strong>ac</strong></span> <span class='ocrx_word' id='word_1_24' title='bbox 2619 372 2837 441; x_wconf 73' lang='lat' dir='ltr'><strong>proprie</strong></span> <span class='ocrx_word' id='word_1_25' title='bbox 2884 372 2991 427; x_wconf 92' lang='lat' dir='ltr'><strong>vim</strong></span> <span class='ocrx_word' id='word_1_26' title='bbox 3038 373 3184 429; x_wconf 83' lang='lat' dir='ltr'><strong>noxii</strong></span> <span class='ocrx_word' id='word_1_27' title='bbox 3232 375 3392 447; x_wconf 80' lang='lat' dir='ltr'><strong>hujus</strong></span> 
     </span>
    </p>
   </div>
   <div class='ocr_carea' id='block_1_5' title="bbox 108 459 1696 532">
    <p class='ocr_par' dir='ltr' id='par_1_5' title="bbox 108 459 1696 532">
     <span class='ocr_line' id='line_1_5' title="bbox 108 459 1696 532; baseline 0.001 -16"><span class='ocrx_word' id='word_1_28' title='bbox 108 469 344 516; x_wconf 90' lang='lat' dir='ltr'><strong>nostrum</strong></span> <span class='ocrx_word' id='word_1_29' title='bbox 373 459 633 517; x_wconf 77' lang='lat' dir='ltr'><strong>habuerit</strong></span> <span class='ocrx_word' id='word_1_30' title='bbox 662 462 994 529; x_wconf 76' lang='lat' dir='ltr'><strong>facultatem,</strong></span> <span class='ocrx_word' id='word_1_31' title='bbox 1027 472 1053 500; x_wconf 79' lang='grc' dir='ltr'>ει</span> <span class='ocrx_word' id='word_1_32' title='bbox 1077 463 1147 518; x_wconf 90' lang='lat' dir='ltr'><strong>ab</strong></span> <span class='ocrx_word' id='word_1_33' title='bbox 1168 464 1316 518; x_wconf 94' lang='lat' dir='ltr'><strong>omni</strong></span> <span class='ocrx_word' id='word_1_34' title='bbox 1343 478 1439 518; x_wconf 90' lang='lat' dir='ltr'><strong>nos</strong></span> <span class='ocrx_word' id='word_1_35' title='bbox 1461 478 1555 532; x_wconf 88' lang='lat' dir='ltr'><strong>per</strong></span> <span class='ocrx_word' id='word_1_36' title='bbox 1580 479 1696 519; x_wconf 87' lang='lat' dir='ltr'><strong>mo-</strong></span> 
     </span>
    </p>
   </div>
   <div class='ocr_carea' id='block_1_6' title="bbox 102 553 1694 626">
    <p class='ocr_par' dir='ltr' id='par_1_6' title="bbox 102 553 1694 626">
     <span class='ocr_line' id='line_1_6' title="bbox 102 553 1694 626; baseline 0.002 -18"><span class='ocrx_word' id='word_1_37' title='bbox 102 563 279 609; x_wconf 88' lang='lat' dir='ltr'><strong>menta</strong></span> <span class='ocrx_word' id='word_1_38' title='bbox 308 553 531 623; x_wconf 90' lang='lat' dir='ltr'><strong>singula</strong></span> <span class='ocrx_word' id='word_1_39' title='bbox 562 565 780 625; x_wconf 83' lang='lat' dir='ltr'><strong>separat</strong></span> <span class='ocrx_word' id='word_1_40' title='bbox 806 555 1003 611; x_wconf 77' lang='lat' dir='ltr'><strong>divina:</strong></span> <span class='ocrx_word' id='word_1_41' title='bbox 1028 556 1503 626; x_wconf 87' lang='lat' dir='ltr'><strong>contemplationis</strong></span> <span class='ocrx_word' id='word_1_42' title='bbox 1534 556 1694 611; x_wconf 90' lang='lat' dir='ltr'><strong>intui-</strong></span> 
     </span>
    </p>
   </div>
   <div class='ocr_carea' id='block_1_7' title="bbox 102 644 1695 718">
    <p class='ocr_par' dir='ltr' id='par_1_7' title="bbox 102 644 1695 718">
     <span class='ocr_line' id='line_1_7' title="bbox 102 644 1695 718; baseline 0.004 -19"><span class='ocrx_word' id='word_1_43' title='bbox 102 654 187 711; x_wconf 90' lang='lat' dir='ltr'><strong>tu,</strong></span> <span class='ocrx_word' id='word_1_44' title='bbox 221 644 511 716; x_wconf 86' lang='lat' dir='ltr'><strong>ipsamque</strong></span> <span class='ocrx_word' id='word_1_45' title='bbox 559 658 795 703; x_wconf 83' lang='lat' dir='ltr'><strong>mentem</strong></span> <span class='ocrx_word' id='word_1_46' title='bbox 846 647 914 702; x_wconf 88' lang='lat' dir='ltr'><strong>ab</strong></span> <span class='ocrx_word' id='word_1_47' title='bbox 961 649 1223 705; x_wconf 90' lang='lat' dir='ltr'><strong>universo</strong></span> <span class='ocrx_word' id='word_1_48' title='bbox 1260 648 1507 718; x_wconf 86' lang='lat' dir='ltr'><strong>puritatis</strong></span> <span class='ocrx_word' id='word_1_49' title='bbox 1551 659 1695 706; x_wconf 87' lang='lat' dir='ltr'><strong>statu</strong></span> 
     </span>
    </p>
   </div>
   <div class='ocr_carea' id='block_1_8' title="bbox 97 738 1695 813">
    <p class='ocr_par' dir='ltr' id='par_1_8' title="bbox 97 738 1695 813">
     <span class='ocr_line' id='line_1_8' title="bbox 97 738 1695 813; baseline 0.004 -19"><span class='ocrx_word' id='word_1_50' title='bbox 97 738 371 810; x_wconf 76' lang='lat' dir='ltr'><strong>deiectam</strong></span> <span class='ocrx_word' id='word_1_51' title='bbox 419 740 665 797; x_wconf 87' lang='lat' dir='ltr'><strong>funditus</strong></span> <span class='ocrx_word' id='word_1_52' title='bbox 696 740 981 797; x_wconf 80' lang='lat' dir='ltr'><strong>labefactat</strong></span> <span class='ocrx_word' id='word_1_53' title='bbox 1028 756 1093 797; x_wconf 90' lang='lat' dir='ltr'><strong>ac</strong></span> <span class='ocrx_word' id='word_1_54' title='bbox 1119 742 1395 813; x_wconf 85' lang='lat' dir='ltr'><strong>deprimit.</strong></span> <span class='ocrx_word' id='word_1_55' title='bbox 1438 743 1552 800; x_wconf 85' lang='lat' dir='ltr'><strong>Non</strong></span> <span class='ocrx_word' id='word_1_56' title='bbox 1574 760 1695 801; x_wconf 87' lang='lat' dir='ltr'><strong>ora-</strong></span> 
     </span>
    </p>
   </div>
   <div class='ocr_carea' id='block_1_9' title="bbox 99 833 1697 909">
    <p class='ocr_par' dir='ltr' id='par_1_9' title="bbox 99 833 1697 909">
     <span class='ocr_line' id='line_1_9' title="bbox 99 833 1697 909; baseline 0.003 -22"><span class='ocrx_word' id='word_1_57' title='bbox 99 834 283 887; x_wconf 82' lang='lat' dir='ltr'><strong>tiones</strong></span> <span class='ocrx_word' id='word_1_58' title='bbox 310 847 431 888; x_wconf 88' lang='lat' dir='ltr'><strong>eam</strong></span> <span class='ocrx_word' id='word_1_59' title='bbox 461 833 682 903; x_wconf 81' lang='lat' dir='ltr'><strong>explere</strong></span> <span class='ocrx_word' id='word_1_60' title='bbox 708 848 829 889; x_wconf 89' lang='lat' dir='ltr'><strong>cum</strong></span> <span class='ocrx_word' id='word_1_61' title='bbox 861 834 1022 890; x_wconf 87' lang='lat' dir='ltr'><strong>solita</strong></span> <span class='ocrx_word' id='word_1_62' title='bbox 1053 834 1237 890; x_wconf 85' lang='lat' dir='ltr'><strong>cordis</strong></span> <span class='ocrx_word' id='word_1_63' title='bbox 1270 836 1551 893; x_wconf 88' lang='lat' dir='ltr'><strong>alacritate</strong></span> <span class='ocrx_word' id='word_1_64' title='bbox 1575 853 1697 909; x_wconf 85' lang='lat' dir='ltr'><strong>per-</strong></span> 
     </span>
    </p>
   </div>
   <div class='ocr_carea' id='block_1_10' title="bbox 104 922 1697 989">
    <p class='ocr_par' dir='ltr' id='par_1_10' title="bbox 104 922 1697 989">
     <span class='ocr_line' id='line_1_10' title="bbox 104 922 1697 989; baseline 0.004 -13"><span class='ocrx_word' id='word_1_65' title='bbox 104 922 303 989; x_wconf 78' lang='lat' dir='ltr'><strong>mittit,</strong></span> <span class='ocrx_word' id='word_1_66' title='bbox 338 938 444 978; x_wconf 93' lang='lat' dir='ltr'><strong>non</strong></span> <span class='ocrx_word' id='word_1_67' title='bbox 470 938 743 979; x_wconf 89' lang='lat' dir='ltr'><strong>sacrarum</strong></span> <span class='ocrx_word' id='word_1_68' title='bbox 772 924 1069 981; x_wconf 88' lang='lat' dir='ltr'><strong>lectionum</strong></span> <span class='ocrx_word' id='word_1_69' title='bbox 1098 926 1230 981; x_wconf 86' lang='lat' dir='ltr'><strong>sinit</strong></span> <span class='ocrx_word' id='word_1_70' title='bbox 1248 928 1506 982; x_wconf 86' lang='lat' dir='ltr'><strong>remediis</strong></span> <span class='ocrx_word' id='word_1_71' title='bbox 1549 929 1697 985; x_wconf 80' lang='lat' dir='ltr'><strong>ineu-</strong></span> 
     </span>
    </p>
   </div>
   <div class='ocr_carea' id='block_1_11' title="bbox 108 1013 1696 1088">
    <p class='ocr_par' dir='ltr' id='par_1_11' title="bbox 108 1013 1696 1088">
     <span class='ocr_line' id='line_1_11' title="bbox 108 1013 1696 1088; baseline 0.005 -21"><span class='ocrx_word' id='word_1_72' title='bbox 108 1013 258 1081; x_wconf 82' lang='lat' dir='ltr'><strong>bare,</strong></span> <span class='ocrx_word' id='word_1_73' title='bbox 291 1016 636 1087; x_wconf 88' lang='lat' dir='ltr'><strong>tranquillum</strong></span> <span class='ocrx_word' id='word_1_74' title='bbox 663 1031 879 1088; x_wconf 88' lang='lat' dir='ltr'><strong>quoque</strong></span> <span class='ocrx_word' id='word_1_75' title='bbox 923 1031 987 1072; x_wconf 93' lang='lat' dir='ltr'><strong>ac</strong></span> <span class='ocrx_word' id='word_1_76' title='bbox 1034 1018 1223 1075; x_wconf 89' lang='lat' dir='ltr'><strong>mitem</strong></span> <span class='ocrx_word' id='word_1_77' title='bbox 1267 1018 1529 1076; x_wconf 80' lang='lat' dir='ltr'><strong>fratribus</strong></span> <span class='ocrx_word' id='word_1_78' title='bbox 1578 1035 1696 1075; x_wconf 89' lang='lat' dir='ltr'><strong>esse</strong></span> 
     </span>
    </p>
   </div>
   <div class='ocr_carea' id='block_1_12' title="bbox 107 1106 1695 1183">
    <p class='ocr_par' dir='ltr' id='par_1_12' title="bbox 107 1106 1695 1183">
     <span class='ocr_line' id='line_1_12' title="bbox 107 1106 1695 1183; baseline 0.006 -25"><span class='ocrx_word' id='word_1_79' title='bbox 107 1119 213 1159; x_wconf 87' lang='lat' dir='ltr'><strong>non</strong></span> <span class='ocrx_word' id='word_1_80' title='bbox 244 1106 459 1175; x_wconf 91' lang='lat' dir='ltr'><strong>patitur,</strong></span> <span class='ocrx_word' id='word_1_81' title='bbox 492 1116 547 1162; x_wconf 90' lang='lat' dir='ltr'><strong>et</strong></span> <span class='ocrx_word' id='word_1_82' title='bbox 568 1106 635 1162; x_wconf 89' lang='lat' dir='ltr'><strong>ad</strong></span> <span class='ocrx_word' id='word_1_83' title='bbox 665 1117 861 1164; x_wconf 90' lang='lat' dir='ltr'><strong>cuncta</strong></span> <span class='ocrx_word' id='word_1_84' title='bbox 891 1110 1273 1181; x_wconf 89' lang='lat' dir='ltr'><strong>operationum</strong></span> <span class='ocrx_word' id='word_1_85' title='bbox 1301 1113 1389 1168; x_wconf 87' lang='lat' dir='ltr'><strong>vel</strong></span> <span class='ocrx_word' id='word_1_86' title='bbox 1417 1112 1695 1183; x_wconf 80' lang='lat' dir='ltr'><strong>religionis</strong></span> 
     </span>
    </p>
   </div>
   <div class='ocr_carea' id='block_1_13' title="bbox 106 1197 1695 1276">
    <p class='ocr_par' dir='ltr' id='par_1_13' title="bbox 106 1197 1695 1276">
     <span class='ocr_line' id='line_1_13' title="bbox 106 1197 1695 1276; baseline 0.005 -23"><span class='ocrx_word' id='word_1_87' title='bbox 106 1197 272 1253; x_wconf 79' lang='lat' dir='ltr'><strong>ofﬁcia</strong></span> <span class='ocrx_word' id='word_1_88' title='bbox 301 1200 676 1269; x_wconf 85' lang='lat' dir='ltr'><strong>impatientem</strong></span> <span class='ocrx_word' id='word_1_89' title='bbox 698 1210 754 1258; x_wconf 88' lang='lat' dir='ltr'><strong>et</strong></span> <span class='ocrx_word' id='word_1_90' title='bbox 774 1218 1033 1274; x_wconf 88' lang='lat' dir='ltr'><strong>asperum</strong></span> <span class='ocrx_word' id='word_1_91' title='bbox 1060 1204 1273 1271; x_wconf 86' lang='lat' dir='ltr'><strong>reddit;</strong></span> <span class='ocrx_word' id='word_1_92' title='bbox 1303 1206 1559 1276; x_wconf 90' lang='lat' dir='ltr'><strong>omnique</strong></span> <span class='ocrx_word' id='word_1_93' title='bbox 1571 1220 1695 1276; x_wconf 89' lang='lat' dir='ltr'><strong>per-</strong></span> 
     </span>
    </p>
   </div>
   <div class='ocr_carea' id='block_1_14' title="bbox 107 1290 1692 1371">
    <p class='ocr_par' dir='ltr' id='par_1_14' title="bbox 107 1290 1692 1371">
     <span class='ocr_line' id='line_1_14' title="bbox 107 1290 1692 1371; baseline 0.007 -26"><span class='ocrx_word' id='word_1_94' title='bbox 107 1290 216 1346; x_wconf 92' lang='lat' dir='ltr'><strong>dito</strong></span> <span class='ocrx_word' id='word_1_95' title='bbox 237 1292 443 1348; x_wconf 88' lang='lat' dir='ltr'><strong>salubri</strong></span> <span class='ocrx_word' id='word_1_96' title='bbox 464 1294 717 1363; x_wconf 91' lang='lat' dir='ltr'><strong>consilio,</strong></span> <span class='ocrx_word' id='word_1_97' title='bbox 743 1307 798 1352; x_wconf 91' lang='lat' dir='ltr'><strong>et</strong></span> <span class='ocrx_word' id='word_1_98' title='bbox 818 1298 1002 1356; x_wconf 85' lang='lat' dir='ltr'><strong>cordis</strong></span> <span class='ocrx_word' id='word_1_99' title='bbox 1022 1300 1327 1356; x_wconf 87' lang='lat' dir='ltr'><strong>constantia</strong></span> <span class='ocrx_word' id='word_1_100' title='bbox 1353 1301 1692 1371; x_wconf 90' lang='lat' dir='ltr'><strong>perturbata,</strong></span> 
     </span>
    </p>
   </div>
   <div class='ocr_carea' id='block_1_15' title="bbox 105 1384 1697 1467">
    <p class='ocr_par' dir='ltr' id='par_1_15' title="bbox 105 1384 1697 1467">
     <span class='ocr_line' id='line_1_15' title="bbox 105 1384 1697 1467; baseline 0.009 -30"><span class='ocrx_word' id='word_1_101' title='bbox 105 1384 247 1439; x_wconf 86' lang='lat' dir='ltr'><strong>velut</strong></span> <span class='ocrx_word' id='word_1_102' title='bbox 266 1397 534 1444; x_wconf 86' lang='lat' dir='ltr'><strong>amentem</strong></span> <span class='ocrx_word' id='word_1_103' title='bbox 561 1389 691 1445; x_wconf 86' lang='lat' dir='ltr'><strong>facit</strong></span> <span class='ocrx_word' id='word_1_104' title='bbox 715 1398 771 1447; x_wconf 90' lang='lat' dir='ltr'><strong>et</strong></span> <span class='ocrx_word' id='word_1_105' title='bbox 786 1391 998 1448; x_wconf 91' lang='lat' dir='ltr'><strong>ebrium</strong></span> <span class='ocrx_word' id='word_1_106' title='bbox 1030 1408 1251 1451; x_wconf 85' lang='lat' dir='ltr'><strong>sensum</strong></span> <span class='ocrx_word' id='word_1_107' title='bbox 1309 1394 1623 1467; x_wconf 81' lang='lat' dir='ltr'><strong>frangitque</strong></span> <span class='ocrx_word' id='word_1_108' title='bbox 1643 1404 1697 1451; x_wconf 91' lang='lat' dir='ltr'><strong>et</strong></span> 
     </span>
    </p>
   </div>
   <div class='ocr_carea' id='block_1_16' title="bbox 108 1478 941 1553">
    <p class='ocr_par' dir='ltr' id='par_1_16' title="bbox 108 1478 941 1553">
     <span class='ocr_line' id='line_1_16' title="bbox 108 1478 941 1553; baseline 0.008 -22"><span class='ocrx_word' id='word_1_109' title='bbox 108 1478 281 1534; x_wconf 89' lang='lat' dir='ltr'><strong>obruit</strong></span> <span class='ocrx_word' id='word_1_110' title='bbox 306 1478 694 1551; x_wconf 85' lang='lat' dir='ltr'><strong>desperatione</strong></span> <span class='ocrx_word' id='word_1_111' title='bbox 714 1484 941 1553; x_wconf 86' lang='lat' dir='ltr'><strong>poenali.</strong></span> 
     </span>
    </p>
   </div>
   <div class='ocr_carea' id='block_1_17' title="bbox 734 1573 1063 1631">
    <p class='ocr_par' dir='ltr' id='par_1_17' title="bbox 734 1573 1063 1631">
     <span class='ocr_line' id='line_1_17' title="bbox 734 1573 1063 1631; baseline 0.006 -2"><span class='ocrx_word' id='word_1_112' title='bbox 734 1573 965 1631; x_wconf 82' lang='lat' dir='ltr'><strong>CAPUT</strong></span> <span class='ocrx_word' id='word_1_113' title='bbox 996 1576 1063 1631; x_wconf 83' lang='lat' dir='ltr'><strong>ll.</strong></span> 
     </span>
    </p>
   </div>
   <div class='ocr_carea' id='block_1_18' title="bbox 242 1662 1544 1728">
    <p class='ocr_par' dir='ltr' id='par_1_18' title="bbox 242 1662 1544 1728">
     <span class='ocr_line' id='line_1_18' title="bbox 242 1662 1544 1728; baseline 0.008 -13"><span class='ocrx_word' id='word_1_114' title='bbox 242 1662 357 1728; x_wconf 83' lang='lat' dir='ltr'><strong>Qua</strong></span> <span class='ocrx_word' id='word_1_115' title='bbox 385 1665 627 1719; x_wconf 82' lang='lat' dir='ltr'><strong>cautione</strong></span> <span class='ocrx_word' id='word_1_116' title='bbox 652 1667 861 1721; x_wconf 81' lang='lat' dir='ltr'><strong>morbus</strong></span> <span class='ocrx_word' id='word_1_117' title='bbox 900 1668 1126 1724; x_wconf 80' lang='lat' dir='ltr'><strong>tristitite</strong></span> <span class='ocrx_word' id='word_1_118' title='bbox 1165 1670 1232 1725; x_wconf 87' lang='lat' dir='ltr'><strong>sit</strong></span> <span class='ocrx_word' id='word_1_119' title='bbox 1262 1672 1544 1727; x_wconf 88' lang='lat' dir='ltr'><strong>curandus.</strong></span> 
     </span>
    </p>
   </div>
   <div class='ocr_carea' id='block_1_19' title="bbox 1799 461 3392 538">
    <p class='ocr_par' dir='ltr' id='par_1_19' title="bbox 1799 461 3392 538">
     <span class='ocr_line' id='line_1_19' title="bbox 1799 461 3392 538; baseline 0.006 -22"><span class='ocrx_word' id='word_1_120' title='bbox 1799 476 1864 516; x_wconf 93' lang='lat' dir='ltr'><strong>ac</strong></span> <span class='ocrx_word' id='word_1_121' title='bbox 1894 461 2345 530; x_wconf 86' lang='lat' dir='ltr'><strong>perniciosissimi</strong></span> <span class='ocrx_word' id='word_1_122' title='bbox 2404 464 2556 531; x_wconf 85' lang='lat' dir='ltr'><strong>vitii,</strong></span> <span class='ocrx_word' id='word_1_123' title='bbox 2601 463 2835 535; x_wconf 89' lang='lat' dir='ltr'><strong>Spiritus</strong></span> <span class='ocrx_word' id='word_1_124' title='bbox 2874 465 3091 521; x_wconf 91' lang='lat' dir='ltr'><strong>divinus</strong></span> <span class='ocrx_word' id='word_1_125' title='bbox 3122 471 3392 538; x_wconf 81' lang='lat' dir='ltr'><strong>expressit</strong></span> 
     </span>
    </p>
   </div>
   <div class='ocr_carea' id='block_1_20' title="bbox 1799 552 2258 627">
    <p class='ocr_par' dir='ltr' id='par_1_20' title="bbox 1799 552 2258 627">
     <span class='ocr_line' id='line_1_20' title="bbox 1799 552 2258 627; baseline 0 -20"><span class='ocrx_word' id='word_1_126' title='bbox 1799 552 2072 627; x_wconf 81' lang='lat' dir='ltr'><strong>(Proverb.</strong></span> <span class='ocrx_word' id='word_1_127' title='bbox 2107 553 2258 610; x_wconf 67' lang='lat' dir='ltr'><strong>xxv‘.</strong></span> 
     </span>
    </p>
   </div>
   <div class='ocr_carea' id='block_1_21' title="bbox 2427 647 2786 707">
    <p class='ocr_par' dir='ltr' id='par_1_21' title="bbox 2427 647 2786 707">
     <span class='ocr_line' id='line_1_21' title="bbox 2427 647 2786 707; baseline 0.008 -4"><span class='ocrx_word' id='word_1_128' title='bbox 2427 647 2655 705; x_wconf 82' lang='lat' dir='ltr'><strong>CAPUT</strong></span> <span class='ocrx_word' id='word_1_129' title='bbox 2695 650 2786 707; x_wconf 88' lang='lat' dir='ltr'><strong>Ill.</strong></span> 
     </span>
    </p>
   </div>
   <div class='ocr_carea' id='block_1_22' title="bbox 1839 738 3341 814">
    <p class='ocr_par' dir='ltr' id='par_1_22' title="bbox 1839 738 3341 814">
     <span class='ocr_line' id='line_1_22' title="bbox 1839 738 3341 814; baseline 0.007 -23"><span class='ocrx_word' id='word_1_130' title='bbox 1839 738 2010 805; x_wconf 84' lang='lat' dir='ltr'><strong>Quam</strong></span> <span class='ocrx_word' id='word_1_131' title='bbox 2046 738 2491 814; x_wconf 79' lang='lat' dir='ltr'><strong>comparationem</strong></span> <span class='ocrx_word' id='word_1_132' title='bbox 2527 739 2713 814; x_wconf 78' lang='lat' dir='ltr'><strong>habeat</strong></span> <span class='ocrx_word' id='word_1_133' title='bbox 2749 742 2926 796; x_wconf 87' lang='lat' dir='ltr'><strong>anima</strong></span> <span class='ocrx_word' id='word_1_134' title='bbox 2962 760 3080 814; x_wconf 77' lang='lat' dir='ltr'><strong>qua:</strong></span> <span class='ocrx_word' id='word_1_135' title='bbox 3116 744 3341 801; x_wconf 66' lang='lat' dir='ltr'><strong>tristitia</strong></span> 
     </span>
    </p>
   </div>
   <div class='ocr_carea' id='block_1_23' title="bbox 2297 811 2889 868">
    <p class='ocr_par' dir='ltr' id='par_1_23' title="bbox 2297 811 2889 868">
     <span class='ocr_line' id='line_1_23' title="bbox 2297 811 2889 868; baseline 0.008 -5"><span class='ocrx_word' id='word_1_136' title='bbox 2297 811 2548 865; x_wconf 80' lang='lat' dir='ltr'><strong>morsibus</strong></span> <span class='ocrx_word' id='word_1_137' title='bbox 2592 811 2889 868; x_wconf 84' lang='lat' dir='ltr'><strong>devoratur.</strong></span> 
     </span>
    </p>
   </div>
   <div class='ocr_carea' id='block_1_24' title="bbox 1868 920 3386 998">
    <p class='ocr_par' dir='ltr' id='par_1_24' title="bbox 1868 920 3386 998">
     <span class='ocr_line' id='line_1_24' title="bbox 1868 920 3386 998; baseline 0.007 -21"><span class='ocrx_word' id='word_1_138' title='bbox 1868 920 2265 979; x_wconf 81' lang='lat' dir='ltr'><strong>Vestitnentum</strong></span> <span class='ocrx_word' id='word_1_139' title='bbox 2316 940 2550 995; x_wconf 79' lang='lat' dir='ltr'><strong>namque</strong></span> <span class='ocrx_word' id='word_1_140' title='bbox 2606 927 2877 982; x_wconf 91' lang='lat' dir='ltr'><strong>tinearum</strong></span> <span class='ocrx_word' id='word_1_141' title='bbox 2927 944 3026 985; x_wconf 91' lang='lat' dir='ltr'><strong>esu</strong></span> <span class='ocrx_word' id='word_1_142' title='bbox 3080 938 3386 998; x_wconf 88' lang='lat' dir='ltr'><strong>attactum,</strong></span> 
     </span>
    </p>
   </div>
   <div class='ocr_carea' id='block_1_25' title="bbox 1798 1017 3392 1091">
    <p class='ocr_par' dir='ltr' id='par_1_25' title="bbox 1798 1017 3392 1091">
     <span class='ocr_line' id='line_1_25' title="bbox 1798 1017 3392 1091; baseline 0.006 -20"><span class='ocrx_word' id='word_1_143' title='bbox 1798 1017 1998 1072; x_wconf 89' lang='lat' dir='ltr'><strong>nullius</strong></span> <span class='ocrx_word' id='word_1_144' title='bbox 2023 1019 2178 1086; x_wconf 90' lang='lat' dir='ltr'><strong>pretii</strong></span> <span class='ocrx_word' id='word_1_145' title='bbox 2198 1019 2284 1074; x_wconf 88' lang='lat' dir='ltr'><strong>vel</strong></span> <span class='ocrx_word' id='word_1_146' title='bbox 2311 1018 2525 1075; x_wconf 88' lang='lat' dir='ltr'><strong>honesti</strong></span> <span class='ocrx_word' id='word_1_147' title='bbox 2552 1035 2681 1076; x_wconf 90' lang='lat' dir='ltr'><strong>usus</strong></span> <span class='ocrx_word' id='word_1_148' title='bbox 2706 1023 2905 1091; x_wconf 90' lang='lat' dir='ltr'><strong>poterit</strong></span> <span class='ocrx_word' id='word_1_149' title='bbox 2934 1023 3159 1079; x_wconf 90' lang='lat' dir='ltr'><strong>ulterius</strong></span> <span class='ocrx_word' id='word_1_150' title='bbox 3189 1024 3392 1081; x_wconf 90' lang='lat' dir='ltr'><strong>habere</strong></span> 
     </span>
    </p>
   </div>
   <div class='ocr_carea' id='block_1_26' title="bbox 1798 1111 3390 1183">
    <p class='ocr_par' dir='ltr' id='par_1_26' title="bbox 1798 1111 3390 1183">
     <span class='ocr_line' id='line_1_26' title="bbox 1798 1111 3390 1183; baseline 0.005 -19"><span class='ocrx_word' id='word_1_151' title='bbox 1798 1111 2216 1176; x_wconf 87' lang='lat' dir='ltr'><strong>commercium;</strong></span> <span class='ocrx_word' id='word_1_152' title='bbox 2267 1111 2562 1183; x_wconf 85' lang='lat' dir='ltr'><strong>itidemque</strong></span> <span class='ocrx_word' id='word_1_153' title='bbox 2607 1113 2814 1183; x_wconf 81' lang='lat' dir='ltr'><strong>lignum</strong></span> <span class='ocrx_word' id='word_1_154' title='bbox 2867 1116 3139 1171; x_wconf 85' lang='lat' dir='ltr'><strong>vermibus</strong></span> <span class='ocrx_word' id='word_1_155' title='bbox 3193 1132 3390 1172; x_wconf 81' lang='lat' dir='ltr'><strong>exara-</strong></span> 
     </span>
    </p>
   </div>
   <div class='ocr_carea' id='block_1_27' title="bbox 1798 1203 3381 1276">
    <p class='ocr_par' dir='ltr' id='par_1_27' title="bbox 1798 1203 3381 1276">
     <span class='ocr_line' id='line_1_27' title="bbox 1798 1203 3381 1276; baseline 0.007 -21"><span class='ocrx_word' id='word_1_156' title='bbox 1798 1210 1909 1257; x_wconf 90' lang='lat' dir='ltr'><strong>tum</strong></span> <span class='ocrx_word' id='word_1_157' title='bbox 1934 1244 1947 1268; x_wconf 77' lang='grc'><strong>,</strong></span> <span class='ocrx_word' id='word_1_158' title='bbox 1977 1217 2083 1258; x_wconf 92' lang='lat' dir='ltr'><strong>non</strong></span> <span class='ocrx_word' id='word_1_159' title='bbox 2129 1203 2240 1274; x_wconf 85' lang='lat' dir='ltr'><strong>jam</strong></span> <span class='ocrx_word' id='word_1_160' title='bbox 2285 1204 2351 1259; x_wconf 90' lang='lat' dir='ltr'><strong>ad</strong></span> <span class='ocrx_word' id='word_1_161' title='bbox 2393 1214 2643 1263; x_wconf 89' lang='lat' dir='ltr'><strong>ornatum</strong></span> <span class='ocrx_word' id='word_1_162' title='bbox 2690 1209 2772 1263; x_wconf 90' lang='lat' dir='ltr'><strong>vel</strong></span> <span class='ocrx_word' id='word_1_163' title='bbox 2807 1208 3102 1265; x_wconf 90' lang='lat' dir='ltr'><strong>mediocris</strong></span> <span class='ocrx_word' id='word_1_164' title='bbox 3146 1210 3381 1276; x_wconf 67' lang='lat' dir='ltr'><strong>aedilicii,</strong></span> 
     </span>
    </p>
   </div>
   <div class='ocr_carea' id='block_1_28' title="bbox 1796 1292 3382 1370">
    <p class='ocr_par' dir='ltr' id='par_1_28' title="bbox 1796 1292 3382 1370">
     <span class='ocr_line' id='line_1_28' title="bbox 1796 1292 3382 1370; baseline 0.006 -23"><span class='ocrx_word' id='word_1_165' title='bbox 1796 1292 1891 1349; x_wconf 89' lang='lat' dir='ltr'><strong>sed</strong></span> <span class='ocrx_word' id='word_1_166' title='bbox 1930 1292 1997 1348; x_wconf 92' lang='lat' dir='ltr'><strong>ad</strong></span> <span class='ocrx_word' id='word_1_167' title='bbox 2028 1294 2457 1351; x_wconf 90' lang='lat' dir='ltr'><strong>combustionem</strong></span> <span class='ocrx_word' id='word_1_168' title='bbox 2501 1297 2640 1367; x_wconf 89' lang='lat' dir='ltr'><strong>ignis</strong></span> <span class='ocrx_word' id='word_1_169' title='bbox 2671 1298 2966 1353; x_wconf 90' lang='lat' dir='ltr'><strong>merebitur</strong></span> <span class='ocrx_word' id='word_1_170' title='bbox 2998 1299 3269 1370; x_wconf 89' lang='lat' dir='ltr'><strong>deputari.</strong></span> <span class='ocrx_word' id='word_1_171' title='bbox 3299 1301 3382 1356; x_wconf 87' lang='lat' dir='ltr'><strong>Ita</strong></span> 
     </span>
    </p>
   </div>
   <div class='ocr_carea' id='block_1_29' title="bbox 1795 1386 3388 1457">
    <p class='ocr_par' dir='ltr' id='par_1_29' title="bbox 1795 1386 3388 1457">
     <span class='ocr_line' id='line_1_29' title="bbox 1795 1386 3388 1457; baseline 0.004 -15"><span class='ocrx_word' id='word_1_172' title='bbox 1795 1386 1957 1457; x_wconf 85' lang='lat' dir='ltr'><strong>igitur</strong></span> <span class='ocrx_word' id='word_1_173' title='bbox 1987 1396 2041 1443; x_wconf 90' lang='lat' dir='ltr'><strong>et</strong></span> <span class='ocrx_word' id='word_1_174' title='bbox 2082 1388 2261 1443; x_wconf 89' lang='lat' dir='ltr'><strong>anima</strong></span> <span class='ocrx_word' id='word_1_175' title='bbox 2306 1404 2428 1456; x_wconf 66' lang='lat' dir='ltr'><strong>quae</strong></span> <span class='ocrx_word' id='word_1_176' title='bbox 2460 1388 2800 1444; x_wconf 88' lang='lat' dir='ltr'><strong>edacissimis</strong></span> <span class='ocrx_word' id='word_1_177' title='bbox 2849 1391 3081 1446; x_wconf 75' lang='lat' dir='ltr'><strong>tristitia:</strong></span> <span class='ocrx_word' id='word_1_178' title='bbox 3115 1393 3388 1448; x_wconf 88' lang='lat' dir='ltr'><strong>morsibus</strong></span> 
     </span>
    </p>
   </div>
   <div class='ocr_carea' id='block_1_30' title="bbox 1795 1478 3391 1553">
    <p class='ocr_par' dir='ltr' id='par_1_30' title="bbox 1795 1478 3391 1553">
     <span class='ocr_line' id='line_1_30' title="bbox 1795 1478 3391 1553; baseline 0.003 -20"><span class='ocrx_word' id='word_1_179' title='bbox 1795 1479 2113 1545; x_wconf 88' lang='lat' dir='ltr'><strong>devoratur,</strong></span> <span class='ocrx_word' id='word_1_180' title='bbox 2167 1478 2383 1534; x_wconf 88' lang='lat' dir='ltr'><strong>inutilis</strong></span> <span class='ocrx_word' id='word_1_181' title='bbox 2413 1480 2519 1536; x_wconf 91' lang='lat' dir='ltr'><strong>erit</strong></span> <span class='ocrx_word' id='word_1_182' title='bbox 2558 1482 2642 1536; x_wconf 91' lang='lat' dir='ltr'><strong>vel</strong></span> <span class='ocrx_word' id='word_1_183' title='bbox 2688 1481 3014 1538; x_wconf 88' lang='lat' dir='ltr'><strong>vestimento</strong></span> <span class='ocrx_word' id='word_1_184' title='bbox 3054 1483 3130 1537; x_wconf 90' lang='lat' dir='ltr'><strong>illi</strong></span> <span class='ocrx_word' id='word_1_185' title='bbox 3178 1483 3391 1553; x_wconf 84' lang='lat' dir='ltr'><strong>pontiﬁ-</strong></span> 
     </span>
    </p>
   </div>
   <div class='ocr_carea' id='block_1_31' title="bbox 1793 1572 3390 1643">
    <p class='ocr_par' dir='ltr' id='par_1_31' title="bbox 1793 1572 3390 1643">
     <span class='ocr_line' id='line_1_31' title="bbox 1793 1572 3390 1643; baseline 0.003 -16"><span class='ocrx_word' id='word_1_186' title='bbox 1793 1572 1932 1639; x_wconf 86' lang='lat' dir='ltr'><strong>cali,</strong></span> <span class='ocrx_word' id='word_1_187' title='bbox 1980 1572 2124 1641; x_wconf 90' lang='lat' dir='ltr'><strong>quod</strong></span> <span class='ocrx_word' id='word_1_188' title='bbox 2156 1582 2490 1643; x_wconf 89' lang='lat' dir='ltr'><strong>unguentum</strong></span> <span class='ocrx_word' id='word_1_189' title='bbox 2520 1572 2757 1643; x_wconf 91' lang='lat' dir='ltr'><strong>Spiritus</strong></span> <span class='ocrx_word' id='word_1_190' title='bbox 2787 1575 2959 1629; x_wconf 89' lang='lat' dir='ltr'><strong>sancti</strong></span> <span class='ocrx_word' id='word_1_191' title='bbox 2995 1575 3062 1630; x_wconf 91' lang='lat' dir='ltr'><strong>de</strong></span> <span class='ocrx_word' id='word_1_192' title='bbox 3109 1575 3248 1631; x_wconf 88' lang='lat' dir='ltr'><strong>coelo</strong></span> <span class='ocrx_word' id='word_1_193' title='bbox 3293 1577 3390 1632; x_wconf 89' lang='lat' dir='ltr'><strong>de-</strong></span> 
     </span>
    </p>
   </div>
   <div class='ocr_carea' id='block_1_32' title="bbox 1796 1664 3388 1736">
    <p class='ocr_par' dir='ltr' id='par_1_32' title="bbox 1796 1664 3388 1736">
     <span class='ocr_line' id='line_1_32' title="bbox 1796 1664 3388 1736; baseline 0.002 -17"><span class='ocrx_word' id='word_1_194' title='bbox 1796 1664 2067 1720; x_wconf 87' lang='lat' dir='ltr'><strong>scendens</strong></span> <span class='ocrx_word' id='word_1_195' title='bbox 2089 1705 2105 1731; x_wconf 93' lang='lat'><strong>,</strong></span> <span class='ocrx_word' id='word_1_196' title='bbox 2133 1665 2283 1736; x_wconf 90' lang='lat' dir='ltr'><strong>prius</strong></span> <span class='ocrx_word' id='word_1_197' title='bbox 2322 1666 2379 1720; x_wconf 91' lang='lat' dir='ltr'><strong>in</strong></span> <span class='ocrx_word' id='word_1_198' title='bbox 2407 1665 2632 1720; x_wconf 85' lang='lat' dir='ltr'><strong>barbam</strong></span> <span class='ocrx_word' id='word_1_199' title='bbox 2665 1666 2844 1720; x_wconf 85' lang='lat' dir='ltr'><strong>Aaron</strong></span> <span class='ocrx_word' id='word_1_200' title='bbox 2865 1707 2879 1732; x_wconf 95' lang='lat'><strong>,</strong></span> <span class='ocrx_word' id='word_1_201' title='bbox 2914 1665 3109 1722; x_wconf 91' lang='lat' dir='ltr'><strong>deinde</strong></span> <span class='ocrx_word' id='word_1_202' title='bbox 3148 1668 3201 1722; x_wconf 92' lang='lat' dir='ltr'><strong>in</strong></span> <span class='ocrx_word' id='word_1_203' title='bbox 3237 1682 3388 1723; x_wconf 88' lang='lat' dir='ltr'><strong>oram</strong></span> 
     </span>
    </p>
   </div>
   <div class='ocr_carea' id='block_1_33' title="bbox 169 1754 3391 1834">
    <p class='ocr_par' dir='ltr' id='par_1_33' title="bbox 169 1754 3391 1834">
     <span class='ocr_line' id='line_1_33' title="bbox 169 1754 3391 1834; baseline -0.001 -15"><span class='ocrx_word' id='word_1_204' title='bbox 169 1754 540 1823; x_wconf 83' lang='lat' dir='ltr'><strong>Quamobrem</strong></span> <span class='ocrx_word' id='word_1_205' title='bbox 582 1776 690 1814; x_wconf 90' lang='lat' dir='ltr'><strong>non</strong></span> <span class='ocrx_word' id='word_1_206' title='bbox 730 1760 944 1817; x_wconf 84' lang='lat' dir='ltr'><strong>minore</strong></span> <span class='ocrx_word' id='word_1_207' title='bbox 976 1773 1265 1833; x_wconf 90' lang='lat' dir='ltr'><strong>prospectu</strong></span> <span class='ocrx_word' id='word_1_208' title='bbox 1291 1806 1305 1830; x_wconf 95' lang='lat'><strong>,</strong></span> <span class='ocrx_word' id='word_1_209' title='bbox 1350 1764 1395 1818; x_wconf 91' lang='lat' dir='ltr'><strong>si</strong></span> <span class='ocrx_word' id='word_1_210' title='bbox 1426 1764 1690 1834; x_wconf 85' lang='lat' dir='ltr'><strong>spiritalis</strong></span> <span class='ocrx_word' id='word_1_211' title='bbox 1720 1765 1770 1826; x_wconf 87' lang='lat' dir='ltr'><strong>B</strong></span> <span class='ocrx_word' id='word_1_212' title='bbox 1797 1775 1949 1815; x_wconf 92' lang='lat' dir='ltr'><strong>suam</strong></span> <span class='ocrx_word' id='word_1_213' title='bbox 1990 1761 2168 1815; x_wconf 89' lang='lat' dir='ltr'><strong>solere</strong></span> <span class='ocrx_word' id='word_1_214' title='bbox 2198 1759 2510 1829; x_wconf 86' lang='lat' dir='ltr'><strong>suscipere,</strong></span> <span class='ocrx_word' id='word_1_215' title='bbox 2552 1760 2730 1815; x_wconf 90' lang='lat' dir='ltr'><strong>sancti</strong></span> <span class='ocrx_word' id='word_1_216' title='bbox 2766 1758 2937 1815; x_wconf 87' lang='lat' dir='ltr'><strong>David</strong></span> <span class='ocrx_word' id='word_1_217' title='bbox 2970 1760 3226 1815; x_wconf 86' lang='lat' dir='ltr'><strong>vaticinio</strong></span> <span class='ocrx_word' id='word_1_218' title='bbox 3267 1776 3391 1829; x_wconf 86' lang='lat' dir='ltr'><strong>pcr-</strong></span> 
     </span>
    </p>
   </div>
   <div class='ocr_carea' id='block_1_34' title="bbox 104 1849 1687 1924">
    <p class='ocr_par' dir='ltr' id='par_1_34' title="bbox 104 1849 1687 1924">
     <span class='ocr_line' id='line_1_34' title="bbox 104 1849 1687 1924; baseline 0.009 -26"><span class='ocrx_word' id='word_1_219' title='bbox 104 1849 285 1918; x_wconf 84' lang='lat' dir='ltr'><strong>agonis</strong></span> <span class='ocrx_word' id='word_1_220' title='bbox 339 1851 640 1905; x_wconf 87' lang='lat' dir='ltr'><strong>certamina</strong></span> <span class='ocrx_word' id='word_1_221' title='bbox 686 1851 925 1922; x_wconf 89' lang='lat' dir='ltr'><strong>legitime</strong></span> <span class='ocrx_word' id='word_1_222' title='bbox 973 1855 1223 1924; x_wconf 87' lang='lat' dir='ltr'><strong>cupimus</strong></span> <span class='ocrx_word' id='word_1_223' title='bbox 1265 1856 1569 1924; x_wconf 87' lang='lat' dir='ltr'><strong>desudare,</strong></span> <span class='ocrx_word' id='word_1_224' title='bbox 1598 1850 1687 1913; x_wconf 82' lang='lat' dir='ltr'><strong>hic</strong></span> 
     </span>
    </p>
   </div>
   <div class='ocr_carea' id='block_1_35' title="bbox 104 1932 1685 2009">
    <p class='ocr_par' dir='ltr' id='par_1_35' title="bbox 104 1932 1685 2009">
     <span class='ocr_line' id='line_1_35' title="bbox 104 1932 1685 2009; baseline 0.006 -16"><span class='ocrx_word' id='word_1_225' title='bbox 104 1954 315 2009; x_wconf 86' lang='lat' dir='ltr'><strong>quoque</strong></span> <span class='ocrx_word' id='word_1_226' title='bbox 346 1940 507 1996; x_wconf 87' lang='lat' dir='ltr'><strong>nobis</strong></span> <span class='ocrx_word' id='word_1_227' title='bbox 547 1942 821 1999; x_wconf 89' lang='lat' dir='ltr'><strong>curandus</strong></span> <span class='ocrx_word' id='word_1_228' title='bbox 870 1954 951 1999; x_wconf 90' lang='lat' dir='ltr'><strong>est</strong></span> <span class='ocrx_word' id='word_1_229' title='bbox 981 1932 1223 2002; x_wconf 87' lang='lat' dir='ltr'><strong>morbus.</strong></span> <span class='ocrx_word' id='word_1_230' title='bbox 1263 1946 1292 1985; x_wconf 73' lang='grc' dir='ltr'>ι)</span> <span class='ocrx_word' id='word_1_231' title='bbox 1342 1947 1494 2002; x_wconf 81' lang='lat' dir='ltr'><strong>Sicut</strong></span> <span class='ocrx_word' id='word_1_232' title='bbox 1540 1950 1685 2004; x_wconf 90' lang='lat' dir='ltr'><strong>enim</strong></span> 
     </span>
    </p>
   </div>
   <div class='ocr_carea' id='block_1_36' title="bbox 105 2024 1689 2109">
    <p class='ocr_par' dir='ltr' id='par_1_36' title="bbox 105 2024 1689 2109">
     <span class='ocr_line' id='line_1_36' title="bbox 105 2024 1689 2109; baseline 0.006 -25"><span class='ocrx_word' id='word_1_233' title='bbox 105 2032 227 2087; x_wconf 82' lang='lat' dir='ltr'><strong>tinea</strong></span> <span class='ocrx_word' id='word_1_234' title='bbox 252 2035 563 2091; x_wconf 86' lang='lat' dir='ltr'><strong>vestimento</strong></span> <span class='ocrx_word' id='word_1_235' title='bbox 592 2024 641 2089; x_wconf 85' lang='lat' dir='ltr'><strong>et</strong></span> <span class='ocrx_word' id='word_1_236' title='bbox 672 2037 855 2091; x_wconf 88' lang='lat' dir='ltr'><strong>vermis</strong></span> <span class='ocrx_word' id='word_1_237' title='bbox 884 2037 1045 2109; x_wconf 87' lang='lat' dir='ltr'><strong>ligno,</strong></span> <span class='ocrx_word' id='word_1_238' title='bbox 1079 2039 1152 2094; x_wconf 89' lang='lat' dir='ltr'><strong>ita</strong></span> <span class='ocrx_word' id='word_1_239' title='bbox 1182 2041 1390 2094; x_wconf 82' lang='lat' dir='ltr'><strong>tristitia</strong></span> <span class='ocrx_word' id='word_1_240' title='bbox 1413 2042 1512 2095; x_wconf 89' lang='lat' dir='ltr'><strong>viri</strong></span> <span class='ocrx_word' id='word_1_241' title='bbox 1542 2050 1689 2096; x_wconf 84' lang='lat' dir='ltr'><strong>nocet</strong></span> 
     </span>
    </p>
   </div>
   <div class='ocr_carea' id='block_1_37' title="bbox 1795 1852 3390 1923">
    <p class='ocr_par' dir='ltr' id='par_1_37' title="bbox 1795 1852 3390 1923">
     <span class='ocr_line' id='line_1_37' title="bbox 1795 1852 3390 1923; baseline 0.002 -16"><span class='ocrx_word' id='word_1_242' title='bbox 1795 1854 2035 1918; x_wconf 86' lang='lat' dir='ltr'><strong>hibetur,</strong></span> <span class='ocrx_word' id='word_1_243' title='bbox 2078 1853 2375 1907; x_wconf 89' lang='lat' dir='ltr'><strong>secundum</strong></span> <span class='ocrx_word' id='word_1_244' title='bbox 2423 1852 2556 1907; x_wconf 87' lang='lat' dir='ltr'><strong>illud</strong></span> <span class='ocrx_word' id='word_1_245' title='bbox 2593 1871 2607 1906; x_wconf 88' lang='lat'>:</span> <span class='ocrx_word' id='word_1_246' title='bbox 2644 1863 2667 1892; x_wconf 76' lang='grc' dir='ltr'><strong><em>ο</em></strong></span> <span class='ocrx_word' id='word_1_247' title='bbox 2703 1853 2853 1909; x_wconf 85' lang='lat' dir='ltr'><strong>Sicut</strong></span> <span class='ocrx_word' id='word_1_248' title='bbox 2878 1864 3192 1923; x_wconf 85' lang='lat' dir='ltr'><strong>unguentum</strong></span> <span class='ocrx_word' id='word_1_249' title='bbox 3218 1854 3272 1908; x_wconf 88' lang='lat' dir='ltr'><strong>in</strong></span> <span class='ocrx_word' id='word_1_250' title='bbox 3298 1872 3390 1910; x_wconf 89' lang='lat' dir='ltr'><strong>ca-</strong></span> 
     </span>
    </p>
   </div>
   <div class='ocr_carea' id='block_1_38' title="bbox 1796 1944 3381 2017">
    <p class='ocr_par' dir='ltr' id='par_1_38' title="bbox 1796 1944 3381 2017">
     <span class='ocr_line' id='line_1_38' title="bbox 1796 1944 3381 2017; baseline 0.001 -18"><span class='ocrx_word' id='word_1_251' title='bbox 1796 1948 1920 2016; x_wconf 88' lang='lat' dir='ltr'><strong>pite,</strong></span> <span class='ocrx_word' id='word_1_252' title='bbox 1948 1946 2087 2016; x_wconf 86' lang='lat' dir='ltr'><strong>quod</strong></span> <span class='ocrx_word' id='word_1_253' title='bbox 2108 1944 2372 2000; x_wconf 80' lang='lat' dir='ltr'><strong>descendit</strong></span> <span class='ocrx_word' id='word_1_254' title='bbox 2396 1946 2449 1999; x_wconf 90' lang='lat' dir='ltr'><strong>in</strong></span> <span class='ocrx_word' id='word_1_255' title='bbox 2478 1946 2689 1999; x_wconf 86' lang='lat' dir='ltr'><strong>barbam</strong></span> <span class='ocrx_word' id='word_1_256' title='bbox 2716 1947 2888 2000; x_wconf 83' lang='lat' dir='ltr'><strong>Aaron</strong></span> <span class='ocrx_word' id='word_1_257' title='bbox 2907 1991 2921 2015; x_wconf 91' lang='lat'><strong>,</strong></span> <span class='ocrx_word' id='word_1_258' title='bbox 2955 1952 3090 2017; x_wconf 84' lang='lat' dir='ltr'><strong>quod</strong></span> <span class='ocrx_word' id='word_1_259' title='bbox 3119 1946 3381 2001; x_wconf 70' lang='lat' dir='ltr'><strong>descendit</strong></span> 
     </span>
    </p>
   </div>
   <div class='ocr_carea' id='block_1_39' title="bbox 1798 2037 3386 2110">
    <p class='ocr_par' dir='ltr' id='par_1_39' title="bbox 1798 2037 3386 2110">
     <span class='ocr_line' id='line_1_39' title="bbox 1798 2037 3386 2110; baseline 0.001 -17"><span class='ocrx_word' id='word_1_260' title='bbox 1798 2041 1851 2094; x_wconf 90' lang='lat' dir='ltr'><strong>in</strong></span> <span class='ocrx_word' id='word_1_261' title='bbox 1880 2055 2025 2094; x_wconf 90' lang='lat' dir='ltr'><strong>oram</strong></span> <span class='ocrx_word' id='word_1_262' title='bbox 2050 2038 2333 2093; x_wconf 82' lang='lat' dir='ltr'><strong>vestimenti</strong></span> <span class='ocrx_word' id='word_1_263' title='bbox 2361 2039 2475 2107; x_wconf 82' lang='lat' dir='ltr'><strong>ejus</strong></span> <span class='ocrx_word' id='word_1_264' title='bbox 2504 2037 2743 2110; x_wconf 86' lang='lat' dir='ltr'><strong>(Psalm.</strong></span> <span class='ocrx_word' id='word_1_265' title='bbox 2776 2054 2881 2094; x_wconf 81' lang='lat' dir='ltr'><strong>cxx</strong></span> <span class='ocrx_word' id='word_1_266' title='bbox 2894 2037 3027 2109; x_wconf 83' lang='lat' dir='ltr'><strong>xu);</strong></span> <span class='ocrx_word' id='word_1_267' title='bbox 3061 2039 3158 2095; x_wconf 91' lang='lat' dir='ltr'><strong>sed</strong></span> <span class='ocrx_word' id='word_1_268' title='bbox 3188 2055 3287 2095; x_wconf 91' lang='lat' dir='ltr'><strong>nec</strong></span> <span class='ocrx_word' id='word_1_269' title='bbox 3318 2043 3386 2096; x_wconf 90' lang='lat' dir='ltr'><strong>ad</strong></span> 
     </span>
    </p>
   </div>
   <div class='ocr_carea' id='block_1_40' title="bbox 1186 2177 2315 2235">
    <p class='ocr_par' dir='ltr' id='par_1_40' title="bbox 1186 2177 2315 2235">
     <span class='ocr_line' id='line_1_40' title="bbox 1186 2177 2315 2235; baseline -0.001 -3"><span class='ocrx_word' id='word_1_270' title='bbox 1186 2178 1445 2233; x_wconf 82' lang='lat' dir='ltr'><strong>ALARDI</strong></span> <span class='ocrx_word' id='word_1_271' title='bbox 1484 2178 1719 2235; x_wconf 68' lang='grc' dir='ltr'><strong>(ςΑΖίΕι</strong></span> <span class='ocrx_word' id='word_1_272' title='bbox 1755 2177 2315 2235; x_wconf 80' lang='lat' dir='ltr'><strong>COMMENTARIUS.</strong></span> 
     </span>
    </p>
   </div>
   <div class='ocr_carea' id='block_1_41' title="bbox 103 2292 1684 2365">
    <p class='ocr_par' dir='ltr' id='par_1_41' title="bbox 103 2292 1684 2365">
     <span class='ocr_line' id='line_1_41' title="bbox 103 2292 1684 2365; baseline 0.001 -21"><span class='ocrx_word' id='word_1_273' title='bbox 103 2307 193 2365; x_wconf 86' lang='lat' dir='ltr'><strong>non</strong></span> <span class='ocrx_word' id='word_1_274' title='bbox 220 2292 435 2365; x_wconf 71' lang='lat' dir='ltr'><strong>ponitur</strong></span> <span class='ocrx_word' id='word_1_275' title='bbox 460 2293 641 2348; x_wconf 85' lang='lat' dir='ltr'><strong>vitium</strong></span> <span class='ocrx_word' id='word_1_276' title='bbox 688 2292 929 2365; x_wconf 71' lang='lat' dir='ltr'><strong>capitale,</strong></span> <span class='ocrx_word' id='word_1_277' title='bbox 981 2301 1143 2363; x_wconf 85' lang='lat' dir='ltr'><strong>neque</strong></span> <span class='ocrx_word' id='word_1_278' title='bbox 1171 2294 1237 2365; x_wconf 90' lang='lat' dir='ltr'><strong>ab</strong></span> <span class='ocrx_word' id='word_1_279' title='bbox 1273 2292 1481 2347; x_wconf 79' lang='lat' dir='ltr'><strong>Isidoro</strong></span> <span class='ocrx_word' id='word_1_280' title='bbox 1510 2295 1564 2348; x_wconf 90' lang='lat' dir='ltr'><strong>in</strong></span> <span class='ocrx_word' id='word_1_281' title='bbox 1593 2293 1684 2346; x_wconf 90' lang='lat' dir='ltr'><strong>lib.</strong></span> 
     </span>
    </p>
   </div>
   <div class='ocr_carea' id='block_1_42' title="bbox 103 2364 1692 2432">
    <p class='ocr_par' dir='ltr' id='par_1_42' title="bbox 103 2364 1692 2432">
     <span class='ocr_line' id='line_1_42' title="bbox 103 2364 1692 2432; baseline 0.003 -17"><span class='ocrx_word' id='word_1_282' title='bbox 103 2364 159 2415; x_wconf 87' lang='lat' dir='ltr'><strong>de</strong></span> <span class='ocrx_word' id='word_1_283' title='bbox 177 2380 376 2417; x_wconf 84' lang='lat' dir='ltr'><strong>summa</strong></span> <span class='ocrx_word' id='word_1_284' title='bbox 402 2364 568 2425; x_wconf 87' lang='lat' dir='ltr'><strong>Bono,</strong></span> <span class='ocrx_word' id='word_1_285' title='bbox 594 2364 759 2432; x_wconf 86' lang='lat' dir='ltr'><strong>neque</strong></span> <span class='ocrx_word' id='word_1_286' title='bbox 780 2380 813 2417; x_wconf 92' lang='lat' dir='ltr'><strong>a</strong></span> <span class='ocrx_word' id='word_1_287' title='bbox 834 2364 1085 2419; x_wconf 83' lang='lat' dir='ltr'><strong>Cassiano</strong></span> <span class='ocrx_word' id='word_1_288' title='bbox 1114 2366 1168 2417; x_wconf 90' lang='lat' dir='ltr'><strong>in</strong></span> <span class='ocrx_word' id='word_1_289' title='bbox 1182 2364 1312 2417; x_wconf 86' lang='lat' dir='ltr'><strong>libro</strong></span> <span class='ocrx_word' id='word_1_290' title='bbox 1339 2366 1404 2417; x_wconf 89' lang='lat' dir='ltr'><strong>de</strong></span> <span class='ocrx_word' id='word_1_291' title='bbox 1425 2365 1692 2419; x_wconf 88' lang='lat' dir='ltr'><strong>lnstitutis</strong></span> 
     </span>
    </p>
   </div>
   <div class='ocr_carea' id='block_1_43' title="bbox 103 2434 1688 2503">
    <p class='ocr_par' dir='ltr' id='par_1_43' title="bbox 103 2434 1688 2503">
     <span class='ocr_line' id='line_1_43' title="bbox 103 2434 1688 2503; baseline 0.003 -20"><span class='ocrx_word' id='word_1_292' title='bbox 103 2435 468 2487; x_wconf 77' lang='lat' dir='ltr'><strong>coenobiorum.</strong></span> <span class='ocrx_word' id='word_1_293' title='bbox 520 2434 815 2491; x_wconf 79' lang='lat' dir='ltr'><strong>Videbatur</strong></span> <span class='ocrx_word' id='word_1_294' title='bbox 865 2436 1008 2489; x_wconf 90' lang='lat' dir='ltr'><strong>enim</strong></span> <span class='ocrx_word' id='word_1_295' title='bbox 1066 2436 1236 2503; x_wconf 87' lang='lat' dir='ltr'><strong>prima</strong></span> <span class='ocrx_word' id='word_1_296' title='bbox 1292 2435 1467 2489; x_wconf 90' lang='lat' dir='ltr'><strong>fronte</strong></span> <span class='ocrx_word' id='word_1_297' title='bbox 1500 2436 1688 2489; x_wconf 85' lang='lat' dir='ltr'><strong>incon-</strong></span> 
     </span>
    </p>
   </div>
   <div class='ocr_carea' id='block_1_44' title="bbox 102 2504 1691 2575">
    <p class='ocr_par' dir='ltr' id='par_1_44' title="bbox 102 2504 1691 2575">
     <span class='ocr_line' id='line_1_44' title="bbox 102 2504 1691 2575; baseline 0.005 -22"><span class='ocrx_word' id='word_1_298' title='bbox 102 2518 279 2569; x_wconf 86' lang='lat' dir='ltr'><strong>gruum</strong></span> <span class='ocrx_word' id='word_1_299' title='bbox 318 2515 378 2558; x_wconf 90' lang='lat' dir='ltr'><strong>ut</strong></span> <span class='ocrx_word' id='word_1_300' title='bbox 406 2505 606 2559; x_wconf 86' lang='lat' dir='ltr'><strong>invidia</strong></span> <span class='ocrx_word' id='word_1_301' title='bbox 656 2507 927 2561; x_wconf 87' lang='lat' dir='ltr'><strong>diceretur</strong></span> <span class='ocrx_word' id='word_1_302' title='bbox 952 2504 1140 2559; x_wconf 89' lang='lat' dir='ltr'><strong>vitium</strong></span> <span class='ocrx_word' id='word_1_303' title='bbox 1174 2508 1425 2575; x_wconf 85' lang='lat' dir='ltr'><strong>capitale,</strong></span> <span class='ocrx_word' id='word_1_304' title='bbox 1455 2521 1575 2560; x_wconf 94' lang='lat' dir='ltr'><strong>cum</strong></span> <span class='ocrx_word' id='word_1_305' title='bbox 1610 2506 1691 2563; x_wconf 57' lang='lat' dir='ltr'><strong>ins,</strong></span> 
     </span>
    </p>
   </div>
   <div class='ocr_carea' id='block_1_45' title="bbox 104 2576 1693 2647">
    <p class='ocr_par' dir='ltr' id='par_1_45' title="bbox 104 2576 1693 2647">
     <span class='ocr_line' id='line_1_45' title="bbox 104 2576 1693 2647; baseline 0.003 -21"><span class='ocrx_word' id='word_1_306' title='bbox 104 2581 177 2627; x_wconf 91' lang='lat' dir='ltr'><strong>ter</strong></span> <span class='ocrx_word' id='word_1_307' title='bbox 221 2576 363 2630; x_wconf 69' lang='lat' dir='ltr'><strong>ﬁlias</strong></span> <span class='ocrx_word' id='word_1_308' title='bbox 395 2576 571 2631; x_wconf 88' lang='lat' dir='ltr'><strong>inanis</strong></span> <span class='ocrx_word' id='word_1_309' title='bbox 596 2577 801 2647; x_wconf 69' lang='lat' dir='ltr'><strong>gloriae,</strong></span> <span class='ocrx_word' id='word_1_310' title='bbox 836 2577 951 2629; x_wconf 88' lang='lat' dir='ltr'><strong>vitii</strong></span> <span class='ocrx_word' id='word_1_311' title='bbox 982 2576 1231 2646; x_wconf 85' lang='lat' dir='ltr'><strong>capitalis</strong></span> <span class='ocrx_word' id='word_1_312' title='bbox 1258 2587 1565 2631; x_wconf 87' lang='lat' dir='ltr'><strong>censeatur.</strong></span> <span class='ocrx_word' id='word_1_313' title='bbox 1622 2581 1693 2631; x_wconf 82' lang='lat' dir='ltr'><strong>At</strong></span> 
     </span>
    </p>
   </div>
   <div class='ocr_carea' id='block_1_46' title="bbox 104 2647 1689 2715">
    <p class='ocr_par' dir='ltr' id='par_1_46' title="bbox 104 2647 1689 2715">
     <span class='ocr_line' id='line_1_46' title="bbox 104 2647 1689 2715; baseline 0.003 -18"><span class='ocrx_word' id='word_1_314' title='bbox 104 2649 393 2714; x_wconf 82' lang='lat' dir='ltr'><strong>respondet</strong></span> <span class='ocrx_word' id='word_1_315' title='bbox 414 2650 472 2700; x_wconf 83' lang='grc' dir='ltr'><strong>Ι).</strong></span> <span class='ocrx_word' id='word_1_316' title='bbox 497 2647 733 2702; x_wconf 90' lang='lat' dir='ltr'><strong>Thomas</strong></span> <span class='ocrx_word' id='word_1_317' title='bbox 757 2664 861 2701; x_wconf 89' lang='lat' dir='ltr'><strong>non</strong></span> <span class='ocrx_word' id='word_1_318' title='bbox 893 2662 1013 2702; x_wconf 89' lang='lat' dir='ltr'><strong>esse</strong></span> <span class='ocrx_word' id='word_1_319' title='bbox 1035 2650 1387 2715; x_wconf 87' lang='lat' dir='ltr'><strong>incongruum</strong></span> <span class='ocrx_word' id='word_1_320' title='bbox 1418 2656 1477 2701; x_wconf 92' lang='lat' dir='ltr'><strong>ut</strong></span> <span class='ocrx_word' id='word_1_321' title='bbox 1502 2649 1689 2702; x_wconf 86' lang='lat' dir='ltr'><strong>vitium</strong></span> 
     </span>
    </p>
   </div>
   <div class='ocr_carea' id='block_1_47' title="bbox 106 2718 1691 2787">
    <p class='ocr_par' dir='ltr' id='par_1_47' title="bbox 106 2718 1691 2787">
     <span class='ocr_line' id='line_1_47' title="bbox 106 2718 1691 2787; baseline 0.004 -21"><span class='ocrx_word' id='word_1_322' title='bbox 106 2732 254 2771; x_wconf 90' lang='lat' dir='ltr'><strong>unum</strong></span> <span class='ocrx_word' id='word_1_323' title='bbox 276 2719 516 2787; x_wconf 83' lang='lat' dir='ltr'><strong>capitale</strong></span> <span class='ocrx_word' id='word_1_324' title='bbox 557 2734 620 2774; x_wconf 79' lang='lat' dir='ltr'><strong>ex</strong></span> <span class='ocrx_word' id='word_1_325' title='bbox 667 2719 772 2772; x_wconf 86' lang='lat' dir='ltr'><strong>alio</strong></span> <span class='ocrx_word' id='word_1_326' title='bbox 801 2721 1034 2773; x_wconf 88' lang='lat' dir='ltr'><strong>oriatur:</strong></span> <span class='ocrx_word' id='word_1_327' title='bbox 1092 2718 1383 2772; x_wconf 88' lang='lat' dir='ltr'><strong>dummodo</strong></span> <span class='ocrx_word' id='word_1_328' title='bbox 1414 2719 1517 2773; x_wconf 90' lang='lat' dir='ltr'><strong>tale</strong></span> <span class='ocrx_word' id='word_1_329' title='bbox 1542 2720 1691 2773; x_wconf 79' lang='lat' dir='ltr'><strong>situt</strong></span> 
     </span>
    </p>
   </div>
   <div class='ocr_carea' id='block_1_48' title="bbox 104 2789 1688 2855">
    <p class='ocr_par' dir='ltr' id='par_1_48' title="bbox 104 2789 1688 2855">
     <span class='ocr_line' id='line_1_48' title="bbox 104 2789 1688 2855; baseline 0.003 -16"><span class='ocrx_word' id='word_1_330' title='bbox 104 2802 160 2839; x_wconf 76' lang='lat' dir='ltr'><strong>ex</strong></span> <span class='ocrx_word' id='word_1_331' title='bbox 184 2789 296 2855; x_wconf 81' lang='lat' dir='ltr'><strong>ipso</strong></span> <span class='ocrx_word' id='word_1_332' title='bbox 324 2790 491 2842; x_wconf 89' lang='lat' dir='ltr'><strong>etiam</strong></span> <span class='ocrx_word' id='word_1_333' title='bbox 518 2790 681 2842; x_wconf 85' lang='lat' dir='ltr'><strong>multa</strong></span> <span class='ocrx_word' id='word_1_334' title='bbox 704 2791 808 2845; x_wconf 89' lang='lat' dir='ltr'><strong>alia</strong></span> <span class='ocrx_word' id='word_1_335' title='bbox 840 2792 962 2842; x_wconf 86' lang='lat' dir='ltr'><strong>vitia</strong></span> <span class='ocrx_word' id='word_1_336' title='bbox 991 2790 1122 2843; x_wconf 91' lang='lat' dir='ltr'><strong>oriri</strong></span> <span class='ocrx_word' id='word_1_337' title='bbox 1163 2790 1393 2854; x_wconf 90' lang='lat' dir='ltr'><strong>soleant,</strong></span> <span class='ocrx_word' id='word_1_338' title='bbox 1420 2798 1477 2841; x_wconf 82' lang='grc' dir='ltr'><strong>ιιι</strong></span> <span class='ocrx_word' id='word_1_339' title='bbox 1515 2792 1688 2844; x_wconf 89' lang='lat' dir='ltr'><strong>solent</strong></span> 
     </span>
    </p>
   </div>
   <div class='ocr_carea' id='block_1_49' title="bbox 107 2859 1688 2927">
    <p class='ocr_par' dir='ltr' id='par_1_49' title="bbox 107 2859 1688 2927">
     <span class='ocr_line' id='line_1_49' title="bbox 107 2859 1688 2927; baseline 0.004 -17"><span class='ocrx_word' id='word_1_340' title='bbox 107 2872 161 2911; x_wconf 82' lang='lat' dir='ltr'><strong>ex</strong></span> <span class='ocrx_word' id='word_1_341' title='bbox 186 2859 413 2914; x_wconf 75' lang='lat' dir='ltr'><strong>invidia.</strong></span> <span class='ocrx_word' id='word_1_342' title='bbox 446 2859 578 2914; x_wconf 82' lang='lat' dir='ltr'><strong>Nam</strong></span> <span class='ocrx_word' id='word_1_343' title='bbox 612 2861 906 2914; x_wconf 90' lang='lat' dir='ltr'><strong>secundum</strong></span> <span class='ocrx_word' id='word_1_344' title='bbox 956 2860 1019 2913; x_wconf 91' lang='lat' dir='ltr'><strong>D.</strong></span> <span class='ocrx_word' id='word_1_345' title='bbox 1055 2860 1372 2927; x_wconf 84' lang='lat' dir='ltr'><strong>Gregorium</strong></span> <span class='ocrx_word' id='word_1_346' title='bbox 1398 2860 1688 2927; x_wconf 69' lang='lat' dir='ltr'><strong>(Lib.xx’ru</strong></span> 
     </span>
    </p>
   </div>
   <div class='ocr_carea' id='block_1_50' title="bbox 106 2928 1672 3002">
    <p class='ocr_par' dir='ltr' id='par_1_50' title="bbox 106 2928 1672 3002">
     <span class='ocr_line' id='line_1_50' title="bbox 106 2928 1672 3002; baseline 0.003 -22"><span class='ocrx_word' id='word_1_347' title='bbox 106 2928 283 2983; x_wconf 71' lang='lat' dir='ltr'><strong>Horal.</strong></span> <span class='ocrx_word' id='word_1_348' title='bbox 315 2948 369 2983; x_wconf 70' lang='grc' dir='ltr'>ι’.</span> <span class='ocrx_word' id='word_1_349' title='bbox 397 2932 489 2998; x_wconf 75' lang='grc'><strong>51)</strong></span> <span class='ocrx_word' id='word_1_350' title='bbox 522 2930 777 3002; x_wconf 84' lang='lat' dir='ltr'><strong>Capitalia</strong></span> <span class='ocrx_word' id='word_1_351' title='bbox 806 2932 926 2985; x_wconf 88' lang='lat' dir='ltr'><strong>vitia</strong></span> <span class='ocrx_word' id='word_1_352' title='bbox 955 2939 1097 2983; x_wconf 90' lang='lat' dir='ltr'><strong>tanta</strong></span> <span class='ocrx_word' id='word_1_353' title='bbox 1137 2931 1232 2983; x_wconf 87' lang='lat' dir='ltr'><strong>sibi</strong></span> <span class='ocrx_word' id='word_1_354' title='bbox 1257 2934 1555 3002; x_wconf 79' lang='lat' dir='ltr'><strong>cognatione</strong></span> <span class='ocrx_word' id='word_1_355' title='bbox 1579 2949 1672 3002; x_wconf 75' lang='lat' dir='ltr'><strong>con</strong></span> 
     </span>
    </p>
   </div>
   <div class='ocr_carea' id='block_1_51' title="bbox 104 3001 1667 3071">
    <p class='ocr_par' dir='ltr' id='par_1_51' title="bbox 104 3001 1667 3071">
     <span class='ocr_line' id='line_1_51' title="bbox 104 3001 1667 3071; baseline 0.002 -20"><span class='ocrx_word' id='word_1_356' title='bbox 104 3002 414 3071; x_wconf 75' lang='lat' dir='ltr'><strong>junguntur,</strong></span> <span class='ocrx_word' id='word_1_357' title='bbox 434 3011 487 3054; x_wconf 91' lang='lat' dir='ltr'><strong>ut</strong></span> <span class='ocrx_word' id='word_1_358' title='bbox 511 3001 611 3055; x_wconf 79' lang='lat' dir='ltr'><strong>non</strong></span> <span class='ocrx_word' id='word_1_359' title='bbox 639 3002 738 3054; x_wconf 84' lang='lat' dir='ltr'><strong>nisi</strong></span> <span class='ocrx_word' id='word_1_360' title='bbox 766 3019 923 3055; x_wconf 87' lang='lat' dir='ltr'><strong>unum</strong></span> <span class='ocrx_word' id='word_1_361' title='bbox 946 3003 1010 3055; x_wconf 87' lang='lat' dir='ltr'><strong>tle</strong></span> <span class='ocrx_word' id='word_1_362' title='bbox 1037 3003 1201 3055; x_wconf 88' lang='lat' dir='ltr'><strong>altero</strong></span> <span class='ocrx_word' id='word_1_363' title='bbox 1228 3001 1532 3069; x_wconf 76' lang='lat' dir='ltr'><strong>proferatur.</strong></span> <span class='ocrx_word' id='word_1_364' title='bbox 1571 3001 1667 3056; x_wconf 85' lang='lat' dir='ltr'><strong>Pri</strong></span> 
     </span>
    </p>
   </div>
   <div class='ocr_carea' id='block_1_52' title="bbox 106 3072 1694 3142">
    <p class='ocr_par' dir='ltr' id='par_1_52' title="bbox 106 3072 1694 3142">
     <span class='ocr_line' id='line_1_52' title="bbox 106 3072 1694 3142; baseline 0.003 -20"><span class='ocrx_word' id='word_1_365' title='bbox 106 3089 176 3122; x_wconf 83' lang='lat' dir='ltr'><strong>ina</strong></span> <span class='ocrx_word' id='word_1_366' title='bbox 231 3090 458 3140; x_wconf 87' lang='lat' dir='ltr'><strong>namque</strong></span> <span class='ocrx_word' id='word_1_367' title='bbox 516 3072 768 3139; x_wconf 73' lang='lat' dir='ltr'><strong>superbia:</strong></span> <span class='ocrx_word' id='word_1_368' title='bbox 806 3073 1024 3136; x_wconf 82' lang='lat' dir='ltr'><strong>soboles,</strong></span> <span class='ocrx_word' id='word_1_369' title='bbox 1058 3073 1227 3125; x_wconf 87' lang='lat' dir='ltr'><strong>inanis</strong></span> <span class='ocrx_word' id='word_1_370' title='bbox 1261 3082 1335 3124; x_wconf 83' lang='lat' dir='ltr'><strong>est</strong></span> <span class='ocrx_word' id='word_1_371' title='bbox 1364 3073 1549 3142; x_wconf 85' lang='lat' dir='ltr'><strong>gloria,</strong></span> <span class='ocrx_word' id='word_1_372' title='bbox 1578 3089 1694 3142; x_wconf 75' lang='lat' dir='ltr'><strong>qua:</strong></span> 
     </span>
    </p>
   </div>
   <div class='ocr_carea' id='block_1_53' title="bbox 1797 2289 3381 2364">
    <p class='ocr_par' dir='ltr' id='par_1_53' title="bbox 1797 2289 3381 2364">
     <span class='ocr_line' id='line_1_53' title="bbox 1797 2289 3381 2364; baseline 0.003 -18"><span class='ocrx_word' id='word_1_373' title='bbox 1797 2293 1961 2361; x_wconf 88' lang='lat' dir='ltr'><strong>gitur,</strong></span> <span class='ocrx_word' id='word_1_374' title='bbox 1993 2292 2290 2358; x_wconf 90' lang='lat' dir='ltr'><strong>tristitiam,</strong></span> <span class='ocrx_word' id='word_1_375' title='bbox 2340 2291 2408 2346; x_wconf 92' lang='lat' dir='ltr'><strong>de</strong></span> <span class='ocrx_word' id='word_1_376' title='bbox 2434 2304 2540 2361; x_wconf 87' lang='lat' dir='ltr'><strong>qua</strong></span> <span class='ocrx_word' id='word_1_377' title='bbox 2568 2290 2659 2364; x_wconf 84' lang='lat' dir='ltr'><strong>hic</strong></span> <span class='ocrx_word' id='word_1_378' title='bbox 2686 2289 2883 2364; x_wconf 84' lang='lat' dir='ltr'><strong>agitur,</strong></span> <span class='ocrx_word' id='word_1_379' title='bbox 2910 2289 3040 2364; x_wconf 85' lang='lat' dir='ltr'><strong>nihil</strong></span> <span class='ocrx_word' id='word_1_380' title='bbox 3068 2290 3209 2346; x_wconf 87' lang='lat' dir='ltr'><strong>aliud</strong></span> <span class='ocrx_word' id='word_1_381' title='bbox 3239 2307 3381 2364; x_wconf 91' lang='lat' dir='ltr'><strong>esse,</strong></span> 
     </span>
    </p>
   </div>
   <div class='ocr_carea' id='block_1_54' title="bbox 1796 2361 3384 2432">
    <p class='ocr_par' dir='ltr' id='par_1_54' title="bbox 1796 2361 3384 2432">
     <span class='ocr_line' id='line_1_54' title="bbox 1796 2361 3384 2432; baseline 0 -15"><span class='ocrx_word' id='word_1_382' title='bbox 1796 2379 1954 2432; x_wconf 90' lang='lat' dir='ltr'><strong>quam</strong></span> <span class='ocrx_word' id='word_1_383' title='bbox 1983 2364 2398 2431; x_wconf 88' lang='lat' dir='ltr'><strong>impatientiam,</strong></span> <span class='ocrx_word' id='word_1_384' title='bbox 2424 2378 2542 2432; x_wconf 74' lang='lat' dir='ltr'><strong>qua:</strong></span> <span class='ocrx_word' id='word_1_385' title='bbox 2571 2361 2789 2428; x_wconf 89' lang='lat' dir='ltr'><strong>quidem</strong></span> <span class='ocrx_word' id='word_1_386' title='bbox 2820 2376 2942 2415; x_wconf 90' lang='lat' dir='ltr'><strong>cum</strong></span> <span class='ocrx_word' id='word_1_387' title='bbox 2978 2363 3052 2416; x_wconf 86' lang='lat' dir='ltr'><strong>ira</strong></span> <span class='ocrx_word' id='word_1_388' title='bbox 3082 2371 3133 2416; x_wconf 92' lang='lat' dir='ltr'><strong>et</strong></span> <span class='ocrx_word' id='word_1_389' title='bbox 3166 2361 3384 2422; x_wconf 57' lang='lat' dir='ltr'><strong>iracun;</strong></span> 
     </span>
    </p>
   </div>
   <div class='ocr_carea' id='block_1_55' title="bbox 1796 2431 3385 2504">
    <p class='ocr_par' dir='ltr' id='par_1_55' title="bbox 1796 2431 3385 2504">
     <span class='ocr_line' id='line_1_55' title="bbox 1796 2431 3385 2504; baseline -0.001 -17"><span class='ocrx_word' id='word_1_390' title='bbox 1796 2431 1879 2488; x_wconf 86' lang='lat' dir='ltr'><strong>dia</strong></span> <span class='ocrx_word' id='word_1_391' title='bbox 1932 2450 2176 2504; x_wconf 87' lang='lat' dir='ltr'><strong>magnam</strong></span> <span class='ocrx_word' id='word_1_392' title='bbox 2210 2434 2370 2488; x_wconf 90' lang='lat' dir='ltr'><strong>habet</strong></span> <span class='ocrx_word' id='word_1_393' title='bbox 2400 2431 2723 2504; x_wconf 73' lang='lat' dir='ltr'><strong>affinitatem</strong></span> <span class='ocrx_word' id='word_1_394' title='bbox 2747 2472 2759 2494; x_wconf 88' lang='lat'><strong>,</strong></span> <span class='ocrx_word' id='word_1_395' title='bbox 2794 2442 2849 2487; x_wconf 91' lang='lat' dir='ltr'><strong>et</strong></span> <span class='ocrx_word' id='word_1_396' title='bbox 2887 2432 2997 2487; x_wconf 82' lang='lat' dir='ltr'><strong>fere</strong></span> <span class='ocrx_word' id='word_1_397' title='bbox 3055 2432 3385 2499; x_wconf 82' lang='lat' dir='ltr'><strong>individuam</strong></span> 
     </span>
    </p>
   </div>
   <div class='ocr_carea' id='block_1_56' title="bbox 1789 2503 3379 2575">
    <p class='ocr_par' dir='ltr' id='par_1_56' title="bbox 1789 2503 3379 2575">
     <span class='ocr_line' id='line_1_56' title="bbox 1789 2503 3379 2575; baseline -0.001 -17"><span class='ocrx_word' id='word_1_398' title='bbox 1789 2503 2136 2568; x_wconf 76' lang='lat' dir='ltr'><strong>societatem.</strong></span> <span class='ocrx_word' id='word_1_399' title='bbox 2170 2505 2265 2560; x_wconf 87' lang='lat' dir='ltr'><strong>Est</strong></span> <span class='ocrx_word' id='word_1_400' title='bbox 2293 2505 2433 2559; x_wconf 88' lang='lat' dir='ltr'><strong>enim</strong></span> <span class='ocrx_word' id='word_1_401' title='bbox 2478 2503 2580 2557; x_wconf 88' lang='lat' dir='ltr'><strong>hoc</strong></span> <span class='ocrx_word' id='word_1_402' title='bbox 2630 2504 2816 2557; x_wconf 88' lang='lat' dir='ltr'><strong>vitium</strong></span> <span class='ocrx_word' id='word_1_403' title='bbox 2859 2504 3132 2573; x_wconf 71' lang='lat' dir='ltr'><strong>patientiae</strong></span> <span class='ocrx_word' id='word_1_404' title='bbox 3159 2509 3379 2575; x_wconf 66' lang='grc' dir='ltr'><strong>ορροείρ</strong></span> 
     </span>
    </p>
   </div>
   <div class='ocr_carea' id='block_1_57' title="bbox 1797 2575 3387 2645">
    <p class='ocr_par' dir='ltr' id='par_1_57' title="bbox 1797 2575 3387 2645">
     <span class='ocr_line' id='line_1_57' title="bbox 1797 2575 3387 2645; baseline 0.003 -16"><span class='ocrx_word' id='word_1_405' title='bbox 1797 2585 1929 2639; x_wconf 84' lang='lat' dir='ltr'><strong>tum,</strong></span> <span class='ocrx_word' id='word_1_406' title='bbox 1958 2577 2112 2645; x_wconf 82' lang='lat' dir='ltr'><strong>Cujus</strong></span> <span class='ocrx_word' id='word_1_407' title='bbox 2139 2585 2223 2630; x_wconf 91' lang='lat' dir='ltr'><strong>est</strong></span> <span class='ocrx_word' id='word_1_408' title='bbox 2257 2575 2474 2629; x_wconf 78' lang='lat' dir='ltr'><strong>firmare</strong></span> <span class='ocrx_word' id='word_1_409' title='bbox 2503 2576 2738 2627; x_wconf 90' lang='lat' dir='ltr'><strong>animum</strong></span> <span class='ocrx_word' id='word_1_410' title='bbox 2789 2575 2843 2628; x_wconf 91' lang='lat' dir='ltr'><strong>in</strong></span> <span class='ocrx_word' id='word_1_411' title='bbox 2881 2576 3155 2642; x_wconf 79' lang='lat' dir='ltr'><strong>adversis;</strong></span> <span class='ocrx_word' id='word_1_412' title='bbox 3200 2580 3387 2634; x_wconf 88' lang='lat' dir='ltr'><strong>mode-</strong></span> 
     </span>
    </p>
   </div>
   <div class='ocr_carea' id='block_1_58' title="bbox 1795 2645 3386 2715">
    <p class='ocr_par' dir='ltr' id='par_1_58' title="bbox 1795 2645 3386 2715">
     <span class='ocr_line' id='line_1_58' title="bbox 1795 2645 3386 2715; baseline 0.004 -16"><span class='ocrx_word' id='word_1_413' title='bbox 1795 2647 1963 2700; x_wconf 90' lang='lat' dir='ltr'><strong>rando</strong></span> <span class='ocrx_word' id='word_1_414' title='bbox 1994 2662 2275 2706; x_wconf 68' lang='lat' dir='ltr'><strong>maerores.</strong></span> <span class='ocrx_word' id='word_1_415' title='bbox 2300 2647 2393 2715; x_wconf 90' lang='lat' dir='ltr'><strong>qui</strong></span> <span class='ocrx_word' id='word_1_416' title='bbox 2420 2661 2485 2699; x_wconf 83' lang='lat' dir='ltr'><strong>ex</strong></span> <span class='ocrx_word' id='word_1_417' title='bbox 2514 2645 2578 2698; x_wconf 91' lang='lat' dir='ltr'><strong>iis</strong></span> <span class='ocrx_word' id='word_1_418' title='bbox 2602 2645 2807 2714; x_wconf 82' lang='lat' dir='ltr'><strong>percipi</strong></span> <span class='ocrx_word' id='word_1_419' title='bbox 2836 2647 3033 2713; x_wconf 88' lang='lat' dir='ltr'><strong>solent,</strong></span> <span class='ocrx_word' id='word_1_420' title='bbox 3071 2664 3139 2702; x_wconf 88' lang='lat' dir='ltr'><strong>ne</strong></span> <span class='ocrx_word' id='word_1_421' title='bbox 3173 2664 3266 2715; x_wconf 89' lang='lat' dir='ltr'><strong>per</strong></span> <span class='ocrx_word' id='word_1_422' title='bbox 3285 2649 3386 2706; x_wconf 91' lang='lat' dir='ltr'><strong>hos</strong></span> 
     </span>
    </p>
   </div>
   <div class='ocr_carea' id='block_1_59' title="bbox 1794 2716 3386 2787">
    <p class='ocr_par' dir='ltr' id='par_1_59' title="bbox 1794 2716 3386 2787">
     <span class='ocr_line' id='line_1_59' title="bbox 1794 2716 3386 2787; baseline 0.004 -18"><span class='ocrx_word' id='word_1_423' title='bbox 1794 2731 1823 2769; x_wconf 90' lang='lat' dir='ltr'><strong>a</strong></span> <span class='ocrx_word' id='word_1_424' title='bbox 1849 2719 2167 2787; x_wconf 69' lang='lat' dir='ltr'><strong>praescripto</strong></span> <span class='ocrx_word' id='word_1_425' title='bbox 2198 2717 2422 2771; x_wconf 90' lang='lat' dir='ltr'><strong>rationis</strong></span> <span class='ocrx_word' id='word_1_426' title='bbox 2468 2716 2719 2780; x_wconf 83' lang='lat' dir='ltr'><strong>recedat,</strong></span> <span class='ocrx_word' id='word_1_427' title='bbox 2764 2716 2853 2787; x_wconf 84' lang='lat' dir='ltr'><strong>vel</strong></span> <span class='ocrx_word' id='word_1_428' title='bbox 2895 2718 3096 2787; x_wconf 88' lang='lat' dir='ltr'><strong>aliquid</strong></span> <span class='ocrx_word' id='word_1_429' title='bbox 3144 2720 3386 2777; x_wconf 88' lang='lat' dir='ltr'><strong>indecori</strong></span> 
     </span>
    </p>
   </div>
   <div class='ocr_carea' id='block_1_60' title="bbox 1796 2786 3386 2856">
    <p class='ocr_par' dir='ltr' id='par_1_60' title="bbox 1796 2786 3386 2856">
     <span class='ocr_line' id='line_1_60' title="bbox 1796 2786 3386 2856; baseline 0.005 -17"><span class='ocrx_word' id='word_1_430' title='bbox 1796 2800 1949 2856; x_wconf 82' lang='lat' dir='ltr'><strong>ngat;</strong></span> <span class='ocrx_word' id='word_1_431' title='bbox 1981 2796 2039 2841; x_wconf 90' lang='lat' dir='ltr'><strong>ut</strong></span> <span class='ocrx_word' id='word_1_432' title='bbox 2062 2786 2114 2842; x_wconf 88' lang='lat' dir='ltr'><strong>in</strong></span> <span class='ocrx_word' id='word_1_433' title='bbox 2143 2796 2320 2842; x_wconf 88' lang='lat' dir='ltr'><strong>morte</strong></span> <span class='ocrx_word' id='word_1_434' title='bbox 2358 2794 2662 2856; x_wconf 89' lang='lat' dir='ltr'><strong>parentum,</strong></span> <span class='ocrx_word' id='word_1_435' title='bbox 2692 2786 2774 2838; x_wconf 90' lang='lat' dir='ltr'><strong>vel</strong></span> <span class='ocrx_word' id='word_1_436' title='bbox 2806 2786 3124 2856; x_wconf 83' lang='lat' dir='ltr'><strong>amicorum,</strong></span> <span class='ocrx_word' id='word_1_437' title='bbox 3158 2791 3209 2845; x_wconf 91' lang='lat' dir='ltr'><strong>in</strong></span> <span class='ocrx_word' id='word_1_438' title='bbox 3242 2794 3386 2847; x_wconf 87' lang='lat' dir='ltr'><strong>exsi-</strong></span> 
     </span>
    </p>
   </div>
   <div class='ocr_carea' id='block_1_61' title="bbox 1795 2856 3381 2932">
    <p class='ocr_par' dir='ltr' id='par_1_61' title="bbox 1795 2856 3381 2932">
     <span class='ocr_line' id='line_1_61' title="bbox 1795 2856 3381 2932; baseline 0.006 -22"><span class='ocrx_word' id='word_1_439' title='bbox 1795 2860 1894 2923; x_wconf 90' lang='lat' dir='ltr'><strong>lio,</strong></span> <span class='ocrx_word' id='word_1_440' title='bbox 1921 2859 1972 2911; x_wconf 91' lang='lat' dir='ltr'><strong>in</strong></span> <span class='ocrx_word' id='word_1_441' title='bbox 1996 2859 2229 2932; x_wconf 82' lang='lat' dir='ltr'><strong>damnis,</strong></span> <span class='ocrx_word' id='word_1_442' title='bbox 2257 2860 2311 2912; x_wconf 89' lang='lat' dir='ltr'><strong>in</strong></span> <span class='ocrx_word' id='word_1_443' title='bbox 2347 2856 2568 2932; x_wconf 74' lang='lat' dir='ltr'><strong>morbis,</strong></span> <span class='ocrx_word' id='word_1_444' title='bbox 2613 2856 2663 2909; x_wconf 91' lang='lat' dir='ltr'><strong>in</strong></span> <span class='ocrx_word' id='word_1_445' title='bbox 2692 2860 3054 2925; x_wconf 85' lang='lat' dir='ltr'><strong>contumeliis,</strong></span> <span class='ocrx_word' id='word_1_446' title='bbox 3079 2862 3304 2932; x_wconf 84' lang='lat' dir='ltr'><strong>aliisque</strong></span> <span class='ocrx_word' id='word_1_447' title='bbox 3326 2864 3381 2919; x_wconf 88' lang='lat' dir='ltr'><strong>id</strong></span> 
     </span>
    </p>
   </div>
   <div class='ocr_carea' id='block_1_62' title="bbox 1831 2927 3385 3048">
    <p class='ocr_par' dir='ltr' id='par_1_62' title="bbox 1831 2927 3385 3048">
     <span class='ocr_line' id='line_1_62' title="bbox 1831 2927 3385 3048; baseline 0.005 -66"><span class='ocrx_word' id='word_1_448' title='bbox 1831 2944 1965 2983; x_wconf 89' lang='lat' dir='ltr'><strong>enus</strong></span> <span class='ocrx_word' id='word_1_449' title='bbox 1988 2929 2173 2995; x_wconf 88' lang='lat' dir='ltr'><strong>malis;</strong></span> <span class='ocrx_word' id='word_1_450' title='bbox 2204 2930 2319 2982; x_wconf 62' lang='lat' dir='ltr'><strong>haec</strong></span> <span class='ocrx_word' id='word_1_451' title='bbox 2338 2927 2483 2979; x_wconf 92' lang='lat' dir='ltr'><strong>enim</strong></span> <span class='ocrx_word' id='word_1_452' title='bbox 2512 2941 2734 3048; x_wconf 41' lang='lat' dir='ltr'><strong>magnos</strong></span> <span class='ocrx_word' id='word_1_453' title='bbox 2780 2943 3042 2985; x_wconf 63' lang='lat' dir='ltr'><strong>maerores</strong></span> <span class='ocrx_word' id='word_1_454' title='bbox 3067 2927 3261 2987; x_wconf 77' lang='lat' dir='ltr'><strong>aﬂ&#39;erre</strong></span> <span class='ocrx_word' id='word_1_455' title='bbox 3295 2950 3385 2989; x_wconf 84' lang='lat' dir='ltr'><strong>so-</strong></span> 
     </span>
     <span class='ocr_line' id='line_1_63' title="bbox 1831 3001 3385 3048; baseline 0 0"><span class='ocrx_word' id='word_1_456' title='bbox 1831 3009 1929 3048; x_wconf 66' lang='lat' dir='ltr'><strong>ant.</strong></span> <span class='ocrx_word' id='word_1_457' title='bbox 1953 3014 2074 3048; x_wconf 74' lang='lat' dir='ltr'><strong>mne</strong></span> <span class='ocrx_word' id='word_1_458' title='bbox 2103 3001 2374 3048; x_wconf 88' lang='lat' dir='ltr'><strong>hominem</strong></span> <span class='ocrx_word' id='word_1_459' title='bbox 2406 3011 2550 3048; x_wconf 69' lang='lat' dir='ltr'><strong>saeue</strong></span> <span class='ocrx_word' id='word_1_460' title='bbox 2578 3012 2605 3048; x_wconf 91' lang='lat' dir='ltr'><strong>a</strong></span> <span class='ocrx_word' id='word_1_461' title='bbox 2693 3012 2817 3048; x_wconf 88' lang='lat' dir='ltr'><strong>arce</strong></span> <span class='ocrx_word' id='word_1_462' title='bbox 2866 3002 3090 3048; x_wconf 74' lang='lat' dir='ltr'><strong>rationis</strong></span> <span class='ocrx_word' id='word_1_463' title='bbox 3121 3014 3172 3048; x_wconf 72' lang='lat' dir='ltr'><strong>et</strong></span> <span class='ocrx_word' id='word_1_464' title='bbox 3199 3003 3385 3048; x_wconf 67' lang='lat' dir='ltr'><strong>omnin</strong></span> 
     </span>
    </p>
   </div>
   <div class='ocr_carea' id='block_1_63' title="bbox 1788 2942 3385 3069">
    <p class='ocr_par' dir='ltr' id='par_1_63' title="bbox 1788 2942 3385 3069">
     <span class='ocr_line' id='line_1_64' title="bbox 1788 2942 3385 3052; baseline 0.004 -70"><span class='ocrx_word' id='word_1_465' title='bbox 1788 2942 1965 3052; x_wconf 51' lang='lat' dir='ltr'><strong>genus</strong></span> <span class='ocrx_word' id='word_1_466' title='bbox 1988 2942 2173 2995; x_wconf 82' lang='lat' dir='ltr'><strong>matis;</strong></span> <span class='ocrx_word' id='word_1_467' title='bbox 2204 2942 2319 2982; x_wconf 64' lang='lat' dir='ltr'><strong>haec</strong></span> <span class='ocrx_word' id='word_1_468' title='bbox 2338 2942 2483 2979; x_wconf 79' lang='lat' dir='ltr'><strong>enim</strong></span> <span class='ocrx_word' id='word_1_469' title='bbox 2512 2942 2734 3048; x_wconf 43' lang='lat' dir='ltr'><strong>magnos</strong></span> <span class='ocrx_word' id='word_1_470' title='bbox 2780 2943 3042 2985; x_wconf 84' lang='lat' dir='ltr'><strong>maerores</strong></span> <span class='ocrx_word' id='word_1_471' title='bbox 3067 2942 3261 2987; x_wconf 77' lang='lat' dir='ltr'><strong>atterre</strong></span> <span class='ocrx_word' id='word_1_472' title='bbox 3295 2950 3385 2989; x_wconf 84' lang='lat' dir='ltr'><strong>so-</strong></span> 
     </span>
     <span class='ocr_line' id='line_1_65' title="bbox 1815 3001 3385 3069; baseline 0.004 -15"><span class='ocrx_word' id='word_1_473' title='bbox 1815 3009 1929 3062; x_wconf 90' lang='lat' dir='ltr'><strong>ent,</strong></span> <span class='ocrx_word' id='word_1_474' title='bbox 1953 3014 2074 3069; x_wconf 73' lang='lat' dir='ltr'><strong>quae</strong></span> <span class='ocrx_word' id='word_1_475' title='bbox 2103 3001 2374 3053; x_wconf 86' lang='lat' dir='ltr'><strong>hominem</strong></span> <span class='ocrx_word' id='word_1_476' title='bbox 2406 3011 2550 3069; x_wconf 64' lang='lat' dir='ltr'><strong>saepe</strong></span> <span class='ocrx_word' id='word_1_477' title='bbox 2578 3012 2605 3048; x_wconf 89' lang='lat' dir='ltr'><strong>a</strong></span> <span class='ocrx_word' id='word_1_478' title='bbox 2693 3012 2817 3052; x_wconf 89' lang='lat' dir='ltr'><strong>arce</strong></span> <span class='ocrx_word' id='word_1_479' title='bbox 2866 3002 3090 3057; x_wconf 81' lang='lat' dir='ltr'><strong>rationis</strong></span> <span class='ocrx_word' id='word_1_480' title='bbox 3121 3014 3173 3058; x_wconf 91' lang='lat' dir='ltr'><strong>et</strong></span> <span class='ocrx_word' id='word_1_481' title='bbox 3199 3003 3385 3060; x_wconf 89' lang='lat' dir='ltr'><strong>olllcio</strong></span> 
     </span>
    </p>
   </div>
   <div class='ocr_carea' id='block_1_64' title="bbox 1796 3067 3385 3145">
    <p class='ocr_par' dir='ltr' id='par_1_64' title="bbox 1796 3067 3385 3145">
     <span class='ocr_line' id='line_1_66' title="bbox 1796 3067 3385 3145; baseline 0.006 -22"><span class='ocrx_word' id='word_1_482' title='bbox 1796 3067 2007 3145; x_wconf 81' lang='lat' dir='ltr'><strong>virtutis</strong></span> <span class='ocrx_word' id='word_1_483' title='bbox 2033 3070 2344 3145; x_wconf 73' lang='lat' dir='ltr'><strong>deturbant,</strong></span> <span class='ocrx_word' id='word_1_484' title='bbox 2371 3077 2425 3123; x_wconf 92' lang='lat' dir='ltr'><strong>et</strong></span> <span class='ocrx_word' id='word_1_485' title='bbox 2452 3067 2513 3145; x_wconf 83' lang='lat' dir='ltr'><strong>in</strong></span> <span class='ocrx_word' id='word_1_486' title='bbox 2531 3069 2696 3122; x_wconf 83' lang='lat' dir='ltr'><strong>multa</strong></span> <span class='ocrx_word' id='word_1_487' title='bbox 2727 3069 3195 3145; x_wconf 76' lang='lat' dir='ltr'><strong>malaimpt-llunt,</strong></span> <span class='ocrx_word' id='word_1_488' title='bbox 3221 3086 3385 3145; x_wconf 83' lang='lat' dir='ltr'><strong>atque</strong></span> 
     </span>
    </p>
   </div>
   <div class='ocr_carea' id='block_1_65' title="bbox 106 3141 3384 3215">
    <p class='ocr_par' dir='ltr' id='par_1_65' title="bbox 106 3141 3384 3215">
     <span class='ocr_line' id='line_1_67' title="bbox 106 3141 3384 3215; baseline 0.003 -22"><span class='ocrx_word' id='word_1_489' title='bbox 106 3142 213 3194; x_wconf 86' lang='lat' dir='ltr'><strong>dum</strong></span> <span class='ocrx_word' id='word_1_490' title='bbox 230 3160 539 3211; x_wconf 82' lang='lat' dir='ltr'><strong>oppressam</strong></span> <span class='ocrx_word' id='word_1_491' title='bbox 555 3155 767 3215; x_wconf 86' lang='lat' dir='ltr'><strong>mentem</strong></span> <span class='ocrx_word' id='word_1_492' title='bbox 785 3144 1090 3210; x_wconf 84' lang='lat' dir='ltr'><strong>corrumpit,</strong></span> <span class='ocrx_word' id='word_1_493' title='bbox 1111 3142 1483 3197; x_wconf 74' lang='lat' dir='ltr'><strong>moxinridiam</strong></span> <span class='ocrx_word' id='word_1_494' title='bbox 1506 3141 1690 3215; x_wconf 80' lang='lat' dir='ltr'><strong>gignit;</strong></span> <span class='ocrx_word' id='word_1_495' title='bbox 1718 3143 1764 3206; x_wconf 88' lang='lat' dir='ltr'>C</span> <span class='ocrx_word' id='word_1_496' title='bbox 1795 3142 1929 3215; x_wconf 81' lang='lat' dir='ltr'><strong>adeo</strong></span> <span class='ocrx_word' id='word_1_497' title='bbox 1954 3143 2004 3195; x_wconf 87' lang='lat' dir='ltr'><strong>in</strong></span> <span class='ocrx_word' id='word_1_498' title='bbox 2031 3144 2207 3215; x_wconf 51' lang='lat' dir='ltr'><strong>ipsim</strong></span> <span class='ocrx_word' id='word_1_499' title='bbox 2249 3141 2678 3215; x_wconf 77' lang='lat' dir='ltr'><strong>desperationem</strong></span> <span class='ocrx_word' id='word_1_500' title='bbox 2708 3141 2933 3215; x_wconf 80' lang='lat' dir='ltr'><strong>subinde</strong></span> <span class='ocrx_word' id='word_1_501' title='bbox 2970 3144 3249 3215; x_wconf 86' lang='lat' dir='ltr'><strong>inducunt.</strong></span> <span class='ocrx_word' id='word_1_502' title='bbox 3287 3141 3384 3202; x_wconf 80' lang='lat' dir='ltr'><strong>Est</strong></span> 
     </span>
    </p>
   </div>
   <div class='ocr_carea' id='block_1_66' title="bbox 106 3214 1685 3283">
    <p class='ocr_par' dir='ltr' id='par_1_66' title="bbox 106 3214 1685 3283">
     <span class='ocr_line' id='line_1_68' title="bbox 106 3214 1685 3283; baseline 0.002 -19"><span class='ocrx_word' id='word_1_503' title='bbox 106 3215 208 3278; x_wconf 82' lang='lat' dir='ltr'><strong>quia</strong></span> <span class='ocrx_word' id='word_1_504' title='bbox 239 3215 372 3266; x_wconf 86' lang='lat' dir='ltr'><strong>dum</strong></span> <span class='ocrx_word' id='word_1_505' title='bbox 396 3216 509 3267; x_wconf 87' lang='lat' dir='ltr'><strong>vani</strong></span> <span class='ocrx_word' id='word_1_506' title='bbox 536 3214 756 3266; x_wconf 87' lang='lat' dir='ltr'><strong>nominis</strong></span> <span class='ocrx_word' id='word_1_507' title='bbox 777 3215 1056 3283; x_wconf 87' lang='lat' dir='ltr'><strong>potentiam</strong></span> <span class='ocrx_word' id='word_1_508' title='bbox 1081 3215 1296 3281; x_wconf 88' lang='lat' dir='ltr'><strong>appetit,</strong></span> <span class='ocrx_word' id='word_1_509' title='bbox 1323 3231 1385 3267; x_wconf 91' lang='lat' dir='ltr'><strong>ne</strong></span> <span class='ocrx_word' id='word_1_510' title='bbox 1412 3215 1524 3282; x_wconf 87' lang='lat' dir='ltr'><strong>quis</strong></span> <span class='ocrx_word' id='word_1_511' title='bbox 1554 3217 1685 3267; x_wconf 80' lang='lat' dir='ltr'><strong>lianc</strong></span> 
     </span>
    </p>
   </div>
   <div class='ocr_carea' id='block_1_67' title="bbox 109 3283 1681 3355">
    <p class='ocr_par' dir='ltr' id='par_1_67' title="bbox 109 3283 1681 3355">
     <span class='ocr_line' id='line_1_69' title="bbox 109 3283 1681 3355; baseline 0.003 -19"><span class='ocrx_word' id='word_1_512' title='bbox 109 3284 225 3337; x_wconf 69' lang='lat' dir='ltr'><strong>alius</strong></span> <span class='ocrx_word' id='word_1_513' title='bbox 253 3286 481 3355; x_wconf 81' lang='lat' dir='ltr'><strong>adipisci</strong></span> <span class='ocrx_word' id='word_1_514' title='bbox 509 3286 697 3348; x_wconf 84' lang='lat' dir='ltr'><strong>valeat,</strong></span> <span class='ocrx_word' id='word_1_515' title='bbox 742 3285 973 3355; x_wconf 83' lang='lat' dir='ltr'><strong>tabescit.</strong></span> <span class='ocrx_word' id='word_1_516' title='bbox 1008 3284 1084 3336; x_wconf 85' lang='lat' dir='ltr'><strong>Ita</strong></span> <span class='ocrx_word' id='word_1_517' title='bbox 1119 3285 1177 3336; x_wconf 85' lang='grc' dir='ltr'><strong>υ.</strong></span> <span class='ocrx_word' id='word_1_518' title='bbox 1209 3283 1522 3351; x_wconf 76' lang='lat' dir='ltr'><strong>Gregmius.</strong></span> <span class='ocrx_word' id='word_1_519' title='bbox 1555 3287 1681 3340; x_wconf 80' lang='lat' dir='ltr'><strong>Pus-</strong></span> 
     </span>
    </p>
   </div>
   <div class='ocr_carea' id='block_1_68' title="bbox 108 3354 1687 3425">
    <p class='ocr_par' dir='ltr' id='par_1_68' title="bbox 108 3354 1687 3425">
     <span class='ocr_line' id='line_1_70' title="bbox 108 3354 1687 3425; baseline 0 -18"><span class='ocrx_word' id='word_1_520' title='bbox 108 3366 178 3425; x_wconf 78' lang='lat' dir='ltr'><strong>set</strong></span> <span class='ocrx_word' id='word_1_521' title='bbox 219 3354 447 3424; x_wconf 80' lang='lat' dir='ltr'><strong>quidem</strong></span> <span class='ocrx_word' id='word_1_522' title='bbox 480 3355 583 3409; x_wconf 81' lang='lat' dir='ltr'><strong>diei</strong></span> <span class='ocrx_word' id='word_1_523' title='bbox 616 3354 866 3408; x_wconf 89' lang='lat' dir='ltr'><strong>invidiam</strong></span> <span class='ocrx_word' id='word_1_524' title='bbox 899 3355 1130 3408; x_wconf 68' lang='lat' dir='ltr'><strong>tristitiae</strong></span> <span class='ocrx_word' id='word_1_525' title='bbox 1179 3356 1396 3409; x_wconf 89' lang='lat' dir='ltr'><strong>nomine</strong></span> <span class='ocrx_word' id='word_1_526' title='bbox 1442 3371 1687 3425; x_wconf 87' lang='lat' dir='ltr'><strong>compre-</strong></span> 
     </span>
    </p>
   </div>
   <div class='ocr_carea' id='block_1_69' title="bbox 110 3423 1685 3491">
    <p class='ocr_par' dir='ltr' id='par_1_69' title="bbox 110 3423 1685 3491">
     <span class='ocr_line' id='line_1_71' title="bbox 110 3423 1685 3491; baseline 0.003 -16"><span class='ocrx_word' id='word_1_527' title='bbox 110 3423 271 3489; x_wconf 87' lang='lat' dir='ltr'><strong>hendi,</strong></span> <span class='ocrx_word' id='word_1_528' title='bbox 304 3442 440 3480; x_wconf 89' lang='lat' dir='ltr'><strong>cum</strong></span> <span class='ocrx_word' id='word_1_529' title='bbox 472 3426 540 3479; x_wconf 89' lang='lat' dir='ltr'><strong>sit</strong></span> <span class='ocrx_word' id='word_1_530' title='bbox 572 3425 784 3478; x_wconf 81' lang='lat' dir='ltr'><strong>tristitia</strong></span> <span class='ocrx_word' id='word_1_531' title='bbox 815 3427 881 3479; x_wconf 91' lang='lat' dir='ltr'><strong>de</strong></span> <span class='ocrx_word' id='word_1_532' title='bbox 913 3427 1053 3478; x_wconf 84' lang='lat' dir='ltr'><strong>bona</strong></span> <span class='ocrx_word' id='word_1_533' title='bbox 1079 3426 1327 3491; x_wconf 76' lang='lat' dir='ltr'><strong>proximi.</strong></span> <span class='ocrx_word' id='word_1_534' title='bbox 1363 3430 1430 3480; x_wconf 84' lang='lat' dir='ltr'><strong>At</strong></span> <span class='ocrx_word' id='word_1_535' title='bbox 1476 3423 1580 3480; x_wconf 81' lang='lat' dir='ltr'><strong>non</strong></span> <span class='ocrx_word' id='word_1_536' title='bbox 1607 3427 1685 3481; x_wconf 86' lang='lat' dir='ltr'><strong>vi-</strong></span> 
     </span>
    </p>
   </div>
   <div class='ocr_carea' id='block_1_70' title="bbox 107 3494 1688 3565">
    <p class='ocr_par' dir='ltr' id='par_1_70' title="bbox 107 3494 1688 3565">
     <span class='ocr_line' id='line_1_72' title="bbox 107 3494 1688 3565; baseline 0.003 -17"><span class='ocrx_word' id='word_1_537' title='bbox 107 3494 247 3565; x_wconf 87' lang='lat' dir='ltr'><strong>detur</strong></span> <span class='ocrx_word' id='word_1_538' title='bbox 288 3498 595 3551; x_wconf 74' lang='lat' dir='ltr'><strong>Cassianus</strong></span> <span class='ocrx_word' id='word_1_539' title='bbox 639 3496 716 3551; x_wconf 88' lang='lat' dir='ltr'><strong>sic</strong></span> <span class='ocrx_word' id='word_1_540' title='bbox 765 3496 1111 3558; x_wconf 82' lang='lat' dir='ltr'><strong>intellexisse,</strong></span> <span class='ocrx_word' id='word_1_541' title='bbox 1146 3505 1406 3565; x_wconf 87' lang='lat' dir='ltr'><strong>quantum</strong></span> <span class='ocrx_word' id='word_1_542' title='bbox 1454 3513 1518 3551; x_wconf 84' lang='lat' dir='ltr'><strong>ex</strong></span> <span class='ocrx_word' id='word_1_543' title='bbox 1576 3508 1688 3551; x_wconf 88' lang='lat' dir='ltr'><strong>toto</strong></span> 
     </span>
    </p>
   </div>
   <div class='ocr_carea' id='block_1_71' title="bbox 108 3564 1685 3637">
    <p class='ocr_par' dir='ltr' id='par_1_71' title="bbox 108 3564 1685 3637">
     <span class='ocr_line' id='line_1_73' title="bbox 108 3564 1685 3637; baseline 0.006 -23"><span class='ocrx_word' id='word_1_544' title='bbox 108 3564 247 3634; x_wconf 84' lang='lat' dir='ltr'><strong>hujus</strong></span> <span class='ocrx_word' id='word_1_545' title='bbox 287 3567 421 3624; x_wconf 86' lang='lat' dir='ltr'><strong>libti</strong></span> <span class='ocrx_word' id='word_1_546' title='bbox 452 3577 680 3622; x_wconf 89' lang='lat' dir='ltr'><strong>tractatu</strong></span> <span class='ocrx_word' id='word_1_547' title='bbox 706 3570 861 3637; x_wconf 85' lang='lat' dir='ltr'><strong>(Cap.</strong></span> <span class='ocrx_word' id='word_1_548' title='bbox 894 3565 927 3619; x_wconf 78' lang='grc'><strong>5</strong></span> <span class='ocrx_word' id='word_1_549' title='bbox 955 3576 999 3621; x_wconf 91' lang='lat' dir='ltr'><strong>et</strong></span> <span class='ocrx_word' id='word_1_550' title='bbox 1022 3564 1228 3636; x_wconf 84' lang='lat' dir='ltr'><strong>ultimo)</strong></span> <span class='ocrx_word' id='word_1_551' title='bbox 1256 3578 1310 3620; x_wconf 93' lang='lat' dir='ltr'><strong>et</strong></span> <span class='ocrx_word' id='word_1_552' title='bbox 1340 3568 1554 3622; x_wconf 85' lang='lat' dir='ltr'><strong>aliunde</strong></span> <span class='ocrx_word' id='word_1_553' title='bbox 1575 3570 1685 3622; x_wconf 89' lang='lat' dir='ltr'><strong>col-</strong></span> 
     </span>
    </p>
   </div>
   <div class='ocr_carea' id='block_1_72' title="bbox 108 3636 1688 3707">
    <p class='ocr_par' dir='ltr' id='par_1_72' title="bbox 108 3636 1688 3707">
     <span class='ocr_line' id='line_1_74' title="bbox 108 3636 1688 3707; baseline 0.004 -20"><span class='ocrx_word' id='word_1_554' title='bbox 108 3636 183 3703; x_wconf 68' lang='lat' dir='ltr'><strong>ligi</strong></span> <span class='ocrx_word' id='word_1_555' title='bbox 210 3650 416 3707; x_wconf 84' lang='lat' dir='ltr'><strong>potest.</strong></span> <span class='ocrx_word' id='word_1_556' title='bbox 450 3638 566 3693; x_wconf 84' lang='lat' dir='ltr'><strong>Non</strong></span> <span class='ocrx_word' id='word_1_557' title='bbox 600 3638 742 3692; x_wconf 89' lang='lat' dir='ltr'><strong>enim</strong></span> <span class='ocrx_word' id='word_1_558' title='bbox 789 3636 927 3693; x_wconf 86' lang='lat' dir='ltr'><strong>solet</strong></span> <span class='ocrx_word' id='word_1_559' title='bbox 955 3638 1206 3691; x_wconf 86' lang='lat' dir='ltr'><strong>invidiam</strong></span> <span class='ocrx_word' id='word_1_560' title='bbox 1254 3636 1575 3704; x_wconf 84' lang='lat' dir='ltr'><strong>simpliciter</strong></span> <span class='ocrx_word' id='word_1_561' title='bbox 1603 3655 1688 3694; x_wconf 87' lang='lat' dir='ltr'><strong>vo-</strong></span> 
     </span>
    </p>
   </div>
   <div class='ocr_carea' id='block_1_73' title="bbox 106 3710 1688 3769">
    <p class='ocr_par' dir='ltr' id='par_1_73' title="bbox 106 3710 1688 3769">
     <span class='ocr_line' id='line_1_75' title="bbox 106 3710 1688 3769; baseline 0.003 -10"><span class='ocrx_word' id='word_1_562' title='bbox 106 3720 216 3763; x_wconf 87' lang='lat' dir='ltr'><strong>care</strong></span> <span class='ocrx_word' id='word_1_563' title='bbox 242 3710 562 3769; x_wconf 46' lang='lat' dir='ltr'><strong>tristitiam;</strong></span> <span class='ocrx_word' id='word_1_564' title='bbox 610 3718 662 3762; x_wconf 91' lang='lat' dir='ltr'><strong>et</strong></span> <span class='ocrx_word' id='word_1_565' title='bbox 688 3710 813 3763; x_wconf 87' lang='lat' dir='ltr'><strong>dum</strong></span> <span class='ocrx_word' id='word_1_566' title='bbox 848 3710 1078 3762; x_wconf 65' lang='lat' dir='ltr'><strong>tristitia:</strong></span> <span class='ocrx_word' id='word_1_567' title='bbox 1105 3722 1294 3761; x_wconf 87' lang='lat' dir='ltr'><strong>causas</strong></span> <span class='ocrx_word' id='word_1_568' title='bbox 1329 3712 1415 3761; x_wconf 88' lang='lat' dir='ltr'><strong>hic</strong></span> <span class='ocrx_word' id='word_1_569' title='bbox 1444 3724 1688 3764; x_wconf 81' lang='lat' dir='ltr'><strong>comme-</strong></span> 
     </span>
    </p>
   </div>
   <div class='ocr_carea' id='block_1_74' title="bbox 107 3778 1692 3842">
    <p class='ocr_par' dir='ltr' id='par_1_74' title="bbox 107 3778 1692 3842">
     <span class='ocr_line' id='line_1_76' title="bbox 107 3778 1692 3842; baseline 0.003 -13"><span class='ocrx_word' id='word_1_570' title='bbox 107 3791 283 3842; x_wconf 86' lang='lat' dir='ltr'><strong>morat,</strong></span> <span class='ocrx_word' id='word_1_571' title='bbox 326 3783 541 3834; x_wconf 79' lang='lat' dir='ltr'><strong>uullam</strong></span> <span class='ocrx_word' id='word_1_572' title='bbox 573 3780 640 3834; x_wconf 88' lang='lat' dir='ltr'><strong>de</strong></span> <span class='ocrx_word' id='word_1_573' title='bbox 671 3780 866 3833; x_wconf 88' lang='lat' dir='ltr'><strong>invidia</strong></span> <span class='ocrx_word' id='word_1_574' title='bbox 910 3788 1001 3831; x_wconf 90' lang='lat' dir='ltr'><strong>aut</strong></span> <span class='ocrx_word' id='word_1_575' title='bbox 1032 3778 1245 3831; x_wconf 75' lang='lat' dir='ltr'><strong>invidiae</strong></span> <span class='ocrx_word' id='word_1_576' title='bbox 1267 3793 1428 3832; x_wconf 89' lang='lat' dir='ltr'><strong>causa</strong></span> <span class='ocrx_word' id='word_1_577' title='bbox 1465 3781 1692 3833; x_wconf 85' lang='lat' dir='ltr'><strong>mentio-</strong></span> 
     </span>
    </p>
   </div>
   <div class='ocr_carea' id='block_1_75' title="bbox 111 3849 1693 3918">
    <p class='ocr_par' dir='ltr' id='par_1_75' title="bbox 111 3849 1693 3918">
     <span class='ocr_line' id='line_1_77' title="bbox 111 3849 1693 3918; baseline -0.001 -16"><span class='ocrx_word' id='word_1_578' title='bbox 111 3863 218 3904; x_wconf 88' lang='lat' dir='ltr'><strong>nem</strong></span> <span class='ocrx_word' id='word_1_579' title='bbox 244 3852 389 3906; x_wconf 82' lang='lat' dir='ltr'><strong>facit.</strong></span> <span class='ocrx_word' id='word_1_580' title='bbox 430 3850 667 3905; x_wconf 78' lang='lat' dir='ltr'><strong>Proinde</strong></span> <span class='ocrx_word' id='word_1_581' title='bbox 709 3851 834 3918; x_wconf 88' lang='lat' dir='ltr'><strong>quid</strong></span> <span class='ocrx_word' id='word_1_582' title='bbox 867 3865 960 3917; x_wconf 92' lang='lat' dir='ltr'><strong>per</strong></span> <span class='ocrx_word' id='word_1_583' title='bbox 996 3849 1268 3903; x_wconf 89' lang='lat' dir='ltr'><strong>tristitiam</strong></span> <span class='ocrx_word' id='word_1_584' title='bbox 1306 3849 1588 3918; x_wconf 65' lang='lat' dir='ltr'><strong>intelligit,</strong></span> <span class='ocrx_word' id='word_1_585' title='bbox 1636 3860 1693 3904; x_wconf 86' lang='lat' dir='ltr'><strong>et</strong></span> 
     </span>
    </p>
   </div>
   <div class='ocr_carea' id='block_1_76' title="bbox 109 3918 1687 3989">
    <p class='ocr_par' dir='ltr' id='par_1_76' title="bbox 109 3918 1687 3989">
     <span class='ocr_line' id='line_1_78' title="bbox 109 3918 1687 3989; baseline -0.001 -16"><span class='ocrx_word' id='word_1_586' title='bbox 109 3924 367 3987; x_wconf 90' lang='lat' dir='ltr'><strong>quomodo</strong></span> <span class='ocrx_word' id='word_1_587' title='bbox 391 3938 517 3976; x_wconf 84' lang='lat' dir='ltr'><strong>eam</strong></span> <span class='ocrx_word' id='word_1_588' title='bbox 545 3922 612 3974; x_wconf 88' lang='lat' dir='ltr'><strong>ab</strong></span> <span class='ocrx_word' id='word_1_589' title='bbox 642 3920 835 3974; x_wconf 83' lang='lat' dir='ltr'><strong>invidia</strong></span> <span class='ocrx_word' id='word_1_590' title='bbox 862 3920 1022 3974; x_wconf 82' lang='lat' dir='ltr'><strong>simul</strong></span> <span class='ocrx_word' id='word_1_591' title='bbox 1062 3927 1131 3977; x_wconf 79' lang='lat' dir='ltr'><strong>et,</strong></span> <span class='ocrx_word' id='word_1_592' title='bbox 1159 3919 1340 3972; x_wconf 83' lang='lat' dir='ltr'><strong>acetlia</strong></span> <span class='ocrx_word' id='word_1_593' title='bbox 1374 3918 1687 3989; x_wconf 79' lang='lat' dir='ltr'><strong>distinguat,</strong></span> 
     </span>
    </p>
   </div>
   <div class='ocr_carea' id='block_1_77' title="bbox 112 3990 1691 4061">
    <p class='ocr_par' dir='ltr' id='par_1_77' title="bbox 112 3990 1691 4061">
     <span class='ocr_line' id='line_1_79' title="bbox 112 3990 1691 4061; baseline 0.001 -19"><span class='ocrx_word' id='word_1_594' title='bbox 112 4000 161 4042; x_wconf 89' lang='lat' dir='ltr'><strong>ut</strong></span> <span class='ocrx_word' id='word_1_595' title='bbox 184 3993 575 4061; x_wconf 82' lang='lat' dir='ltr'><strong>intelligamus,</strong></span> <span class='ocrx_word' id='word_1_596' title='bbox 602 3992 893 4045; x_wconf 86' lang='lat' dir='ltr'><strong>notandum</strong></span> <span class='ocrx_word' id='word_1_597' title='bbox 917 4006 945 4044; x_wconf 89' lang='lat' dir='ltr'><strong>a</strong></span> <span class='ocrx_word' id='word_1_598' title='bbox 975 3992 1186 4045; x_wconf 87' lang='lat' dir='ltr'><strong>Joanne</strong></span> <span class='ocrx_word' id='word_1_599' title='bbox 1215 3990 1691 4061; x_wconf 74' lang='lat' dir='ltr'><strong>Datnascenoqua-</strong></span> 
     </span>
    </p>
   </div>
   <div class='ocr_carea' id='block_1_78' title="bbox 112 4059 1685 4129">
    <p class='ocr_par' dir='ltr' id='par_1_78' title="bbox 112 4059 1685 4129">
     <span class='ocr_line' id='line_1_80' title="bbox 112 4059 1685 4129; baseline 0.002 -17"><span class='ocrx_word' id='word_1_600' title='bbox 112 4067 223 4117; x_wconf 81' lang='lat' dir='ltr'><strong>tuor</strong></span> <span class='ocrx_word' id='word_1_601' title='bbox 243 4059 460 4129; x_wconf 70' lang='lat' dir='ltr'><strong>Species</strong></span> <span class='ocrx_word' id='word_1_602' title='bbox 492 4062 719 4115; x_wconf 68' lang='lat' dir='ltr'><strong>tristitie</strong></span> <span class='ocrx_word' id='word_1_603' title='bbox 766 4061 1018 4118; x_wconf 59' lang='lat' dir='ltr'><strong>distingui</strong></span> <span class='ocrx_word' id='word_1_604' title='bbox 1052 4061 1170 4129; x_wconf 85' lang='lat' dir='ltr'><strong>(Lib</strong></span> <span class='ocrx_word' id='word_1_605' title='bbox 1196 4076 1228 4113; x_wconf 90' lang='grc' dir='ltr'><strong>ιι</strong></span> <span class='ocrx_word' id='word_1_606' title='bbox 1257 4059 1478 4113; x_wconf 82' lang='lat' dir='ltr'><strong>()rtliod.</strong></span> <span class='ocrx_word' id='word_1_607' title='bbox 1514 4060 1685 4128; x_wconf 80' lang='lat' dir='ltr'><strong>Fidei,</strong></span> 
     </span>
    </p>
   </div>
   <div class='ocr_carea' id='block_1_79' title="bbox 110 4131 1688 4205">
    <p class='ocr_par' dir='ltr' id='par_1_79' title="bbox 110 4131 1688 4205">
     <span class='ocr_line' id='line_1_81' title="bbox 110 4131 1688 4205; baseline 0.004 -25"><span class='ocrx_word' id='word_1_608' title='bbox 110 4148 214 4202; x_wconf 78' lang='lat' dir='ltr'><strong>cap.</strong></span> <span class='ocrx_word' id='word_1_609' title='bbox 251 4134 361 4205; x_wconf 74' lang='grc'><strong>14),</strong></span> <span class='ocrx_word' id='word_1_610' title='bbox 411 4149 535 4203; x_wconf 76' lang='lat' dir='ltr'><strong>qua:</strong></span> <span class='ocrx_word' id='word_1_611' title='bbox 582 4133 784 4186; x_wconf 86' lang='lat' dir='ltr'><strong>Latinis</strong></span> <span class='ocrx_word' id='word_1_612' title='bbox 831 4132 1139 4205; x_wconf 83' lang='lat' dir='ltr'><strong>nominibus</strong></span> <span class='ocrx_word' id='word_1_613' title='bbox 1183 4131 1688 4205; x_wconf 10' lang='lat' dir='ltr'><strong>dicunturtacetiia,</strong></span> 
     </span>
    </p>
   </div>
   <div class='ocr_carea' id='block_1_80' title="bbox 116 4201 1690 4269">
    <p class='ocr_par' dir='ltr' id='par_1_80' title="bbox 116 4201 1690 4269">
     <span class='ocr_line' id='line_1_82' title="bbox 116 4201 1690 4269; baseline 0.002 -13"><span class='ocrx_word' id='word_1_614' title='bbox 116 4201 371 4267; x_wconf 76' lang='lat' dir='ltr'><strong>molestia,</strong></span> <span class='ocrx_word' id='word_1_615' title='bbox 400 4201 630 4267; x_wconf 78' lang='lat' dir='ltr'><strong>invidia,</strong></span> <span class='ocrx_word' id='word_1_616' title='bbox 665 4204 1053 4256; x_wconf 81' lang='lat' dir='ltr'><strong>misericordia.</strong></span> <span class='ocrx_word' id='word_1_617' title='bbox 1083 4201 1293 4263; x_wconf 80' lang='lat' dir='ltr'><strong>Acedia,</strong></span> <span class='ocrx_word' id='word_1_618' title='bbox 1321 4202 1509 4269; x_wconf 81' lang='lat' dir='ltr'><strong>inquit,</strong></span> <span class='ocrx_word' id='word_1_619' title='bbox 1536 4206 1690 4259; x_wconf 76' lang='lat' dir='ltr'><strong>tristi-</strong></span> 
     </span>
    </p>
   </div>
   <div class='ocr_carea' id='block_1_81' title="bbox 109 4273 1688 4343">
    <p class='ocr_par' dir='ltr' id='par_1_81' title="bbox 109 4273 1688 4343">
     <span class='ocr_line' id='line_1_83' title="bbox 109 4273 1688 4343; baseline 0.004 -20"><span class='ocrx_word' id='word_1_620' title='bbox 109 4273 172 4323; x_wconf 86' lang='lat' dir='ltr'><strong>tia</strong></span> <span class='ocrx_word' id='word_1_621' title='bbox 202 4288 271 4328; x_wconf 87' lang='lat' dir='ltr'><strong>est</strong></span> <span class='ocrx_word' id='word_1_622' title='bbox 307 4277 720 4328; x_wconf 78' lang='lat' dir='ltr'><strong>taciturnitatem</strong></span> <span class='ocrx_word' id='word_1_623' title='bbox 765 4274 1201 4343; x_wconf 68' lang='lat' dir='ltr'><strong>defectionemque</strong></span> <span class='ocrx_word' id='word_1_624' title='bbox 1244 4276 1378 4325; x_wconf 81' lang='lat' dir='ltr'><strong>vocis</strong></span> <span class='ocrx_word' id='word_1_625' title='bbox 1403 4274 1688 4342; x_wconf 82' lang='lat' dir='ltr'><strong>inducens;</strong></span> 
     </span>
    </p>
   </div>
   <div class='ocr_carea' id='block_1_82' title="bbox 111 4344 1688 4414">
    <p class='ocr_par' dir='ltr' id='par_1_82' title="bbox 111 4344 1688 4414">
     <span class='ocr_line' id='line_1_84' title="bbox 111 4344 1688 4414; baseline 0.006 -25"><span class='ocrx_word' id='word_1_626' title='bbox 111 4348 352 4413; x_wconf 78' lang='lat' dir='ltr'><strong>molestia,</strong></span> <span class='ocrx_word' id='word_1_627' title='bbox 405 4346 615 4397; x_wconf 83' lang='lat' dir='ltr'><strong>tristitia</strong></span> <span class='ocrx_word' id='word_1_628' title='bbox 645 4355 716 4397; x_wconf 82' lang='lat' dir='ltr'><strong>est</strong></span> <span class='ocrx_word' id='word_1_629' title='bbox 754 4360 1058 4414; x_wconf 85' lang='lat' dir='ltr'><strong>aggravans,</strong></span> <span class='ocrx_word' id='word_1_630' title='bbox 1092 4344 1389 4412; x_wconf 85' lang='lat' dir='ltr'><strong>pondusque</strong></span> <span class='ocrx_word' id='word_1_631' title='bbox 1433 4345 1688 4414; x_wconf 74' lang='lat' dir='ltr'><strong>alfereus;</strong></span> 
     </span>
    </p>
   </div>
   <div class='ocr_carea' id='block_1_83' title="bbox 111 4413 1688 4480">
    <p class='ocr_par' dir='ltr' id='par_1_83' title="bbox 111 4413 1688 4480">
     <span class='ocr_line' id='line_1_85' title="bbox 111 4413 1688 4480; baseline 0.005 -19"><span class='ocrx_word' id='word_1_632' title='bbox 111 4413 294 4470; x_wconf 80' lang='lat' dir='ltr'><strong>invidia</strong></span> <span class='ocrx_word' id='word_1_633' title='bbox 315 4417 527 4471; x_wconf 84' lang='lat' dir='ltr'><strong>tristitia</strong></span> <span class='ocrx_word' id='word_1_634' title='bbox 553 4427 625 4468; x_wconf 87' lang='lat' dir='ltr'><strong>est</strong></span> <span class='ocrx_word' id='word_1_635' title='bbox 652 4432 714 4468; x_wconf 82' lang='lat' dir='ltr'><strong>ea:</strong></span> <span class='ocrx_word' id='word_1_636' title='bbox 735 4413 916 4468; x_wconf 83' lang='lat' dir='ltr'><strong>alienis</strong></span> <span class='ocrx_word' id='word_1_637' title='bbox 945 4416 1090 4467; x_wconf 87' lang='lat' dir='ltr'><strong>bonis</strong></span> <span class='ocrx_word' id='word_1_638' title='bbox 1119 4419 1457 4480; x_wconf 87' lang='lat' dir='ltr'><strong>proveniens;</strong></span> <span class='ocrx_word' id='word_1_639' title='bbox 1489 4418 1688 4469; x_wconf 77' lang='lat' dir='ltr'><strong>miseri-</strong></span> 
     </span>
    </p>
   </div>
   <div class='ocr_carea' id='block_1_84' title="bbox 110 4485 1687 4542">
    <p class='ocr_par' dir='ltr' id='par_1_84' title="bbox 110 4485 1687 4542">
     <span class='ocr_line' id='line_1_86' title="bbox 110 4485 1687 4542; baseline 0.004 -7"><span class='ocrx_word' id='word_1_640' title='bbox 110 4488 275 4539; x_wconf 80' lang='lat' dir='ltr'><strong>cordia</strong></span> <span class='ocrx_word' id='word_1_641' title='bbox 297 4507 414 4542; x_wconf 86' lang='lat' dir='ltr'><strong>vero</strong></span> <span class='ocrx_word' id='word_1_642' title='bbox 440 4487 494 4539; x_wconf 86' lang='lat' dir='ltr'><strong>in</strong></span> <span class='ocrx_word' id='word_1_643' title='bbox 523 4489 706 4539; x_wconf 86' lang='lat' dir='ltr'><strong>alienis</strong></span> <span class='ocrx_word' id='word_1_644' title='bbox 736 4486 887 4539; x_wconf 88' lang='lat' dir='ltr'><strong>malis</strong></span> <span class='ocrx_word' id='word_1_645' title='bbox 910 4487 1135 4539; x_wconf 75' lang='lat' dir='ltr'><strong>tristitia.</strong></span> <span class='ocrx_word' id='word_1_646' title='bbox 1173 4485 1297 4538; x_wconf 63' lang='lat' dir='ltr'><strong>Haec</strong></span> <span class='ocrx_word' id='word_1_647' title='bbox 1323 4488 1687 4541; x_wconf 73' lang='lat' dir='ltr'><strong>llatnascentts</strong></span> 
     </span>
    </p>
   </div>
   <div class='ocr_carea' id='block_1_85' title="bbox 112 4528 1769 4625">
    <p class='ocr_par' dir='ltr' id='par_1_85' title="bbox 112 4528 1769 4625">
     <span class='ocr_line' id='line_1_87' title="bbox 112 4528 1769 4625; baseline 0.005 -21"><span class='ocrx_word' id='word_1_648' title='bbox 112 4528 412 4617; x_wconf 63' lang='grc' dir='ltr'><strong>ὦῗῖἰῶἶὶ</strong></span> <span class='ocrx_word' id='word_1_649' title='bbox 442 4528 1297 4625; x_wconf 51' lang='grc' dir='ltr'><strong>ἷίἑξᾛῖὶὲῖὲἱῗἑῖᾞῖᾇάἔέἱ</strong></span> <span class='ocrx_word' id='word_1_650' title='bbox 1323 4528 1689 4623; x_wconf 54' lang='grc' dir='ltr'>ἰιῖζῆἶιὶῖὶὶὸἶ</span> <span class='ocrx_word' id='word_1_651' title='bbox 1715 4528 1769 4588; x_wconf 78' lang='lat' dir='ltr'><strong>D</strong></span> 
     </span>
    </p>
   </div>
   <div class='ocr_carea' id='block_1_86' title="bbox 112 4628 1686 4695">
    <p class='ocr_par' dir='ltr' id='par_1_86' title="bbox 112 4628 1686 4695">
     <span class='ocr_line' id='line_1_88' title="bbox 112 4628 1686 4695; baseline -0.003 -8"><span class='ocrx_word' id='word_1_652' title='bbox 112 4630 510 4690; x_wconf 70' lang='lat' dir='ltr'><strong>Sltcciebussola</strong></span> <span class='ocrx_word' id='word_1_653' title='bbox 532 4643 585 4682; x_wconf 89' lang='lat' dir='ltr'><strong>et</strong></span> <span class='ocrx_word' id='word_1_654' title='bbox 607 4630 866 4691; x_wconf 88' lang='lat' dir='ltr'><strong>secunda,</strong></span> <span class='ocrx_word' id='word_1_655' title='bbox 893 4628 1094 4681; x_wconf 80' lang='lat' dir='ltr'><strong>scilicet</strong></span> <span class='ocrx_word' id='word_1_656' title='bbox 1112 4628 1371 4688; x_wconf 81' lang='lat' dir='ltr'><strong>molestia,</strong></span> <span class='ocrx_word' id='word_1_657' title='bbox 1399 4643 1556 4695; x_wconf 92' lang='lat' dir='ltr'><strong>quam</strong></span> <span class='ocrx_word' id='word_1_658' title='bbox 1584 4632 1686 4683; x_wconf 87' lang='lat' dir='ltr'><strong>sub</strong></span> 
     </span>
    </p>
   </div>
   <div class='ocr_carea' id='block_1_87' title="bbox 113 4696 1685 4765">
    <p class='ocr_par' dir='ltr' id='par_1_87' title="bbox 113 4696 1685 4765">
     <span class='ocr_line' id='line_1_89' title="bbox 113 4696 1685 4765; baseline 0.004 -19"><span class='ocrx_word' id='word_1_659' title='bbox 113 4704 316 4752; x_wconf 75' lang='lat' dir='ltr'><strong>nomine</strong></span> <span class='ocrx_word' id='word_1_660' title='bbox 359 4700 594 4754; x_wconf 65' lang='lat' dir='ltr'><strong>tri-titius</strong></span> <span class='ocrx_word' id='word_1_661' title='bbox 625 4696 913 4765; x_wconf 77' lang='lat' dir='ltr'><strong>Cassianus</strong></span> <span class='ocrx_word' id='word_1_662' title='bbox 944 4698 1046 4752; x_wconf 88' lang='lat' dir='ltr'><strong>hoc</strong></span> <span class='ocrx_word' id='word_1_663' title='bbox 1076 4699 1194 4752; x_wconf 79' lang='lat' dir='ltr'><strong>luco</strong></span> <span class='ocrx_word' id='word_1_664' title='bbox 1242 4700 1601 4765; x_wconf 81' lang='lat' dir='ltr'><strong>persequitur,</strong></span> <span class='ocrx_word' id='word_1_665' title='bbox 1635 4709 1685 4753; x_wconf 87' lang='lat' dir='ltr'><strong>et</strong></span> 
     </span>
    </p>
   </div>
   <div class='ocr_carea' id='block_1_88' title="bbox 113 4768 1688 4840">
    <p class='ocr_par' dir='ltr' id='par_1_88' title="bbox 113 4768 1688 4840">
     <span class='ocr_line' id='line_1_90' title="bbox 113 4768 1688 4840; baseline 0.005 -23"><span class='ocrx_word' id='word_1_666' title='bbox 113 4768 323 4831; x_wconf 81' lang='lat' dir='ltr'><strong>spiritali</strong></span> <span class='ocrx_word' id='word_1_667' title='bbox 365 4771 653 4840; x_wconf 71' lang='lat' dir='ltr'><strong>agonistze,</strong></span> <span class='ocrx_word' id='word_1_668' title='bbox 700 4769 750 4822; x_wconf 88' lang='lat' dir='ltr'><strong>id</strong></span> <span class='ocrx_word' id='word_1_669' title='bbox 796 4779 899 4835; x_wconf 90' lang='lat' dir='ltr'><strong>est,</strong></span> <span class='ocrx_word' id='word_1_670' title='bbox 946 4770 1210 4822; x_wconf 82' lang='lat' dir='ltr'><strong>monacho</strong></span> <span class='ocrx_word' id='word_1_671' title='bbox 1258 4769 1584 4823; x_wconf 82' lang='lat' dir='ltr'><strong>domandam</strong></span> <span class='ocrx_word' id='word_1_672' title='bbox 1633 4781 1688 4825; x_wconf 92' lang='lat' dir='ltr'><strong>et</strong></span> 
     </span>
    </p>
   </div>
   <div class='ocr_carea' id='block_1_89' title="bbox 114 4840 1681 4909">
    <p class='ocr_par' dir='ltr' id='par_1_89' title="bbox 114 4840 1681 4909">
     <span class='ocr_line' id='line_1_91' title="bbox 114 4840 1681 4909; baseline -0.001 -14"><span class='ocrx_word' id='word_1_673' title='bbox 114 4840 449 4909; x_wconf 73' lang='lat' dir='ltr'><strong>subigendam</strong></span> <span class='ocrx_word' id='word_1_674' title='bbox 466 4845 625 4895; x_wconf 90' lang='lat' dir='ltr'><strong>docet</strong></span> <span class='ocrx_word' id='word_1_675' title='bbox 659 4858 670 4892; x_wconf 86' lang='lat'><strong>:</strong></span> <span class='ocrx_word' id='word_1_676' title='bbox 706 4856 823 4909; x_wconf 63' lang='lat' dir='ltr'><strong>quae</strong></span> <span class='ocrx_word' id='word_1_677' title='bbox 855 4841 987 4893; x_wconf 85' lang='lat' dir='ltr'><strong>nihil</strong></span> <span class='ocrx_word' id='word_1_678' title='bbox 1015 4840 1158 4892; x_wconf 88' lang='lat' dir='ltr'><strong>aliud</strong></span> <span class='ocrx_word' id='word_1_679' title='bbox 1183 4849 1266 4893; x_wconf 90' lang='lat' dir='ltr'><strong>est</strong></span> <span class='ocrx_word' id='word_1_680' title='bbox 1289 4855 1448 4909; x_wconf 82' lang='lat' dir='ltr'><strong>quam</strong></span> <span class='ocrx_word' id='word_1_681' title='bbox 1477 4840 1681 4894; x_wconf 55' lang='lat' dir='ltr'><strong>inordi.</strong></span> 
     </span>
    </p>
   </div>
   <div class='ocr_carea' id='block_1_90' title="bbox 115 4910 1684 4981">
    <p class='ocr_par' dir='ltr' id='par_1_90' title="bbox 115 4910 1684 4981">
     <span class='ocr_line' id='line_1_92' title="bbox 115 4910 1684 4981; baseline 0.004 -22"><span class='ocrx_word' id='word_1_682' title='bbox 115 4921 221 4981; x_wconf 83' lang='lat' dir='ltr'><strong>nata</strong></span> <span class='ocrx_word' id='word_1_683' title='bbox 242 4915 403 4967; x_wconf 86' lang='lat' dir='ltr'><strong>animi</strong></span> <span class='ocrx_word' id='word_1_684' title='bbox 434 4911 719 4981; x_wconf 64' lang='lat' dir='ltr'><strong>aegritudo,</strong></span> <span class='ocrx_word' id='word_1_685' title='bbox 752 4914 1022 4973; x_wconf 68' lang='lat' dir='ltr'><strong>maestitia,</strong></span> <span class='ocrx_word' id='word_1_686' title='bbox 1059 4925 1152 4962; x_wconf 86' lang='lat' dir='ltr'><strong>seu</strong></span> <span class='ocrx_word' id='word_1_687' title='bbox 1180 4910 1402 4964; x_wconf 80' lang='lat' dir='ltr'><strong>afﬂictio</strong></span> <span class='ocrx_word' id='word_1_688' title='bbox 1425 4924 1487 4964; x_wconf 62' lang='lat' dir='ltr'><strong>es</strong></span> <span class='ocrx_word' id='word_1_689' title='bbox 1521 4912 1684 4966; x_wconf 88' lang='lat' dir='ltr'><strong>alicu-</strong></span> 
     </span>
    </p>
   </div>
   <div class='ocr_carea' id='block_1_91' title="bbox 108 4977 1680 5050">
    <p class='ocr_par' dir='ltr' id='par_1_91' title="bbox 108 4977 1680 5050">
     <span class='ocr_line' id='line_1_93' title="bbox 108 4977 1680 5050; baseline 0.004 -19"><span class='ocrx_word' id='word_1_690' title='bbox 108 4977 188 5044; x_wconf 84' lang='lat' dir='ltr'><strong>jus</strong></span> <span class='ocrx_word' id='word_1_691' title='bbox 207 4983 329 5036; x_wconf 88' lang='lat' dir='ltr'><strong>mali</strong></span> <span class='ocrx_word' id='word_1_692' title='bbox 346 4977 582 5038; x_wconf 47' lang='lat' dir='ltr'><strong>illati&#39;vel</strong></span> <span class='ocrx_word' id='word_1_693' title='bbox 602 4984 722 5035; x_wconf 88' lang='lat' dir='ltr'><strong>boni</strong></span> <span class='ocrx_word' id='word_1_694' title='bbox 746 4981 1002 5035; x_wconf 80' lang='lat' dir='ltr'><strong>subtraCti</strong></span> <span class='ocrx_word' id='word_1_695' title='bbox 1016 4982 1680 5050; x_wconf 80' lang='lat' dir='ltr'><strong>apprehensimteoborta;</strong></span> 
     </span>
    </p>
   </div>
   <div class='ocr_carea' id='block_1_92' title="bbox 114 5053 1686 5123">
    <p class='ocr_par' dir='ltr' id='par_1_92' title="bbox 114 5053 1686 5123">
     <span class='ocr_line' id='line_1_94' title="bbox 114 5053 1686 5123; baseline 0.006 -22"><span class='ocrx_word' id='word_1_696' title='bbox 114 5058 165 5123; x_wconf 79' lang='lat' dir='ltr'><strong>nt</strong></span> <span class='ocrx_word' id='word_1_697' title='bbox 188 5068 303 5106; x_wconf 84' lang='lat' dir='ltr'><strong>cuin</strong></span> <span class='ocrx_word' id='word_1_698' title='bbox 328 5057 452 5122; x_wconf 88' lang='lat' dir='ltr'><strong>quis</strong></span> <span class='ocrx_word' id='word_1_699' title='bbox 478 5053 762 5106; x_wconf 81' lang='lat' dir='ltr'><strong>frattdatur</strong></span> <span class='ocrx_word' id='word_1_700' title='bbox 804 5055 943 5105; x_wconf 85' lang='lat' dir='ltr'><strong>bono</strong></span> <span class='ocrx_word' id='word_1_701' title='bbox 973 5061 1302 5121; x_wconf 69' lang='lat' dir='ltr'><strong>eaSpectato,</strong></span> <span class='ocrx_word' id='word_1_702' title='bbox 1326 5062 1418 5106; x_wconf 88' lang='lat' dir='ltr'><strong>aut</strong></span> <span class='ocrx_word' id='word_1_703' title='bbox 1446 5055 1686 5123; x_wconf 89' lang='lat' dir='ltr'><strong>privatur</strong></span> 
     </span>
    </p>
   </div>
   <div class='ocr_carea' id='block_1_93' title="bbox 114 5118 1685 5195">
    <p class='ocr_par' dir='ltr' id='par_1_93' title="bbox 114 5118 1685 5195">
     <span class='ocr_line' id='line_1_95' title="bbox 114 5118 1685 5195; baseline 0.006 -24"><span class='ocrx_word' id='word_1_704' title='bbox 114 5118 240 5195; x_wconf 80' lang='lat' dir='ltr'><strong>bono</strong></span> <span class='ocrx_word' id='word_1_705' title='bbox 260 5118 411 5191; x_wconf 74' lang='lat' dir='ltr'><strong>prius</strong></span> <span class='ocrx_word' id='word_1_706' title='bbox 442 5124 646 5195; x_wconf 81' lang='lat' dir='ltr'><strong>habitu,</strong></span> <span class='ocrx_word' id='word_1_707' title='bbox 666 5128 742 5178; x_wconf 78' lang='lat' dir='ltr'><strong>vel</strong></span> <span class='ocrx_word' id='word_1_708' title='bbox 759 5124 1035 5192; x_wconf 90' lang='lat' dir='ltr'><strong>inopinato</strong></span> <span class='ocrx_word' id='word_1_709' title='bbox 1062 5118 1322 5195; x_wconf 81' lang='lat' dir='ltr'><strong>premitur</strong></span> <span class='ocrx_word' id='word_1_710' title='bbox 1345 5118 1504 5195; x_wconf 69' lang='lat' dir='ltr'><strong>malo,</strong></span> <span class='ocrx_word' id='word_1_711' title='bbox 1525 5136 1685 5195; x_wconf 81' lang='lat' dir='ltr'><strong>atque</strong></span> 
     </span>
    </p>
   </div>
   <div class='ocr_carea' id='block_1_94' title="bbox 114 5189 1684 5265">
    <p class='ocr_par' dir='ltr' id='par_1_94' title="bbox 114 5189 1684 5265">
     <span class='ocr_line' id='line_1_96' title="bbox 114 5189 1684 5265; baseline 0.006 -25"><span class='ocrx_word' id='word_1_712' title='bbox 114 5189 227 5247; x_wconf 87' lang='lat' dir='ltr'><strong>inde</strong></span> <span class='ocrx_word' id='word_1_713' title='bbox 254 5189 441 5249; x_wconf 80' lang='lat' dir='ltr'><strong>animo</strong></span> <span class='ocrx_word' id='word_1_714' title='bbox 471 5194 595 5262; x_wconf 80' lang='lat' dir='ltr'><strong>dejit</strong></span> <span class='ocrx_word' id='word_1_715' title='bbox 617 5194 743 5259; x_wconf 89' lang='lat' dir='ltr'><strong>itur,</strong></span> <span class='ocrx_word' id='word_1_716' title='bbox 769 5204 822 5248; x_wconf 91' lang='lat' dir='ltr'><strong>et</strong></span> <span class='ocrx_word' id='word_1_717' title='bbox 856 5189 1027 5261; x_wconf 71' lang='lat' dir='ltr'><strong>quasi</strong></span> <span class='ocrx_word' id='word_1_718' title='bbox 1058 5189 1205 5262; x_wconf 80' lang='lat' dir='ltr'><strong>gravi</strong></span> <span class='ocrx_word' id='word_1_719' title='bbox 1239 5194 1475 5258; x_wconf 88' lang='lat' dir='ltr'><strong>pondere</strong></span> <span class='ocrx_word' id='word_1_720' title='bbox 1505 5189 1684 5265; x_wconf 78' lang='lat' dir='ltr'><strong>depri—</strong></span> 
     </span>
    </p>
   </div>
   <div class='ocr_carea' id='block_1_95' title="bbox 112 5265 1683 5333">
    <p class='ocr_par' dir='ltr' id='par_1_95' title="bbox 112 5265 1683 5333">
     <span class='ocr_line' id='line_1_97' title="bbox 112 5265 1683 5333; baseline 0.004 -21"><span class='ocrx_word' id='word_1_721' title='bbox 112 5266 291 5330; x_wconf 87' lang='lat' dir='ltr'><strong>mitur;</strong></span> <span class='ocrx_word' id='word_1_722' title='bbox 342 5283 468 5319; x_wconf 87' lang='lat' dir='ltr'><strong>cutn</strong></span> <span class='ocrx_word' id='word_1_723' title='bbox 500 5266 725 5320; x_wconf 88' lang='lat' dir='ltr'><strong>deberet</strong></span> <span class='ocrx_word' id='word_1_724' title='bbox 756 5280 848 5333; x_wconf 82' lang='lat' dir='ltr'><strong>per</strong></span> <span class='ocrx_word' id='word_1_725' title='bbox 892 5265 1205 5332; x_wconf 86' lang='lat' dir='ltr'><strong>patientiam</strong></span> <span class='ocrx_word' id='word_1_726' title='bbox 1238 5272 1289 5316; x_wconf 91' lang='lat' dir='ltr'><strong>et</strong></span> <span class='ocrx_word' id='word_1_727' title='bbox 1322 5266 1587 5331; x_wconf 86' lang='lat' dir='ltr'><strong>litluciam,</strong></span> <span class='ocrx_word' id='word_1_728' title='bbox 1621 5280 1683 5321; x_wconf 83' lang='lat' dir='ltr'><strong>ac</strong></span> 
     </span>
    </p>
   </div>
   <div class='ocr_carea' id='block_1_96' title="bbox 113 5334 1685 5403">
    <p class='ocr_par' dir='ltr' id='par_1_96' title="bbox 113 5334 1685 5403">
     <span class='ocr_line' id='line_1_98' title="bbox 113 5334 1685 5403; baseline 0.003 -18"><span class='ocrx_word' id='word_1_729' title='bbox 113 5346 248 5400; x_wconf 85' lang='lat' dir='ltr'><strong>spem</strong></span> <span class='ocrx_word' id='word_1_730' title='bbox 281 5337 530 5391; x_wconf 73' lang='lat' dir='ltr'><strong>melioris</strong></span> <span class='ocrx_word' id='word_1_731' title='bbox 556 5350 862 5398; x_wconf 82' lang='lat' dir='ltr'><strong>successus,</strong></span> <span class='ocrx_word' id='word_1_732' title='bbox 886 5335 1017 5402; x_wconf 81' lang='lat' dir='ltr'><strong>erigi</strong></span> <span class='ocrx_word' id='word_1_733' title='bbox 1042 5336 1107 5388; x_wconf 87' lang='lat' dir='ltr'><strong>ab</strong></span> <span class='ocrx_word' id='word_1_734' title='bbox 1134 5334 1436 5402; x_wconf 67' lang='lat' dir='ltr'><strong>hujusmutli</strong></span> <span class='ocrx_word' id='word_1_735' title='bbox 1462 5336 1685 5403; x_wconf 61' lang='lat' dir='ltr'><strong>depres-</strong></span> 
     </span>
    </p>
   </div>
   <div class='ocr_carea' id='block_1_97' title="bbox 112 5406 1683 5474">
    <p class='ocr_par' dir='ltr' id='par_1_97' title="bbox 112 5406 1683 5474">
     <span class='ocr_line' id='line_1_99' title="bbox 112 5406 1683 5474; baseline 0.004 -19"><span class='ocrx_word' id='word_1_736' title='bbox 112 5407 269 5461; x_wconf 84' lang='lat' dir='ltr'><strong>sione.</strong></span> <span class='ocrx_word' id='word_1_737' title='bbox 292 5406 453 5463; x_wconf 88' lang='lat' dir='ltr'><strong>Unde</strong></span> <span class='ocrx_word' id='word_1_738' title='bbox 473 5408 538 5461; x_wconf 89' lang='lat' dir='ltr'><strong>ad</strong></span> <span class='ocrx_word' id='word_1_739' title='bbox 561 5408 937 5462; x_wconf 83' lang='lat' dir='ltr'><strong>excutiendum</strong></span> <span class='ocrx_word' id='word_1_740' title='bbox 962 5407 1261 5473; x_wconf 75' lang='lat' dir='ltr'><strong>huiusmodi</strong></span> <span class='ocrx_word' id='word_1_741' title='bbox 1290 5420 1451 5474; x_wconf 75' lang='lat' dir='ltr'><strong>graVe</strong></span> <span class='ocrx_word' id='word_1_742' title='bbox 1479 5408 1683 5473; x_wconf 72' lang='lat' dir='ltr'><strong>pondus</strong></span> 
     </span>
    </p>
   </div>
   <div class='ocr_carea' id='block_1_98' title="bbox 111 5474 1685 5545">
    <p class='ocr_par' dir='ltr' id='par_1_98' title="bbox 111 5474 1685 5545">
     <span class='ocr_line' id='line_1_100' title="bbox 111 5474 1685 5545; baseline 0.004 -19"><span class='ocrx_word' id='word_1_743' title='bbox 111 5477 331 5545; x_wconf 87' lang='lat' dir='ltr'><strong>seipsum</strong></span> <span class='ocrx_word' id='word_1_744' title='bbox 367 5480 618 5532; x_wconf 78' lang='lat' dir='ltr'><strong>excitans</strong></span> <span class='ocrx_word' id='word_1_745' title='bbox 651 5478 931 5531; x_wconf 59' lang='lat' dir='ltr'><strong>PsaltniSta</strong></span> <span class='ocrx_word' id='word_1_746' title='bbox 963 5481 1229 5529; x_wconf 82' lang='lat' dir='ltr'><strong>exclamat</strong></span> <span class='ocrx_word' id='word_1_747' title='bbox 1258 5492 1271 5527; x_wconf 87' lang='lat'><strong>:</strong></span> <span class='ocrx_word' id='word_1_748' title='bbox 1314 5474 1485 5541; x_wconf 87' lang='lat' dir='ltr'><strong>Quare</strong></span> <span class='ocrx_word' id='word_1_749' title='bbox 1527 5479 1685 5533; x_wconf 88' lang='lat' dir='ltr'><strong>tristis</strong></span> 
     </span>
    </p>
   </div>
   <div class='ocr_carea' id='block_1_99' title="bbox 111 5546 1686 5619">
    <p class='ocr_par' dir='ltr' id='par_1_99' title="bbox 111 5546 1686 5619">
     <span class='ocr_line' id='line_1_101' title="bbox 111 5546 1686 5619; baseline 0 -16"><span class='ocrx_word' id='word_1_750' title='bbox 111 5562 175 5619; x_wconf 57' lang='grc' dir='ltr'><strong>ἐξ.</strong></span> <span class='ocrx_word' id='word_1_751' title='bbox 197 5551 373 5602; x_wconf 87' lang='lat' dir='ltr'><strong>anima</strong></span> <span class='ocrx_word' id='word_1_752' title='bbox 395 5566 528 5615; x_wconf 81' lang='lat' dir='ltr'><strong>mea,</strong></span> <span class='ocrx_word' id='word_1_753' title='bbox 548 5558 762 5619; x_wconf 85' lang='lat' dir='ltr'><strong>etquare</strong></span> <span class='ocrx_word' id='word_1_754' title='bbox 777 5547 1048 5601; x_wconf 83' lang='lat' dir='ltr'><strong>conturbas</strong></span> <span class='ocrx_word' id='word_1_755' title='bbox 1070 5550 1182 5601; x_wconf 84' lang='lat' dir='ltr'><strong>me?</strong></span> <span class='ocrx_word' id='word_1_756' title='bbox 1212 5547 1376 5617; x_wconf 88' lang='lat' dir='ltr'><strong>Spera</strong></span> <span class='ocrx_word' id='word_1_757' title='bbox 1393 5550 1443 5599; x_wconf 86' lang='lat' dir='ltr'><strong>in</strong></span> <span class='ocrx_word' id='word_1_758' title='bbox 1469 5546 1686 5603; x_wconf 87' lang='lat' dir='ltr'><strong>Domino</strong></span> 
     </span>
    </p>
   </div>
   <div class='ocr_carea' id='block_1_100' title="bbox 114 5614 1689 5688">
    <p class='ocr_par' dir='ltr' id='par_1_100' title="bbox 114 5614 1689 5688">
     <span class='ocr_line' id='line_1_102' title="bbox 114 5614 1689 5688; baseline 0.003 -20"><span class='ocrx_word' id='word_1_759' title='bbox 114 5614 327 5681; x_wconf 83' lang='lat' dir='ltr'><strong>(Psalm.</strong></span> <span class='ocrx_word' id='word_1_760' title='bbox 354 5624 492 5688; x_wconf 77' lang='lat' dir='ltr'><strong>xu),</strong></span> <span class='ocrx_word' id='word_1_761' title='bbox 515 5614 628 5688; x_wconf 60' lang='lat' dir='ltr'><strong>etc.</strong></span> <span class='ocrx_word' id='word_1_762' title='bbox 648 5621 712 5673; x_wconf 85' lang='lat' dir='ltr'><strong>Et</strong></span> <span class='ocrx_word' id='word_1_763' title='bbox 736 5620 1022 5688; x_wconf 85' lang='lat' dir='ltr'><strong>Apostolus</strong></span> <span class='ocrx_word' id='word_1_764' title='bbox 1044 5614 1278 5673; x_wconf 85' lang='lat' dir='ltr'><strong>Jacobus</strong></span> <span class='ocrx_word' id='word_1_765' title='bbox 1303 5627 1506 5680; x_wconf 88' lang='lat' dir='ltr'><strong>monet,</strong></span> <span class='ocrx_word' id='word_1_766' title='bbox 1523 5628 1578 5670; x_wconf 90' lang='lat' dir='ltr'><strong>ut</strong></span> <span class='ocrx_word' id='word_1_767' title='bbox 1601 5621 1689 5688; x_wconf 86' lang='lat' dir='ltr'><strong>qui</strong></span> 
     </span>
    </p>
   </div>
   <div class='ocr_carea' id='block_1_101' title="bbox 114 5686 1686 5759">
    <p class='ocr_par' dir='ltr' id='par_1_101' title="bbox 114 5686 1686 5759">
     <span class='ocr_line' id='line_1_103' title="bbox 114 5686 1686 5759; baseline 0.006 -24"><span class='ocrx_word' id='word_1_768' title='bbox 114 5690 357 5755; x_wconf 79' lang='lat' dir='ltr'><strong>trislalttr,</strong></span> <span class='ocrx_word' id='word_1_769' title='bbox 382 5686 716 5759; x_wconf 69' lang='lat' dir='ltr'><strong>oret(3acob.</strong></span> <span class='ocrx_word' id='word_1_770' title='bbox 747 5686 824 5759; x_wconf 73' lang='grc' dir='ltr'><strong>ν),</strong></span> <span class='ocrx_word' id='word_1_771' title='bbox 858 5691 909 5744; x_wconf 90' lang='lat' dir='ltr'><strong>id</strong></span> <span class='ocrx_word' id='word_1_772' title='bbox 940 5699 1041 5754; x_wconf 88' lang='lat' dir='ltr'><strong>est,</strong></span> <span class='ocrx_word' id='word_1_773' title='bbox 1078 5700 1311 5745; x_wconf 89' lang='lat' dir='ltr'><strong>mentem</strong></span> <span class='ocrx_word' id='word_1_774' title='bbox 1342 5704 1572 5759; x_wconf 73' lang='lat' dir='ltr'><strong>maerore</strong></span> <span class='ocrx_word' id='word_1_775' title='bbox 1594 5686 1686 5744; x_wconf 86' lang='lat' dir='ltr'><strong>de-</strong></span> 
     </span>
    </p>
   </div>
   <div class='ocr_carea' id='block_1_102' title="bbox 113 5758 1683 5835">
    <p class='ocr_par' dir='ltr' id='par_1_102' title="bbox 113 5758 1683 5835">
     <span class='ocr_line' id='line_1_104' title="bbox 113 5758 1683 5835; baseline 0.005 -22"><span class='ocrx_word' id='word_1_776' title='bbox 113 5770 348 5827; x_wconf 78' lang='lat' dir='ltr'><strong>pressam</strong></span> <span class='ocrx_word' id='word_1_777' title='bbox 370 5763 427 5819; x_wconf 89' lang='lat' dir='ltr'><strong>in</strong></span> <span class='ocrx_word' id='word_1_778' title='bbox 458 5758 625 5819; x_wconf 84' lang='lat' dir='ltr'><strong>Deum</strong></span> <span class='ocrx_word' id='word_1_779' title='bbox 649 5758 824 5820; x_wconf 86' lang='lat' dir='ltr'><strong>elevet</strong></span> <span class='ocrx_word' id='word_1_780' title='bbox 852 5770 907 5819; x_wconf 90' lang='lat' dir='ltr'><strong>et</strong></span> <span class='ocrx_word' id='word_1_781' title='bbox 930 5762 1163 5819; x_wconf 86' lang='lat' dir='ltr'><strong>attollat.</strong></span> <span class='ocrx_word' id='word_1_782' title='bbox 1203 5761 1281 5819; x_wconf 82' lang='lat' dir='ltr'><strong>Ex</strong></span> <span class='ocrx_word' id='word_1_783' title='bbox 1307 5758 1498 5835; x_wconf 87' lang='lat' dir='ltr'><strong>quibus</strong></span> <span class='ocrx_word' id='word_1_784' title='bbox 1528 5760 1683 5821; x_wconf 86' lang='lat' dir='ltr'><strong>colli-</strong></span> 
     </span>
    </p>
   </div>
   <div class='ocr_carea' id='block_1_103' title="bbox 1791 3209 3379 3286">
    <p class='ocr_par' dir='ltr' id='par_1_103' title="bbox 1791 3209 3379 3286">
     <span class='ocr_line' id='line_1_105' title="bbox 1791 3209 3379 3286; baseline 0.004 -21"><span class='ocrx_word' id='word_1_785' title='bbox 1791 3212 1953 3286; x_wconf 82' lang='lat' dir='ltr'><strong>igitur</strong></span> <span class='ocrx_word' id='word_1_786' title='bbox 1977 3212 2210 3270; x_wconf 77' lang='lat' dir='ltr'><strong>tristitia,</strong></span> <span class='ocrx_word' id='word_1_787' title='bbox 2246 3227 2338 3266; x_wconf 87' lang='lat' dir='ltr'><strong>seu</strong></span> <span class='ocrx_word' id='word_1_788' title='bbox 2369 3209 2721 3286; x_wconf 84' lang='lat' dir='ltr'><strong>impatientia,</strong></span> <span class='ocrx_word' id='word_1_789' title='bbox 2757 3211 3047 3283; x_wconf 88' lang='lat' dir='ltr'><strong>hujuslibri</strong></span> <span class='ocrx_word' id='word_1_790' title='bbox 3081 3218 3379 3286; x_wconf 88' lang='lat' dir='ltr'><strong>objectum,</strong></span> 
     </span>
    </p>
   </div>
   <div class='ocr_carea' id='block_1_104' title="bbox 1790 3282 3380 3354">
    <p class='ocr_par' dir='ltr' id='par_1_104' title="bbox 1790 3282 3380 3354">
     <span class='ocr_line' id='line_1_106' title="bbox 1790 3282 3380 3354; baseline 0 -17"><span class='ocrx_word' id='word_1_791' title='bbox 1790 3295 1847 3337; x_wconf 82' lang='grc' dir='ltr'><strong>ιιι</strong></span> <span class='ocrx_word' id='word_1_792' title='bbox 1880 3284 2190 3353; x_wconf 87' lang='lat' dir='ltr'><strong>loquuntur.</strong></span> <span class='ocrx_word' id='word_1_793' title='bbox 2223 3299 2342 3354; x_wconf 69' lang='lat' dir='ltr'><strong>quae</strong></span> <span class='ocrx_word' id='word_1_794' title='bbox 2368 3290 2423 3337; x_wconf 84' lang='lat' dir='ltr'><strong>et</strong></span> <span class='ocrx_word' id='word_1_795' title='bbox 2454 3282 2507 3336; x_wconf 88' lang='lat' dir='ltr'><strong>in</strong></span> <span class='ocrx_word' id='word_1_796' title='bbox 2546 3298 2768 3337; x_wconf 74' lang='lat' dir='ltr'><strong>numero</strong></span> <span class='ocrx_word' id='word_1_797' title='bbox 2790 3282 3097 3351; x_wconf 85' lang='lat' dir='ltr'><strong>capitalium</strong></span> <span class='ocrx_word' id='word_1_798' title='bbox 3120 3282 3380 3345; x_wconf 69' lang='lat' dir='ltr'><strong>vitiorum</strong></span> 
     </span>
    </p>
   </div>
   <div class='ocr_carea' id='block_1_105' title="bbox 1791 3354 3385 3417">
    <p class='ocr_par' dir='ltr' id='par_1_105' title="bbox 1791 3354 3385 3417">
     <span class='ocr_line' id='line_1_107' title="bbox 1791 3354 3385 3417; baseline 0.006 -9"><span class='ocrx_word' id='word_1_799' title='bbox 1791 3357 1986 3410; x_wconf 88' lang='lat' dir='ltr'><strong>merito</strong></span> <span class='ocrx_word' id='word_1_800' title='bbox 2036 3364 2364 3417; x_wconf 89' lang='lat' dir='ltr'><strong>recensetur,</strong></span> <span class='ocrx_word' id='word_1_801' title='bbox 2406 3369 2531 3408; x_wconf 91' lang='lat' dir='ltr'><strong>cum</strong></span> <span class='ocrx_word' id='word_1_802' title='bbox 2582 3354 2653 3406; x_wconf 88' lang='lat' dir='ltr'><strong>sit</strong></span> <span class='ocrx_word' id='word_1_803' title='bbox 2702 3356 2991 3412; x_wconf 92' lang='lat' dir='ltr'><strong>multorum</strong></span> <span class='ocrx_word' id='word_1_804' title='bbox 3034 3360 3295 3413; x_wconf 84' lang='lat' dir='ltr'><strong>malorum</strong></span> <span class='ocrx_word' id='word_1_805' title='bbox 3326 3373 3385 3417; x_wconf 90' lang='lat' dir='ltr'><strong>et</strong></span> 
     </span>
    </p>
   </div>
   <div class='ocr_carea' id='block_1_106' title="bbox 1793 3426 3381 3495">
    <p class='ocr_par' dir='ltr' id='par_1_106' title="bbox 1793 3426 3381 3495">
     <span class='ocr_line' id='line_1_108' title="bbox 1793 3426 3381 3495; baseline 0.006 -17"><span class='ocrx_word' id='word_1_806' title='bbox 1793 3433 2134 3487; x_wconf 83' lang='lat' dir='ltr'><strong>peccatorum</strong></span> <span class='ocrx_word' id='word_1_807' title='bbox 2179 3442 2372 3493; x_wconf 83' lang='lat' dir='ltr'><strong>causa,</strong></span> <span class='ocrx_word' id='word_1_808' title='bbox 2421 3434 2478 3478; x_wconf 92' lang='lat' dir='ltr'><strong>ut</strong></span> <span class='ocrx_word' id='word_1_809' title='bbox 2524 3426 2853 3492; x_wconf 85' lang='lat' dir='ltr'><strong>experientia</strong></span> <span class='ocrx_word' id='word_1_810' title='bbox 2905 3440 3242 3495; x_wconf 82' lang='lat' dir='ltr'><strong>compertum</strong></span> <span class='ocrx_word' id='word_1_811' title='bbox 3275 3440 3381 3489; x_wconf 90' lang='lat' dir='ltr'><strong>est.</strong></span> 
     </span>
    </p>
   </div>
   <div class='ocr_carea' id='block_1_107' title="bbox 1792 3496 3381 3565">
    <p class='ocr_par' dir='ltr' id='par_1_107' title="bbox 1792 3496 3381 3565">
     <span class='ocr_line' id='line_1_109' title="bbox 1792 3496 3381 3565; baseline 0.003 -14"><span class='ocrx_word' id='word_1_812' title='bbox 1792 3496 1946 3552; x_wconf 87' lang='lat' dir='ltr'><strong>Unde</strong></span> <span class='ocrx_word' id='word_1_813' title='bbox 1970 3497 2221 3565; x_wconf 87' lang='lat' dir='ltr'><strong>Isidorus,</strong></span> <span class='ocrx_word' id='word_1_814' title='bbox 2254 3496 2342 3550; x_wconf 88' lang='lat' dir='ltr'><strong>ubi</strong></span> <span class='ocrx_word' id='word_1_815' title='bbox 2367 3511 2551 3563; x_wconf 89' lang='lat' dir='ltr'><strong>supra,</strong></span> <span class='ocrx_word' id='word_1_816' title='bbox 2580 3496 2710 3549; x_wconf 89' lang='lat' dir='ltr'><strong>dicit</strong></span> <span class='ocrx_word' id='word_1_817' title='bbox 2746 3512 2812 3550; x_wconf 85' lang='lat' dir='ltr'><strong>ex</strong></span> <span class='ocrx_word' id='word_1_818' title='bbox 2836 3499 3053 3553; x_wconf 85' lang='lat' dir='ltr'><strong>tristitia</strong></span> <span class='ocrx_word' id='word_1_819' title='bbox 3082 3500 3215 3554; x_wconf 88' lang='lat' dir='ltr'><strong>oriri</strong></span> <span class='ocrx_word' id='word_1_820' title='bbox 3256 3518 3381 3555; x_wconf 90' lang='lat' dir='ltr'><strong>ran-</strong></span> 
     </span>
    </p>
   </div>
   <div class='ocr_carea' id='block_1_108' title="bbox 1791 3567 3385 3638">
    <p class='ocr_par' dir='ltr' id='par_1_108' title="bbox 1791 3567 3385 3638">
     <span class='ocr_line' id='line_1_110' title="bbox 1791 3567 3385 3638; baseline 0.002 -16"><span class='ocrx_word' id='word_1_821' title='bbox 1791 3583 2003 3636; x_wconf 90' lang='lat' dir='ltr'><strong>eorctn,</strong></span> <span class='ocrx_word' id='word_1_822' title='bbox 2052 3568 2587 3638; x_wconf 88' lang='lat' dir='ltr'><strong>pusillanimitatem,</strong></span> <span class='ocrx_word' id='word_1_823' title='bbox 2617 3567 3076 3638; x_wconf 82' lang='lat' dir='ltr'><strong>amaritudinem,</strong></span> <span class='ocrx_word' id='word_1_824' title='bbox 3126 3571 3385 3638; x_wconf 74' lang='lat' dir='ltr'><strong>despera-</strong></span> 
     </span>
    </p>
   </div>
   <div class='ocr_carea' id='block_1_109' title="bbox 1793 3636 3380 3707">
    <p class='ocr_par' dir='ltr' id='par_1_109' title="bbox 1793 3636 3380 3707">
     <span class='ocr_line' id='line_1_111' title="bbox 1793 3636 3380 3707; baseline 0.006 -18"><span class='ocrx_word' id='word_1_825' title='bbox 1793 3641 2012 3693; x_wconf 90' lang='lat' dir='ltr'><strong>ti0nem.</strong></span> <span class='ocrx_word' id='word_1_826' title='bbox 2048 3636 2270 3693; x_wconf 80' lang='lat' dir='ltr'><strong>Dili&#39;erre</strong></span> <span class='ocrx_word' id='word_1_827' title='bbox 2286 3650 2462 3692; x_wconf 90' lang='lat' dir='ltr'><strong>autem</strong></span> <span class='ocrx_word' id='word_1_828' title='bbox 2490 3636 2759 3690; x_wconf 86' lang='lat' dir='ltr'><strong>tristitiam</strong></span> <span class='ocrx_word' id='word_1_829' title='bbox 2776 3637 2878 3691; x_wconf 86' lang='lat' dir='ltr'><strong>hoc</strong></span> <span class='ocrx_word' id='word_1_830' title='bbox 2909 3636 3071 3692; x_wconf 86' lang='lat' dir='ltr'><strong>modo</strong></span> <span class='ocrx_word' id='word_1_831' title='bbox 3099 3636 3380 3707; x_wconf 80' lang='lat' dir='ltr'><strong>acceptam</strong></span> 
     </span>
    </p>
   </div>
   <div class='ocr_carea' id='block_1_110' title="bbox 1792 3709 3381 3778">
    <p class='ocr_par' dir='ltr' id='par_1_110' title="bbox 1792 3709 3381 3778">
     <span class='ocr_line' id='line_1_112' title="bbox 1792 3709 3381 3778; baseline 0.004 -17"><span class='ocrx_word' id='word_1_832' title='bbox 1792 3710 1860 3761; x_wconf 89' lang='lat' dir='ltr'><strong>ah</strong></span> <span class='ocrx_word' id='word_1_833' title='bbox 1887 3709 2095 3774; x_wconf 85' lang='lat' dir='ltr'><strong>aeedia,</strong></span> <span class='ocrx_word' id='word_1_834' title='bbox 2131 3727 2224 3777; x_wconf 83' lang='lat' dir='ltr'><strong>per</strong></span> <span class='ocrx_word' id='word_1_835' title='bbox 2256 3725 2312 3764; x_wconf 86' lang='lat' dir='ltr'><strong>se</strong></span> <span class='ocrx_word' id='word_1_836' title='bbox 2344 3719 2528 3762; x_wconf 90' lang='lat' dir='ltr'><strong>notum</strong></span> <span class='ocrx_word' id='word_1_837' title='bbox 2576 3716 2681 3771; x_wconf 87' lang='lat' dir='ltr'><strong>est,</strong></span> <span class='ocrx_word' id='word_1_838' title='bbox 2711 3718 2765 3761; x_wconf 88' lang='lat' dir='ltr'><strong>et</strong></span> <span class='ocrx_word' id='word_1_839' title='bbox 2804 3709 3002 3763; x_wconf 88' lang='lat' dir='ltr'><strong>clarius</strong></span> <span class='ocrx_word' id='word_1_840' title='bbox 3032 3725 3098 3764; x_wconf 83' lang='lat' dir='ltr'><strong>ex</strong></span> <span class='ocrx_word' id='word_1_841' title='bbox 3129 3714 3381 3778; x_wconf 87' lang='lat' dir='ltr'><strong>sequenti</strong></span> 
     </span>
    </p>
   </div>
   <div class='ocr_carea' id='block_1_111' title="bbox 1793 3779 2181 3849">
    <p class='ocr_par' dir='ltr' id='par_1_111' title="bbox 1793 3779 2181 3849">
     <span class='ocr_line' id='line_1_113' title="bbox 1793 3779 2181 3849; baseline -0.003 -16"><span class='ocrx_word' id='word_1_842' title='bbox 1793 3779 1930 3833; x_wconf 84' lang='lat' dir='ltr'><strong>libro</strong></span> <span class='ocrx_word' id='word_1_843' title='bbox 1961 3781 2181 3849; x_wconf 86' lang='lat' dir='ltr'><strong>patebit.</strong></span> 
     </span>
    </p>
   </div>
   <div class='ocr_carea' id='block_1_112' title="bbox 1866 3846 3381 3918">
    <p class='ocr_par' dir='ltr' id='par_1_112' title="bbox 1866 3846 3381 3918">
     <span class='ocr_line' id='line_1_114' title="bbox 1866 3846 3381 3918; baseline 0.002 -14"><span class='ocrx_word' id='word_1_844' title='bbox 1866 3860 1891 3887; x_wconf 72' lang='grc'>⁸</span> <span class='ocrx_word' id='word_1_845' title='bbox 1937 3846 2011 3905; x_wconf 78' lang='lat' dir='ltr'><strong>De</strong></span> <span class='ocrx_word' id='word_1_846' title='bbox 2043 3851 2124 3903; x_wconf 83' lang='lat' dir='ltr'><strong>Itis</strong></span> <span class='ocrx_word' id='word_1_847' title='bbox 2154 3850 2383 3918; x_wconf 88' lang='lat' dir='ltr'><strong>aliisque</strong></span> <span class='ocrx_word' id='word_1_848' title='bbox 2416 3846 2648 3918; x_wconf 61' lang='lat' dir='ltr'><strong>tristitiae</strong></span> <span class='ocrx_word' id='word_1_849' title='bbox 2678 3862 2771 3901; x_wconf 91' lang='lat' dir='ltr'><strong>seu</strong></span> <span class='ocrx_word' id='word_1_850' title='bbox 2813 3846 3166 3918; x_wconf 81' lang='lat' dir='ltr'><strong>impatientiae</strong></span> <span class='ocrx_word' id='word_1_851' title='bbox 3211 3865 3381 3907; x_wconf 74' lang='lat' dir='ltr'><strong>nocu-</strong></span> 
     </span>
    </p>
   </div>
   <div class='ocr_carea' id='block_1_113' title="bbox 1793 3916 3381 3991">
    <p class='ocr_par' dir='ltr' id='par_1_113' title="bbox 1793 3916 3381 3991">
     <span class='ocr_line' id='line_1_115' title="bbox 1793 3916 3381 3991; baseline 0.004 -17"><span class='ocrx_word' id='word_1_852' title='bbox 1793 3922 1990 3974; x_wconf 88' lang='lat' dir='ltr'><strong>mentis</strong></span> <span class='ocrx_word' id='word_1_853' title='bbox 2018 3963 2031 3981; x_wconf 88' lang='lat'><strong>,</strong></span> <span class='ocrx_word' id='word_1_854' title='bbox 2067 3922 2180 3974; x_wconf 83' lang='lat' dir='ltr'><strong>vide</strong></span> <span class='ocrx_word' id='word_1_855' title='bbox 2234 3916 2309 3974; x_wconf 61' lang='grc' dir='ltr'><strong>υἱ</strong></span> <span class='ocrx_word' id='word_1_856' title='bbox 2346 3917 2666 3987; x_wconf 90' lang='lat' dir='ltr'><strong>Gregorium</strong></span> <span class='ocrx_word' id='word_1_857' title='bbox 2711 3918 2766 3971; x_wconf 91' lang='lat' dir='ltr'><strong>in</strong></span> <span class='ocrx_word' id='word_1_858' title='bbox 2818 3916 3079 3974; x_wconf 83' lang='lat' dir='ltr'><strong>Pastorali</strong></span> <span class='ocrx_word' id='word_1_859' title='bbox 3130 3932 3281 3991; x_wconf 88' lang='lat' dir='ltr'><strong>parte</strong></span> <span class='ocrx_word' id='word_1_860' title='bbox 3322 3939 3381 3982; x_wconf 91' lang='grc' dir='ltr'><strong>ιιι</strong></span> 
     </span>
    </p>
   </div>
   <div class='ocr_carea' id='block_1_114' title="bbox 1793 3991 2040 4047">
    <p class='ocr_par' dir='ltr' id='par_1_114' title="bbox 1793 3991 2040 4047">
     <span class='ocr_line' id='line_1_116' title="bbox 1793 3991 2040 4047; baseline 0.008 -2"><span class='ocrx_word' id='word_1_861' title='bbox 1793 4006 1911 4047; x_wconf 87' lang='lat' dir='ltr'><strong>ean.</strong></span> <span class='ocrx_word' id='word_1_862' title='bbox 1956 3991 2040 4047; x_wconf 76' lang='grc'><strong>10.</strong></span> 
     </span>
    </p>
   </div>
   <div class='ocr_carea' id='block_1_115' title="bbox 1860 4008 3381 4122">
    <p class='ocr_par' dir='ltr' id='par_1_115' title="bbox 1860 4008 3381 4122">
     <span class='ocr_line' id='line_1_117' title="bbox 1860 4008 3381 4122; baseline 0.003 -5"><span class='ocrx_word' id='word_1_863' title='bbox 1860 4008 1911 4101; x_wconf 49' lang='grc' dir='ltr'><strong>θ’</strong></span> <span class='ocrx_word' id='word_1_864' title='bbox 1933 4008 2080 4118; x_wconf 61' lang='lat' dir='ltr'><strong>liti’tic</strong></span> <span class='ocrx_word' id='word_1_865' title='bbox 2108 4062 2429 4118; x_wconf 85' lang='lat' dir='ltr'><strong>sententiain</strong></span> <span class='ocrx_word' id='word_1_866' title='bbox 2473 4060 2525 4115; x_wconf 91' lang='lat' dir='ltr'><strong>in</strong></span> <span class='ocrx_word' id='word_1_867' title='bbox 2557 4060 2789 4116; x_wconf 67' lang='lat' dir='ltr'><strong>Hebraeo</strong></span> <span class='ocrx_word' id='word_1_868' title='bbox 2818 4077 2921 4118; x_wconf 92' lang='lat' dir='ltr'><strong>non</strong></span> <span class='ocrx_word' id='word_1_869' title='bbox 2955 4061 3140 4119; x_wconf 87' lang='lat' dir='ltr'><strong>haberi</strong></span> <span class='ocrx_word' id='word_1_870' title='bbox 3187 4075 3381 4122; x_wconf 87' lang='lat' dir='ltr'><strong>notant</strong></span> 
     </span>
    </p>
   </div>
   <div class='ocr_carea' id='block_1_116' title="bbox 1790 4132 3376 4204">
    <p class='ocr_par' dir='ltr' id='par_1_116' title="bbox 1790 4132 3376 4204">
     <span class='ocr_line' id='line_1_118' title="bbox 1790 4132 3376 4204; baseline 0.003 -17"><span class='ocrx_word' id='word_1_871' title='bbox 1790 4134 2140 4204; x_wconf 82' lang='lat' dir='ltr'><strong>interpretes.</strong></span> <span class='ocrx_word' id='word_1_872' title='bbox 2193 4134 2255 4187; x_wconf 92' lang='lat' dir='ltr'><strong>D.</strong></span> <span class='ocrx_word' id='word_1_873' title='bbox 2289 4132 2523 4189; x_wconf 83' lang='lat' dir='ltr'><strong>Thomas</strong></span> <span class='ocrx_word' id='word_1_874' title='bbox 2568 4133 2635 4186; x_wconf 89' lang='lat' dir='ltr'><strong>ad</strong></span> <span class='ocrx_word' id='word_1_875' title='bbox 2680 4147 2915 4201; x_wconf 87' lang='lat' dir='ltr'><strong>corpus,</strong></span> <span class='ocrx_word' id='word_1_876' title='bbox 2969 4133 3264 4190; x_wconf 88' lang='lat' dir='ltr'><strong>Cassianus</strong></span> <span class='ocrx_word' id='word_1_877' title='bbox 3306 4139 3376 4193; x_wconf 89' lang='lat' dir='ltr'><strong>ad</strong></span> 
     </span>
    </p>
   </div>
   <div class='ocr_carea' id='block_1_117' title="bbox 1791 4204 3371 4275">
    <p class='ocr_par' dir='ltr' id='par_1_117' title="bbox 1791 4204 3371 4275">
     <span class='ocr_line' id='line_1_119' title="bbox 1791 4204 3371 4275; baseline 0.003 -17"><span class='ocrx_word' id='word_1_878' title='bbox 1791 4208 2023 4259; x_wconf 88' lang='lat' dir='ltr'><strong>animam</strong></span> <span class='ocrx_word' id='word_1_879' title='bbox 2060 4207 2261 4271; x_wconf 80' lang='lat' dir='ltr'><strong>refert,</strong></span> <span class='ocrx_word' id='word_1_880' title='bbox 2296 4218 2415 4271; x_wconf 67' lang='lat' dir='ltr'><strong>quae</strong></span> <span class='ocrx_word' id='word_1_881' title='bbox 2448 4206 2648 4271; x_wconf 87' lang='lat' dir='ltr'><strong>passim</strong></span> <span class='ocrx_word' id='word_1_882' title='bbox 2690 4204 2741 4257; x_wconf 92' lang='lat' dir='ltr'><strong>in</strong></span> <span class='ocrx_word' id='word_1_883' title='bbox 2786 4204 3089 4275; x_wconf 84' lang='lat' dir='ltr'><strong>Scripturis</strong></span> <span class='ocrx_word' id='word_1_884' title='bbox 3119 4208 3371 4275; x_wconf 84' lang='lat' dir='ltr'><strong>appella-</strong></span> 
     </span>
    </p>
   </div>
   <div class='ocr_carea' id='block_1_118' title="bbox 1794 4275 3369 4345">
    <p class='ocr_par' dir='ltr' id='par_1_118' title="bbox 1794 4275 3369 4345">
     <span class='ocr_line' id='line_1_120' title="bbox 1794 4275 3369 4345; baseline 0.002 -15"><span class='ocrx_word' id='word_1_885' title='bbox 1794 4277 1941 4330; x_wconf 91' lang='lat' dir='ltr'><strong>tione</strong></span> <span class='ocrx_word' id='word_1_886' title='bbox 1964 4278 2144 4331; x_wconf 89' lang='lat' dir='ltr'><strong>cordis</strong></span> <span class='ocrx_word' id='word_1_887' title='bbox 2172 4276 2503 4343; x_wconf 80' lang='lat' dir='ltr'><strong>itnelligitur.</strong></span> <span class='ocrx_word' id='word_1_888' title='bbox 2529 4276 2589 4345; x_wconf 51' lang='grc' dir='ltr'>δε</span> <span class='ocrx_word' id='word_1_889' title='bbox 2611 4275 3036 4345; x_wconf 81' lang='lat' dir='ltr'><strong>Chrysosmutus</strong></span> <span class='ocrx_word' id='word_1_890' title='bbox 3060 4277 3124 4331; x_wconf 89' lang='lat' dir='ltr'><strong>ad</strong></span> <span class='ocrx_word' id='word_1_891' title='bbox 3158 4286 3369 4333; x_wconf 82' lang='lat' dir='ltr'><strong>utrum-</strong></span> 
     </span>
    </p>
   </div>
   <div class='ocr_carea' id='block_1_119' title="bbox 1791 4344 3372 4417">
    <p class='ocr_par' dir='ltr' id='par_1_119' title="bbox 1791 4344 3372 4417">
     <span class='ocr_line' id='line_1_121' title="bbox 1791 4344 3372 4417; baseline 0.004 -19"><span class='ocrx_word' id='word_1_892' title='bbox 1791 4362 1894 4416; x_wconf 89' lang='lat' dir='ltr'><strong>que</strong></span> <span class='ocrx_word' id='word_1_893' title='bbox 1928 4350 2177 4401; x_wconf 88' lang='lat' dir='ltr'><strong>relulitin</strong></span> <span class='ocrx_word' id='word_1_894' title='bbox 2209 4348 2290 4401; x_wconf 89' lang='lat' dir='ltr'><strong>his</strong></span> <span class='ocrx_word' id='word_1_895' title='bbox 2315 4345 2500 4400; x_wconf 83' lang='lat' dir='ltr'><strong>verbis</strong></span> <span class='ocrx_word' id='word_1_896' title='bbox 2521 4344 2805 4416; x_wconf 47' lang='lat' dir='ltr'><strong>(Epistiad</strong></span> <span class='ocrx_word' id='word_1_897' title='bbox 2834 4346 3069 4417; x_wconf 82' lang='lat' dir='ltr'><strong>Olgmp.)</strong></span> <span class='ocrx_word' id='word_1_898' title='bbox 3099 4367 3111 4401; x_wconf 89' lang='lat'><strong>:</strong></span> <span class='ocrx_word' id='word_1_899' title='bbox 3139 4348 3372 4405; x_wconf 86' lang='lat' dir='ltr'><strong>Tristitia</strong></span> 
     </span>
    </p>
   </div>
   <div class='ocr_carea' id='block_1_120' title="bbox 1790 4419 3379 4488">
    <p class='ocr_par' dir='ltr' id='par_1_120' title="bbox 1790 4419 3379 4488">
     <span class='ocr_line' id='line_1_122' title="bbox 1790 4419 3379 4488; baseline 0.004 -20"><span class='ocrx_word' id='word_1_900' title='bbox 1790 4420 2083 4470; x_wconf 85' lang='lat' dir='ltr'><strong>animarum</strong></span> <span class='ocrx_word' id='word_1_901' title='bbox 2132 4419 2337 4471; x_wconf 86' lang='lat' dir='ltr'><strong>crudele</strong></span> <span class='ocrx_word' id='word_1_902' title='bbox 2390 4427 2701 4470; x_wconf 82' lang='lat' dir='ltr'><strong>tormentum</strong></span> <span class='ocrx_word' id='word_1_903' title='bbox 2732 4427 2835 4485; x_wconf 87' lang='lat' dir='ltr'><strong>est,</strong></span> <span class='ocrx_word' id='word_1_904' title='bbox 2869 4420 3017 4472; x_wconf 85' lang='lat' dir='ltr'><strong>dolor</strong></span> <span class='ocrx_word' id='word_1_905' title='bbox 3055 4421 3265 4488; x_wconf 79' lang='lat' dir='ltr'><strong>quidam</strong></span> <span class='ocrx_word' id='word_1_906' title='bbox 3296 4425 3379 4475; x_wconf 89' lang='lat' dir='ltr'><strong>in-</strong></span> 
     </span>
    </p>
   </div>
   <div class='ocr_carea' id='block_1_121' title="bbox 1794 4489 3379 4560">
    <p class='ocr_par' dir='ltr' id='par_1_121' title="bbox 1794 4489 3379 4560">
     <span class='ocr_line' id='line_1_123' title="bbox 1794 4489 3379 4560; baseline 0.003 -20"><span class='ocrx_word' id='word_1_907' title='bbox 1794 4489 2084 4560; x_wconf 72' lang='lat' dir='ltr'><strong>explebilis,</strong></span> <span class='ocrx_word' id='word_1_908' title='bbox 2119 4498 2164 4541; x_wconf 90' lang='lat' dir='ltr'><strong>et</strong></span> <span class='ocrx_word' id='word_1_909' title='bbox 2189 4490 2445 4558; x_wconf 86' lang='lat' dir='ltr'><strong>judicium</strong></span> <span class='ocrx_word' id='word_1_910' title='bbox 2483 4504 2596 4541; x_wconf 87' lang='lat' dir='ltr'><strong>cum</strong></span> <span class='ocrx_word' id='word_1_911' title='bbox 2619 4489 2841 4555; x_wconf 85' lang='lat' dir='ltr'><strong>judicio,</strong></span> <span class='ocrx_word' id='word_1_912' title='bbox 2880 4491 3204 4560; x_wconf 74' lang='lat' dir='ltr'><strong>vindicraque</strong></span> <span class='ocrx_word' id='word_1_913' title='bbox 3232 4492 3379 4544; x_wconf 82' lang='lat' dir='ltr'><strong>dete-</strong></span> 
     </span>
    </p>
   </div>
   <div class='ocr_carea' id='block_1_122' title="bbox 1792 4557 3378 4626">
    <p class='ocr_par' dir='ltr' id='par_1_122' title="bbox 1792 4557 3378 4626">
     <span class='ocr_line' id='line_1_124' title="bbox 1792 4557 3378 4626; baseline 0.004 -16"><span class='ocrx_word' id='word_1_914' title='bbox 1792 4561 1921 4611; x_wconf 83' lang='lat' dir='ltr'><strong>rius.</strong></span> <span class='ocrx_word' id='word_1_915' title='bbox 1957 4557 2098 4611; x_wconf 84' lang='lat' dir='ltr'><strong>Nam</strong></span> <span class='ocrx_word' id='word_1_916' title='bbox 2126 4569 2170 4612; x_wconf 86' lang='lat' dir='ltr'><strong>et</strong></span> <span class='ocrx_word' id='word_1_917' title='bbox 2194 4557 2354 4613; x_wconf 88' lang='lat' dir='ltr'><strong>vermi</strong></span> <span class='ocrx_word' id='word_1_918' title='bbox 2401 4561 2585 4613; x_wconf 86' lang='lat' dir='ltr'><strong>similis</strong></span> <span class='ocrx_word' id='word_1_919' title='bbox 2632 4570 2704 4612; x_wconf 86' lang='lat' dir='ltr'><strong>est</strong></span> <span class='ocrx_word' id='word_1_920' title='bbox 2750 4570 3029 4626; x_wconf 86' lang='lat' dir='ltr'><strong>venenato;</strong></span> <span class='ocrx_word' id='word_1_921' title='bbox 3068 4557 3167 4614; x_wconf 80' lang='lat' dir='ltr'><strong>non</strong></span> <span class='ocrx_word' id='word_1_922' title='bbox 3213 4564 3378 4617; x_wconf 72' lang='lat' dir='ltr'><strong>solum</strong></span> 
     </span>
    </p>
   </div>
   <div class='ocr_carea' id='block_1_123' title="bbox 1793 4630 3378 4702">
    <p class='ocr_par' dir='ltr' id='par_1_123' title="bbox 1793 4630 3378 4702">
     <span class='ocr_line' id='line_1_125' title="bbox 1793 4630 3378 4702; baseline 0.004 -20"><span class='ocrx_word' id='word_1_923' title='bbox 1793 4646 1996 4683; x_wconf 84' lang='lat' dir='ltr'><strong>carnem</strong></span> <span class='ocrx_word' id='word_1_924' title='bbox 2016 4670 2029 4693; x_wconf 94' lang='lat'><strong>,</strong></span> <span class='ocrx_word' id='word_1_925' title='bbox 2053 4630 2149 4702; x_wconf 83' lang='lat' dir='ltr'><strong>sed</strong></span> <span class='ocrx_word' id='word_1_926' title='bbox 2179 4642 2222 4682; x_wconf 89' lang='lat' dir='ltr'><strong>et</strong></span> <span class='ocrx_word' id='word_1_927' title='bbox 2249 4633 2477 4683; x_wconf 87' lang='lat' dir='ltr'><strong>animam</strong></span> <span class='ocrx_word' id='word_1_928' title='bbox 2520 4633 2683 4699; x_wconf 88' lang='lat' dir='ltr'><strong>ipsam</strong></span> <span class='ocrx_word' id='word_1_929' title='bbox 2712 4634 3000 4702; x_wconf 83' lang='lat' dir='ltr'><strong>perimens;</strong></span> <span class='ocrx_word' id='word_1_930' title='bbox 3024 4642 3069 4685; x_wconf 89' lang='lat' dir='ltr'><strong>et</strong></span> <span class='ocrx_word' id='word_1_931' title='bbox 3097 4636 3234 4687; x_wconf 87' lang='lat' dir='ltr'><strong>tinea</strong></span> <span class='ocrx_word' id='word_1_932' title='bbox 3274 4651 3378 4689; x_wconf 87' lang='lat' dir='ltr'><strong>non</strong></span> 
     </span>
    </p>
   </div>
   <div class='ocr_carea' id='block_1_124' title="bbox 1792 4701 3374 4775">
    <p class='ocr_par' dir='ltr' id='par_1_124' title="bbox 1792 4701 3374 4775">
     <span class='ocr_line' id='line_1_126' title="bbox 1792 4701 3374 4775; baseline 0.004 -23"><span class='ocrx_word' id='word_1_933' title='bbox 1792 4702 1961 4775; x_wconf 82' lang='lat' dir='ltr'><strong>solum</strong></span> <span class='ocrx_word' id='word_1_934' title='bbox 1992 4701 2059 4753; x_wconf 91' lang='lat' dir='ltr'><strong>ad</strong></span> <span class='ocrx_word' id='word_1_935' title='bbox 2088 4718 2234 4775; x_wconf 87' lang='lat' dir='ltr'><strong>ossa,</strong></span> <span class='ocrx_word' id='word_1_936' title='bbox 2264 4703 2355 4755; x_wconf 88' lang='lat' dir='ltr'><strong>sed</strong></span> <span class='ocrx_word' id='word_1_937' title='bbox 2385 4704 2450 4754; x_wconf 91' lang='lat' dir='ltr'><strong>ad</strong></span> <span class='ocrx_word' id='word_1_938' title='bbox 2475 4704 2632 4756; x_wconf 88' lang='lat' dir='ltr'><strong>corda</strong></span> <span class='ocrx_word' id='word_1_939' title='bbox 2656 4705 2979 4772; x_wconf 86' lang='lat' dir='ltr'><strong>pertingens,</strong></span> <span class='ocrx_word' id='word_1_940' title='bbox 3014 4712 3059 4757; x_wconf 90' lang='lat' dir='ltr'><strong>et</strong></span> <span class='ocrx_word' id='word_1_941' title='bbox 3089 4716 3374 4775; x_wconf 87' lang='lat' dir='ltr'><strong>perpetuus</strong></span> 
     </span>
    </p>
   </div>
   <div class='ocr_carea' id='block_1_125' title="bbox 1792 4772 2420 4844">
    <p class='ocr_par' dir='ltr' id='par_1_125' title="bbox 1792 4772 2420 4844">
     <span class='ocr_line' id='line_1_127' title="bbox 1792 4772 2420 4844; baseline 0.006 -21"><span class='ocrx_word' id='word_1_942' title='bbox 1792 4772 1999 4839; x_wconf 86' lang='lat' dir='ltr'><strong>quidam</strong></span> <span class='ocrx_word' id='word_1_943' title='bbox 2030 4774 2282 4844; x_wconf 73' lang='lat' dir='ltr'><strong>Carnifex,</strong></span> <span class='ocrx_word' id='word_1_944' title='bbox 2314 4782 2420 4827; x_wconf 87' lang='lat' dir='ltr'><strong>etc.</strong></span> 
     </span>
    </p>
   </div>
   <div class='ocr_carea' id='block_1_126' title="bbox 1869 4844 3365 4914">
    <p class='ocr_par' dir='ltr' id='par_1_126' title="bbox 1869 4844 3365 4914">
     <span class='ocr_line' id='line_1_128' title="bbox 1869 4844 3365 4914; baseline 0.001 -16"><span class='ocrx_word' id='word_1_945' title='bbox 1869 4854 1889 4880; x_wconf 73' lang='grc' dir='ltr'><em>ε</em></span> <span class='ocrx_word' id='word_1_946' title='bbox 1934 4844 2219 4913; x_wconf 81' lang='lat' dir='ltr'><strong>Eleganter</strong></span> <span class='ocrx_word' id='word_1_947' title='bbox 2262 4855 2314 4897; x_wconf 91' lang='lat' dir='ltr'><strong>et</strong></span> <span class='ocrx_word' id='word_1_948' title='bbox 2353 4845 2577 4914; x_wconf 12' lang='lat' dir='ltr'><strong>7c0piose</strong></span> <span class='ocrx_word' id='word_1_949' title='bbox 2605 4844 2798 4898; x_wconf 87' lang='lat' dir='ltr'><strong>scribit</strong></span> <span class='ocrx_word' id='word_1_950' title='bbox 2831 4845 2891 4899; x_wconf 91' lang='lat' dir='ltr'><strong>D.</strong></span> <span class='ocrx_word' id='word_1_951' title='bbox 2922 4844 3282 4914; x_wconf 83' lang='lat' dir='ltr'><strong>Hieronymus</strong></span> <span class='ocrx_word' id='word_1_952' title='bbox 3313 4846 3365 4899; x_wconf 90' lang='lat' dir='ltr'><strong>in</strong></span> 
     </span>
    </p>
   </div>
   <div class='ocr_carea' id='block_1_127' title="bbox 1793 4913 3377 4986">
    <p class='ocr_par' dir='ltr' id='par_1_127' title="bbox 1793 4913 3377 4986">
     <span class='ocr_line' id='line_1_129' title="bbox 1793 4913 3377 4986; baseline 0.003 -20"><span class='ocrx_word' id='word_1_953' title='bbox 1793 4913 1936 4986; x_wconf 86' lang='lat' dir='ltr'><strong>|_tunc</strong></span> <span class='ocrx_word' id='word_1_954' title='bbox 1985 4916 2251 4983; x_wconf 87' lang='lat' dir='ltr'><strong>psalmum</strong></span> <span class='ocrx_word' id='word_1_955' title='bbox 2300 4913 2450 4986; x_wconf 84' lang='lat' dir='ltr'><strong>(Lib.</strong></span> <span class='ocrx_word' id='word_1_956' title='bbox 2487 4931 2499 4966; x_wconf 91' lang='lat' dir='ltr'><strong>I</strong></span> <span class='ocrx_word' id='word_1_957' title='bbox 2542 4919 2605 4967; x_wconf 90' lang='lat' dir='ltr'><strong>de</strong></span> <span class='ocrx_word' id='word_1_958' title='bbox 2637 4915 2781 4985; x_wconf 73' lang='lat' dir='ltr'><strong>Uﬂic.</strong></span> <span class='ocrx_word' id='word_1_959' title='bbox 2812 4917 2971 4969; x_wconf 84' lang='lat' dir='ltr'><strong>divin.</strong></span> <span class='ocrx_word' id='word_1_960' title='bbox 3003 4913 3272 4986; x_wconf 66' lang='lat' dir='ltr'><strong>cap.92).</strong></span> <span class='ocrx_word' id='word_1_961' title='bbox 3306 4919 3377 4971; x_wconf 82' lang='lat' dir='ltr'><strong>At</strong></span> 
     </span>
    </p>
   </div>
   <div class='ocr_carea' id='block_1_128' title="bbox 1791 4983 3365 5051">
    <p class='ocr_par' dir='ltr' id='par_1_128' title="bbox 1791 4983 3365 5051">
     <span class='ocr_line' id='line_1_130' title="bbox 1791 4983 3365 5051; baseline 0 -14"><span class='ocrx_word' id='word_1_962' title='bbox 1791 4983 2061 5051; x_wconf 73' lang='lat' dir='ltr'><strong>Rupertus</strong></span> <span class='ocrx_word' id='word_1_963' title='bbox 2082 4985 2542 5048; x_wconf 88' lang='lat' dir='ltr'><strong>compendiosius,</strong></span> <span class='ocrx_word' id='word_1_964' title='bbox 2576 4996 2632 5038; x_wconf 89' lang='lat' dir='ltr'><strong>et</strong></span> <span class='ocrx_word' id='word_1_965' title='bbox 2657 4983 2845 5040; x_wconf 82' lang='lat' dir='ltr'><strong>nostro</strong></span> <span class='ocrx_word' id='word_1_966' title='bbox 2879 4983 3121 5039; x_wconf 82' lang='lat' dir='ltr'><strong>instituto</strong></span> <span class='ocrx_word' id='word_1_967' title='bbox 3148 4983 3365 5039; x_wconf 61' lang='lat' dir='ltr'><strong>accom-</strong></span> 
     </span>
    </p>
   </div>
   <div class='ocr_carea' id='block_1_129' title="bbox 1793 5054 3366 5122">
    <p class='ocr_par' dir='ltr' id='par_1_129' title="bbox 1793 5054 3366 5122">
     <span class='ocr_line' id='line_1_131' title="bbox 1793 5054 3366 5122; baseline 0 -15"><span class='ocrx_word' id='word_1_968' title='bbox 1793 5056 2080 5116; x_wconf 83' lang='lat' dir='ltr'><strong>modatius,</strong></span> <span class='ocrx_word' id='word_1_969' title='bbox 2119 5057 2168 5105; x_wconf 94' lang='lat' dir='ltr'><strong>in</strong></span> <span class='ocrx_word' id='word_1_970' title='bbox 2204 5055 2344 5106; x_wconf 89' lang='lat' dir='ltr'><strong>hunc</strong></span> <span class='ocrx_word' id='word_1_971' title='bbox 2382 5054 2602 5106; x_wconf 83' lang='lat' dir='ltr'><strong>modum</strong></span> <span class='ocrx_word' id='word_1_972' title='bbox 2632 5074 2639 5101; x_wconf 84' lang='lat'>;</span> <span class='ocrx_word' id='word_1_973' title='bbox 2681 5056 2831 5119; x_wconf 81' lang='lat' dir='ltr'><strong>Quod</strong></span> <span class='ocrx_word' id='word_1_974' title='bbox 2854 5064 2957 5118; x_wconf 90' lang='lat' dir='ltr'><strong>est,</strong></span> <span class='ocrx_word' id='word_1_975' title='bbox 2986 5057 3157 5122; x_wconf 83' lang='lat' dir='ltr'><strong>inquit</strong></span> <span class='ocrx_word' id='word_1_976' title='bbox 3187 5100 3199 5118; x_wconf 79' lang='lat'><strong>,</strong></span> <span class='ocrx_word' id='word_1_977' title='bbox 3232 5054 3366 5107; x_wconf 88' lang='lat' dir='ltr'><strong>illud</strong></span> 
     </span>
    </p>
   </div>
   <div class='ocr_carea' id='block_1_130' title="bbox 1789 5122 3374 5179">
    <p class='ocr_par' dir='ltr' id='par_1_130' title="bbox 1789 5122 3374 5179">
     <span class='ocr_line' id='line_1_132' title="bbox 1789 5122 3374 5179; baseline 0 -1"><span class='ocrx_word' id='word_1_978' title='bbox 1789 5126 2189 5179; x_wconf 84' lang='lat' dir='ltr'><strong>vestimentum?</strong></span> <span class='ocrx_word' id='word_1_979' title='bbox 2220 5125 2413 5177; x_wconf 85' lang='lat' dir='ltr'><strong>Sancta</strong></span> <span class='ocrx_word' id='word_1_980' title='bbox 2458 5122 2685 5176; x_wconf 82' lang='lat' dir='ltr'><strong>Ecclesia</strong></span> <span class='ocrx_word' id='word_1_981' title='bbox 2723 5128 2994 5178; x_wconf 79' lang='lat' dir='ltr'><strong>catholica.</strong></span> <span class='ocrx_word' id='word_1_982' title='bbox 3037 5124 3176 5177; x_wconf 85' lang='lat' dir='ltr'><strong>Nunt</strong></span> <span class='ocrx_word' id='word_1_983' title='bbox 3217 5127 3374 5178; x_wconf 63' lang='lat' dir='ltr'><strong>barba</strong></span> 
     </span>
    </p>
   </div>
   <div class='ocr_carea' id='block_1_131' title="bbox 1790 5194 3367 5265">
    <p class='ocr_par' dir='ltr' id='par_1_131' title="bbox 1790 5194 3367 5265">
     <span class='ocr_line' id='line_1_133' title="bbox 1790 5194 3367 5265; baseline -0.002 -17"><span class='ocrx_word' id='word_1_984' title='bbox 1790 5197 1963 5248; x_wconf 81' lang='lat' dir='ltr'><strong>Aaron</strong></span> <span class='ocrx_word' id='word_1_985' title='bbox 2010 5196 2183 5265; x_wconf 85' lang='lat' dir='ltr'><strong>(quod</strong></span> <span class='ocrx_word' id='word_1_986' title='bbox 2219 5194 2583 5265; x_wconf 71' lang='lat' dir='ltr'><strong>interpretatur</strong></span> <span class='ocrx_word' id='word_1_987' title='bbox 2608 5210 2754 5246; x_wconf 82' lang='lat' dir='ltr'><strong>mons</strong></span> <span class='ocrx_word' id='word_1_988' title='bbox 2784 5196 3139 5263; x_wconf 77' lang='lat' dir='ltr'><strong>fortitudinis)</strong></span> <span class='ocrx_word' id='word_1_989' title='bbox 3183 5194 3367 5263; x_wconf 77' lang='lat' dir='ltr'><strong>barba,</strong></span> 
     </span>
    </p>
   </div>
   <div class='ocr_carea' id='block_1_132' title="bbox 1786 5263 3364 5337">
    <p class='ocr_par' dir='ltr' id='par_1_132' title="bbox 1786 5263 3364 5337">
     <span class='ocr_line' id='line_1_134' title="bbox 1786 5263 3364 5337; baseline -0.003 -16"><span class='ocrx_word' id='word_1_990' title='bbox 1786 5269 1995 5337; x_wconf 83' lang='lat' dir='ltr'><strong>inquam</strong></span> <span class='ocrx_word' id='word_1_991' title='bbox 2008 5263 2027 5331; x_wconf 59' lang='grc'><strong>,”</strong></span> <span class='ocrx_word' id='word_1_992' title='bbox 2052 5265 2223 5317; x_wconf 81' lang='lat' dir='ltr'><strong>Aaron</strong></span> <span class='ocrx_word' id='word_1_993' title='bbox 2254 5263 2442 5317; x_wconf 85' lang='lat' dir='ltr'><strong>Christi</strong></span> <span class='ocrx_word' id='word_1_994' title='bbox 2466 5265 2685 5329; x_wconf 88' lang='lat' dir='ltr'><strong>apostoli</strong></span> <span class='ocrx_word' id='word_1_995' title='bbox 2717 5277 2855 5331; x_wconf 80' lang='lat' dir='ltr'><strong>sunt,</strong></span> <span class='ocrx_word' id='word_1_996' title='bbox 2885 5272 2932 5317; x_wconf 91' lang='lat' dir='ltr'><strong>et</strong></span> <span class='ocrx_word' id='word_1_997' title='bbox 2958 5266 3220 5337; x_wconf 16' lang='lat' dir='ltr'><strong>apatstolici</strong></span> <span class='ocrx_word' id='word_1_998' title='bbox 3247 5266 3364 5330; x_wconf 79' lang='lat' dir='ltr'><strong>riri,</strong></span> 
     </span>
    </p>
   </div>
   <div class='ocr_carea' id='block_1_133' title="bbox 1787 5336 3370 5408">
    <p class='ocr_par' dir='ltr' id='par_1_133' title="bbox 1787 5336 3370 5408">
     <span class='ocr_line' id='line_1_135' title="bbox 1787 5336 3370 5408; baseline -0.003 -18"><span class='ocrx_word' id='word_1_999' title='bbox 1787 5336 1948 5407; x_wconf 83' lang='lat' dir='ltr'><strong>fortes</strong></span> <span class='ocrx_word' id='word_1_1000' title='bbox 1979 5346 2025 5389; x_wconf 89' lang='lat' dir='ltr'><strong>et</strong></span> <span class='ocrx_word' id='word_1_1001' title='bbox 2054 5336 2291 5408; x_wconf 77' lang='lat' dir='ltr'><strong>perfecti;</strong></span> <span class='ocrx_word' id='word_1_1002' title='bbox 2322 5345 2635 5407; x_wconf 86' lang='lat' dir='ltr'><strong>unguentum</strong></span> <span class='ocrx_word' id='word_1_1003' title='bbox 2665 5345 2835 5387; x_wconf 87' lang='lat' dir='ltr'><strong>autem</strong></span> <span class='ocrx_word' id='word_1_1004' title='bbox 2861 5340 3031 5404; x_wconf 84' lang='lat' dir='ltr'><strong>regale</strong></span> <span class='ocrx_word' id='word_1_1005' title='bbox 3053 5340 3370 5408; x_wconf 68' lang='lat' dir='ltr'><strong>etsacerdo-</strong></span> 
     </span>
    </p>
   </div>
   <div class='ocr_carea' id='block_1_134' title="bbox 1790 5405 3367 5479">
    <p class='ocr_par' dir='ltr' id='par_1_134' title="bbox 1790 5405 3367 5479">
     <span class='ocr_line' id='line_1_136' title="bbox 1790 5405 3367 5479; baseline -0.001 -19"><span class='ocrx_word' id='word_1_1006' title='bbox 1790 5405 1892 5461; x_wconf 78' lang='lat' dir='ltr'><strong>tale</strong></span> <span class='ocrx_word' id='word_1_1007' title='bbox 1923 5405 2154 5479; x_wconf 77' lang='lat' dir='ltr'><strong>Spiritus</strong></span> <span class='ocrx_word' id='word_1_1008' title='bbox 2196 5409 2362 5479; x_wconf 79' lang='lat' dir='ltr'><strong>sancti</strong></span> <span class='ocrx_word' id='word_1_1009' title='bbox 2397 5405 2517 5473; x_wconf 79' lang='lat' dir='ltr'><strong>est,</strong></span> <span class='ocrx_word' id='word_1_1010' title='bbox 2568 5409 2726 5479; x_wconf 77' lang='lat' dir='ltr'><strong>cujus</strong></span> <span class='ocrx_word' id='word_1_1011' title='bbox 2757 5414 2863 5479; x_wconf 86' lang='lat' dir='ltr'><strong>tota</strong></span> <span class='ocrx_word' id='word_1_1012' title='bbox 2903 5405 3166 5479; x_wconf 84' lang='lat' dir='ltr'><strong>plenitudo</strong></span> <span class='ocrx_word' id='word_1_1013' title='bbox 3213 5415 3286 5479; x_wconf 90' lang='lat' dir='ltr'><strong>est</strong></span> <span class='ocrx_word' id='word_1_1014' title='bbox 3316 5407 3367 5458; x_wconf 88' lang='lat' dir='ltr'><strong>in</strong></span> 
     </span>
    </p>
   </div>
   <div class='ocr_carea' id='block_1_135' title="bbox 1790 5477 3366 5548">
    <p class='ocr_par' dir='ltr' id='par_1_135' title="bbox 1790 5477 3366 5548">
     <span class='ocr_line' id='line_1_137' title="bbox 1790 5477 3366 5548; baseline -0.002 -16"><span class='ocrx_word' id='word_1_1015' title='bbox 1790 5477 1974 5547; x_wconf 68' lang='lat' dir='ltr'><strong>capite,</strong></span> <span class='ocrx_word' id='word_1_1016' title='bbox 2003 5480 2196 5534; x_wconf 85' lang='lat' dir='ltr'><strong>scilicet</strong></span> <span class='ocrx_word' id='word_1_1017' title='bbox 2220 5477 2445 5543; x_wconf 86' lang='lat' dir='ltr'><strong>Christo;</strong></span> <span class='ocrx_word' id='word_1_1018' title='bbox 2468 5490 2616 5548; x_wconf 75' lang='lat' dir='ltr'><strong>atque</strong></span> <span class='ocrx_word' id='word_1_1019' title='bbox 2636 5477 2755 5529; x_wconf 84' lang='lat' dir='ltr'><strong>inde</strong></span> <span class='ocrx_word' id='word_1_1020' title='bbox 2767 5478 2989 5548; x_wconf 85' lang='lat' dir='ltr'><strong>primum</strong></span> <span class='ocrx_word' id='word_1_1021' title='bbox 3006 5477 3057 5529; x_wconf 87' lang='lat' dir='ltr'><strong>in</strong></span> <span class='ocrx_word' id='word_1_1022' title='bbox 3080 5477 3366 5545; x_wconf 86' lang='lat' dir='ltr'><strong>apostolos,</strong></span> 
     </span>
    </p>
   </div>
   <div class='ocr_carea' id='block_1_136' title="bbox 1788 5547 3369 5621">
    <p class='ocr_par' dir='ltr' id='par_1_136' title="bbox 1788 5547 3369 5621">
     <span class='ocr_line' id='line_1_138' title="bbox 1788 5547 3369 5621; baseline -0.002 -17"><span class='ocrx_word' id='word_1_1023' title='bbox 1788 5551 1937 5621; x_wconf 88' lang='lat' dir='ltr'><strong>quasi</strong></span> <span class='ocrx_word' id='word_1_1024' title='bbox 1964 5552 2017 5604; x_wconf 88' lang='lat' dir='ltr'><strong>in</strong></span> <span class='ocrx_word' id='word_1_1025' title='bbox 2050 5554 2257 5605; x_wconf 84' lang='lat' dir='ltr'><strong>barbam</strong></span> <span class='ocrx_word' id='word_1_1026' title='bbox 2279 5591 2292 5616; x_wconf 90' lang='lat'><strong>,</strong></span> <span class='ocrx_word' id='word_1_1027' title='bbox 2317 5551 2503 5621; x_wconf 79' lang='lat' dir='ltr'><strong>deinde</strong></span> <span class='ocrx_word' id='word_1_1028' title='bbox 2530 5547 2581 5601; x_wconf 84' lang='lat' dir='ltr'><strong>in</strong></span> <span class='ocrx_word' id='word_1_1029' title='bbox 2613 5558 2770 5602; x_wconf 87' lang='lat' dir='ltr'><strong>totum</strong></span> <span class='ocrx_word' id='word_1_1030' title='bbox 2791 5547 3106 5621; x_wconf 54' lang='lat' dir='ltr'><strong>Ecclesium,</strong></span> <span class='ocrx_word' id='word_1_1031' title='bbox 3140 5559 3184 5621; x_wconf 87' lang='lat' dir='ltr'><strong>et</strong></span> <span class='ocrx_word' id='word_1_1032' title='bbox 3212 5564 3369 5621; x_wconf 83' lang='lat' dir='ltr'><strong>usque</strong></span> 
     </span>
    </p>
   </div>
   <div class='ocr_carea' id='block_1_137' title="bbox 1789 5619 3367 5691">
    <p class='ocr_par' dir='ltr' id='par_1_137' title="bbox 1789 5619 3367 5691">
     <span class='ocr_line' id='line_1_139' title="bbox 1789 5619 3367 5691; baseline -0.002 -16"><span class='ocrx_word' id='word_1_1033' title='bbox 1789 5619 1841 5675; x_wconf 87' lang='lat' dir='ltr'><strong>iu</strong></span> <span class='ocrx_word' id='word_1_1034' title='bbox 1862 5631 2089 5677; x_wconf 75' lang='lat' dir='ltr'><strong>extrema</strong></span> <span class='ocrx_word' id='word_1_1035' title='bbox 2111 5622 2333 5677; x_wconf 85' lang='lat' dir='ltr'><strong>membra</strong></span> <span class='ocrx_word' id='word_1_1036' title='bbox 2364 5620 2630 5691; x_wconf 70' lang='lat' dir='ltr'><strong>Ecclesiae,</strong></span> <span class='ocrx_word' id='word_1_1037' title='bbox 2652 5620 2798 5691; x_wconf 86' lang='lat' dir='ltr'><strong>quasi</strong></span> <span class='ocrx_word' id='word_1_1038' title='bbox 2818 5619 2873 5674; x_wconf 90' lang='lat' dir='ltr'><strong>in</strong></span> <span class='ocrx_word' id='word_1_1039' title='bbox 2898 5635 3044 5675; x_wconf 90' lang='lat' dir='ltr'><strong>oram</strong></span> <span class='ocrx_word' id='word_1_1040' title='bbox 3063 5620 3367 5689; x_wconf 81' lang='lat' dir='ltr'><strong>vestimenti,</strong></span> 
     </span>
    </p>
   </div>
   <div class='ocr_carea' id='block_1_138' title="bbox 1789 5695 2065 5751">
    <p class='ocr_par' dir='ltr' id='par_1_138' title="bbox 1789 5695 2065 5751">
     <span class='ocr_line' id='line_1_140' title="bbox 1789 5695 2065 5751; baseline 0.014 -4"><span class='ocrx_word' id='word_1_1041' title='bbox 1789 5695 2065 5751; x_wconf 85' lang='lat' dir='ltr'><strong>descendit.</strong></span> 
     </span>
    </p>
   </div>
  </div>
