4016 6202
620 215 730 280 355

621 336 950 387 structuram
1002 327 1189 398 templi
1238 326 1386 385 illius
1437 327 1702 402 spiritalis
1745 336 1908 400 atque
1955 336 2206 385 ornatum
2234 327 2285 389 Α

623 424 823 495 poterit
865 422 1172 489 pertinere,
1215 422 1370 491 cujus
1405 423 1602 482 Paulus
1628 424 1959 480 architectus
1989 424 2207 493 sapiens

621 512 802 587 p05uit
825 512 1172 566 fundamenta
1193 554 1207 578 ,
1251 513 1442 570 dicens
1473 531 1486 568 :
1528 514 1631 569 Vos
1657 516 1780 568 estis
1809 514 2054 583 templum
2085 511 2207 579 Dei,

622 616 668 662 et
690 605 903 676 spiritus
926 603 1026 658 Dei
1047 603 1242 658 habitat
1267 606 1320 660 in
1348 606 1487 660 vobis
1513 604 1558 678 (I
1582 604 1701 661 Cor.
1726 593 1831 676 ut);
1859 605 2010 674 cujus
2029 604 2209 674 qualia

622 698 730 753 sint
757 697 933 768 ligna,
973 710 1170 768 sponsa
1203 697 1463 752 deseribit
1493 698 1545 752 in
1573 697 1797 752 Cantico
1823 695 2160 751 canticorum
2190 711 2204 747 :

627 798 652 826 ⁸
678 787 890 855 Trabes,
919 787 1194 858 inquiens,
1225 797 1417 844 nostra:
1446 803 1742 860 cupressus,
1771 790 1918 857 tigna
1944 786 2212 838 domorum

625 888 920 934 nostrarum
946 878 1088 931 cedri
1121 877 1294 943 (Cant.
1330 879 1392 952 ι).
1425 879 1487 932 Et
1515 877 1723 933 idcirco
1755 874 2210 950 ltujuscemodiad

625 972 885 1045 templum
919 970 1008 1024 Dei
1043 971 1312 1042 lignorum
1355 987 1558 1042 genera
1592 970 1887 1044 eliguntur,
1919 985 2039 1038 qua:
2086 978 2212 1024 sunt

625 1073 682 1121 et
727 1064 880 1142 bona:
925 1061 1268 1135 fragrantize,
1299 1073 1354 1120 et
1393 1062 1786 1135 imputribilia,
1833 1075 2069 1132 quaeque
2111 1074 2212 1116 nec

625 1156 952 1226 corruptelae
999 1155 1288 1211 vetustatis
1341 1170 1444 1211 nec
1503 1156 1621 1211 esui
1672 1153 1935 1211 vermium
1997 1152 2214 1208 valeant

625 1247 930 1318 subjaccre.

1234 1337 1462 1396 CAPUT
1498 1339 1588 1396 IV.

825 1430 976 1487 Unde
1003 1431 1079 1487 vel
1105 1433 1288 1506 quibus
1315 1432 1483 1487 modis
1511 1431 1720 1486 tristitia
1744 1431 2007 1505 gignatur.

699 1524 724 1564 δ
764 1523 1180 1596 Nonnumquam
1215 1535 1394 1580 tamen
1427 1526 1520 1580 ira:
1553 1523 1908 1596 praecedentis
1933 1523 2066 1578 vitio
2097 1521 2216 1577 sub-

627 1618 802 1689 sequi,
825 1632 924 1696 seu
955 1618 1413 1688 concupiscentiae
1443 1628 1462 1656 ο
1490 1618 1702 1673 lucrive
1725 1616 2004 1687 cujusdam
2033 1615 2214 1669 minus

1941 209 2223 272 JOANNIS
2257 207 2572 269 CASSIANI
3185 216 3190 220 “
3775 224 3859 286 556

2928 327 3154 387 CAPUT
3191 329 3282 388 VI.

2357 415 2508 485 Quod
2531 415 2706 498 nullus
2731 419 2998 498 repentino
3024 421 3170 498 lapsu
3196 432 3433 498 corruat,
3459 425 3547 480 sed
3573 426 3829 498 puum.

2548 503 2638 558 per
2658 488 2868 558 longam
2895 488 3140 568 injuriam
3165 488 3428 562 recidens,
3458 488 3649 580 pereat.

2389 607 2412 635 ε
2452 597 2752 672 Numquam
2799 602 2942 676 enim
2985 604 3104 673 quis
3153 605 3381 663 alterius
3431 607 3564 664 vitio
3614 611 3858 670 lacessitus

2317 706 2544 778 peccare
2573 694 2936 764 compellitur,
2968 695 3014 751 si
3044 698 3333 767 repositam
3364 701 3640 757 materiem
3667 703 3857 762 delicto-

2314 797 2433 837 rum
2484 783 2540 837 iu
2583 800 2682 860 suo
2725 787 2889 841 corde
2935 802 3042 842 non
3075 788 3285 860 habeat.
3333 789 3353 828 ί
3385 790 3500 848 Nec
3548 802 3676 852 tunc
3713 799 3860 852 subito

2317 875 2588 948 quispiam
2611 875 2873 948 deceptus
2902 893 3022 934 esse
3049 863 3355 937 credendus
3375 893 3500 950 est,
3518 900 3639 940 cum
3669 903 3860 958 conspe-

2315 975 2400 1021 cta
2447 969 2691 1025 mulieris
2738 969 2905 1052 forma
2956 972 3011 1026 in
3058 972 3374 1048 barathrum
3435 980 3859 1049 concupiscentia:

2315 1060 2487 1134 turpis
2533 1063 2828 1132 inciderit,
2885 1064 2982 1121 sed
3031 1066 3214 1136 potius
3263 1069 3513 1126 occultos
3560 1085 3624 1127 ac
3667 1073 3862 1126 latentes

2315 1153 2633 1234 medullitus
2676 1157 2894 1222 morbos
2929 1159 3216 1238 occasione
3258 1160 3410 1218 visus
3451 1161 3510 1218 in
3550 1162 3856 1233 superficiem

2315 1252 2444 1300 tunc
2481 1244 2654 1324 fuisse
2695 1247 3004 1318 productos.

2927 1341 3159 1400 CAPUT
3199 1344 3306 1404 VII.

2321 1433 2474 1510 Quod
2500 1451 2602 1489 non
2641 1435 2744 1510 sint
2776 1435 3016 1510 fratrum
3039 1437 3323 1510 deserenda
3359 1451 3649 1510 consortia,
3679 1451 3730 1496 ut
3764 1460 3864 1510 per-

2355 1460 2472 1499 yuuu
2500 1460 2602 1489 ηυη
2641 1460 2744 1489 διηι
2776 1460 2997 1504 μἀιηιιη
3039 1460 3323 1492 aeserenaa
3359 1460 3649 1510 consortia,
3679 1460 3730 1496 ut
3795 1460 3826 1497 ει

2355 1506 2506 1573 {ectio
2537 1507 2894 1576 conquiratur,
2926 1508 3017 1560 sed
3044 1509 3293 1578 patientia
3324 1511 3524 1580 jugiter
3553 1460 3826 1570 excolentfa.

2387 1617 2623 1689 Ideoque
2645 1629 2859 1696 creator
2882 1620 3128 1674 omnium
3163 1620 3305 1676 Deus
3335 1621 3537 1691 Opificii
3560 1624 3639 1678 sui
3661 1623 3871 1680 curatio-

629 1711 835 1782 indepti
868 1710 1118 1782 generari
1160 1712 1331 1778 solet,
1363 1725 1487 1766 cum
1516 1725 1574 1764 se
1613 1709 1803 1763 barum
1852 1723 2031 1762 rerum
2074 1723 2210 1778 qua-
2243 1716 2290 1776 Β
2318 1724 2438 1765 nem
2490 1724 2599 1780 prae
2630 1709 2887 1765 omnibus
2937 1725 3166 1766 noscens
3189 1752 3203 1776 ,
3249 1721 3302 1766 et
3349 1713 3477 1784 quia
3527 1730 3634 1770 non
3667 1715 3717 1771 in
3743 1717 3864 1784 aliis,

627 1803 750 1858 dam
782 1817 876 1872 spe
919 1812 1102 1858 mente
1142 1811 1402 1870 concepta
1431 1801 1551 1872 quis
1582 1799 1782 1855 viderit
1811 1799 2096 1854 excidisse.
2128 1798 2217 1854 lu.-

633 1895 844 1951 terdum
869 1910 999 1950 vero
1021 1895 1185 1950 etiam
1215 1894 1374 1949 nullis
1399 1893 1763 1949 existentibus
1793 1893 1996 1958 causis,
2022 1893 2216 1963 quibus

627 1987 693 2042 ad
724 1989 860 2042 hanc
889 1987 1064 2042 labem
1097 2000 1354 2042 corruere
1387 2000 1768 2056 provocemur,
1802 1984 2010 2039 inimici
2036 1983 2214 2038 subti-

627 2079 694 2135 lis
721 2081 979 2134 instinctu
1000 2120 1014 2144 ,
1050 2090 1199 2133 tanto
1230 2087 1455 2148 repente
1488 2091 1731 2131 maerore
1755 2075 2134 2146 deprimimur,
2159 2080 2221 2127 ut

628 2187 696 2229 ne
724 2174 1012 2228 charorum
1043 2171 1261 2242 quidem
1313 2186 1376 2226 ac
1423 2169 1856 2226 necessariorum
1904 2177 2216 2222 nostrorum

629 2266 926 2322 adventum
967 2266 1126 2320 solita
1169 2265 1447 2334 suscipere
1487 2261 1799 2317 aliabilitate
1836 2260 2134 2331 possimus,
2165 2267 2220 2314 et

630 2361 890 2432 quidquid
950 2360 1018 2414 ab
1062 2360 1142 2413 eis
1196 2356 1524 2426 competenti
1571 2356 1732 2410 fuerit
1780 2353 2220 2409 confabulatione

631 2453 930 2523 prolatum,
960 2451 1328 2519 importunum
1363 2449 1516 2502 nobis
1545 2463 1608 2502 ac
1639 2446 1969 2517 superﬂuum
2013 2445 2218 2516 judice-

631 2554 740 2609 tur,
777 2543 1031 2612 nullaque
1057 2556 1088 2594 a
1117 2541 1272 2595 nobis
1304 2540 1564 2595 reddatur
1605 2539 1686 2595 eis
1716 2548 1869 2610 grata
1911 2538 2218 2607 responsio,

632 2636 916 2690 universos
946 2633 1130 2688 cordis
1162 2632 1335 2686 nostri
1367 2645 1619 2687 recessus
1667 2631 1799 2688 felle
1845 2630 2222 2686 amaritudinis

633 2735 952 2797 occupante.

1250 2814 1476 2874 CAPUT
1517 2815 1580 2872 ν.

672 2915 821 2983 Quod
861 2931 964 2968 non
1000 2914 1252 2976 aliorum,
1292 2912 1381 2967 sed
1420 2922 1618 2978 nostro,
1661 2911 1783 2965 vitio
1822 2910 2186 2964 commotiones

1142 2986 1423 3039 excitentur
1459 2984 1516 3036 in
1553 2983 1721 3038 nobis.

2320 1802 2414 1858 sed
2458 1805 2509 1857 in
2545 1804 2950 1875 nobismetipsis
2980 1803 3341 1863 oll‘ensionum
3371 1806 3588 1864 radices
3616 1823 3875 1878 causaeque

2318 1896 2699 1964 consisterent,
2745 1913 2849 1951 non
2885 1896 3189 1952 deserenda
3223 1899 3484 1968 praecepit
3513 1901 3734 1954 fratrum
3760 1915 3877 1955 con-

2319 1989 2505 2056 sortia,
2541 2003 2644 2044 nec
2674 1979 2828 2044 vitari
2856 2004 2948 2044 eos
2969 2003 3104 2060 quos
3128 1990 3290 2044 laesos
3311 2006 3341 2044 a
3371 1991 3530 2046 nobis
3555 2035 3568 2053 .
3603 1992 3684 2048 vel
3719 2008 3744 2045 a
3772 1992 3874 2062 qui-

2319 2079 2421 2134 bus
2470 2093 2572 2134 nos
2616 2079 2945 2133 arbitramur
3003 2080 3276 2146 offensos,
3325 2081 3421 2136 sed
3470 2081 3681 2136 deliniri
3725 2083 3874 2152 jubet.

2320 2171 2498 2225 sciens
2546 2179 2570 2216 8
2609 2170 2994 2240 perfectionem
3025 2170 3204 2225 cordis
3256 2186 3362 2226 non
3413 2180 3520 2227 tam
3568 2174 3877 2243 separatione

2322 2260 2602 2318 hominum
2653 2277 2811 2333 quam
2877 2263 3149 2330 patientia:
3196 2264 3400 2320 virtute
3446 2267 3721 2336 conquiri.
3765 2265 3879 2334 Quae

2321 2353 2476 2408 ﬁrme
2508 2369 2758 2424 possessa
2781 2395 2794 2418 ,
2823 2354 2962 2410 sicut
2989 2364 3170 2424 potest
3205 2371 3304 2409 nos
3334 2354 3498 2411 etiam
3529 2357 3652 2412 cuin
3695 2358 3770 2412 bis
3798 2357 3877 2428 qui

2322 2448 2552 2504 oderunt
2576 2462 2787 2518 pacem,
2819 2448 3074 2517 paciﬁcos
3101 2464 3458 2515 conservare;
3491 2447 3518 2486 δ
3549 2452 3620 2506 ita
3651 2453 3693 2508 si
3721 2463 3878 2520 parata

2323 2556 2432 2596 non
2461 2541 2653 2605 fuerit,
2688 2540 2866 2596 abhis
2905 2557 3122 2612 quoque
3150 2543 3242 2612 qui
3285 2542 3515 2612 perfecti
3547 2559 3610 2599 ac
3651 2545 3880 2600 meliores

2322 2633 2481 2688 nobis
2509 2644 2635 2688 sunt
2654 2675 2668 2699 ,
2701 2632 2830 2687 facit
2853 2633 3056 2703 jugiter
3085 2633 3388 2700 dissidere;
3417 2637 3730 2692 occasiones
3755 2637 3876 2692 enim

2323 2727 2789 2792 commotionum,
2826 2725 2896 2778 ob
2937 2741 3070 2795 quas
3099 2741 3193 2781 eos
3220 2727 3416 2797 quibus
3447 2727 3720 2800 ,ungimur
3747 2729 3879 2783 dese-

2322 2833 2445 2873 rere
2487 2817 2846 2883 festinamus,
2882 2818 2934 2872 in
2979 2823 3395 2875 conversatione
3444 2820 3685 2875 humana
3713 2821 3878 2876 deesse

2323 2925 2430 2964 non
2463 2918 2744 2978 poterunt,
2788 2919 2844 2964 et
2905 2909 3111 2965 idcirco
3144 2909 3384 2965 tristitiae
3411 2926 3637 2979 causas,
3672 2913 3741 2967 ob
3767 2926 3880 2983 quas

2325 3017 2354 3056 a
2401 3003 2674 3072 prioribus
2723 3017 3058 3072 separamur,
3111 3018 3221 3058 non
3267 3005 3587 3073 evadimus,
3644 3005 3736 3063 sed
3779 3021 3880 3061 tnu-

705 3101 731 3141 ά
772 3101 927 3158 Unde
958 3100 1402 3156 manifestissime
1427 3096 1836 3168 comprobatur,
1870 3109 1978 3149 non
2007 3108 2222 3163 semper
2251 3099 2294 3162 C
2328 3106 2525 3150 tamus.

636 3194 793 3251 nobis
823 3193 1052 3248 aliorum
1081 3192 1212 3246 vitio
1241 3191 1666 3246 commotionum
1699 3187 1948 3242 stimulos
1973 3184 2216 3252 excitari;

639 3287 736 3342 sed
779 3286 958 3356 potius
991 3293 1202 3350 nostro,
1249 3283 1337 3354 qui
1375 3281 1681 3336 reconditas
1725 3280 1778 3334 in
1823 3277 2228 3347 nobismetipsis

636 3380 898 3435 habemus
923 3377 1283 3432 olfensionum
1313 3389 1507 3429 causas
1528 3389 1590 3428 ac
1619 3372 1915 3428 seminaria
1945 3373 2220 3439 vitiorum;

637 3487 787 3542 quae,
820 3486 941 3526 cum
983 3478 1217 3524 mentem
1259 3476 1498 3523 nostram
1547 3464 1904 3522 tentationum
1937 3465 2116 3521 imber
2148 3466 2229 3521 aI-

637 3565 836 3631 Iuerit,
882 3564 938 3619 in
983 3562 1225 3620 vermina
1266 3561 1558 3641 confestim
1612 3559 1924 3630 fructusque
1970 3573 2222 3628 prorum-

637 3667 790 3734 punL

2921 3187 3149 3246 CAPUT
3193 3188 3324 3245 VIII.

2332 3283 2483 3352 Quod
2511 3284 2555 3336 si
2581 3299 2750 3337 mores
2779 3292 2981 3357 nostros
3022 3283 3320 3357 emendatos
3348 3283 3712 3351 habuerimus,
3747 3285 3883 3357 possit

2705 3353 2851 3409 nobis
2876 3370 2993 3408 cum
3024 3355 3256 3409 omnibus
3285 3357 3574 3410 convenire.

2399 3469 2801 3526 Procurandum
2844 3470 3026 3540 itaque
3055 3469 3216 3525 nobis
3241 3478 3359 3540 est,
3404 3478 3463 3525 ut
3502 3481 3690 3528 nostra
3730 3470 3884 3542 potius

2327 3562 2621 3618 emendare
2649 3562 2782 3616 vitia
2811 3572 2868 3618 et
2892 3576 3076 3619 mores
3099 3563 3374 3633 corrigere
3400 3560 3744 3619 festinemus.
3770 3562 3886 3630 Quae

2329 3654 2686 3725 proculdubio
2718 3654 2761 3709 si
2808 3653 3011 3709 fuerint
3049 3655 3333 3711 emendata
3358 3697 3372 3722 ,
3407 3669 3516 3710 non
3563 3655 3735 3712 dicam
3780 3668 3882 3709 cum

1713 3763 1972 3820 ALARDI
2009 3762 2238 3820 (Ml/EI
2272 3764 2837 3822 COMMENTARIUS.

709 3880 736 3907 ι
779 3869 842 3923 D.
872 3867 1234 3938 Hieronymus
1277 3878 1345 3919 ex
1387 3862 1621 3938 Origene
1659 3858 1901 3916 :Trabes
1949 3858 2217 3938 domorum

639 3951 935 3996 nostrarum
987 3931 1160 4003 cedri;
1206 3946 1250 3988 et
1295 3931 1697 4002 contignationes
1749 3941 1939 4003 nostra!
1985 3931 2209 3995 cupressi

645 4011 830 4084 (Hom.
850 4010 886 4063 2
906 4008 1052 4078 Orig.
1078 4001 1350 4084 ίηζῖιιηι.)ἔ
1371 4005 1593 4084 Vulgata
1612 4005 1791 4084 versio
1819 4020 1828 4052 :
1853 4001 2217 4084 Tignadom'o-

639 4071 751 4137 rum
777 4071 1066 4134 nostrarum
1084 4071 1588 4142 cedrina,’laquearia
1609 4081 1785 4126 nostra
1808 4072 2123 4136 cupressina.
2140 4071 2216 4124 De

641 4153 807 4208 Cedro
847 4157 901 4202 et
929 4146 1422 4219 cupressn_Pli_nius
1453 4145 1590 4195 libro
1628 4142 1842 4219 decimo
1871 4151 2027 4219 sexto
2050 4151 2217 4219 natu-

641 4223 773 4278 ralis
808 4213 1016 4273 Hister:
1039 4232 1158 4285 cap.
1193 4214 1248 4267 4.
1283 4214 1518 4285 Arbores
1546 4213 2023 4285 suntduriSsitnm,
2050 4213 2221 4279 impu-

640 4293 851 4348 tt'ibiles
883 4301 935 4342 et
967 4284 1282 4349 odoriferae,
1319 4295 1374 4336 ιιι
1405 4284 1490 4336 hic
1517 4284 1796 4337 ossi-ritur.

2323 3869 2407 3914 cat
2442 3860 2613 3914 abbas
2659 3857 2985 3913 Theodorus
3013 3855 3196 3912 collat.
3241 3856 3274 3912 6
3308 3871 3430 3925 cap.
3469 3857 3558 3922 i7,
3594 3857 3680 3912 cui
3721 3856 3889 3911 similis

2325 3931 2508 3984 titulus
2537 3949 2548 3981 :
2583 3930 2734 3996 Quod
2760 3944 2905 3982 nemo
2927 3930 3080 3981 ruina
3101 3927 3366 3981 subitanea
3404 3927 3710 3981 collabatur.
3738 3927 3889 3981 Verba

2319 4003 2435 4070 ejus
2458 4010 2613 4054 Sunt:
2633 4000 2835 4067 Lapsus
2851 4000 3109 4070 quispiam
3130 4014 3450 4068 nequaquam
3467 3999 3730 4052 subitanea
3754 4001 3888 4051 ruina

2320 4074 2574 4125 corruisse
2626 4072 2908 4123 credendus
2954 4079 3069 4135 est;
3118 4071 3208 4122 sed
3247 4083 3332 4121 aut
3363 4085 3536 4140 pravis:
3581 4071 3889 4136 institutionis

2323 4144 2564 4214 deceptus
2606 4141 2852 4207 exordio,
2901 4150 2989 4214 aut
3014 4141 3377 4214 Aperilongam
3407 4144 3592 4194 mentis
3613 4143 3885 4214 incuriam,

2325 4211 2577 4282 paulatim
2629 4215 2816 4266 virtute
2863 4212 3023 4265 animi
3055 4211 3348 4275 decidente,
3398 4221 3443 4264 et
3480 4228 3569 4282 per
3601 4212 3697 4264 hoc
3722 4213 3889 4265 sensim

2323 4286 2458 4338 vitiis
2487 4283 2913 4347 increscentibus,
2941 4299 3061 4334 casu
3111 4282 3384 4335 miserabili
3431 4284 3733 4337 concidisse.
3778 4285 3890 4334 Ante

713 4362 739 4400 δ
768 4360 1026 4414 Tristitia:
1056 4372 1251 4431 causas
1280 4354 1536 4431 inquirit,
1570 4362 1731 4431 atque
1775 4353 1960 4431 exiis
2005 4352 2220 4420 species
2249 4373 2297 4431 ι)
2327 4356 2688 4431 contritionem
2717 4354 2870 4431 Δεοηὶιη
2914 4353 3178 4431 praecedit
3209 4355 3398 4431 ruina,
3447 4363 3493 4406 et
3545 4365 3665 4406 ante
3708 4357 3890 4406 ruinam

645 4434 764 4504 ejus
808 4427 1357 4504 a_liqnot_disting_t_tit_;
1407 4426 1502 4478 Sed
1533 4427 1711 4504 _paulo_
1746 4424 1956 4504 clarius
1973 4433 2223 4479 recenset

643 4496 764 4572 cap.
797 4496 987 4555 ullitnn
1016 4498 1174 4568 hujus
1211 4498 1353 4572 libri,
1379 4504 1438 4572 et
1464 4496 1648 4572 collat.
1683 4496 1714 4549 5
1745 4496 1986 4572 cap._il.

715 4566 737 4612 ἒ
760 4573 1043 4644 Dionysius
1057 4566 1582 4644 paraphrusticezAut
1597 4582 1659 4620 ex
1669 4567 2078 4644 concupiscentia
2090 4566 2224 4644 lucri

644 4663 758 4700 cum
787 4636 912 4712 quis'
930 4642 1114 4697 uiderit
1146 4636 1202 4694 se
1226 4640 1480 4708 privatum
1507 4653 1608 4712 spe
1623 4653 1711 4712 seu
1740 4637 2094 4712 consecutione
2121 4636 2219 4712 Ita-

641 4733 757 4770 rum
788 4709 957 4769 rerum
1004 4728 1155 4782 quam
1194 4719 1358 4764 mente
1399 4709 1648 4782 concepit.
1699 4709 1771 4762 Ita
1821 4709 2031 4782 passim
2064 4709 2219 4764 inde-

643 4799 820 4858 ptum,
860 4777 1025 4858 ,ιιι-ιι(
1055 4784 1310 4858 adeptum
1361 4780 1574 4858 passive
1613 4777 1838 4858 usurpat
1883 4777 2220 4858 Cassianus:

644 4849 1100 4925 ἱιιιιιιιιὲιάιῐιοάιιιιι
1150 4849 1202 4907 et
1246 4849 1570 4925 Plat_ttus__in
1618 4850 1733 4925 Tri.
1765 4851 1992 4925 passive
2041 4851 2219 4925 dixit:

645 4921 768 4984 Non
797 4937 967 4990 (etate,
998 4941 1172 4980 verum
1193 4922 1396 4993 ingenio
1418 4921 1726 4993 adipiscitur
1746 4922 2016 4993 sapientia.
2049 4921 2223 4975 Idem-

643 5017 747 5069 quc
778 5000 1001 5053 verbum
1035 4991 1300 5064 indipisci)
1327 4992 1558 5069 notivunt
1585 4995 1917 5069 nsttrpat_(in
1943 4991 2168 5069 Aulum,
2192 5008 2221 5046 a

640 5064 750 5144 quo
769 5071 1068 5144 indipiscar
1089 5069 1383 5144 passivum,
1416 5064 1558 5144 unde.
1585 5065 1922 5144 participium
1951 5064 2216 5131 indeptus.

713 5139 740 5179 ἀ
775 5135 916 5196 idem
947 5141 1128 5194 docuit
1158 5138 1440 5208 superiore
1459 5135 1749 5208 ilibrn_cap.
1787 5137 1852 5190 ili
1879 5144 1935 5189 et
1958 5148 2113 5208 seqq.

717 5223 742 5252 ο
783 5214 1137 5290 Vcri_5simnm_
1162 5206 1303 5290 enim
1337 5207 1471 5290 illud
1505 5207 1563 5260 D.
1592 5206 1969 5290 Chrysostomi
1994 5245 2008 5268 ,
2035 5219 2218 5290 quam-

640 5285 724 5341 vis
750 5285 1056 5355 paradnxon
1086 5283 1379 5355 videatnr_:
1406 5278 1572 5355 Nemo
1604 5277 1814 5332 (ceditur
1858 5277 1958 5330 nisi
1987 5291 2019 5355 ᾳ
2041 5282 2222 5355 semet:

639 5344 773 5425 ipso.
807 5358 1102 5411 Larsioitem
1153 5355 1292 5407 enim
1353 5349 1614 5425 intelligit_
1642 5364 1750 5402 non
1796 5346 2089 5425 corpo_ris,_
2123 5344 2216 5398 sed

640 5415 834 5482 anima:
856 5470 870 5492 ,
901 5427 952 5482 id
985 5437 1103 5490 est,
1133 5431 1438 5492 peccatum,
1473 5415 1615 5492 quod
1649 5433 1840 5492 nemo,
1872 5415 1977 5470 nisi
2009 5415 2215 5484 volens,

639 5489 898 5567 admittit.
941 5489 1109 5567 (Vide
1138 5489 1327 5567 Cottat.
1361 5493 1424 5567 (ξ,
1459 5505 1504 5542 c.
1542 5489 1608 5554 4,
1639 5498 1693 5567 et
1714 5490 1794 5559 9.)

713 5566 736 5605 ί
777 5569 890 5622 Hoc
914 5557 1070 5621 sanat
1097 5567 1280 5619 titulus
1310 5562 1471 5631 hujus
1499 5576 1618 5629 cap.
1655 5557 1806 5625 Quod
1832 5557 2004 5610 nullus
2034 5572 2220 5631 repen-

639 5637 752 5691 tino
779 5638 931 5708 lapsu
970 5646 1176 5689 corruat
1201 5678 1216 5696 ,
1250 5648 1354 5708 etc.
1382 5626 1525 5687 Iiinc
1551 5626 1606 5708 et
1630 5632 1970 5708 proverbium
1998 5626 2218 5708 :_Nento

638 5699 844 5776 repente
864 5713 920 5775 [ιι
949 5708 1222 5777 pessimus.
1255 5705 1506 5774 ldetnque
1534 5699 1776 5772 pluribus
1814 5703 1997 5758 verbis
2035 5699 2219 5755 incul-

2324 4426 2464 4478 mala
2516 4425 2762 4495 cogitatio
2789 4440 2806 4478 :
2836 4425 3267 4495 quemadmodum
3311 4424 3493 4477 domus
3519 4441 3792 4494 numquam
3817 4439 3889 4477 su-

2323 4495 2526 4549 bituneo
2552 4494 2618 4548 ad
2653 4494 3155 4565 terram'procumbit
3182 4496 3429 4565 impulsu,
3463 4496 3565 4548 nisi
3592 4507 3679 4547 aut
3699 4497 3888 4563 antiquo

2323 4567 2447 4620 vitio
2493 4567 2856 4635 fundamenti,
2897 4575 2984 4618 aut
3032 4566 3184 4635 longa
3231 4566 3640 4619 inhabitantium
3684 4566 3882 4625 desidia,

2325 4639 2610 4692 stillicidiis
2637 4639 2856 4708 primum
2887 4637 3199 4706 parvissimis
3229 4636 3641 4708 penetrantibus,
3679 4644 3889 4707 corrupta

2325 4712 2512 4764 sensim
2547 4706 2738 4777 fuerint
2771 4709 3089 4760 munimenta
3125 4717 3370 4760 tectorum
3391 4748 3403 4766 ,
3429 4706 3616 4776 quibus
3647 4725 3734 4776 per
3768 4706 3889 4761 vetu-

2323 4791 2451 4834 stam
2482 4777 2845 4851 negligentiam
2872 4779 2933 4851 in
2959 4780 3210 4851 majorem
3241 4779 3451 4851 modum
3481 4779 3757 4851 patefactis
3778 4819 3789 4841 ,
3819 4785 3892 4851 at-

2324 4868 2420 4918 que
2447 4848 2692 4918 collapsis
2714 4891 2728 4911 ,
2773 4850 2989 4921 ubertint
3029 4848 3141 4921 post
3163 4848 3274 4903 haec
3297 4848 3784 4921 inﬂuit’pluriarum
3811 4850 3891 4901 im-

2324 4922 2593 4989 briumque
2623 4929 2914 4988 tempestas.
2953 4919 3076 4972 Hmc
3103 4919 3226 4985 ille,
3251 4929 3302 4974 et
3330 4935 3447 4988 qua:
3479 4919 3803 4990 Sequuntur.

2396 5001 2437 5075 ts.
2469 4991 2729 5114 Perlectio
2759 4994 2892 5043 enim
2920 4990 2982 5044 de
3009 4992 3260 5060 patientia
3289 4991 3546 5052 nascitur,
3576 4993 3653 5045 ait
3681 4991 3744 5044 D.
3777 4991 3896 5046 Cre-

2396 5077 2507 5114 rtns
2539 5064 2550 5114 t
2607 5062 2675 5114 ib.
2710 5077 2743 5114 v
2772 5060 2965 5114 Moral.
2999 5077 3046 5114 c.
3083 5062 3150 5114 15
3175 5071 3222 5114 et
3256 5060 3359 5114 Ml
3396 5078 3410 5114 τ
3440 5060 3537 5114 Ille
3560 5078 3777 5114 namaue
3798 5073 3896 5114 sere

2322 5062 2507 5132 gnrins
2539 5060 2675 5132 (Lib.
2710 5077 2743 5114 v
2772 5060 2965 5116 Moral.
2999 5077 3046 5133 c.
3083 5062 3150 5116 15
3175 5071 3222 5114 et
3256 5060 3359 5131 14)
3396 5078 3410 5116 τ
3440 5060 3537 5115 Ille
3560 5078 3777 5133 namque
3798 5073 3896 5115 nere

2322 5137 2580 5204 perfectus
2623 5143 2695 5187 est
2714 5175 2729 5200 ,
2762 5133 2850 5198 qui
2880 5132 3466 5204 ergaimperfectionem
3491 5132 3722 5204 prox-inii
3747 5136 3896 5200 impa-

2322 5149 2580 5204 perjecms
2623 5149 2729 5200 est,
2762 5149 2850 5198 qui
2880 5149 3002 5202 erga
3027 5149 3466 5201 tmperjecttonem
3531 5149 3719 5187 rozcimt
3747 5149 3896 5200 impa-

2322 5206 2453 5257 tiens
2477 5221 2578 5276 non
2608 5215 2701 5257 est.
2751 5203 2888 5276 Nam
2934 5203 3023 5276 qui
3053 5204 3274 5276 aliorum
3307 5149 3745 5276 imperﬂctionent
3779 5209 3896 5276 ferre

2323 5291 2425 5328 non
2452 5273 2629 5327 valens
2655 5269 2955 5340 patientiam
2972 5271 3318 5344 deseritiipse
3343 5273 3446 5344 sibi
3455 5269 3624 5344 testis
3655 5284 3750 5344 est,
3779 5269 3897 5338 quod

2322 5349 2550 5416 perfecte
2563 5415 2566 5416 ν
2589 5346 2830 5416 nondum
2862 5344 3096 5416 profecit.
3153 5343 3295 5416 Hinc
3334 5343 3388 5394 in
3423 5343 3709 5416 Evangelia
3742 5343 3768 5415 '(
3790 5345 3897 5416 Luc.

2329 5411 2425 5469 ἂιχὶ
2450 5415 2488 5486 ).
2533 5415 2733 5469 Veritas
2781 5414 2905 5486 dicit
2926 5411 3041 5486 {In
3083 5415 3332 5486 patientia
3377 5424 3545 5468 vestra
3570 5411 3899 5486 'possidebitis

2323 5480 2525 5558 animus
2575 5498 2766 5558 vestras
2813 5483 2964 5558 (vide
2989 5480 3181 5558 fol-lat.
3233 5485 3334 5548 i9,
3379 5501 3426 5538 c.
3475 5486 3510 5540 9
3550 5480 3600 5540 ei
3638 5480 3897 5558 δαμείη).

2392 5555 2430 5634 ιι-
2459 5557 2670 5634 Id_est,
2711 5556 2757 5611 si
2798 5554 3059 5634 acquisita
3103 5570 3200 5610 seu
3230 5565 3552 5626 comparata
3603 5554 3718 5634 non
3762 5557 3904 5614 luerit

2322 5629 2604 5700 patientia.
2798 5629 2800 5634 ’
3427 5649 3430 5652 λ
3641 5631 3644 5636 ’
