4016 6202
184 234 279 298 357

749 239 836 294 DE
876 235 1348 320 COENQBIORUM
1387 237 1641 294 INSTIT.
1682 235 1812 292 LIB.
1854 233 1944 292 IX.
1976 266 2043 280 —
2072 237 2163 294 DE
2203 233 2477 296 SPIRITU
2514 239 2904 298 TRISTITIE.

3368 249 3477 311 358

189 350 540 418 hominibus,
571 351 668 408 sed
700 353 861 408 etiam
897 368 1019 408 cum
1053 351 1184 407 feris
1209 363 1264 408 et
1291 353 1486 409 belluis
1525 352 1781 409 facillime
1805 355 1857 415 A
1887 353 2158 412 tricidium
2192 355 2479 427 poenitere,
2521 374 2624 414 nec
2650 358 2842 414 Judam
2876 369 2998 435 post
3027 363 3373 423 traditionem
3403 369 3473 428 ad

191 444 345 501 nobis
372 443 696 512 conveniet,
719 445 1014 500 secundum
1043 444 1177 500 illud
1209 445 1355 516 quod
1382 445 1436 500 in
1465 446 1608 500 libro
1638 445 1781 501 beati

191 537 288 595 Job
319 538 532 594 dicitur
572 558 587 592 :
632 550 658 576 ι
695 536 881 594 Bestiae
909 540 1042 593 enim
1082 549 1235 594 terra:
1277 551 1476 611 pacata:
1505 552 1651 596 erunt
1685 541 1777 596 tibi

190 627 342 701 (Job.
371 627 430 700 v)
466 645 478 682 :
509 630 842 686 extrinsecus
865 629 1068 701 quippe
1101 631 1378 686 venientia
1408 648 1511 686 non
1551 633 1776 688 verebi-

190 737 314 776 mur
337 720 659 776 oil'endicula
684 764 698 785 ,
730 721 757 760 δ
781 736 880 777 nec
906 723 1015 777 ulla
1043 732 1304 792 poterunt
1325 725 1575 778 scandala
1618 726 1776 781 nobis

187 812 399 868 deforis
443 812 662 878 inferri,
709 814 754 868 si
803 813 857 868 in
905 813 1323 884 nobismetipsis
1373 816 1519 870 intus
1565 816 1777 872 radices

185 920 382 960 eorum
430 915 658 974 receptae
684 906 1032 976 insertasque
1062 921 1168 961 non
1200 906 1400 961 fuerint
1433 924 1445 961 :
1482 906 1600 962 Pax
1629 909 1775 964 enim

182 997 351 1050 multa
379 997 711 1069 diligentibus
754 998 914 1071 legem
961 1009 1133 1065 luant,
1179 999 1433 1066 Domine,
1475 1009 1524 1054 et
1569 1017 1672 1056 non
1701 1010 1776 1056 est

183 1087 292 1143 illis
319 1088 624 1143 scandalum
652 1088 831 1160 (Psal.
864 1105 1026 1145 cxvm
1045 1091 1083 1158 ).

793 1179 1021 1239 CAPUT
1058 1181 1154 1239 IX.

219 1276 302 1331 De
325 1277 429 1332 alio
453 1291 636 1348 genere
667 1277 914 1362 tristitiae,
943 1279 1087 1402 quodt
1111 1277 1521 1348 desperationem
1553 1282 1738 1336 salutis

842 1359 1064 1402 smnorta
1095 1387 1108 1401 .

842 1359 1108 1420 importat.

255 1459 354 1513 Est
395 1459 556 1515 etiam
594 1470 617 1498 ε
669 1460 820 1516 aliud
867 1460 1241 1518 detestabilius
1293 1463 1535 1520 tristitiae
1573 1481 1769 1536 genus,

176 1552 324 1621 quod
372 1568 482 1608 non
532 1555 930 1610 correctionem
979 1557 1139 1626 vitae,
1188 1573 1288 1614 nec
1333 1560 1766 1616 emendationem

173 1643 464 1710 vitiorum,
497 1647 596 1700 sed
626 1647 1144 1714 perniciosissimam
1174 1649 1605 1720 deSperationem
1644 1653 1764 1707 ani-

1882 445 2272 502 satisfactionis
2297 448 2535 503 remedia
2563 450 2850 518 festinare,
2881 451 2976 509 sed
3008 455 3075 511 ad
3104 459 3463 528 suspendium

1878 539 2058 611 laquei
2080 555 2173 596 sua
2207 541 2584 611 desperatione
2609 547 2894 612 pertraxit.

2038 649 2043 654 ’
2496 635 2726 692 CAPUT
2763 638 2833 692 Χ.

2023 725 2090 780 1η
2118 743 2217 798 quo
2248 729 2604 784 tantummodo
2634 732 2699 784 sit
2740 733 2886 788 nobis
2916 735 3126 790 tristitia
3151 738 3317 795 utilis.

1947 817 2182 889 Ideoque
2208 821 2355 875 utilis
2388 822 2545 876 nobis
2584 838 2686 877 una
2727 837 2787 880 re
2814 833 3022 882 tantum
3063 829 3282 888 tristitia
3307 834 3459 904 judi-

1877 912 2045 968 Canda
2079 923 2186 979 est,
2206 928 2331 968 cum
2357 915 2496 970 hanc
2524 916 2610 971 vel
2639 918 2974 986 paenitudine
3001 921 3346 988 delictorum.
3373 929 3463 983 vel

1876 1003 2149 1060 desiderio
2177 1005 2528 1075 perfectionis
2558 1007 2799 1074 accensi,
2831 1011 2918 1067 vel
2951 1011 3148 1068 futurae
3175 1016 3467 1084 beatitudi-

1878 1099 1964 1154 nis
2007 1098 2467 1170 contemplatione
2511 1102 2870 1172 concipimus.
2918 1105 2996 1160 De
3042 1123 3143 1176 qua
3185 1117 3241 1164 et
3269 1109 3463 1169 beatus

1874 1193 2173 1265 Apostolus
2199 1211 2211 1247 :
2241 1192 2266 1231 δ
2295 1195 2423 1261 Qua:
2451 1197 2736 1251 secundum
2760 1183 2928 1253 Deum
2959 1210 3056 1269 est,
3080 1202 3272 1273 inquit,
3304 1207 3464 1260 tristi-

1874 1285 1968 1350 tia,
1999 1286 2349 1354 paznitentiam
2376 1293 2444 1341 ad
2474 1287 2692 1344 salutem
2722 1291 2956 1345 stabilem
2982 1305 3264 1364 operatur;
3291 1299 3467 1352 swculi

1870 1383 2042 1429 autem
2072 1377 2281 1430 tristitia
2311 1389 2523 1432 mortem
2550 1391 2791 1452 operatur
2816 1381 2881 1453 (Il
2904 1380 3026 1438 Cor.
3060 1385 3180 1456 vn).

2475 1491 2700 1549 CAPUT
2739 1495 2830 1550 ΧΙ.

1873 1582 2322 1654 Quemadmodum
2349 1584 2667 1640 discernatur
2687 1603 2800 1654 qua
2820 1589 2887 1643 sit
2916 1589 3060 1644 utilis
3081 1608 3142 1644 ac
3162 1594 3447 1649 secundum

1940 1652 2109 1706 Deum
2134 1655 2363 1718 tristitia,
2399 1665 2446 1708 et
2477 1672 2591 1726 qua:
2619 1652 2876 1712 diabolica
2919 1671 3070 1731 atque
3097 1665 3381 1734 mortifera.

171 1749 282 1792 ma:
306 1737 481 1806 injicit
499 1738 860 1811 delinquenti,
891 1741 1046 1808 Quod
1073 1757 1172 1798 nec
1203 1744 1330 1798 Cain
1361 1744 1486 1800 fecit
1515 1758 1630 1816 post
1655 1746 1762 1801 fra-
1794 1740 1841 1800 B
1940 1745 2047 1801 Sed
2097 1746 2184 1801 illa
2210 1755 2232 1783 ε
2265 1745 2479 1802 tristitia
2519 1763 2642 1818 qua:
2688 1752 3060 1820 poenitentiam
3111 1755 3178 1809 ad
3217 1757 3449 1813 salutem

1256 1878 1514 1934 ALABDI
1553 1879 1788 1936 esui
1825 1877 2394 1936 COMMENTARIUS.
3259 1842 3264 1846 ”
3317 1846 3324 1859 ’

246 1981 277 2011 ι
311 1970 375 2024 D.
393 1969 696 2040 Gregorius
715 1969 827 2023 vult
845 1968 966 2040 legi,
987 1970 1234 2040 paciﬁca,
1252 1986 1356 2023 non
1371 1981 1588 2040 paeane.
1608 1973 1760 2040 Ejus-

174 2058 280 2110 que
301 2038 573 2096 ratione—tn
600 2039 857 2093 moralem
885 2038 1039 2093 aﬂ'e‘rt
1067 2056 1186 2109 quae
1216 2040 1323 2096 huc
1356 2038 1459 2094 non
1497 2038 1756 2110 pertinet.

175 2113 382 2167 Eodem
407 2113 569 2165 modo
587 2110 720 2180 legit
745 2119 802 2166 et
823 2111 984 2175 Beda,
1009 2119 1063 2163 et
1087 2110 1310 2181 Vulgata
1332 2114 1536 2166 versio.
1566 2115 1760 2168 Exem-

175 2183 265 2253 pla
292 2193 604 2236 sanctorum
628 2227 642 2249 ,
669 2183 863 2250 quibus
894 2181 1080 2236 bestia:
1099 2223 1114 2246 ,
1141 2199 1246 2237 non
1279 2183 1441 2237 modo
1471 2196 1676 2253 pacata:
1707 2195 1760 2240 et

173 2255 418 2325 paciﬁca:
444 2296 458 2315 .
489 2254 584 2307 sed
616 2253 926 2325 etqsubditze
966 2253 1198 2318 fuerint,
1229 2262 1284 2325 et
1311 2256 1377 2308 ad
1410 2267 1600 2308 nutum
1633 2257 1762 2310 obe-

177 2323 410 2388 dierint,
445 2325 613 2378 habes
646 2323 869 2391 plurima
899 2333 950 2377 et
982 2325 1182 2390 passim
1215 2324 1370 2379 obvia
1402 2326 1453 2379 in
1491 2325 1625 2380 Vitis
1659 2327 1760 2380 Pa-

177 2406 322 2450 trum
351 2407 403 2449 et
434 2405 740 2448 sanctorum
774 2395 912 2462 apud
946 2393 1188 2448 Surium.

249 2465 280 2504 1³
319 2467 641 2520 Scandalum
675 2467 939 2531 passivum
963 2506 975 2526 ,
1002 2466 1144 2532 quod
1169 2465 1392 2527 deforis,
1426 2466 1528 2521 hoc
1555 2476 1659 2532 est,
1695 2468 1764 2521 ab

178 2537 302 2592 aliis
325 2537 482 2590 nobis
511 2535 757 2599 infertur,
787 2536 870 2589 vel
898 2544 984 2588 est
1013 2536 1362 2602 pusillorum,
1395 2539 1482 2606 qui
1515 2554 1578 2592 ex
1612 2538 1764 2606 igno-

177 2609 354 2663 rantia
383 2606 693 2662 existimant
740 2606 982 2661 illicitum
1007 2620 1128 2660 esse
1157 2608 1299 2675 quod
1343 2608 1547 2662 licitum
1584 2619 1686 2674 est,
1711 2619 1765 2663 et

177 2677 524 2733 oﬂ'enduntur
540 2693 659 2731 cum
683 2677 866 2730 vident
881 2676 964 2730 illa
982 2676 1098 2730 ﬁeri
1115 2694 1230 2742 quae
1247 2678 1344 2744 ipsi
1362 2679 1692 2733 arbitrantur
1707 2680 1768 2734 il-

177 2749 350 2804 licita.
368 2750 518 2803 Unde
544 2750 604 2802 Ι).
627 2749 980 2817 llierOuymus
1003 2747 1092 2817 (In
1109 2748 1295 2801 Matth.
1312 2749 1463 2818 XVIII)
1481 2768 1492 2801 :
1513 2752 1612 2813 Qui
1624 2767 1767 2805 scan-

179 2821 465 2882 dalizatur,
487 2819 732 2890 parvulus
749 2827 844 2882 est;
863 2821 1083 2890 majores
1105 2820 1237 2872 enim
1260 2821 1509 2874 scandala
1521 2837 1619 2874 non
1637 2824 1769 2875 reci-

177 2894 350 2963 piunt.
383 2890 482 2944 Vel
510 2900 596 2944 est
623 2889 1018 2963 Pharisaeorum
1043 2935 1054 2950 ,
1088 2891 1178 2957 qui
1210 2905 1273 2943 ex
1309 2892 1523 2959 prOpria
1560 2892 1765 2948 malitia

177 2962 233 3016 in
269 2963 514 3030 pejorem
552 2970 757 3030 partem
784 2962 1216 3029 interpretantur
1247 2977 1365 3028 qua:
1396 2965 1446 3015 in
1484 2963 1763 3018 meliorem

175 3043 335 3088 erant
369 3032 797 3098 interpretanda.
840 3031 989 3084 Talia
1025 3046 1130 3084 non
1160 3033 1362 3087 cadunt
1391 3034 1442 3086 in
1473 3048 1600 3088 vere
1631 3035 1758 3087 reli-

175 3105 363 3174 giosos
387 3113 441 3159 et
475 3104 765 3172 perfectos;
792 3113 845 3156 at
873 3103 1045 3155 multo
1079 3105 1255 3156 minus
1285 3106 1538 3158 scandala
1563 3105 1762 3170 activa,

177 3173 374 3244 quibus
407 3175 683 3244 proximus
719 3176 1080 3244 inrpegcatum,
1105 3173 1396 3244 inducitur,
1427 3177 1513 3230 vel
1545 3175 1598 3229 in
1631 3190 1765 3244 pec-

177 3242 297 3299 cato
324 3242 698 3299 conﬁrmatur.
730 3243 818 3316 (S.
846 3242 1026 3296 Thom.
1053 3243 1168 3310 2-2,
1198 3262 1248 3315 q.
1272 3244 1362 3310 45,
1389 3263 1438 3299 a.
1473 3246 1507 3300 5
1532 3255 1580 3299 et
1609 3242 1690 3316 6.)

255 3328 275 3354 ε
307 3317 610 3372 Pessimum
642 3318 1072 3385 tristitiagenus
1111 3331 1218 3385 quo
1254 3319 1374 3385 quis
1415 3319 1499 3371 vel
1548 3319 1612 3369 ad
1657 3317 1752 3372 de-

179 3389 544 3454 sperationem
568 3387 821 3453 adigitur,
850 3383 920 3438 ut
935 3383 1084 3450 Cain,
1113 3383 1163 3440 et
1190 3383 1386 3452 ludas;
1420 3388 1502 3442 vel
1535 3388 1598 3440 ad
1631 3403 1755 3455 gra-

177 3461 325 3513 viora
367 3466 585 3528 peccata
615 3471 856 3526 praeceps
907 3458 1034 3520 ruit,
1084 3468 1137 3510 ut
1171 3458 1245 3511 illi
1294 3461 1433 3525 apud
1463 3460 1753 3513 Jeremiam

179 3525 420 3583 dicentes
453 3547 464 3582 :
497 3525 925 3598 Desperavimus;
987 3538 1098 3592 post
1167 3528 1502 3598 cogitationes
1557 3538 1756 3582 nostras

178 3599 382 3665 ibimus,
416 3609 465 3670 et
491 3600 836 3670 unusquisque
863 3601 1158 3670 pravitatem
1198 3600 1365 3652 cordis
1409 3602 1489 3652 sui
1517 3601 1641 3652 mali
1671 3601 1753 3670 fa-

179 3672 364 3725 ciemus
397 3669 616 3742 (Jerem.
645 3668 840 3742 aviti);
885 3677 938 3722 et
983 3669 1082 3733 illi,
1113 3667 1181 3722 de
1221 3672 1416 3734 quibus
1465 3667 1753 3742 Apostolus

179 3742 380 3812 Ephes.
408 3739 467 3796 ἰν
503 3759 516 3792 :
550 3740 651 3806 Qui
697 3739 1053 3812 desperantes,
1082 3742 1380 3812 semetipsos
1431 3739 1756 3812 tradiderunt

174 3810 531 3879 impudicitiae,
582 3813 634 3863 in
691 3811 1042 3876 operationem
1083 3810 1424 3863 immunditiw
1466 3810 1654 3873 omnis,
1702 3813 1753 3863 in

175 3885 467 3937 avaritiam.
498 3884 665 3949 Quam
691 3881 760 3933 ob
801 3895 1022 3933 causam
1051 3879 1238 3932 scribit
1283 3880 1423 3934 idem
1460 3881 1753 3947 Apostolus

174 3957 236 4009 ad
272 3955 630 4008 Colossenses
672 3951 862 4005 iisdem
906 3965 1044 4018 pene
1075 3949 1274 4014 verbis,
1309 3954 1500 4018 quibus
1545 3951 1608 4003 ad
1650 3951 1753 4006 Ro-

173 4040 406 4079 manos:
444 4023 644 4087 Patres,
694 4022 852 4074 nolite
899 4021 972 4092 ad
1020 4019 1426 4091 indignationem
1475 4038 1752 4092 provocare

172 4095 308 4163 filios
337 4105 550 4162 vestros,
597 4101 651 4146 ut
682 4107 786 4163 non
817 4090 1005 4158 pusillo
1052 4090 1225 4144 animo
1257 4093 1384 4163 ﬁant
1413 4090 1610 4163 (C'olos.
1644 4093 1748 4163 tu),

173 4162 225 4220 id
266 4175 372 4230 est,
421 4180 490 4220 ne
526 4164 706 4217 animo
735 4162 1079 4230 dejiciantur,
1127 4177 1195 4215 ne
1233 4162 1469 4216 animum
1518 4166 1748 4232 deSpon-

172 4235 358 4299 deant,
383 4244 439 4290 et
454 4235 661 4290 doloris
690 4233 1026 4298 impatientia
1057 4233 1126 4285 ob
1154 4233 1371 4286 nimiam
1406 4237 1747 4288 severitate-in

173 4307 477 4361 deteriores
507 4305 759 4360 evadant.
794 4303 856 4357 Et
883 4301 929 4357 ll
956 4304 1080 4357 Cor.
1114 4319 1151 4356 tt
1177 4315 1359 4358 monet
1387 4315 1445 4359 ut
1467 4304 1750 4359 Corinthio

171 4377 642 4432 excommunicato
683 4386 736 4429 et
771 4373 978 4442 publice
1019 4374 1299 4443 objurgato
1340 4377 1539 4444 aliquid
1566 4377 1746 4430 solatii

168 4447 536 4516 impendatur,
577 4446 662 4501 Ne
702 4449 850 4510 forte,
891 4445 1082 4513 inquit,
1131 4446 1494 4500 abundantiori
1541 4449 1749 4500 tristitia

170 4519 498 4572 absorbeatur
527 4519 614 4587 qui
644 4517 942 4587 hujusmodj
963 4525 1056 4568 est.
1081 4519 1248 4581 Quam
1284 4520 1523 4587 Apostoli
1547 4518 1750 4571 doctri-

170 4605 292 4643 nam
324 4585 548 4643 secntus’
589 4585 767 4640 itidem
803 4587 863 4639 D.
908 4585 1225 4640 Benedictus
1258 4585 1410 4656 (Cap.
1445 4591 1471 4640 7
1508 4588 1741 4656 Regula!)

168 4660 419 4715 eamdem
453 4661 503 4712 in
535 4659 727 4712 abbate
766 4657 1184 4711 sollicitudinem
1228 4659 1453 4728 requirit
1483 4661 1622 4711 circa
1653 4673 1747 4712 ex-

169 4732 590 4784 cominnnicatm
619 4738 672 4783 et
700 4729 1093 4796 delinquentes,
1121 4737 1179 4781 ut
1207 4729 1467 4782 submittat
1495 4731 1741 4793 seniores,

168 4804 252 4869 qui
286 4803 436 4872 quasi
458 4810 648 4872 secreto
677 4798 1000 4852 consolentur
1030 4803 1238 4868 fratrem
1265 4801 1637 4872 delinquentem
1666 4800 1741 4869 (id

167 4882 267 4932 est.
286 4870 375 4940 qui
408 4871 677 4942 deliquit),
710 4879 758 4921 et
791 4881 1061 4933 provocent
1089 4887 1201 4922 eum
1229 4872 1293 4923 ad
1318 4870 1629 4923 humilitatis
1650 4887 1740 4924 sa-

167 4945 532 5008 tisfactionem,
567 4952 613 4994 et
639 4943 963 4994 consolentur
989 4957 1121 5006 eum,
1151 4959 1211 4994 ne
1249 4942 1610 4994 abundantiori
1649 4944 1742 4995 tri-

165 5016 306 5066 sti:ia
340 5013 706 5074 absorbeatur;
733 5011 841 5084 sed,
872 5012 1002 5064 sicut
1030 5013 1100 5063 ait
1129 5013 1403 5082 Apostolus
1436 5011 1502 5080 (ll
1528 5011 1646 5066 Cor.
1681 5013 1738 5084 It)

165 5086 497 5152 canﬁrmetur
539 5085 589 5135 in
617 5100 677 5137 eo
705 5083 948 5145 charitas,
981 5092 1029 5135 et
1063 5095 1236 5135 oretur
1267 5099 1359 5151 pro
1384 5099 1444 5136 ea
1484 5087 1546 5135 ab
1575 5085 1740 5137 omni—

166 5154 276 5207 bus.
322 5157 435 5208 Huc
467 5156 628 5208 etiam
673 5161 880 5221 spectat
920 5153 1061 5221 quod
1095 5152 1282 5205 scribit
1309 5153 1372 5205 D.
1410 5156 1739 5218 Augustinus

165 5224 238 5278 lib
290 5241 361 5279 xu
389 5227 455 5280 de
480 5225 676 5280 Genesi
713 5223 777 5276 ad
808 5223 1040 5276 litteram
1077 5221 1232 5288 (Cap.
1256 5222 1383 5292 33):
1416 5221 1562 5276 Illud
1584 5226 1738 5280 etiam

163 5295 300 5363 quod
328 5296 491 5349 Iacob
517 5296 640 5348 dicit
660 5295 728 5347 ad
752 5294 884 5360 ﬁlios
911 5307 1030 5347 suos
1062 5293 1213 5359 (Gen.
1249 5292 1392 5363 xuv)
1417 5311 1431 5347 ι
1464 5292 1739 5349 Deducetis

163 5378 472 5422 senectutem
501 5382 666 5420 meam
695 5380 812 5417 cum
841 5366 1048 5416 tristitia
1087 5365 1154 5416 ad
1184 5366 1396 5432 inferos,
1428 5364 1624 5417 videtur
1648 5369 1740 5420 hoc

163 5441 323 5506 magis
350 5439 603 5500 timuisse,
643 5452 703 5490 ne
733 5435 892 5488 nimia
922 5435 1130 5488 tristitia
1156 5436 1230 5488 sic
1260 5435 1661 5506 perturbaretur,
1685 5447 1742 5489 ut

162 5505 267 5560 non
295 5510 363 5561 ad
391 5510 618 5577 requiem
645 5507 906 5560 beatorum
936 5509 1050 5571 iret,
1084 5507 1170 5559 sed
1191 5506 1257 5559 ad
1280 5505 1478 5577 inferos
1511 5515 1736 5577 peccato-

163 5592 294 5633 rum.
331 5575 511 5649 Neque
541 5583 673 5631 enim
698 5592 923 5649 parvum
952 5580 1138 5630 anima:
1183 5576 1376 5649 malum
1408 5585 1480 5649 est
1509 5575 1740 5649 tristitia,

164 5665 280 5702 cum
308 5645 463 5704 etiam
492 5648 769 5721 Apostolus
797 5647 1001 5700 cuidam
1021 5645 1390 5721 tam‘sollicite
1401 5645 1661 5721 timuerit,
1683 5663 1747 5700 ne

165 5723 362 5791 majore
385 5716 602 5777 tristiiia
624 5720 980 5774 absorberetur
1011 5717 1088 5791 (ιι
1115 5717 1234 5772 Cor.
1267 5716 1330 5789 ι).
1357 5717 1453 5774 Sic
1491 5719 1750 5786 Augusti-

1864 1985 1983 2050 nus.
2011 1972 2442 2050 Porrotristitia,
2465 1971 2539 2050 ait
2659 1973 3056 2050 Thomas(i-2,
3082 1993 3136 2048 q.
3165 1979 3252 2042 57,
3281 1996 3332 2034 a.
3361 1980 3445 2050 2),

1864 2043 2132 2096 absorbere
2178 2042 2434 2095 hominem
2476 2041 2681 2109 dicitur,
2742 2041 2948 2111 quando
2993 2041 3068 2099 sic
3094 2041 3334 2103 'totaliter
3385 2041 3460 2105 vis

1864 2111 2366 2188 contristantis_mali
2389 2113 2542 2188 afﬁcit
2570 2115 2906 2188 animum,_ut
2943 2132 3140 2188 omnem
3173 2136 3311 2188 spem
3341 2137 3459 2175 eva-

1865 2183 2326 2258 si_ouis_ea:cludat_,
2357 2192 2403 2236 et
2435 2185 2518 2258 sic
2553 2185 2713 2237 etiam
2741 2186 2916 2239 eodem
2947 2187 3098 2239 modo
3124 2183 3371 2258 aggravat
3408 2202 3459 2246 et

1865 2254 2131 2325 absorbet;
2161 2255 2397 2324 quwdam
2436 2255 2569 2308 enim
2599 2271 2653 2309 se
2694 2265 3092 2325 consequuntur,
3127 2254 3251 2311 dum
3300 2273 3454 2314 meta-

1864 2323 2074 2395 phorice
2105 2323 2348 2378 dicuntur
2391 2340 2506 2393 qua:
2547 2325 2644 2378 sibi
2673 2323 2959 2396 repugnare
2990 2328 3244 2390 videntur,
3294 2331 3335 2383 si
3374 2349 3457 2384 se-

1865 2396 2087 2466 cundum
2127 2396 2493 2466 praprietatem
2539 2397 2885 2464 accipiantur.
2940 2396 3064 2452 Hmc
3114 2399 3169 2453 S.
3221 2399 3456 2456 Thomas

1865 2464 2066 2519 docens
2099 2464 2298 2519 nullam
2328 2481 2449 2519 esse
2492 2469 2926 2536 repugnantiam,
2975 2482 3099 2523 cum
3129 2470 3327 2524 dicitur
3359 2472 3456 2526 tri-

1866 2537 2008 2590 Stitin
2057 2536 2365 2611 absorbere
2405 2545 2457 2590 et
2508 2552 2800 2607 aggravare
2849 2543 3114 2611 animum,
3159 2543 3282 2611 quia
3339 2543 3454 2599 hac

1867 2608 2237 2672 metaphorice
2269 2607 2544 2678 dicuntur,
2577 2623 2691 2678 non
2734 2610 2974 2678 proprie.
3007 2607 3244 2665 Unde—et
3284 2613 3455 2667 Joan-

1867 2693 1972 2755 nes.
2016 2678 2376 2755 Damascenus
2415 2676 2516 2745 (De
2563 2675 2699 2730 Fide
2737 2675 2949 2732 orthod.
2985 2679 3077 2735 lib.
3122 2695 3158 2755 tt
3184 2698 3320 2755 -cap.
3356 2683 3452 2755 14)

1868 2749 2168 2819 molestiam
2215 2755 2375 2819 vocat
2415 2757 2822 2819 aggravantem,
2875 2760 2932 2805 ut
2978 2753 3229 2819 superius
3267 2749 3450 2810 'visntn

1868 2827 1970 2872 est.
1997 2818 2106 2873 Sed
2152 2826 2202 2871 et
2229 2817 2509 2889 Psalmista
2544 2817 2661 2870 haec
2686 2829 2810 2886 apte
2836 2817 3143 2889 conjungit,
3181 2825 3306 2878 dum
3341 2827 3453 2885 pri-

1868 2904 2013 2942 mum
2043 2897 2168 2964 orat
2187 2906 2199 2939 :
2231 2887 2351 2940 Non
2374 2903 2454 2964 me
2473 2888 2732 2964 demergat
2752 2900 3022 2961 tempestas
3045 2887 3196 2964 aqum
3222 2894 3447 2960 (Psalm.

1868 2957 2086 3036 vam),
2120 2957 2170 3011 id
2208 2966 2311 3024 est,
2342 2958 2738 3036 nioleSIiarum,
2769 2973 2824 3036 et
2850 2957 3454 3036 £1:rumnafrnmh1agni~

1870 3030 1996 3084 tudo
2043 3045 2150 3107 non
2185 3045 2273 3107 me
2303 3028 2493 3107 obruat
2525 3039 2584 3107 et
2633 3033 2924 3107 opprimat,
2967 3035 3109 3101 quod
3155 3048 3233 3089 est
3267 3028 3452 3107 agura-

1869 3115 2018 3175 vare.
2053 3098 2253 3153 llelnde
2282 3099 2494 3175 subdit:
2517 3098 2694 3169 Neque
2711 3098 2994 3156 'absorbeat'
3014 3121 3092 3158 me
3114 3098 3448 3175 profundum.

1867 3173 1945 3226 Ac
1965 3179 2243 3246 postremo
2267 3187 2282 3225 :
2311 3168 2488 3246 Neque
2507 3168 2684 3246 urgeat
2709 3189 2859 3244 super
2881 3191 2958 3226 me
2977 3168 3163 3246 puteus
3193 3168 3248 3231 os
3273 3196 3447 3245 suum,

1868 3243 2011 3321 quod
2041 3243 2466 3321 est_e§tre1nuin
2509 3243 2797 3321 malorum.
2833 3246 2936 3321 Qui
2978 3243 3110 3301 enim
3158 3249 3210 3301 in
3243 3243 3450 3321 puteum

1866 3315 2074 3392 cadunt.
2102 3314 2178 3367 ait
2201 3313 2265 3367 D.
2303 3312 2540 3392 Basilius
2571 3312 2661 3384 (In
2699 3317 2956 3392 scltoliis),
2989 3312 3326 3387 quamdiu'es
3354 3339 3452 3392 pu-

1861 3385 1930 3460 tei
1953 3393 2187 3460 apertum
2226 3386 2611 3460 est,__modicum
2634 3387 2757 3456 quid
2784 3389 2890 3460 spei
2911 3385 3118 3457 habent,
3163 3391 3300 3460 quod
3329 3385 3450 3458 pos-

1858 3455 1959 3532 sint
1995 3471 2030 3532 εΔ
2055 3456 2282 3532 periculo
2314 3455 2522 3532 liberari
2540 3472 2558 3522 ;
2586 3455 2763 3510 verum
2794 3455 2879 3511 ubi
2925 3469 2971 3512 et
3001 3455 3442 3532 hoc'oc'cluditur,

1859 3525 1923 3580 de
1939 3525 2118 3596 salute
2145 3527 2351 3578 omnino
2381 3526 2698 3596 desperatur.

1928 3594 2281 3670 dPleniorem
2330 3594 2661 3670 intellectum
2680 3597 2892 3670 __ret_idit
2936 3599 3142 3670 integra
3191 3603 3438 3670 Apostoli

1853 3665 2154 3739 sententia,
2190 3682 2308 3739 qua;
2351 3668 2430 3739 sic
2461 3667 2624 3720 habet
2669 3667 2734 3737 (ll
2767 3666 2886 3739 Cor.
2917 3669 3013 3739 vn)
3043 3665 3070 3724 τ’
3091 3671 3202 3722 Etsi
3241 3665 3440 3726 'contri-

1855 3739 1988 3811 stari
2009 3754 2093 3792 vos
2137 3738 2190 3811 in
2219 3737 2704 3811 epistolapnonme
2737 3737 3057 3811 paenitet;'et
3085 3742 3130 3793 si
3157 3741 3443 3811 paeniteret,

1854 3809 2030 3862 videns
2050 3809 2187 3876 quod
2222 3806 2438 3879 epistola
2464 3807 2558 3858 illa
2591 3806 2705 3879 (etsi
2735 3807 2802 3858 ad
2835 3807 3038 3879 noram)
3066 3806 3444 3865 ttos'contristaé

1855 3881 1946 3946 vit;
1973 3894 2107 3930 nunc
2133 3877 2362 3950 gaudeo,
2401 3893 2505 3950 non
2535 3877 2655 3943 quia
2702 3877 2985 3950 contristati
3019 3877 3167 3946 estis,
3211 3883 3299 3934 sed
3323 3886 3446 3950 quia

1853 3944 2155 4003 contristati
2183 3949 2248 4000 ad
2278 3947 2646 4015 panitentiam.
2707 3944 3005 4001 Cantristnti
3037 3944 3170 4004 enim
3202 3944 3442 4009 estis'se-

1855 4017 2301 4092 cundumDeum,
2330 4027 2382 4070 ut
2427 4018 2480 4070 in
2507 4018 2652 4092 nullo
2679 4018 3036 4092 detrineulum
3069 4026 3340 4092 patiamini
3381 4044 3444 4080 ea:

1853 4091 2018 4165 nobis.
2063 4091 2190 4165 Qum
2219 4089 2353 4165 enim
2385 4089 2664 4165 secundum
2705 4087 2870 4141 Deum
2911 4087 3118 4144 tristitia
3150 4107 3241 4154 est,
3276 4099 3436 4165 poeni-

1852 4163 2064 4216 tentiam
2109 4163 2160 4213 in
2206 4161 2425 4212 salutem
2469 4160 2702 4214 stabilem
2747 4174 3016 4231 aperatur;
3061 4165 3234 4218 steculi
3270 4160 3443 4221 autem

1854 4234 2062 4284 tristitia
2093 4239 2306 4283 mortem
2349 4243 2610 4299 operatur.
2659 4231 2758 4286 Ulli
2793 4246 2887 4299 per
2924 4235 3218 4289 antithesin
3277 4247 3329 4289 et
3375 4254 3441 4294 ex

1852 4302 2118 4374 diametro
2155 4303 2448 4374 opponitur
2476 4310 2531 4355 et
2558 4301 2908 4374 distinguitur
2948 4306 3145 4374 duplex
3180 4309 3395 4362 tristitia
3423 4327 3438 4374 ;

1853 4375 2020 4447 altera
2058 4373 2237 4447 bona,
2269 4373 2438 4447 altera
2471 4373 2645 4447 mala;
2685 4375 2853 4427 altera
2898 4373 3200 4430 secundum
3252 4373 3440 4447 licunt,

1852 4445 2025 4498 altera
2055 4444 2215 4510 hujus
2246 4444 2461 4507 saeculi;
2498 4446 2586 4496 illa
2610 4453 2828 4498 aeterna!
2858 4448 3068 4513 salutis,
3106 4449 3221 4502 haec
3247 4444 3439 4506 mortis

1854 4517 2154 4586 Operatrix.
2202 4513 2350 4586 Hanc
2381 4514 2446 4569 D.
2487 4515 2793 4569 Bernardns
2824 4516 3022 4586 (Serm.
3054 4521 3145 4582 Η,
3189 4521 3250 4574 de
3288 4523 3442 4576 modo

1859 4583 2435 4651 vivendi)srecularem,
2461 4583 3117 4654 illamvocatspiritalem.
3145 4592 3216 4645 De
3240 4602 3441 4647 utrius-

1851 4669 1954 4724 que
1982 4670 2110 4709 vero
2134 4655 2342 4711 ratione
2367 4666 2423 4710 et
2453 4658 2659 4724 origine
2689 4657 2804 4711 hzrc
2833 4659 2992 4713 habet
3028 4660 3090 4713 Ι).
3117 4661 3355 4718 Thmuas
3387 4665 3440 4719 in

1846 4727 2243 4800 commentario
2282 4745 2293 4779 :
2330 4727 2633 4794 Sciendu-n,
2693 4729 2884 4797 inquit,
2932 4733 3066 4800 quod
3125 4734 3333 4788 tristitia
3389 4745 3439 4790 et

1844 4799 2118 4870 gaudium,
2147 4807 2190 4851 et
2219 4800 2560 4851 communiter
2591 4803 2755 4852 omnis
2789 4799 3013 4870 affectio,
3035 4818 3098 4855 ex
3118 4820 3292 4858 amore
3317 4823 3441 4859 can-

1845 4881 2006 4945 satur.
2059 4868 2314 4922 Tristatur
2344 4870 2477 4921 enim
2507 4871 2640 4937 quis,
2673 4873 2794 4945 quia
2845 4885 2978 4926 caret
3002 4868 3078 4926 eo
3108 4876 3245 4945 quod
3277 4888 3436 4930 amat.

1849 4939 2030 5007 Qualis
2078 4948 2247 4992 autem
2283 4947 2358 4991 est
2397 4954 2562 5002 amor,
2613 4942 2732 4993 talis
2783 4952 2855 4996 est
2907 4939 3130 4997 tristitia'
3165 4963 3228 4998 ea:
3264 4963 3440 5000 amore

1845 5020 2079 5085 c_ausata.
2123 5008 2434 5085 Est_autem
2473 5008 2868 5085 duplexamor,
2910 5031 3043 5067 unus
3069 5031 3169 5082 quo
3198 5018 3438 5085 diligitur

1844 5079 2006 5154 ρεαδ,
2047 5085 2194 5154 eteo:
2222 5075 2321 5130 hoc
2359 5075 2599 5130 causatur
2626 5081 2854 5145 tristitia,
2896 5099 3012 5154 qua
3038 5075 3112 5137 est
3159 5075 3439 5142 securidum

1846 5149 2032 5203 Deum.
2083 5148 2230 5200 Alius
2271 5162 2418 5199 amor
2457 5163 2556 5217 quo
2595 5158 2799 5203 amatur
2843 5148 3107 5217 saeculum,
3160 5166 3209 5209 et
3249 5171 3312 5210 ea:
3342 5158 3438 5211 hoc

1848 5230 2089 5294 causatur
2136 5218 2542 5294 tristitia__l_tujus
2597 5222 2998 5294 seculi._Amor
3025 5241 3128 5294 quo
3171 5227 3438 5294 diligimus

1848 5241 2088 5274 causatur
2136 5241 2342 5272 trtuma
2386 5241 2542 5289 Hujus
2597 5241 2796 5274 swcuu.
2842 5241 2998 5276 amor
3064 5241 3128 5277 uo
3171 5241 3438 5294 attigimus

1847 5290 2032 5351 Deum.
2049 5293 2052 5297 ’
2068 5289 2192 5362 facit
2213 5306 2314 5362 nos
2349 5287 2573 5362 libenter_
2585 5290 2774 5344 servire
2794 5290 2926 5358 Deo,
2967 5241 3188 5349 scilicite
3211 5313 3438 5362 qua'rere

1848 5364 2092 5438 honorem
2123 5360 2241 5438 Dei,
2264 5373 2308 5416 et
2334 5377 2514 5416 vacare
2539 5360 2646 5438 Deo
2674 5362 2894 5438 dulciter
2919 5380 2939 5418 :
2965 5373 3014 5418 et
3042 5366 3172 5438 quia
3187 5360 3278 5436 per
3318 5384 3438 5438 pec.

1847 5446 2018 5488 catum
2051 5435 2359 5505 impedimur
2384 5449 2416 5485 a
2441 5429 2790 5505 servitiaDei,
2825 5435 2941 5488 ideo
2967 5429 3111 5487 amor
3134 5429 3233 5490 Βὲὶ
3259 5429 3437 5494 causat

1850 5501 2208 5560 tristitiam'de
2261 5514 2496 5576 peccato,
2543 5515 2595 5558 et
2636 5501 2753 5576 [ttae
2795 5517 2870 5576 est
2897 5505 3108 5559 tristitia
3155 5513 3437 5567 secundum

1848 5577 2036 5648 Deum.
2087 5576 2210 5630 llaec
2242 5573 2299 5630 S.
2333 5576 2590 5634 Thomas.
2625 5573 2790 5631 lliide
2830 5575 2893 5632 S.
2924 5576 3123 5648 August
3178 5579 3240 5634 de
3283 5583 3433 5640 Civit.

1849 5647 1944 5701 Dei
1974 5648 2064 5701 lib.
2091 5661 2202 5712 xtv,
2229 5664 2275 5700 c.
2303 5648 2384 5718 7.)

1926 5726 1949 5754 °
1972 5719 2256 5788 Stabilem,
2279 5721 2664 5794 ἀμετακίνητον,
2692 5721 2745 5777 id
2769 5731 2878 5790 est,
2899 5724 3084 5795 fixam,
3107 5736 3163 5781 et
3183 5724 3441 5780 immobi-
