4016 6202
570 316 674 381 559

1888 308 2170 369 JOANNIS
2207 304 2516 367 CASSIANI

3759 310 3850 369 330

574 434 824 492 stabilem
864 438 1143 502 operatur,
1178 425 1440 485 obediens
1481 434 1585 493 est,
1618 424 1876 492 aﬂ‘abilis,
1909 427 2151 493 humilis,
2184 434 2237 495 Α
2263 426 2512 491 nitentia,
2544 424 2632 480 vel
2660 440 2759 495 pro
2788 424 2968 480 studio
2990 422 3362 496 perfectionis,
3394 425 3476 481 vel
3504 440 3613 496 pro
3641 426 3847 483 deside-

575 534 886 593 mansueta,
932 524 1139 591 suavis,
1168 539 1229 578 ac
1255 522 1487 593 patiens,
1520 530 1708 591 utpote
1747 535 1818 575 ex
1860 519 1951 574 Dei
1985 519 2165 574 chari-

580 630 692 677 tate
718 618 1078 686 descendens,
1121 626 1176 673 et
1201 618 1266 672 ad
1296 630 1511 671 onmem
1542 614 1793 670 dolorem
1830 612 2078 682 corporis
2103 626 2166 665 ac

581 714 807 785 spiritus
834 712 1219 768 contritionem
1257 707 1666 779 infatigabiliter
1692 705 2041 773 semetipsam
2066 702 2164 757 de-

579 806 782 863 siderio
807 803 1152 876 perfectionis
1178 800 1500 868 extendens,
1535 808 1592 855 et
1612 795 2013 869 quodammodo
2042 795 2165 849 lana

580 916 643 956 ac
684 915 781 970 spe
807 898 1086 969 profectus
1123 899 1204 951 sui
1238 904 1503 966 vegetata,
1536 904 1783 949 etinctam
1834 890 2168 945 allabilitatis

581 1004 634 1049 et
663 989 1087 1063 longanitnitatis
1132 989 1329 1043 retinet
1358 986 1704 1051 suavitatem,
1738 985 1948 1040 habens
1982 985 2035 1038 in
2083 997 2169 1039 se-

583 1084 811 1152 metipsa
841 1096 1031 1137 omnes
1059 1080 1262 1135 fructus
1293 1077 1527 1148 Spiritus
1557 1076 1751 1142 sancti,
1785 1090 1922 1147 quos
1944 1089 2170 1130 enume-

541 1154 546 1162 ‘
584 1187 668 1231 rat
699 1176 838 1230 idem
868 1172 1161 1244 Apostolus
1191 1188 1205 1225 :
1230 1170 1458 1224 Fructus
1484 1180 1655 1223 autem
1683 1169 1909 1241 Spiritus
1937 1178 2009 1223 est
2050 1170 2173 1223 cha-

585 1269 735 1332 ritas,
778 1267 1048 1339 gaudium,
1082 1279 1205 1334 pax,
1240 1262 1625 1332 longanimitas,
1671 1261 1889 1328 bonitas,
1938 1260 2171 1332 benigni-

587 1370 688 1425 tas,
716 1360 865 1429 fides,
907 1356 1269 1421 mansuetudo,
1300 1356 1615 1409 continentia
1652 1353 1847 1427 (Calai.
1878 1353 1998 1423 vn).
2049 1352 2175 1407 Hinc

588 1468 721 1508 vero
763 1451 1083 1520 asperrima,
1116 1448 1427 1518 impatiens,
1457 1447 1615 1513 dura,
1662 1448 1817 1517 plena
1850 1460 2077 1501 rancore
2122 1455 2174 1499 et

591 1558 829 1600 maerore
860 1542 1215 1603 infrttctuoso,
1262 1556 1325 1595 ac
1371 1539 1750 1607 desuerationc
1788 1539 2012 1609 poenali,
2053 1554 2175 1592 eutn

589 1654 747 1708 quem
790 1635 1073 1705 complexa
1109 1634 1271 1689 fuerit
1302 1635 1370 1687 ab
1400 1634 1663 1689 industria
1714 1649 1777 1687 ac
1828 1632 2049 1687 salutari
2081 1631 2179 1686 do-

592 1730 708 1783 lore
749 1728 1007 1797 frangens
1053 1741 1118 1780 ac
1163 1740 1447 1786 reVocans,
1481 1734 1667 1793 utpote
1714 1724 2095 1778 irrationabilis
2126 1734 2180 1779 et

2268 519 2353 574 rio
2382 518 2675 585 suscipitur
2710 517 3035 583 futurorum,
3056 527 3079 553 η
3107 520 3290 572 omnis
3333 518 3549 573 tristitia
3583 529 3843 589 tamquam

2268 608 2480 674 saculi,
2499 618 2555 663 et
2581 624 2702 677 quae.
2731 619 2960 664 mortem
2990 609 3208 673 inferat,
3240 608 3517 680 aequaliter
3545 609 3842 679 repellenda

2268 710 2374 767 est,
2404 715 2466 754 ac
2490 700 2632 755 sicut
2658 701 3030 757 fornicationis
3072 703 3314 772 spiritus,
3352 702 3437 757 vel
3482 702 3843 774 pbilargyrize,

2269 793 2356 848 vel
2385 794 2502 859 iraa,
2531 794 2599 849 de
2627 794 2828 849 nostris
2857 794 3113 849 cordibus
3140 797 3355 863 penitus
3387 794 3756 849 extrudenda.

2874 906 3103 964 CAPUT
3150 905 3291 963 XIII.

2273 1000 2521 1057 Remedia
2547 1001 2731 1072 quibus
2761 1001 3029 1054 tristitiam
3051 1001 3114 1054 de
3138 1002 3382 1083 cordibus
3405 1001 3596 1056 nostris
3627 1003 3851 1057 extermi-

2863 1088 2985 1125 nare
3011 1088 3283 1143 ροδδιηωε.

2348 1167 2499 1221 Hanc
2522 1181 2657 1237 ergo
2683 1164 3203 1237 perniciosissimam
3228 1164 3531 1234 passionem
3558 1166 3638 1219 ita
3672 1164 3739 1220 de
3768 1179 3853 1220 no-

2279 1260 2360 1315 bis
2405 1260 2678 1329 expellere
2711 1258 3026 1327 poterimus,
3060 1267 3119 1312 ut
3161 1268 3395 1313 mentem
3428 1268 3678 1315 nostram
3710 1260 3856 1328 spiri-

2280 1353 2371 1408 tali
2398 1352 2749 1408 ineditatiOne
2768 1352 2968 1423 iugiter
2988 1360 3304 1421 occupatam
3331 1351 3511 1406 t‘utura
3535 1367 3639 1420 spe
3670 1361 3726 1407 et
3745 1367 3856 1406 cott-

2282 1448 2628 1517 templatione
2657 1448 3003 1515 repromissm
3038 1446 3392 1501 beatitudinis
3427 1446 3732 1517 erigamus.
3762 1447 3858 1500 lluc

2280 1543 2424 1596 enim
2458 1540 2618 1595 modo
2641 1540 2665 1579 δ
2694 1539 2943 1595 universa
2979 1540 3316 1595 tristitiarum
3342 1556 3564 1610 genera,
3596 1542 3733 1605 sive,
3755 1556 3860 1610 qua:

2282 1650 2346 1689 ex
2393 1634 2723 1703 prmcedenti
2757 1636 2836 1688 ira
2866 1634 3226 1699 descendunt,
3272 1636 3385 1689 sive
3428 1651 3549 1704 qua:
3582 1634 3861 1688 amissione

2286 1726 2445 1790 lucri,
2478 1726 2560 1781 vel
2589 1726 2900 1781 detrimenti
2932 1727 3169 1780 illationc
3216 1727 3369 1782 nobis
3400 1727 3722 1792 adveniunt,
3757 1727 3856 1780 sive

596 1819 948 1887 intercipiens
974 1832 1083 1873 non
1113 1817 1287 1872 solum
1313 1817 1621 1871 orationum
1648 1815 1967 1881 eflicaciam,
1992 1831 2177 1871 verum
2210 1819 2257 1879 Β
2284 1816 2349 1871 de
2369 1820 2603 1885 irrogata
2632 1826 2962 1887 generantur
3007 1817 3227 1887 injuria,
3257 1818 3371 1872 sive
3397 1834 3517 1887 qtne
3545 1821 3617 1873 de
3660 1820 3856 1873 irratio-

594 1912 760 1966 etiam
785 1913 1092 1976 universos,
1124 1923 1262 1978 quos
1287 1907 1658 1976 prmdiximus,
1680 1909 1883 1964 fructus
1909 1908 2181 1980 spiritales

595 2015 886 2066 evacuans,
920 2014 1057 2069 quos
1076 1999 1226 2055 novit
1254 1999 1344 2052 illa
1374 1998 1643 2053 conferre.

1194 2112 1421 2169 CAPUT
1459 2111 1577 2167 XII.

603 2210 755 2280 Quod
786 2210 974 2280 absque
1010 2209 1103 2263 illa
1130 2207 1353 2262 salutari
1392 2205 1628 2280 tristitia,
1675 2221 1790 2271 qua:
1815 2204 1973 2280 tribus
2012 2206 2179 2280 modis

666 2278 957 2405 gettderatur,
1011 2280 1177 2335 omnis
1228 2278 1437 2333 tristitia
1489 2286 1750 2346 tamquam
1803 2278 1961 2331 noxia
2008 2278 2177 2347 repel-

688 2370 747 2407 en
788 2371 819 2407 a
846 2362 935 2407 sit.

668 2466 1014 2535 Quapropter
1040 2463 1244 2533 absque
1274 2462 1368 2516 illa
1399 2477 1519 2531 qua:
1558 2461 1644 2518 vel
1673 2476 1772 2532 pro
1811 2463 2036 2519 salutari
2070 2480 2183 2534 pte-

2291 1908 2455 1965 nabili
2488 1910 2685 1964 mentis
2714 1910 3032 1965 confusione
3062 1909 3378 1978 procedunt,
3417 1925 3513 1965 seu
3546 1927 3671 1981 qua:
3702 1912 3858 1965 letha-

2286 2001 2393 2057 lem
2422 2001 2855 2071 desperationem
2886 2002 3041 2057 nobis
3074 2002 3356 2068 inducunt,
3385 2003 3695 2058 valebimus
3723 2019 3860 2073 supe-

2286 2110 2433 2164 rare,
2476 2110 2598 2149 cum
2630 2103 2960 2151 mternarum
3002 2110 3185 2150 rerum
3230 2112 3293 2151 ac
3332 2096 3643 2152 futurarum
3684 2096 3857 2151 intuitu

2289 2202 2509 2257 semper
2538 2188 2668 2255 laeti,
2702 2200 2864 2261 atque
2909 2190 3219 2246 immobiles
3249 2192 3635 2262 perdurantes,
3670 2209 3764 2248 nec
3787 2208 3860 2246 ea-

2293 2279 2443 2335 sibns
2474 2280 2670 2351 deiecti
2719 2284 3102 2351 praesentibus,
3151 2300 3251 2339 nec
3300 2289 3581 2356 prosperis
3624 2286 3856 2341 fuerimus

2290 2377 2442 2442 elati,
2477 2386 2707 2447 utraque
2732 2379 2879 2434 velut
2908 2379 3111 2434 caduca
3144 2389 3199 2435 et
3231 2396 3352 2435 mox
3387 2382 3726 2438 transeuntia
3747 2396 3860 2435 con-

2292 2469 2638 2538 tcmplantes.

1656 2576 1916 2631 ALARDI
1957 2577 2184 2635 GAZAZI
2228 2582 2801 2639 COMMENTARIUS.

597 2675 726 2740 lem,
756 2687 851 2727 seu
876 2680 1209 2742 perpetuam.
1247 2670 1351 2745 Alii
1384 2670 1600 2745 codices
1627 2670 1812 2745 legunt
1841 2673 2177 2745 ἀμεταμέλη-

597 2765 703 2809 τον,
734 2745 833 2798 hoc
864 2755 968 2810 est,
1002 2759 1110 2797 non
1144 2742 1527 2809 ptenitendam,
1560 2742 1673 2813 sive
1702 2743 1856 2811 cujus
1876 2742 2177 2813 numquam

599 2816 877 2883 pmoiteat.
917 2813 1012 2870 Ubi
1044 2814 1263 2881 pulchra
1301 2813 1589 2867 antithesis
1618 2812 1761 2867 inter
1796 2812 2170 2875 paenitentiam

598 2898 651 2941 et
673 2885 1141 2957 imptenitentiam,
1166 2899 1339 2953 eoque
1361 2884 1683 2954 elegantior,
1709 2885 1851 2954 quod
1871 2888 2179 2957 μεταμέλεια

600 2957 770 3027 pariat
783 2956 1173 3027 -ἁμιταμέλειανο

677 3027 782 3080 αι).
831 3024 1063 3080 Basilius
1112 3027 1162 3079 iit
1202 3025 1422 3094 [tegnlis
1465 3024 1802 3081 brevioribus
1848 3038 2042 3095 quast.
2076 3029 2180 3084 192

599 3097 796 3167 quaerit
821 3116 834 3152 :
870 3098 995 3162 Qttte
1024 3106 1096 3150 est
1126 3098 1334 3169 tristitia
1361 3097 1639 3150 secundum
1672 3095 1857 3169 Qeum,
1885 3110 1932 3152 et
1959 3116 2075 3169 qua:
2097 3116 2177 3153 se.

602 3169 827 3223 cundum
868 3168 1154 3222 siccatum?
1189 3168 1253 3220 Et
1298 3171 1588 3234 respondet
1623 3185 1635 3219 :
1677 3168 1977 3222 Secundum
2015 3169 2181 3223 Deum

602 3239 811 3293 tristitia
837 3249 931 3303 est,
958 3254 1071 3291 cum
1100 3254 1191 3308 pro
1221 3239 1459 3307 neglectis
1482 3238 1739 3291 mandatis
1766 3242 1845 3292 vel
1874 3243 2181 3305 prmarica-

602 3312 737 3364 tione
767 3311 1051 3372 tristamur,
1077 3311 1357 3362 secundum
1390 3310 1528 3376 quod
1564 3310 1813 3371 scriptum
1842 3319 1917 3364 est
1948 3327 1964 3365 :
1997 3310 2184 3365 Tristi-

2288 2684 2447 2753 tuatn.
2483 2676 2677 2753 δαίεζαὶ
2699 2687 2871 2753 autem
2904 2680 3114 2753 tristitia
3140 2690 3235 2753 est,
3262 2698 3377 2735 cum
3403 2680 3465 2735 ob
3489 2683 3690 2753 aliquid
3711 2683 3770 2735 de
3795 2696 3856 2753 re-

2283 2745 2375 2800 bus
2409 2747 2665 2815 Immanis,
2710 2750 2788 2803 uel
2825 2766 2939 2818 qua:
2983 2752 3049 2805 ad
3081 2752 3327 2807 steculum
3356 2745 3643 2824 pertinent,
3685 2752 3849 2807 contri-

2284 2828 2506 2872 stamur.

2354 2887 2381 2926 δ
2406 2889 2630 2958 Species
2662 2891 2894 2946 tristitia:
2932 2894 3144 2948 vitiosa:
3185 2896 3364 2949 varias
3394 2910 3462 2950 ex
3511 2897 3679 2952 variis
3703 2893 3855 2949 causis

2282 2974 2449 3035 supra
2484 2964 2799 3035 memoratis
2828 2964 3034 3032 colligit
3061 2974 3116 3019 et
3137 2974 3413 3031 recenset;
3446 2983 3587 3035 quas
3614 2979 3788 3022 tamen
3808 2962 3858 3016 ad

2282 3031 2391 3107 duo
2419 3032 2620 3107 capita,
2650 3032 2767 3107 sive
2796 3031 3016 3107 genera,
3052 3038 3332 3107 restringit
3370 3048 3422 3091 et
3454 3031 3672 3094 revocat
3700 3037 3855 3092 cullat.

2287 3101 2321 3156 5
2353 3117 2427 3178 c._
2451 3102 2539 3178 Η,
2566 3105 2660 3178 tibi
2702 3101 2820 3178 ait?
2854 3105 3103 3160 Tristitia:
3143 3101 3332 3178 gene'ra
3383 3109 3487 3162 duo
3527 3123 3650 3164 sunt
3680 3127 3697 3162 :
3725 3119 3859 3160 unum

2289 3173 2427 3239 quod
2456 3177 2534 3227 vel
2558 3175 2830 3229 iracundia
2874 3173 3161 3242 desinente,
3193 3180 3269 3233 vel
3296 3180 3357 3233 de
3399 3181 3551 3235 illato
3583 3183 3787 3234 damn).
3814 3190 3861 3227 ac

2290 3244 2547 3322 desiderio
2579 3248 2858 3322 prajpedtto
2885 3260 3184 3322 cassamque
3217 3263 3531 3322 generatur;
3573 3254 3719 3307 aliud
3746 3244 3859 3322 qugd

2292 3315 2354 3368 de
2384 3315 2731 3394 it'rationabi'li
2762 3320 2943 3372 mentis
2972 3315 3237 3375 anxietate
3275 3339 3365 3376 seu
3403 3315 3763 3394 desperatione
3790 3320 3859 3369 d6-

603 3382 673 3435 tia
716 3383 873 3436 tenuit
917 3396 994 3434 me
1023 3394 1116 3450 pro
1144 3375 1491 3449 peccatoribus
1522 3379 1987 3450 derelinquentibus
2018 3384 2180 3452 legem
2211 3375 2257 3437 C
2288 3389 2503 3439 scendit.

612 3516 3835 3543 —__——-—_—-————-———————__——_————_—

1597 3621 2071 3731 LIBER
2159 3624 2877 3735 DECIMUS.

1917 3786 2005 3840 DE
2035 3786 2290 3838 SPIRITU
2327 3787 2588 3839 ACEDME.

1972 3988 2199 4044 CAPUT
2239 3988 2533 4047 PRIMUM.

681 4095 709 4125 ι
736 4086 959 4145 Sestum
986 4084 1144 4141 nobis
1169 4091 1445 4140 certamen
1470 4091 1575 4150 est,
1609 4080 1754 4151 quod
1784 4080 1958 4137 Graeci
1982 4080 2190 4139 ἀκηδίαν

2307 4091 2525 4147 vocant,
2575 4096 2741 4152 quam
2786 4096 2887 4138 nos
2928 4079 3151 4137 taedium
3196 4084 3316 4136 slve
3344 4080 3676 4135 anxietatem
3709 4069 3856 4129 cordis

1682 4214 1938 4270 ALARDI
1978 4213 2213 4270 GAZ/El
2251 4217 2820 4274 COMMENTARIUS.

677 4310 1012 4367 ‘Ciaconins
1052 4324 1116 4363 ex
1157 4306 1455 4362 Vaticano:
1493 4306 1710 4361 Sextum
1758 4305 1901 4359 nobis
1932 4314 2189 4359 certamen

606 4394 681 4437 est
714 4384 953 4436 adversus
978 4396 1109 4444 eam,
1144 4395 1295 4447 quam
1330 4376 1500 4431 (ἕνωεὶ
1526 4375 1731 4436 ἁκηδίαν
1756 4386 1955 4429 vocant.
1993 4376 2192 4446 Diony-

606 4457 719 4508 sius
748 4471 762 4507 :
789 4453 1004 4508 Sextum
1032 4451 1175 4503 nobis
1207 4458 1462 4501 certamen
1491 4458 1564 4501 est
1602 4459 1779 4499 contra
1809 4448 2009 4509 vitium,
2054 4449 2191 4517 quod

608 4524 777 4577 Gra'ci
811 4523 1041 4576 acediam
1063 4530 1265 4573 vocant.
1304 4521 1470 4575 Sexto
1508 4518 1673 4587 igitur
1699 4519 1817 4571 loco
1845 4519 1898 4571 in
1930 4520 2073 4570 vitiis
2102 4534 2191 4571 ca-

607 4596 859 4664 pilalilttts
889 4592 1108 4664 pttnittll'
1138 4590 1363 4664 acedia,‘
1383 4589 1760 4664 etutristitiam
1816 4590 2187 4664 Sll‘ilseq-llillll',

606 4658 752 4731 quia,
786 4674 843 4718 ut
864 4658 997 4717 alibi
1029 4662 1320 4716 Cassianus
1347 4659 1561 4727 (Collat.
1597 4661 1649 4724 5,
1669 4676 1801 4731 Acap.
1833 4658 1920 4727 10)
1950 4678 1960 4710 ;
1996 4658 2070 4711 De
2100 4663 2192 4711 tri-

606 4718 752 4788 s'titia'
771 4736 1002 4788 acediam
1024 4748 1224 4787 necesse
1253 4740 1323 4783 est
1352 4718 1647 4799 pullulare.
1668 4718 1867 4799 De'qua
1900 4718 2073 4797 primo
2112 4732 2189 4783 vi-
2222 4718 2270 4777 D

605 4806 837 4860 demtum
870 4804 1011 4874 quod
1044 4803 1109 4857 ad
1142 4802 1406 4874 rationein
1439 4802 1691 4874 nominis;
1727 4811 1835 4852 tum
1874 4814 2023 4874 vero
2044 4802 2189 4869 qtttitl

607 4878 673 4929 ad
709 4892 818 4930 rem
850 4871 1018 4943 ipsam
1052 4874 1305 4943 pertinet.
1337 4871 1535 4926 Acedia
1561 4886 1717 4943 untctt
1747 4888 1773 4923 c
1797 4871 1961 4943 scribi
1997 4872 2180 4937 debet,

605 4962 712 5001 non
743 4940 997 5016 gemino;
1028 4940 1086 4999 ut
1123 4961 1149 4995 a
1198 4943 1380 5016 multis
1412 4942 1658 5016 imperite
1697 4940 1956 5016 scribitur
1983 4954 2031 4996 et
2062 4958 2188 5010 prn-

606 5012 805 5071 ferttt'r.
837 5018 931 5070 Est
959 5017 1101 5069 enim
1132 5014 1315 5075 ἀκηδέα
1344 5014 1660 5067 vocabulum
1691 5012 1962 5075 Grieeunt,
1998 5024 2055 5066 ut
2086 5016 2192 5067 Au-

604 5100 722 5141 ctor
748 5089 834 5143 hic
862 5087 1084 5150 intliCat,
1113 5088 1256 5155 quod
1285 5084 1476 5138 Latine
1505 5094 1665 5155 sonat
1689 5086 1952 5155 incuriam
1986 5094 2078 5137 aut
2100 5101 2200 5137 ne-

606 5162 919 5228 gligentiam
963 5156 1287 5228 quamdam;
1335 5171 1454 5228 nam
1487 5154 1634 5228 κῆδος
1661 5154 1862 5228 _Gra-ce
1893 5171 2078 5228 curam
2113 5156 2195 5209 vel

604 5225 847 5285 laborem
896 5225 1185 5297 signiﬁcat.
1234 5225 1390 5281 Unde
1428 5226 1612 5279 act-ilia
1660 5225 1851 5279 Latine
1897 5226 2116 5289 dit-itur,
2165 5248 2195 5283 η

611 5301 806 5355 (ἶνςιιοο
836 5306 915 5368 (ιιι
947 5301 1084 5353 solet
1115 5298 1256 5367 apud
1287 5297 1530 5365 Latinos)
1564 5299 1615 5351 iit
1656 5312 1687 5350 e
1717 5298 1931 5365 longum
1965 5306 2190 5349 mutato.

604 5370 741 5426 Hinc
775 5371 834 5425 fit
856 5382 914 5426 ut
936 5370 1077 5438 apud
1110 5370 1367 5438 probatos
1394 5378 1647 5422 auctores
1678 5369 1913 5421 secmnla
1940 5373 2058 5438 ejus
2082 5369 2195 5436 syl-

604 5440 726 5495 laba
759 5436 1119 5510 producatur,
1162 5450 1223 5493 ut
1269 5440 1412 5507 apud
1453 5438 1886 5510 Mantuanan
1924 5436 2031 5510 lib.
2063 5450 2099 5489 ll
2119 5438 2196 5510 de

605 5507 1013 5566 Calamitatibus
1056 5520 1379 5579 temporum,
1411 5510 1501 5563 ubi
1539 5509 1779 5563 acediam
1812 5508 1886 5562 ita
1912 5507 2155 5577 depingit
2184 5525 2195 5558 :

702 5623 784 5671 Sic
810 5624 1057 5673 hominem
1082 5622 1202 5672 falso
1222 5623 1417 5672 deludit
1441 5622 1608 5672 scedia
1622 5620 1778 5680 vultu,

704 5686 855 5744 Spem
870 5688 1119 5745 minuens,
1131 5688 1416 5745 animosque
1433 5698 1679 5744 premens,
1696 5695 2005 5744 operumque
2019 5687 2179 5732 lutura

705 5745 910 5807 frtetnia
929 5747 1188 5807 deridens;
1210 5749 1459 5794 contemni
1481 5746 1687 5807 fulmen,
1713 5754 1764 5794 et
1788 5747 1932 5805 ignes

698 5806 989 5867 Tartareos,
1010 5806 1292 5868 frustraque
1317 5807 1466 5857 docet
1487 5806 1819 5868 Phlegetonta
1846 5808 2023 5856 timeri.

2296 4308 2430 4375 Quia
2480 4318 2659 4361 tamen
2688 4332 2718 4367 η
2746 4309 2993 4363 Grtrcnm
3039 4310 3241 4380 absque
3280 4310 3579 4363 mutatione
3630 4310 3677 4363 iit
3724 4302 3857 4380 alia!“

2295 4382 2538 4433 vocalem
2570 4380 2800 4433 subinde
2828 4385 3022 4433 transit
3056 4384 3105 4433 itt
3140 4377 3435 4449 {Latinum
3470 4380 3706 4445 lottgnnt,
3742 4377 3859 4449 η’(ρῑθ

2296 4454 2457 4523 etiam
2509 4453 2754 4503 nonnulli
2804 4452 2949 4523 peri
2981 4446 3229 4505 Latinum
3283 4454 3332 4505 iit
3386 4442 3625 4505 secnndn
3677 4442 3855 4523 silli”)?

2298 4522 2600 4587 proferunt,
2629 4532 2682 4575 et
2711 4522 2953 4576 scribunt
2977 4523 3207 4576 acitliatn
3237 4539 3250 4584 ;
3284 4524 3732 4589 quentadntodnm
3758 4522 3856 4578 5p!-

2296 4593 2460 4645 ritnm
2493 4605 2740 4645 Sanctum
2778 4593 3108 4659 paraclcttttn
3140 4597 3506 4647 communiter
3532 4594 3562 4645 d
3591 4596 3767 4646 cimus,
3798 4594 3856 4630 la-

2297 4680 2419 4718 tuen
2468 4665 2627 4728 aliqui
2669 4682 2773 4716 non
2818 4665 3039 4717 omnino
3082 4666 3262 4732 inepte
3295 4663 3616 4726 paraclitnnt
3654 4668 3856 4732 protuli"

2300 4739 2453 4797 tiant,
2494 4727 2785 4801 penttltinta
2814 4736 3100 4801 producta.
3134 4727 3189 4788 ut
3223 4736 3444 4804 pulchre
3474 4727 3694 4787 disSt-rit
3718 4727 3859 4804 litat.“

2300 4792 3038 4877 cisrtis'PhizelpltnsEpist.
3084 4792 3176 4859 lib.
3225 4792 3350 4865 'xnt,
3402 4805 3559 4872 epist.
3608 4804 3698 4859 47.
3732 4792 3856 4877 Unde

2299 4878 2450 4929 rudis
2476 4886 2529 4929 et
2552 4872 2925 4941 itnprobabilis
2960 4877 3195 4931 cl'licitut'
3225 4892 3412 4930 eorum
3443 4878 3633 4942 opinio
3661 4872 3739 4942 qtti
3771 4872 3857 4942 act:

2300 4946 2443 4999 diam
2479 4932 2669 5011 putant
2697 4949 3016 5001 γοοηὺιιιυιιι
3049 4964 3171 5002 esse
3202 4947 3449 5001 thtintint
3482 4932 3777 4999 derivainm
3804 4932 3856 4981 ab

2300 5018 2509 5077 acidus,
2559 5032 2611 5081 a,
2646 5034 2755 5076 um.
2807 5024 2929 5088 quia
2970 5020 3180 5073 scilicet
3230 5020 3300 5071 ita
3355 5017 3612 5088 deprimit
3655 5015 3855 5088 animant

2303 5088 2557 5147 hominis,
2592 5080 2647 5140 ut
2678 5089 2805 5142 nihil
2827 5080 2877 5143 ei
2900 5105 3061 5153 agere
3094 5092 3298 5153 libeat;
3330 5080 3494 5142 sicuti
3519 5104 3580 5141 ea
3615 5098 3727 5155 qua:
3752 5080 3854 5130 ειιηι

2302 5159 2479 5221 acida,
2524 5158 2709 5225 frigida
2740 5170 2884 5222 sunt,
2923 5170 2978 5213 et
3020 5160 3179 5213 sicuti
3224 5160 3413 5227 frigida
3461 5174 3565 5210 non
3596 5156 3739 5210 facile
3765 5161 3858 5227 ιη’ξζ

2303 5219 2520 5289 vtitttttr,
2567 5219 2636 5282 ita
2694 5219 2977 5283 accdiosns
3028 5245 3091 5282 ex
3143 5219 3321 5283 nimia“
3359 5230 3579 5281 tristitia
3636 5219 3857 5281 torttt'S'“

2308 5300 2391 5367 (S.
2422 5298 2605 5352 Thom.
2652 5300 2776 5361 2-2,
2817 5318 2868 5370 q.
2910 5300 3076 5370 55.70.
3114 5300 3185 5369 l).
3228 5301 3489 5365 Quamvis
3521 5302 3678 5370 enirn
3703 5296 3763 5346 ita
3789 5296 3856 5370 t9:

2314 5352 2527 5432 babeat,
2568 5385 2670 5424 non
2712 5352 2888 5423 tanien
2936 5352 3059 5422 inde
3100 5352 3339 5434 sequitur
3369 5370 3600 5423 acidiam
3635 5367 3698 5421 ab
3729 5352 3856 5434 scidit

2310 5426 2567 5506 derivari,
2612 5455 2732 5495 cum
2769 5450 2826 5495 et
2868 5442 3070 5493 (irascar.
3110 5426 3465 5495 derivationis
3497 5436 3779 5493 auCturit-ts
3812 5426 3857 5475 θί

2309 5512 2534 5581 syllaba:
2565 5512 2844 5575 productio
2892 5509 3175 5563 inanichIe
3210 5520 3534 5581 repugnent.
3573 5510 3857 5581 Porroflcc‘

2310 5576 2397 5635 d'ta
2426 5583 2475 5635 in
2502 5583 2670 5635 sacris
2704 5582 2899 5635 litteris
2927 5582 3257 5647 generaliter
3274 5576 3553 5649 'signilicat
3587 5576 3853 5649 ιτίδιίιῇεξιιν

2311 5633 2553 5715 tzeditini,
2584 5633 2877 5715 torporem,
2922 5633 3272 5713 anxietatem,
3315 5633 3381 5703 u‘i'
3406 5633 3490 5705 ltie
3530 5650 3720 5704 dicitur
3749 5633 3854 5707 (Το’

2309 5724 2398 5776 let.
2450 5724 2512 5775 de
2554 5721 2763 5789 Peccat,
2805 5720 3011 5774 qurtal.
3060 5738 3106 5773 c.
3147 5721 3259 5787 58).
3284 5720 3436 5776 Untle
3479 5718 3853 5789 psaluycxﬂlb

2313 5795 2402 5850 u‘bi
2445 5791 2712 5861 legimus:
2744 5786 3044 5847 Dormitavit
3090 5793 3263 5847 anima
3295 5808 3403 5847 utea
3440 5786 3551 5865 pm
3597 5788 3770 5851 ttedio,
3810 5786 3854 5829 ιη
