4016 6202
188 188 282 244 361

828 205 912 260 DE
954 202 1431 268 C(ENOBIORUM
1470 200 1713 263 INSTIT.
1757 202 1886 260 LIB.
1932 201 1971 258 Χ
2012 232 2079 247 --
2114 202 2203 258 DE
2241 197 2511 257 SPlRlTU
2553 198 2844 255 ACEDUE.

3342 198 3456 263 362

1254 348 1509 406 ALARDI
1550 349 1783 407 GAZEI
1821 346 2390 407 COMEIENTARIUS.

164 465 365 525 Graeco
409 473 521 533 est,
570 462 659 522 ἀπ’
694 461 921 532 ἀκηδέες,
972 480 1000 519 a
1054 480 1161 536 quo
1190 464 1491 521 derivatum
1535 466 1758 523 verbum
1789 471 1842 530 Α
1866 467 1949 521 Ex
1980 468 2173 535 quibus
2188 476 2334 535 patet
2353 466 2531 537 primo
2549 465 2674 536 quid
2695 466 2767 519 sit
2788 463 2972 537 acedia
2995 462 3184 519 stricte
3210 471 3457 537 accepta,

171 537 440 602 acediari,
488 537 544 592 id
573 544 676 603 est,
717 538 875 592 taedio
920 537 1083 600 affici,
1117 539 1408 605 Scriptum
1454 538 1619 592 etiam
1650 538 1763 593 usi-

172 616 376 663 tatum.
438 608 651 664 Eccles.
706 624 757 662 v1
810 625 823 660 :
880 607 1094 678 Subjice
1149 610 1417 663 humerum
1476 621 1615 662 tuum
1674 627 1764 663 sa-

173 679 417 763 pientior;
436 689 487 734 et
513 691 672 763 porta.
687 679 859 763 illam;
888 689 934 733 et
957 680 1289 763 ne‘acedieris
1309 680 1364 734 in
1383 681 1601 763 vinculis
1628 685 1761 763 ejus.

178 752 248 806 Et
274 766 397 818 cap.
424 764 553 805 χιιι,
603 750 820 804 Discede
860 768 892 803 a
929 753 1109 815 stulto,
1140 762 1190 804 et
1235 767 1340 804 non
1379 750 1684 805 acediaberis
1713 753 1767 805 in

178 822 405 897 stultitia
421 822 554 897 ejus,
573 820 663 897 ubi
688 820 872 897 Griece
892 822 1120 897 habetur
1146 840 1157 875 :
1190 825 1277 897 καὶ
1297 823 1357 877 οὐ
1386 828 1456 890 μή
1486 821 1767 897 dimdium.-

178 898 227 947 ἓν
253 900 317 959 τῇ
344 894 553 959 ἀπονοίᾳ
575 893 745 948 αὐτοῦ.
781 892 931 959 Quod
961 908 1139 948 autem
1166 896 1232 946 ad
1277 908 1391 948 rem
1431 896 1644 959 attinet,
1675 892 1770 948 no-

180 949 400 1017 tandum
436 953 606 1031 primo
633 949 905 1027 acedizitn,
937 965 1075 1018 sicut
1112 965 1360 1033 superius
1391 962 1461 1017 de
1491 964 1572 1018 ira
1604 949 1657 1019 et
1678 965 1768 1018 tri-

179 1036 322 1088 stitia
346 1033 545 1089 dictum
573 1042 674 1099 est,
708 1033 996 1104 dupliciter
1018 1036 1180 1101 sumi,
1207 1034 1383 1102 primo
1404 1044 1463 1088 ut
1493 1034 1564 1089 sit
1592 1034 1770 1104 passio

178 1105 420 1175 quaedam
471 1105 523 1159 in
573 1104 812 1175 appetitu
865 1106 1124 1161 sensitivo
1148 1106 1285 1160 adeo
1314 1107 1550 1160 animum
1586 1105 1767 1175 oppri-

177 1170 351 1240 mens,
386 1184 442 1231 ut
484 1170 969 1247 aﬁer'a'tﬁorporem
1000 1178 1162 1233 etiam
1204 1178 1485 1239 membris,
1509 1184 1565 1231 et
1601 1170 1772 1246 negli-

175 1250 413 1317 gentiam
444 1261 539 1301 seu
566 1245 834 1301 fastidium
875 1247 1057 1317 operis
1088 1267 1098 1300 :
1124 1249 1238 1302 sive
1267 1264 1327 1304 ea
1362 1248 1580 1302 tristitia
1608 1245 1772 1303 sit'de

176 1320 324 1372 malo
344 1333 496 1383 vero,
520 1320 632 1371 sive
653 1332 967 1386 apparente.
996 1319 1061 1373 Et
1092 1320 1191 1374 hoc
1222 1319 1383 1374 modo
1407 1320 1771 1383 Damascenus

174 1389 198 1460 (
227 1388 344 1447 Lib.
389 1404 425 1443 ιι
452 1389 515 1442 de
541 1388 664 1442 Fid.
707 1405 821 1460 cap.
854 1389 957 1460 M)
1002 1391 1228 1460 primam
1265 1390 1501 1444 tristitiae
1539 1391 1770 1459 speciem

174 1463 329 1526 ponit
368 1460 630 1523 acediam,
667 1475 896 1530 eamque
925 1460 1059 1516 dicit
1091 1476 1213 1517 esse
1238 1462 1524 1522 tristitiam,
1548 1477 1663 1531 quae
1691 1472 1772 1514 ta-

170 1531 543 1594 citurnitatem,
590 1531 1032 1600 defectionemque
1072 1532 1210 1586 vocis
1237 1533 1437 1586 inducit
1465 1549 1483 1586 :
1508 1534 1661 1594 λύπη,
1691 1532 1774 1585 in-

170 1549 543 1594 ctturnuatem,
590 1549 930 1600 aefecuonem
968 1549 1032 1586 ue
1072 1549 1210 1586 υοσιε
1237 1549 1437 1586 ιηαιιειι
1465 1549 1483 1586 .'
1509 1549 1661 1594 Αῡπη,
1691 1549 1772 1585 ιιι-

170 1603 312 1672 quit,
336 1604 901 1675 ἀφωνίαν-ἐμποιοῦσα.
930 1549 1136 1670 ﬁnibus
1156 1603 1338 1675 verbis
1363 1603 1665 1675 signiﬁcare
1693 1605 1772 1655 vi-

168 1675 337 1744 detur
357 1672 425 1728 ex
449 1672 635 1744 acedia
656 1673 811 1744 sequi
833 1675 1275 1742 taciturnitatem,
1304 1672 1772 1744 del‘éctionemqne

168 1743 357 1808 vocis,
392 1743 549 1814 quod
568 1743 705 1814 adeo
734 1743 1086 1799 absorbeatur
1115 1746 1344 1809 animus.
1385 1754 1442 1802 et
1478 1743 1774 1814 occupetur

167 1814 433 1884 languida
460 1813 796 1880 delectione,
827 1828 885 1869 ut
918 1830 1101 1871 vocem
1137 1815 1455 1885 depromere
1492 1813 1762 1885 nequeat;

167 1887 273 1958 sed
306 1888 389 1958 sui
418 1886 589 1958 ipsius
634 1885 948 1941 confusione
993 1894 1049 1941 et
1093 1886 1493 1943 obnubilatione
1532 1888 1765 1958 quadam

166 1957 527 2025 impediatur,
553 1955 964 2025 detineaturque
989 1958 1328 2025 constrictus,
1358 1975 1428 2014 ne
1457 1955 1766 2015 sermonem

165 2026 322 2083 edat.
352 2032 421 2102 ᾼι
450 2027 515 2102 D.
537 2026 776 2102 Thomas
795 2028 1133 2102 subtiliusid
1163 2044 1439 2101 exponens
1464 2029 1586 2102 (12,
1611 2048 1664 2101 q.
1698 2031 1769 2085 55

170 2110 275 2153 art.
301 2097 375 2167 8)
401 2115 415 2152 :
446 2097 597 2163 Ideo,
633 2098 827 2167 inquit,
857 2101 1144 2170 specialiter
1170 2097 1349 2154 acedia
1378 2097 1570 2155 dicitur
1597 2097 1769 2155 uocem

172 2179 467 2243 amputare,
492 2170 616 2243 quia
638 2185 735 2223 vos:
758 2170 890 2224 inter
910 2184 1082 2224 omnes
1110 2174 1386 2243 exteriores
1413 2181 1581 2227 motus
1606 2174 1772 2243 magis

174 2241 418 2308 exprimit
440 2241 735 2311 interiorem
767 2251 1067 2311 conceptum
1094 2254 1143 2297 et
1179 2241 1447 2310 aﬂectum,
1476 2260 1578 2298 non
1600 2241 1770 2298 solum

172 2313 230 2366 in
259 2311 572 2382 hominibus,
598 2310 688 2366 sed
719 2314 869 2365 etiam
910 2310 964 2366 in
990 2315 1105 2367 aliis
1133 2315 1464 2382 animalibus,
1497 2323 1553 2369 ut
1580 2315 1771 2369 dicitur

176 2384 233 2436 in
259 2384 423 2454 primo
449 2381 809 2437 Politicorum.
827 2383 906 2456 ita
928 2384 987 2439 S.
1006 2386 1260 2439 Thomas.
1282 2381 1468 2456 Itaque
1491 2386 1593 2441 sub
1613 2401 1767 2453 voce,

178 2468 249 2509 ex
301 2457 671 2523 consequenti,
714 2454 1082 2524 intelliguntur
1109 2472 1297 2512 omnes
1331 2454 1511 2512 m'otus
1538 2458 1772 2513 exterio-

177 2540 290 2590 res,
324 2525 547 2598 ad‘quos
576 2525 763 2598 itidem
792 2525 1270 2598 acediahominem
1298 2530 1508 2598 pigrum
1538 2530 1773 2583 tardum-

179 2611 287 2669 que
311 2596 687 2669 redditrAlias
715 2612 844 2651 vero
868 2597 1188 2667 intelligitur
1226 2596 1435 2669 acedia,
1466 2610 1524 2655 ut
1566 2612 1647 2655 εει
1676 2601 1772 2655 tri-

182 2667 348 2730 stitia,
374 2667 666 2740 fastidium,
698 2682 793 2722 seu
823 2671 1033 2740 aversio
1060 2671 1374 2735 voluntatis,
1406 2667 1525 2727 sive
1566 2670 1773 2740 appeti-

185 2747 272 2793 tus
296 2739 595 2805 rationalis,
625 2750 680 2794 et
698 2754 818 2808 qua:
846 2739 959 2795 fere
977 2741 1261 2809 conjuncta
1292 2750 1374 2796 est
1402 2756 1524 2797 cum
1557 2739 1769 2797 tristitia

187 2810 452 2879 appetitus
492 2811 757 2865 sensitivi.
792 2810 856 2882 Et
897 2811 1002 2866 hoc
1046 2812 1206 2866 modo
1234 2814 1517 2882 accipitur,
1556 2830 1677 2868 cum
1705 2814 1772 2869 de

187 2883 417 2952 peccatis
431 2882 758 2950 capitalibus
777 2881 978 2952 agitur,
993 2882 1189 2952 quibus
1215 2884 1329 2952 ipsa
1358 2881 1769 2940 annumeratur.

187 2950 338 3007 Unde
384 2960 440 3007 et
468 2953 759 3007 Cassianus
806 2950 859 3007 in
909 2950 1315 3020 hocilibro,‘et
1354 2954 1413 3011 S.
1455 2955 1689 3011 Thomas
1716 2956 1770 3011 in

187 3023 403 3098 Summa
426 3021 503 3095 (‘2,
536 3041 588 3094 q.
622 3023 715 3090 55,
736 3040 797 3098 _a.
828 3024 886 3098 ξ,
918 3033 962 3077 et
987 3024 1079 3098 Δ5),
1113 3028 1476 3082 communiter
1501 3036 1665 3098 agunt
1705 3027 1773 3083 de

190 3095 389 3169 acedia,
417 3094 477 3149 ut
500 3103 589 3169 est
612 3096 806 3169 partim
831 3094 884 3148 in
917 3095 1212 3169 voluntate,
1239 3100 1429 3163 partim
1454 3099 1507 3154 in
1529 3094 1770 3169 appetitu

191 3167 468 3221 sensitive.
496 3164 750 3221 Secundo
786 3166 1076 3220 notandum
1104 3168 1342 3223 acediam
1376 3171 1427 3223 in
1452 3164 1769 3235 hoc's'ensu,

1796 1858 1846 1921 B

1869 546 1927 592 ut
1952 553 1979 592 a
2004 534 2371 594 Scholasticis
2406 534 2689 608 accipitur,
2736 546 2791 591 et
2832 534 2985 608 quid
3010 535 3318 608 generalius
3346 534 3461 591 'ac-

1868 620 2045 678 cepta,
2077 621 2134 664 ut
2168 611 2309 665 solet
2339 625 2368 664 a
2397 606 2647 664 Patribus
2675 608 2868 677 accipi,
2898 606 2989 676 qui
3013 606 3231 662 nomine
3255 608 3460 663 acedia:

1867 681 2172 751 intelligunt
2194 680 2410 735 taedium
2434 697 2497 736 ac
2521 692 2790 750 torporem
2812 679 2976 733 animi
3006 679 3058 751 in
3083 680 3186 751 piis
3203 680 3462 751 operibus

1866 749 2210 823 exercendis,
2238 753 2379 823 quod
2407 752 2625 819 quidem
2668 751 2887 823 taedium
2917 764 2983 803 ex
3013 749 3462 823 delecto_amoris

1867 822 2033 877 divini
2073 832 2127 878 et
2168 818 2345 892 gaudii
2395 818 2539 878 illius
2583 821 2877 892 spiritualis
2917 821 3184 892 nascitur.
3207 818 3364 875 Unde
3389 820 3457 876 D.

1868 890 2203 963 Gregoriusl
2226 893 2292 948 In
2322 895 2336 947 l
2364 892 2492 963 Reg.
2526 890 2665 948 tibi!
2695 910 2741 945 c.
2768 891 2873 961 14)
2901 906 3018 944 eam
3046 890 3118 945 ita
3154 891 3413 963 describit
3443 910 3458 947 :

1870 912 2161 961 bregortus
2185 912 2200 963 ι
2226 912 2292 948 ιη
2322 912 2336 947 ι
2364 912 2438 947 rte
2479 936 2492 948 .
2526 912 2614 948 uo.
2648 912 2665 947 ι
2695 912 2741 945 c.
2768 912 2873 961 ιιι)
2901 912 3018 944 eam
3046 912 3118 945 ua
3154 912 3413 945 uescrtntt
3443 912 3458 947 :

1870 964 2061 1017 Acedia
2092 977 2166 1019 est
2194 966 2257 1018 de
2278 912 2533 1019 laudagili
2554 966 2801 1019 t'irtutum
2826 963 3068 1016 exercitio
3089 962 3354 1031 utriusque
3372 960 3462 1014 ho-

1868 1036 2295 1110 tm'nisﬁlangut'da
2316 1038 2555 1110 dejectio.
2590 1034 2894 1110 Utriusque
2932 1032 3193 1110 hominis,
3223 1032 3457 1110 scilicet,

1870 1102 2224 1162 interioris'et
2243 1102 2559 1174 exterioris,
2593 1107 2645 1160 id
2673 1118 2776 1170 est,
2798 1102 2973 1159 animi
2999 1114 3054 1158 et
3082 1103 3349 1172 corporis.
3389 1102 3464 1160 Et

1871 1177 1934 1230 D.
1963 1178 2265 1233 Beruardus
2291 1195 2304 1232 ε
2336 1178 2529 1232 Acedia
2548 1189 2621 1233 est
2647 1187 2823 1244 torpor
2843 1175 3026 1228 mentis
3056 1174 3187 1228 bona
3209 1176 3463 1245 negligen-

1871 1248 1936 1301 tis
1960 1249 2225 1313 inchoare,
2255 1258 2344 1303 aut
2366 1250 2603 1303 inchoata
2627 1249 2888 1319 perﬁcere.
2913 1246 3163 1319 Secundo
3186 1246 3463 1319 colligitur

1872 1331 2152 1387 peccatum
2184 1321 2386 1375 acedia!
2425 1317 2753 1375 contrarium
2793 1334 2913 1373 esse
2938 1317 3122 1371 virtuti
3155 1317 3460 1371 charitatis.

1872 1390 2001 1444 Nam
2035 1393 2240 1446 directe
2266 1392 2560 1461 opponitur
2584 1391 2779 1462 gaudio
2810 1388 3079 1462 spirituaii
3119 1387 3189 1441 de
3212 1387 3464 1462 benedi-

1872 1462 2017 1527 vino,
2045 1476 2102 1516 ut
2127 1478 2157 1516 a
2176 1459 2661 1530 nobisﬁpossidet'ur
2690 1460 3089 1531 quodammodo
3114 1474 3211 1528 per
3232 1459 3461 1529 gratiam

1872 1540 1926 1605 et
1950 1549 2119 1605 spem,
2151 1534 2293 1605 quod
2332 1529 2583 1605 gaudium
2615 1529 2879 1587 est'actus
2908 1529 3207 1605 eteﬂ‘ectus
3227 1531 3463 1605 chariiag

1871 1603 1962 1658 tis.
1981 1599 1992 1602 “
2010 1599 2476 1674 υιιόθἈιιθεῖοιιις
2504 1604 2571 1659 ad
2622 1606 2779 1658 Rom.
2808 1618 2898 1657 x1v
2943 1603 3096 1674 dicit,
3124 1617 3336 1672 regnum
3363 1599 3464 1657 Dei

1872 1691 1980 1729 esse
2007 1672 2260 1746 gaudium
2301 1679 2356 1730 in
2405 1676 2609 1746 Spiritu
2637 1684 2833 1730 sancto.
2864 1675 2930 1746 Et
2956 1673 3030 1746 ad
3052 1672 3272 1728 Galatas
3298 1688 3330 1746 v
3356 1687 3463 1746 nu:

1874 1743 2048 1801 merat
2070 1748 2207 1801 istud
2232 1743 2484 1815 gaudium
2508 1748 2647 1803 inter
2666 1748 2868 1801 fructus
2890 1744 3129 1812 Spiritus
3154 1744 3349 1809 sancti,
3372 1743 3464 1813 qui

1877 1817 2087 1873 scilicet
2113 1834 2179 1873 ex
2212 1820 2477 1874 charitate
2504 1820 2794 1887 prodeunt.
2826 1817 3013 1887 Tertio
3036 1815 3298 1887 sequitur
3337 1829 3467 1887 pec-

1872 1897 2050 1943 catum
2082 1890 2219 1943 istud
2249 1904 2314 1943 ex
2343 1884 2541 1960 genere
2584 1906 2684 1944 suo
2707 1903 2828 1944 esse
2859 1884 3219 1960 mortiferum,
3247 1884 3467 1960 n_isi_ve-

1872 1960 2014 2014 niale
2034 1960 2128 2013 tiat
2146 1962 2215 2014 ob
2246 1956 2711 2029 imperfectionem
2740 1969 2895 2014 actus
2918 1973 3033 2029 non
3072 1959 3230 2029 plene
3243 1956 3468 2029 delibe-

1872 2029 1976 2084 rati
2000 2049 2012 2083 :
2045 2046 2147 2100 qua
2175 2032 2242 2086 de
2270 2025 2424 2086 reita
2450 2046 2638 2087 rursus
2664 2031 2728 2084 D.
2756 2029 2992 2084 Thomas
3015 2027 3165 2098 (Art.
3193 2025 3262 2098 5)
3289 2045 3300 2079 ;
3333 2027 3469 2100 Pec-

1874 2111 2047 2155 catum
2067 2099 2291 2156 mortale
2320 2103 2533 2168 dicitur,
2556 2104 2695 2172 quod
2740 2100 3065 2166 spiritualem
3094 2100 3262 2172 _oitam
3304 2099 3465 2172 tollit,

1908 2189 1987 2227 uta
2005 2182 2080 2228 est
2111 2190 2200 2243 per
2227 2167 2547 2238 cltaritatem,
2570 2167 2871 2226 secundum
2899 2186 3053 2241 quam
3083 2167 3223 2222 Deus
3253 2184 3347 2221 nos
3380 2170 3468 2223 in-

1911 2244 2091 2299 abitat.
2121 2243 2269 2299 Unde
2290 2245 2425 2298 illud
2457 2255 2721 2308 peccatum
2749 2258 2811 2296 ea:
2840 2258 2936 2295 suo
2964 2256 3149 2311 genere
3178 2249 3253 2292 est
3284 2255 3468 2308 pecca-

1876 2324 1985 2368 tum
2011 2318 2251 2381 mortale,
2283 2318 2421 2381 quod
2448 2317 2511 2369 de
2531 2332 2584 2368 se
2611 2315 2889 2367 secundum
2920 2311 3191 2383 prapriam
3216 2311 3470 2363 rationem

1874 2388 2217 2459 contrariatur
2266 2386 2531 2459 charitati.
2560 2385 2883 2459 Hujusmodi
2928 2392 3113 2459 autem
3149 2388 3224 2436 est
3257 2383 3467 2459 acedia.

1876 2456 2020 2510 Nam
2038 2460 2279 2529 proprius
2307 2457 2521 2527 effectus
2557 2452 2826 2510 cha'ritatis
2855 2463 2928 2529 est
2956 2453 3205 2529 gaudium
3233 2454 3298 2506 de
3318 2452 3469 2520 Deo;

1874 2525 2053 2583 acedia
2072 2525 2239 2583 autem
2260 2539 2335 2584 est
2351 2525 2568 2583 tristitia
2589 2530 2651 2583 de
2682 2530 2812 2581 bono
2837 2525 3120 2595 spirituali,
3138 2526 3195 2578 in
3221 2536 3473 2595 quantum

1875 2611 1948 2653 est
1980 2601 2167 2653 bonum
2195 2601 2443 2653 divinum.
2467 2599 2617 2654 Unde
2636 2599 2921 2653 secundum
2940 2612 3092 2651 suum
3112 2612 3271 2666 genus
3291 2599 3471 2651 acedia

1878 2681 1953 2724 est
1981 2682 2247 2741 peccatum
2274 2674 2522 2736 mortale;
2549 2673 2638 2724 sed
2666 2669 3098 2722 considerandum
3125 2678 3199 2721 est
3227 2668 3282 2721 in
3306 2670 3475 2741 omni-

1876 2743 1967 2794 bus
1982 2738 2231 2808 peccatis,
2253 2758 2369 2809 qua:
2395 2752 2514 2795 sunt
2541 2741 2820 2794 secundum
2848 2754 2997 2791 suum
3019 2754 3177 2808 genus
3202 2738 3472 2804 mortalia,

1875 2814 2015 2881 quod
2036 2829 2138 2865 non
2162 2821 2280 2866 sunt
2302 2813 2563 2873 mortalia,
2585 2813 2684 2864 nisi
2708 2811 2915 2880 quando
2936 2826 3084 2882 suam
3112 2812 3475 2882 perfectionem

1874 2894 2278 2953 consequuntur.
2328 2882 2426 2936 Est
2450 2884 2586 2936 enim
2622 2881 2993 2953 consummatio
3022 2883 3215 2950 peccati
3257 2883 3312 2935 in
3351 2898 3476 2937 con-

1874 2951 2294 3007 sensu'rationis.
2332 2953 2481 3008 Unde
2526 2955 2569 3006 si
2614 2956 2678 3007 sit
2704 2951 2969 3009 inchoatio
3020 2953 3218 3009 peccati
3261 2954 3315 3006 in
3358 2954 3477 3008 sola

1875 3024 2225 3089 sensualitate,
2254 3035 2303 3079 et
2338 3041 2441 3078 non
2474 3024 2733 3094 pertingat
2771 3039 2929 3094 usque
2955 3024 3024 3075 ad
3055 3040 3363 3078 consensum
3384 3042 3475 3078 ra-

1877 3096 2034 3149 tionis
2062 3106 2271 3168 pr0pter
2298 3096 2742 3168 imperfectionem
2770 3104 2940 3168 actus,
2987 3104 3063 3148 est
3087 3106 3355 3168 peccatum
3382 3113 3471 3150 ve.-

1877 3168 2036 3221 niale.
2079 3167 2226 3223 Sicut
2266 3167 2321 3221 in
2360 3166 2543 3238 genere
2576 3167 2830 3238 adulterii
2875 3166 3288 3235 concupiscentia
3314 3208 3329 3231 ,
3360 3184 3477 3237 qua

194 3248 246 3290 et
291 3237 659 3312 proutuhabet
703 3237 964 3312 rationem
1004 3239 1237 3312 peccati,
1273 3239 1449 3297 adhuc
1490 3242 1777 3312 dupliciter
1802 3245 1848 3309 C
1879 3239 2111 3293 consistit
2137 3239 2191 3292 in
2220 3238 2333 3293 sola
2368 3237 2731 3312 sensualitate,
2765 3247 2836 3293 est
2867 3248 3132 3312 peccatum
3162 3239 3357 3312 ueniale
3378 3254 3397 3291 :
3429 3241 3476 3293 si

198 3309 359 3377 accipi
394 3325 408 3360 :
438 3308 494 3364 1⁸
523 3309 884 3363 communiter
911 3318 965 3363 et
1000 3310 1318 3378 generatim,
1347 3323 1405 3366 ut
1449 3322 1532 3367 est
1559 3308 1775 3367 iristitia

199 3378 259 3449 de
283 3378 544 3448 spirituali
590 3382 752 3440 bono.
782 3389 1049 3449 quatenus
1077 3382 1235 3436 nobis
1264 3384 1550 3437 molestum
1595 3394 1680 3439 est
1713 3396 1779 3439 ac

201 3448 538 3513 laboriosum,
561 3459 614 3522 et
646 3450 750 3504 hoc
770 3448 929 3522 modo
960 3467 1065 3505 non
1088 3462 1171 3507 est
1208 3455 1442 3522 speciale
1470 3455 1657 3509 vitium
1686 3464 1778 3509 aut

202 3530 490 3593 peceatum,
523 3521 618 3577 sed
646 3521 887 3576 conditio
909 3521 1151 3590 quaedam
1175 3521 1495 3593 et’pravitas
1524 3527 1778 3581 omnibus

204 3591 336 3646 vitiis
364 3593 521 3646 insita
545 3602 594 3647 et
618 3593 948 3657 communis;
977 3592 1035 3648 Υ
1056 3591 1317 3663 accipitur
1345 3597 1529 3650 acedia
1565 3597 1779 3660 proprie

207 3672 255 3733 et
281 3664 483 3730 stricte,
508 3673 567 3717 ut
594 3673 674 3719 est
699 3664 918 3718 tristitia
945 3666 1237 3719 voluntatis
1259 3669 1324 3720 de
1347 3667 1490 3720 bono
1518 3666 1781 3733 spirituali

209 3731 376 3788 divino
406 3735 473 3807 ad
526 3736 847 3807 charitatem
877 3737 1212 3802 pertinente;
1247 3750 1312 3807 et
1349 3738 1431 3791 sic
1467 3731 1558 3790 est
1593 3738 1779 3807 vitium

209 3806 516 3871 particulare
535 3807 604 3860 ab
626 3805 747 3860 aliis
768 3807 1103 3874 distinctum,
1136 3805 1459 3877 poniturque
1491 3810 1629 3861 inter
1656 3806 1783 3877 pec-

209 3886 316 3947 cata
335 3877 587 3944 capitalia
618 3885 728 3930 tum
754 3892 784 3929 a
810 3877 1094 3940 Cassiano,
1125 3888 1237 3931 tum
1268 3893 1297 3931 a
1331 3878 1389 3931 D.
1429 3877 1692 3947 Gregorio
1729 3891 1783 3935 et

210 3945 337 4017 aliis.
358 3948 463 4003 Sed
508 3950 577 4002 ad
621 3947 879 4017 majorem
910 3947 1329 4003 declarationem
1365 3945 1665 4004 audiendus
1695 3950 1785 4007 hic

209 4014 357 4072 latins
386 4019 448 4073 D.
472 4014 719 4073 Thomas
739 4018 1011 4074 subtiliter
1031 4030 1084 4073 et
1112 4029 1362 4075 accurate
1394 4022 1671 4088 utriusque
1696 4037 1785 4076 ra-

213 4088 399 4145 tionem
428 4091 882 4163 et_diversit_atem
914 4090 1301 4163 explicanshis
1326 4089 1512 4148 verbis
1540 4091 1693 4163 (Art.
1722 4094 1780 4159 2,

212 4167 394 4231 supra)
427 4179 438 4213 :
471 4160 600 4217 Cum
623 4161 800 4233 acedia
836 4160 903 4233 sit
934 4163 1145 4215 tristitia
1173 4162 1235 4215 de
1265 4163 1526 4233 spirituali
1550 4160 1708 4229 bono,
1739 4166 1785 4219 si

208 4233 487 4303 accipiatur
514 4231 783 4301 spirituale
827 4231 1014 4285 bonunt
1044 4231 1403 4302 communiter,
1438 4251 1542 4287 non
1584 4236 1783 4290 habebit

209 4304 383 4357 acedia
409 4305 657 4357 rationem
681 4304 917 4375 specialis
957 4305 1085 4365 vitii,
1106 4306 1258 4375 quia,
1288 4306 1421 4359 sicut
1464 4306 1661 4360 dictum
1684 4315 1782 4372 est,

206 4390 353 4445 omne
370 4376 543 4427 vitium
562 4373 750 4444 refugit
769 4373 1038 4442 spirituale
1067 4373 1252 4429 bonum
1279 4378 1481 4431 virtutis
1508 4379 1781 4445 oppositce.

208 4444 456 4519 Similiter
481 4447 633 4499 etiam
654 4463 756 4498 non
785 4454 949 4519 potest
978 4446 1079 4519 dici
1106 4448 1242 4519 quod
1270 4448 1334 4519 sit
1362 4444 1584 4519 speciale
1604 4450 1785 4503 vitium

202 4518 399 4591 acedia,
422 4519 477 4571 in
500 4528 755 4591 quantum
776 4517 967 4586 refugit
995 4517 1264 4591 spirituale
1290 4517 1473 4591 bonum
1491 4560 1506 4584 ,
1537 4529 1689 4591 prout
1710 4530 1787 4574 est

204 4587 528 4662 laboriosum,
553 4591 629 4641 vel
650 4588 920 4662 molestum
947 4590 1170 4662 corpori,
1193 4591 1269 4643 vel
1292 4587 1643 4645 delectationis
1670 4595 1784 4662 ejus

205 4657 552 4726 impeditivum
572 4701 590 4723 ,
621 4661 742 4727 quia
779 4657 876 4729 hoc
899 4660 1047 4711 etiam
1074 4676 1175 4713 non
1214 4673 1475 4729 separaret
1504 4657 1737 4715 acediam
1757 4678 1788 4714 a

204 4730 333 4784 vitiis
359 4731 691 4794 carnalibus,
723 4728 906 4801 quibu_s
943 4732 1128 4801 aliquis
1171 4728 1387 4801 quietem
1414 4743 1460 4785 et
1489 4733 1791 4787 delectatio-

205 4816 313 4853 nem
354 4804 586 4872 corporis
617 4798 821 4871 quwrit.
854 4798 927 4872 Et
969 4800 1084 4854 ideo
1127 4798 1404 4856 dicendum
1450 4814 1520 4857 est
1568 4803 1707 4871 quod
1736 4804 1792 4859 in

202 4871 552 4953 spirituolibus
580 4874 725 4925 bonis
750 4871 1049 4953 estquidem
1080 4874 1226 4953 ordo.
1258 4872 1401 4953 Nam
1424 4874 1599 4953 omnia
1635 4875 1793 4943 spiri-

202 4946 358 4996 tualia
380 4944 512 4997 bona
528 4984 544 5007 ,
564 4959 680 5013 qua:
699 4952 815 4994 sunt
845 4944 899 5014 in
924 4944 1122 4995 actibus
1146 4944 1487 5014 singularium
1513 4947 1787 5014 uirtutum,

201 5017 504 5085 ordinantur
524 5012 593 5068 ad
626 5030 783 5085 unum
804 5012 1072 5081 spiritualc
1098 5012 1306 5079 bonum,
1337 5017 1473 5085 quod
1500 5028 1574 5070 est
1599 5012 1790 5071 bonum

200 5084 452 5149 divinum,
484 5087 622 5139 circa
640 5084 880 5156 quodest
899 5086 1138 5155 specialis
1164 5084 1357 5144 virtus,
1376 5103 1490 5156 qua:
1516 5100 1588 5141 est
1616 5090 1791 5142 chari-

199 5166 294 5209 tas.
333 5156 482 5211 Unde
523 5158 591 5209 ad
621 5154 895 5227 quamlibet
928 5154 1179 5210 uirtutem
1210 5154 1431 5227 pertinet
1461 5159 1687 5226 gaudere
1726 5160 1790 5213 de

200 5229 411 5298 preprio
449 5227 710 5293 spirituali
737 5226 890 5290 bono,
911 5227 1049 5296 quod
1072 5226 1307 5280 consistit
1332 5228 1619 5298 inproprio
1646 5240 1787 5283 actu.

202 5297 309 5353 Sed
359 5300 428 5350 ad
456 5300 760 5351 charitatem
787 5299 1002 5367 pertinet
1031 5299 1326 5368 specialiter
1366 5297 1499 5350 illud
1542 5300 1790 5368 gaudium

199 5370 491 5441 spirituale,
521 5385 620 5436 quo
646 5370 760 5437 quis
782 5370 971 5441 gaudet
998 5368 1059 5422 de
1079 5371 1209 5441 bono
1231 5370 1424 5422 divino.
1458 5368 1526 5441 Et
1553 5369 1791 5441 similiter

200 5439 292 5494 illa
327 5442 560 5502 tristitia,
587 5456 689 5506 qua
710 5439 825 5511 quis
847 5440 1082 5492 tristatur
1106 5441 1167 5492 de
1194 5440 1323 5494 bono
1350 5440 1627 5511 spirituali,
1651 5442 1790 5511 quod

197 5526 267 5565 est
315 5512 370 5563 in
399 5513 595 5564 actibus
625 5510 951 5581 singularum
997 5512 1265 5578 virtutum,
1314 5510 1415 5564 nan
1459 5512 1677 5581 pertinet
1722 5514 1791 5566 ad

194 5582 411 5653 aliquod
427 5584 601 5635 vitium
629 5579 869 5649 speciale,
898 5580 985 5633 sed
1010 5582 1077 5633 ad
1104 5584 1274 5635 omnia
1295 5583 1418 5636 vitia
1438 5579 1567 5649 {sed
1588 5584 1784 5637 tristari

196 5657 254 5708 de
286 5656 424 5707 bono
446 5654 639 5716 divino,
672 5653 857 5724 dequo
879 5654 1102 5724 charitas
1123 5655 1561 5724 gaudet,pertinet
1580 5653 1647 5706 ad
1672 5670 1785 5724 spe-

196 5727 335 5781 ciale
364 5725 567 5789 vitium,
611 5722 748 5793 quod
787 5722 963 5775 acedia
1001 5722 1229 5779 vocatur.
1267 5723 1391 5780 Htec
1435 5726 1491 5781 S.
1526 5722 1780 5781 Thomas.

566 5813 838 5872 Parnm.
886 5812 1118 5872 XLIX.

1818 4625 1868 4687 D

1882 3320 2051 3364 autem
2070 3313 2362 3379 pervenitur
2390 3327 2545 3380 usque
2576 3311 2643 3363 ad
2664 3325 2963 3363 consensum
2995 3310 3234 3374 rationis,
3256 3317 3333 3363 est
3360 3326 3479 3379 pec-

1882 3390 2052 3434 catum
2082 3383 2316 3436 mortale.
2342 3381 2430 3435 Ita
2467 3383 2622 3435 etiam
2652 3390 2698 3434 et
2727 3388 2895 3433 motus
2926 3381 3119 3433 acedia:
3146 3381 3199 3431 in
3224 3379 3337 3433 sola
3358 3398 3477 3435 scn-

1880 3454 2122 3506 sualitate
2159 3454 2464 3520 quandoque
2505 3462 2579 3506 est
2613 3462 2820 3523 propter
2861 3451 3260 3523 repugnantiam
3302 3454 3477 3523 carnis

1885 3525 1954 3576 ad
1982 3526 2223 3593 spiritum
2244 3566 2259 3587 ,
2282 3532 2329 3579 et
2354 3539 2470 3577 tunc
2496 3533 2571 3578 est
2601 3520 2864 3591 peccatum
2902 3520 3117 3575 uernale.
3152 3520 3479 3593 Quandoque

1882 3591 2264 3665 vero‘pertingit
2288 3612 2448 3665 usque
2480 3596 2546 3646 ad
2573 3595 2844 3665 rationem,
2874 3606 2988 3665 quia
3031 3591 3281 3665 consentit
3309 3591 3362 3642 in
3386 3596 3477 3659 fu-

1883 3661 2033 3734 gam,
2066 3674 2113 3719 et
2139 3661 2406 3719 horrorem
2422 3707 2437 3730 ,
2460 3672 2508 3717 et
2529 3664 2915 3734 detestationem
2941 3662 3062 3713 boni
3088 3661 3249 3713 divini
3265 3700 3279 3719 ,
3320 3676 3479 3734 carne

1884 3730 2064 3791 contra
2106 3738 2349 3800 spiritum
2399 3736 2608 3788 omnino
2656 3730 2998 3803 prtevalente;
3032 3740 3078 3784 et
3100 3742 3228 3803 tunc
3256 3732 3479 3799 manife-

1883 3820 2017 3862 stum
2042 3819 2136 3871 est,
2165 3807 2301 3876 quod
2325 3806 2506 3859 acedia
2522 3804 2597 3858 est
2624 3800 2892 3876 peccatum
2917 3802 3155 3876 mortale.
3184 3800 3475 3872 ﬂuensque

1886 3879 1944 3937 S.
1968 3872 2223 3935 Thomas.
2250 3876 2384 3930 Cum
2425 3889 2552 3944 ergo
2578 3875 2778 3929 dicitur
2808 3872 3001 3928 acedia
3025 3888 3146 3928 esse
3190 3882 3474 3943 peccatum

1885 3950 2113 4005 mortale
2141 3963 2207 4004 ex
2234 3963 2332 4002 suo
2358 3962 2576 4019 genere,
2606 3945 2924 4019 intelligitur
2956 3946 3132 4019 posita
3160 3944 3479 4019 haccondi-

1886 4024 2055 4086 tione,
2083 4021 2129 4075 si
2152 4022 2223 4075 sit
2246 4016 2717 4091 perfectaoacedia,
2737 4016 2792 4091 id
2820 4028 2924 4076 est.
2949 4026 3005 4070 nt
3026 4016 3479 4091 quisdeliberate

1885 4102 1941 4149 et
1972 4085 2131 4164 pleno
2160 4085 2381 4147 rationis
2405 4089 2609 4160 judicio
2631 4085 2918 4145 horrescat
2943 4097 2998 4144 et
3018 4085 3259 4164 fastidiat
3276 4088 3477 4164 bonum

1885 4160 2148 4228 divinum,
2180 4172 2235 4217 et
2282 4178 2391 4218 non
2443 4171 2648 4216 tantum
2700 4177 2767 4216 ex
2821 4169 2976 4230 parte
3029 4160 3394 4215 sensualitatis
3426 4172 3480 4215 et

1885 4238 2065 4290 carnis
2093 4234 2428 4290 inﬁrmitate.
2461 4232 2614 4289 Unde
2655 4232 2796 4288 idem
2839 4231 3029 4287 doctor
3060 4232 3203 4286 hunc
3231 4231 3477 4288 Cassiani

1887 4307 2064 4362 locum
2096 4307 2336 4375 allegans
2357 4305 2595 4359 admittit
2615 4305 2777 4358 etiam
2807 4304 2861 4357 in
2891 4305 3020 4357 viris
3047 4304 3247 4375 sanctis
3273 4312 3480 4374 etper-

1887 4376 2065 4443 fectis,
2102 4374 2288 4445 quales
2321 4377 2399 4430 illi
2431 4376 2773 4431 anachoreta:
2814 4385 2869 4431 et
2915 4376 3159 4430 eremitae
3184 4374 3253 4429 de
3282 4376 3481 4445 quibus

1888 4448 1978 4504 hic
2000 4447 2196 4516 agitur,
2215 4448 2422 4516 aliquos
2434 4446 2777 4517 imperfectos
2790 4454 2966 4500 motus
2980 4447 3181 4501 acedia:
3193 4446 3482 4516 aliquando

1888 4518 2148 4583 suboriri,
2178 4519 2267 4587 qui
2298 4527 2476 4574 tamen
2527 4535 2632 4572 non
2680 4520 2994 4588 pertingunt
3036 4532 3210 4584 usque
3254 4518 3319 4572 ad
3345 4534 3482 4574 con-

1890 4604 2111 4645 sensum
2139 4589 2391 4656 rationis,
2422 4604 2485 4644 ac
2514 4589 2744 4659 proinde
2783 4605 2888 4644 non
2918 4596 3043 4642 sunt
3071 4598 3290 4659 peccata
3334 4607 3482 4647 mor-

1892 4661 2040 4727 talia,
2070 4661 2162 4716 sed
2194 4662 2425 4716 veuialla
2459 4660 2757 4715 dumtaxat.
2780 4661 2973 4717 Subdit
3014 4675 3177 4730 porro
3205 4661 3368 4716 etiam
3398 4664 3481 4717 al-

1892 4740 2063 4788 teram
2106 4733 2471 4788 conditionem
2495 4731 2673 4802 (Ibid.
2700 4735 2752 4786 in
2781 4748 2988 4803 respon.
3013 4733 3080 4785 ad
3101 4730 3189 4803 5),
3214 4747 3333 4801 quae
3358 4747 3481 4803 sup-

1892 4804 2109 4874 ponitur
2132 4816 2189 4859 ut
2229 4805 2416 4860 acedia
2447 4803 2519 4857 sit
2564 4804 2835 4871 mortalis,
2864 4818 3078 4873 nempe,
3110 4813 3167 4858 ut
3196 4805 3380 4874 acedia
3408 4807 3481 4859 sit

1891 4873 1961 4931 de
1989 4877 2130 4931 bono
2158 4875 2362 4940 divino,
2392 4877 2477 4929 cui
2508 4889 2572 4929 ex
2616 4882 2888 4944 praecepto
2932 4884 3145 4928 tenetur
3184 4873 3475 4942 inhaerere,

1896 4946 1997 5001 hoc
2024 4956 2124 5010 est,
2156 4948 2201 5001 si
2249 4946 2557 5014 hujusmodi
2590 4947 2805 4998 taedium
2836 4960 2930 4998 seu
2978 4945 3249 4998 fastidium
3278 4944 3481 5002 acedia:

1892 5019 1961 5071 sit
1982 5018 2051 5071 de
2076 5016 2237 5069 rebus
2265 5015 2551 5083 praeceptis
2579 5023 2634 5066 et
2672 5016 2737 5068 ad
2764 5015 2997 5069 salutem
3024 5014 3366 5079 necessariis,
3399 5016 3480 5070 id-

1892 5102 1997 5157 que
2020 5087 2121 5140 sub
2144 5092 2296 5157 reatu
2320 5084 2532 5157 mortali
2553 5099 2577 5157 _:
2607 5093 2666 5135 ut
2691 5084 2737 5136 si
2779 5083 3010 5157 clericus
3035 5099 3102 5139 ex
3134 5086 3294 5157 taedio
3316 5085 3480 5157 hora-

1892 5153 2012 5212 rum
2036 5156 2262 5210 canonic
2274 5170 2424 5209 arum
2443 5153 2730 5208 lectionem
2750 5154 2980 5218 omittat,
2999 5154 3295 5209 monachus
3318 5156 3479 5211 taedio

1890 5243 2005 5283 suae
2053 5225 2412 5297 professionis
2457 5226 2696 5297 habitum
2745 5223 2965 5297 abjiciat
2996 5242 3009 5277 :
3044 5224 3169 5297 Non
3217 5226 3354 5278 enim
3387 5231 3482 5282 erit

1844 5326 1847 5335 ι
1890 5295 2084 5354 αεεάὶὼ
2111 5308 2394 5369 peccatum,
2424 5297 2467 5351 si
2493 5296 2609 5367 quis
2636 5295 3139 5369 contristetur,__quia
3175 5297 3372 5365 cogitur
3410 5303 3481 5351 ad

1892 5386 2051 5438 Opera
2081 5366 2282 5425 virtutis
2327 5370 2396 5423 ad
2436 5366 2548 5438 qua:
2574 5384 2677 5422 non
2719 5376 2939 5421 tenetur.
2968 5366 3037 5420 Et
3065 5370 3109 5419 si
3155 5368 3260 5438 sub,
3289 5369 3481 5425 veniali

1894 5437 2093 5496 tantum
2124 5442 2360 5497 obediens
2389 5437 2644 5511 obligetur
2664 5485 2678 5508 ,
2725 5454 2829 5493 non
2864 5438 2970 5511 erit
2999 5438 3179 5511 acedia
3207 5437 3481 5511 plusquam

1891 5515 2128 5569 renialis.
2177 5514 2377 5581 Quarto
2424 5508 2697 5583 colligitur
2749 5508 3221 5583 acediteunomine
3271 5509 3479 5583 duplex

1889 5586 2155 5654 quoddam
2184 5584 2382 5639 malum
2405 5599 2498 5639 seu
2533 5580 2809 5653 peccatum
2839 5581 3086 5651 intelligi,
3115 5583 3231 5654 sive
3267 5580 3480 5639 duobus

1890 5653 2064 5710 modis
2092 5672 2188 5725 per
2208 5655 2444 5710 acediam
2471 5656 2701 5726 peccari.
2732 5656 2825 5709 Est
2855 5654 2996 5709 enim
3025 5653 3210 5710 acedia
3248 5654 3338 5726 vel
3367 5662 3479 5710 tor-

1890 5741 1989 5795 por
2015 5736 2069 5783 et
2097 5728 2308 5797 pigritia
2340 5728 2393 5784 in
2425 5725 2781 5800 aggredienda
2803 5736 2859 5784 et
2894 5727 3222 5795 auspicando
3245 5725 3442 5783 bonum
3461 5767 3475 5794 ,

2964 5817 3038 5879 12
