4016 6202
620 290 729 354 367

1933 295 2215 355 JOANNIS
2250 283 2563 356 cassum
3764 301 3847 361 ses

623 416 774 473 omni
802 428 864 471 se
906 413 1055 470 dolet
1099 412 1328 484 spiritali
1374 421 1579 485 qumstu
1622 414 1859 480 inanem,
1882 414 1936 470 in
1969 416 2196 485 locoque
2221 418 2268 477 Α
2298 432 2404 486 que
2429 418 2790 483 infirmorum,
2816 415 2903 471 vel
2932 413 3163 484 eminus,
3194 416 3282 472 vel
3317 416 3530 485 longius
3559 418 3842 487 positorum.

622 524 852 567 vacuum
902 509 1221 575 consistere,
1275 516 1468 577 utpote
1505 509 1755 579 quicum
1794 516 1980 579 posset
2029 510 2194 565 etiam

620 605 755 660 alios
775 617 968 674 regere
1013 618 1077 658 ac
1120 600 1379 672 prodesse
1404 600 1673 670 plurimis,
1712 600 1919 657 nullum
1966 600 2198 656 aedifica-

620 699 781 763 verit,
810 712 911 754 nec
936 710 1264 767 quemquam
1317 693 1655 750 institutione
1704 708 1801 748 sua
1845 693 2199 760 doctrinaque

620 791 864 844 lucratus
914 789 1007 845 sit.
1045 786 1304 844 Absentia
1351 786 1619 856 longeque
1662 785 1838 854 posita
1889 781 2197 854 magniﬁcat

618 882 973 948 monasteria,
1004 881 1121 937 loca
1150 881 1314 936 etiam
1338 880 1427 933 illa
1459 879 1629 949 magis
1669 877 1737 932 ad
1768 878 2065 948 profectum
2094 875 2199 931 uti-

616 978 686 1032 lia
708 989 761 1032 et
788 975 948 1032 saluti
977 973 1396 1045 congruentiora
1427 973 1725 1039 describit;
1754 971 2030 1026 consortia
2059 984 2197 1040 quo-

612 1086 718 1140 que
753 1069 957 1125 ibidem
1005 1069 1227 1123 fratrum
1272 1065 1454 1121 suavia
1507 1074 1562 1121 et
1598 1064 1757 1134 plena
1784 1063 2202 1134 spiritualicon—

613 1161 925 1217 versatione
951 1159 1226 1230 depingit;
1253 1167 1475 1214 econtra
1509 1156 1755 1215 universa
1789 1171 1911 1227 quae
1932 1155 2201 1210 habentur

615 1253 669 1308 in
728 1254 977 1308 manibus
1024 1266 1238 1321 aspera,
1293 1259 1349 1306 et
1404 1264 1510 1304 non
1558 1249 1735 1305 solum
1785 1248 2198 1303 aedificationem

616 1347 822 1403 nullam
850 1361 971 1403 esse
1015 1345 1070 1399 in
1112 1343 1370 1399 fratribus
1421 1343 1513 1413 qui
1541 1351 1824 1405 morantur
1853 1343 1907 1397 in
1940 1343 2080 1408 loco,
2104 1340 2201 1397 sed

616 1454 685 1494 ne
718 1440 893 1509 ipsum
927 1436 1144 1507 quidem
1193 1436 1393 1490 victum
1442 1436 1693 1506 corporis
1738 1436 1939 1505 absque
1992 1432 2202 1504 ingenti

616 1530 807 1585 labore
860 1527 1134 1598 conquiri.
1192 1526 1474 1582 Postremo
1506 1540 1612 1581 non
1662 1540 1826 1595 posse
1876 1540 1936 1580 se
1980 1523 2203 1579 salutari

614 1630 766 1691 putat
814 1620 868 1673 in
921 1633 989 1674 eo
1040 1618 1164 1673 loco
1199 1618 1507 1683 durantem,
1547 1617 1649 1671 nisi
1681 1617 1869 1671 relicta
1897 1615 2055 1683 cella,
2078 1629 2201 1671 cum

614 1727 721 1783 qua
743 1710 872 1777 sibi,
901 1712 947 1765 si
978 1710 1157 1765 adhuc
1183 1710 1237 1765 in
1287 1724 1350 1765 ea
1394 1708 1558 1765 fuerit
1606 1717 1933 1776 remoratus,
1967 1721 2202 1776 perenn-

2300 513 2553 582 Quaedam
2571 512 2734 568 etiam
2758 511 2845 582 pia
2870 525 2933 566 ac
2962 510 3209 580 religiosa
3233 510 3401 566 dictat
3416 510 3615 577 officia,
3640 511 3752 566 illos
3778 512 3843 567 vel

2304 604 2426 659 illas
2454 603 2656 659 debere
2686 613 2943 671 parentes
2988 602 3203 674 inquiri,
3251 612 3305 659 et
3332 602 3400 657 ad
3430 603 3736 658 salutandos
3768 618 3843 658 eos

2300 698 2549 753 crebrius
2602 697 2917 768 properari;
2971 696 3115 751 illam
3165 696 3476 767 religiosam
3529 697 3842 766 devotamque

2301 791 2411 845 Deo
2439 789 2723 857 feminam,
2752 788 2899 845 omni
2946 788 3247 856 praesertim
3300 798 3579 857 parentum
3629 787 3845 859 praesidio

2299 883 2636 950 destitutam,
2668 898 2921 954 magnum
2949 897 3086 953 opus
3124 896 3247 938 esse
3289 881 3502 952 pietatis
3546 882 3840 952 frequentius

2298 978 2557 1043 invisere,
2598 991 2662 1032 ac
2701 976 2746 1031 si
2778 975 2904 1047 quid
2936 975 2987 1031 ei
3011 975 3084 1029 sit
3109 974 3500 1039 necessarium,
3529 989 3647 1044 quae
3674 990 3701 1027 a
3741 988 3844 1043 pro-

2301 1070 2434 1141 priis
2464 1069 2777 1140 parentibus
2808 1069 3101 1140 negligitur
3118 1078 3286 1139 atque
3314 1066 3631 1138 despicitur,
3655 1066 3847 1121 sanctis-

2301 1166 2495 1221 simum
2519 1162 2819 1235 procurari,
2867 1161 3145 1231 magisque
3174 1171 3429 1231 oportere
3458 1161 3511 1216 in
3552 1160 3633 1214 his
3659 1171 3846 1229 operam

2302 1258 2520 1330 pietatis
2548 1256 2808 1328 impendi,
2833 1270 2995 1327 quam
3037 1256 3375 1311 infructuose
3393 1269 3456 1309 ac
3480 1254 3600 1311 sine
3630 1253 3729 1309 ullo
3748 1265 3847 1322 pro-

2303 1352 2448 1409 fectu
2493 1352 2548 1408 in
2599 1351 2792 1407 cellula
2821 1348 3084 1406 residere.

2919 1526 3149 1584 CAPUT
3190 1526 3275 1583 Ill.

2444 1663 2639 1729 Quibus
2666 1662 2933 1736 generibus
2958 1661 3267 1717 monachum
3296 1670 3497 1733 superet
3534 1660 3724 1716 acedia.

615 1804 743 1858 dum
792 1804 920 1867 erit,
950 1801 1149 1858 exinde
1177 1800 1533 1871 semetipsum
1582 1801 1905 1870 quantocius
1951 1806 2196 1869 asporta-

2372 1822 2568 1890 Agitur
2620 1821 2804 1891 itaque
2849 1817 3037 1875 infelix
3088 1820 3265 1875 anima
3316 1818 3512 1875 talibus
3538 1817 3853 1873 inimicorum

614 1901 773 1956 verit.
801 1899 1003 1956 Deinde
1030 1896 1410 1954 lassitudinem
1438 1897 1685 1967 corporis
1705 1896 1919 1968 cibique
1937 1895 2195 1961 esuriem,

616 2003 643 2031 τι
672 1994 859 2064 quinta
905 2000 1169 2062 sextaque
1221 1989 1357 2045 hora
1412 1998 1615 2045 tantam
1648 1988 1898 2056 suscitat,
1951 1996 2008 2042 ut
2051 1985 2199 2042 velut

616 2087 778 2157 longo
806 2086 1002 2142 itinere
1016 2082 1447 2156 gravissintoque
1467 2080 1653 2136 labore
1680 2077 1962 2135 confectus
1982 2077 2202 2132 sibimet

614 2182 896 2251 lassusque
924 2178 1196 2244 videatur,
1228 2183 1321 2231 aut
1364 2174 1520 2246 quasi
1572 2171 1927 2229 refectionem
1979 2170 2089 2224 cibi
2114 2170 2199 2225 bi-

614 2276 794 2333 dttano
812 2273 1020 2345 jejunio
1048 2271 1410 2341 triduanoque
1441 2267 1730 2323 distulerit.
1764 2264 1900 2321 Tum
1932 2272 2199 2335 przeterea

615 2369 723 2426 huc
752 2368 988 2439 illucque
1041 2366 1234 2420 anxius
1278 2362 1723 2433 circumspectat,
1754 2368 1810 2415 et
1854 2372 1954 2414 nec
1978 2357 2200 2413 fratrem

614 2462 720 2517 sibi
748 2460 1055 2532 quempiam
1081 2457 1375 2512 adventare
1401 2454 1665 2523 suspirat,
1715 2451 2020 2522 saepiusque
2048 2464 2202 2519 egre-

615 2558 761 2612 ditur
804 2564 860 2611 et
888 2552 1191 2626 ingreditur
1218 2550 1411 2608 cellam
1452 2563 1517 2605 ac
1542 2548 1711 2605 solem
1759 2547 1911 2604 velut
1948 2547 2014 2602 ad
2045 2560 2203 2602 occa-

615 2666 735 2708 sum
767 2649 975 2705 tardius
1021 2656 1397 2719 properantem
1426 2645 1671 2701 crebrius
1710 2643 1953 2700 intuetur
1994 2660 2007 2696 :
2043 2651 2099 2699 et
2129 2642 2201 2698 ita

616 2743 847 2815 quadam
892 2739 1251 2798 irrationabili
1280 2749 1477 2795 mentis
1517 2737 1856 2802 confusione,
1884 2736 2032 2792 velut
2057 2744 2203 2791 terra

616 2837 901 2908 suppletur
944 2834 1196 2905 caligine,
1228 2832 1485 2901 omnique
1516 2840 1638 2885 actu
1682 2829 1912 2900 spiritali
1962 2827 2205 2883 redditur

616 2932 827 2988 otiosus
854 2944 919 2985 ac
941 2943 1165 2996 vacuus,
1196 2938 1256 2983 ut
1296 2926 1447 2982 nulla
1488 2940 1550 2982 re
1578 2926 1686 2981 alia
1720 2934 1883 2980 tantae
1925 2937 2205 2995 oppugna-

617 3025 781 3080 tionis
808 3023 1129 3090 remedium,
1152 3036 1313 3092 quam
1339 3018 1653 3075 visitatione
1673 3018 1860 3075 fratris
1879 3018 2200 3089 cuiuspiam,

619 3134 716 3175 seu
747 3118 923 3173 somni
977 3116 1144 3172 solius
1196 3114 1394 3170 solatio
1449 3126 1610 3183 posse
1669 3112 1900 3166 :estimet
1950 3110 2201 3168 inveniri.

2301 1914 2565 1971 machinis
2615 1912 2910 1982 impedita,
2966 1913 3143 1968 donec
3194 1912 3398 1968 acedia:
3453 1911 3682 1981 spiritu,
3734 1910 3855 1964 velut

2299 2011 2471 2062 ariete
2510 2005 2845 2059 validissimo
2895 2004 3136 2074 fatigata,
3198 2015 3292 2059 aut
3344 2004 3399 2058 in
3432 2018 3679 2060 somnum
3708 2002 3851 2060 discat

2300 2098 2607 2167 concidere,
2640 2107 2732 2153 aut
2760 2097 2788 2136 δ
2817 2112 3051 2153 excussa
3081 2095 3335 2152 claustris
3372 2097 3588 2153 cellula:
3614 2112 3723 2151 sua
3745 2109 3855 2151 con-

2300 2193 2622 2249 solationem
2669 2191 3095 2261 impttgnationis
3145 2190 3306 2259 hujus
3350 2189 3660 2244 visitatione
3703 2185 3857 2243 fratris

2301 2294 2619 2344 consuescat
2648 2285 2952 2354 acquirere,
2998 2282 3101 2337 hoc
3157 2298 3263 2351 quo
3314 2282 3483 2337 utitur
3534 2280 3603 2337 ad
3655 2292 3858 2353 praesens

2302 2380 2568 2446 remedio,
2624 2376 2781 2449 paulo
2830 2383 2952 2445 post
2996 2374 3177 2430 acrius
3234 2374 3579 2429 infirmanda.
3621 2372 3860 2440 Frequen-

2302 2476 2409 2530 tius
2465 2473 2609 2530 enim
2655 2488 2718 2526 ac
2768 2471 2955 2525 durius
2998 2469 3348 2525 adversarius
3418 2468 3704 2524 attentabit
3759 2478 3858 2521 eum

2304 2582 2462 2639 quem
2518 2572 2771 2621 conserto
2821 2562 3014 2633 praelio
3061 2562 3414 2633 praebiturum
3472 2560 3717 2616 cominus
3781 2555 3861 2612 sibi

2305 2669 2454 2732 terga
2500 2658 2803 2730 cognoscit,
2854 2657 3197 2727 salutemque
3244 2656 3350 2712 sibi
3398 2670 3498 2711 nec
3544 2656 3615 2712 de
3643 2652 3860 2717 victoria,

2306 2770 2405 2812 nec
2435 2754 2503 2810 de
2548 2752 2826 2821 conﬂictu,
2883 2750 2978 2807 sed
3036 2750 3105 2805 de
3164 2750 3284 2821 iuga
3324 2763 3549 2820 sperare
3603 2747 3861 2821 pervidet:

2310 2847 2529 2904 cdonec
2572 2844 2832 2916 paulatim
2882 2851 3186 2913 protractus
3244 2857 3275 2897 e
3325 2842 3489 2908 cella,
3536 2838 3563 2878 ἀ
3605 2853 3750 2896 actus
3774 2851 3865 2892 sua:

2306 2937 2664 3011 professionis
2713 2934 2935 3004 incipiat
2984 2932 3265 3000 oblivisci;
3320 2932 3411 3003 qui
3466 2946 3575 2987 non
3618 2940 3702 2988 est
3748 2924 3867 2984 aliud

2307 3048 2468 3103 quam
2499 3030 2726 3087 intuitus
2751 3038 2810 3085 et
2831 3027 3225 3098 contemplatio
3248 3027 3450 3082 divinae
3469 3025 3622 3082 illius
3639 3034 3693 3083 et
3718 3020 3869 3080 excel-

2310 3127 2477 3183 lentis
2507 3139 2671 3193 super
2695 3122 2878 3178 omnia
2927 3120 3201 3192 puritatis,
3248 3135 3371 3191 quze
3399 3135 3508 3175 non
3538 3118 3671 3175 alibi
3701 3123 3867 3189 p0test,

620 3211 827 3268 Deinde
857 3211 1116 3265 honestas
1160 3206 1302 3262 idem
1330 3203 1553 3260 morbus
1604 3218 1667 3258 ac
1699 3203 2035 3263 necessarias
2081 3218 2209 3274 sug-
2234 3186 2282 3253 C
2316 3218 2420 3275 nisi
2455 3229 2478 3255 e
2510 3218 2562 3271 in
2590 3216 2810 3271 είιεηιίο
2839 3223 2892 3270 ει
2918 3213 3029 3285 iugi
3060 3214 3213 3269 ccum
3235 3211 3639 3283 perseverantia
3683 3186 3742 3266 ξε
3780 3222 3869 3263 me.

618 3310 760 3382 gerit
776 3308 1132 3367 salutationes
1160 3304 1416 3361 fratribus
1440 3302 1803 3369 exhibendas,
1836 3301 2206 3359 visitationes-

2316 3310 2577 3365 ditatione
2628 3304 2912 3376 conquiri:
2946 3313 3108 3375 atque
3150 3304 3225 3360 ita
3256 3304 3467 3360 militia:
3515 3319 3629 3360 sua:
3652 3301 3869 3374 fugitivus

1691 3435 1952 3491 ALARDI
1990 3436 2219 3495 GAZtEI
2259 3434 2825 3498 COMMENTARIUS.

694 3571 720 3599 α
745 3559 856 3615 Hoc
878 3564 982 3624 est,
1006 3554 1151 3611 circa
1190 3550 1495 3624 meridiem.
1524 3546 1661 3624 Cum
1686 3550 1830 3605 enim
1866 3557 2101 3624 veteres,
2153 3564 2213 3611 ut

625 3632 830 3690 dictum
853 3621 1163 3694 est,'totum
1203 3624 1310 3679 diei
1347 3623 1578 3694 spatium
1615 3621 1683 3675 ab
1727 3631 1847 3695 ortu
1879 3622 2021 3695 solis
2039 3639 2213 3695 usque

623 3707 692 3761 ad
721 3716 973 3760 occasum
1005 3698 1058 3754 in
1085 3693 1584 3765 duodecim'partes
1613 3693 1851 3763 :equales
1877 3693 2210 3764 dividerent,

623 3791 761 3848 quas
778 3776 938 3848 horas
955 3771 1240 3848 vocabant,
1258 3775 1405 3848 sexta
1424 3765 1555 3820 hora
1572 3765 1640 3818 ab
1664 3774 1787 3848 ortu
1803 3766 1938 3848 _solis
1965 3781 2214 3823 necessa-

624 3836 709 3904 r'io
732 3854 850 3903 erat
872 3846 985 3910 ipsa
1015 3836 1292 3905 meridies,
1311 3839 1520 3910 quinta,
1543 3836 1782 3910 proxima
1803 3836 1933 3910 hora
1957 3848 2080 3893 ante
2102 3854 2213 3896 me-

627 3919 841 3974 ridiem.
880 3908 1033 3969 Unde
1068 3908 1364 3968 etiamnum
1394 3912 1521 3963 liora
1572 3918 1721 3965 sexta
1754 3908 1806 3961 in
1831 3908 2010 3964 oflicio
2039 3912 2216 3967 eccle-

627 3988 869 4048 siastico,
890 3983 1209 4047 meridiana,
1232 3982 1318 4035 vel
1335 3980 1597 4051 meridies
1617 3978 1935 4051 appellatur.
1954 3979 2069 4035 Huc
2087 3991 2216 4051 puto

628 4067 907 4123 spectasse
941 4054 1238 4109 Climacutn
1294 4065 1487 4123 supra,
1532 4050 1622 4103 ubi
1659 4050 1805 4123 dixit.
1836 4048 2044 4123 (Gradu
2081 4048 2211 4117 i5):

628 4118 814 4183 Tribus
846 4126 983 4179 horis
1025 4125 1306 4187 horrorem,
1337 4118 1892 4190 doloremquercapitis,
1926 4122 2217 4190 febremque

630 4217 691 4255 ac
720 4199 1020 4269 vertiginem
1048 4192 1372 4269 anachoretis
1402 4200 1448 4242 et
1479 4189 1725 4269 solitariis
1768 4189 1876 4243 illis
1904 4189 2136 4269 subinde
2152 4192 2215 4245 ab

632 4269 828 4325 acedire
848 4259 1035 4338 spiritu
1066 4266 1220 4333 fuisse
1241 4271 1555 4338 generatam:
1584 4259 2041 4338 Nimiruuhndutn
2071 4263 2215 4338 circa

633 4329 913 4396 meridiem
957 4329 1132 4391 inedia
1180 4329 1258 4389 et'
1289 4332 1470 4387 labore
1520 4331 1759 4400 fatigati,
1813 4329 1994 4387 adhuc
2043 4333 2217 4388 tribus

632 4412 806 4475 horis,
843 4424 1036 4476 nempe
1057 4406 1123 4462 ad
1146 4420 1344 4461 nonam
1388 4418 1578 4473 usque,
1601 4418 1702 4476 seu
1731 4403 1942 4456 tertiam
1979 4404 2215 4476 pomeri-

634 4473 870 4545 dianam,
903 4473 1084 4535 cibum
1139 4482 1521 4547 exspectarent
1564 4473 1892 4547 abstinentes
1940 4473 2211 4547 plerique,

634 4543 961 4611 iulirmidres
1011 4565 1115 4603 non
1160 4543 1311 4610 item,
1355 4560 1491 4615 quos
1518 4544 1701 4599 acedia
1741 4543 2057 4615 superabat.
2086 4545 2217 4602 lude

635 4630 938 4692 horrorem,
970 4620 1215 4676 dolorem
1248 4633 1311 4672 ac
1342 4615 1664 4687 vertiginem
1708 4615 1814 4670 illis
1847 4615 2013 4672 fuisse
2047 4633 2216 4688 gene-

635 4708 838 4824 nimii;
856 4763 1107 4823 claustris
1135 4772 1190 4817 et
1214 4759 1465 4816 clausura
1494 4756 1788 4813 monastica
1835 4758 2000 4815 habes
2048 4759 2213 4815 multa

632 4841 770 4897 scitu
793 4838 948 4909 digna
980 4837 1046 4891 ad
1076 4834 1258 4889 collat.
1288 4830 1503 4909 ﬁscap.
1536 4829 1570 4883 4
1590 4838 1866 4909 ιὶιρηοιεηξπιἔ

708 4864 770 4894 ηιυ
793 4864 948 4909 mgna
980 4864 1046 4917 ius
1076 4864 1258 4889 cunas.
1292 4864 1357 4913 μετ
1386 4864 1503 4899 ιαμ.
1536 4864 1570 4883 ιτ
1590 4864 1866 4913 anu-uta..."
2239 4864 2293 4924 D

708 4923 729 4950 ε
758 4911 933 4981 Hujus
954 4924 1039 4981 Al'Cl
1064 4902 1431 4981 memorabtle
1444 4900 1747 4981 exemplum
1775 4899 1898 4955 Vlde
1922 4899 2067 4981 apud
2095 4900 2213 4981 [fal-

634 4970 915 5039 ladium'in
948 4975 1222 5034 Lausiacis
1250 4989 1371 5043 cap.
1402 4973 1491 5028 26.
1518 4971 1675 5027 Aliud
1717 4972 1843 5043 item
1869 4972 2006 5042 apud
2036 4970 2213 5041 Sulpi-

634 5059 765 5111 tium
792 5055 1052 5110 Severum
1076 5050 1128 5102 in
1148 5042 1358 5116 dialogo
1385 5048 1559 5113 primo
1581 5042 1824 5116 βελτιᾼὸ.

702 5126 730 5165 ἀ
752 5129 918 5181 Actus
946 5123 1032 5177 hic
1056 5118 1274 5190 genitivi
1297 5113 1495 5182 casus;
1524 5115 1694 5190 codex_
1714 5114 2043 5171 Basileensis
2072 5113 2210 5190 (Lib.

630 5215 687 5255 tv
724 5198 965 5269 cap.i'55)
1008 5186 1133 5269 legit
1155 5192 1226 5269 .iu
1262 5186 1845 5269 accusativo-arietum
1880 5202 1986 5240 suae
2014 5186 2216 5257 profes-

630 5259 809 5325 sionis.
840 5259 1129 5332 Dionysius
1155 5261 1208 5315 in
1228 5259 1415 5332 plurali
1440 5274 1466 5332 :A
1491 5259 1731 5332 Oblivisci
1753 5268 1904 5332 actus
1935 5274 2045 5311 sua:
2090 5272 2213 5323 pro-

632 5341 899 5412 fessionis,
924 5327 1010 5412 qui
1040 5327 1290 5412 non_sunt
1317 5330 1486 5389 aliud.
1509 5340 1623 5411 .etc.
1666 5327 1766 5412 ilbi
1797 5327 2023 5412 observa
2055 5341 2214 5381 voca-

629 5397 816 5469 bulum
845 5397 1194 5479 professionis
1221 5404 1383 5479 etiam
1411 5399 1645 5479 antiquis
1667 5397 1922 5479 Patribus
1947 5405 2001 5450 et
2029 5413 2214 5450 mona-

628 5468 746 5539 chis
779 5468 1056 5543 usitatum,
1085 5476 1151 5531 de
1178 5487 1285 5543 quo
1313 5472 1472 5527 etiam
1496 5470 1626 5524 alias
1643 5468 1874 5543 egimus.
1894 5468 2059 5521 Actus
2080 5482 2214 5543 vero

628 5538 983 5624 professionis
1003 5538 1129 5624 dici
1150 5538 1387 5624 videtur,
1415 5542 1506 5612 qui
1528 5538 1855 5624 professioni
1904 5538 2213 5624 monastica:

628 5609 901 5694 congruit,
933 5623 1017 5677 vel
1046 5618 1134 5675 cui
1153 5616 1281 5672 sein
1302 5628 1395 5669 sua
1425 5609 1759 5683 professione
1792 5610 2093 5665 monachus
2117 5609 2215 5663 ad-

628 5696 784 5751 dixit.

703 5775 727 5801 ο
769 5762 1054 5828 Utriusque
1094 5756 1370 5828 praeclara
1410 5752 1655 5828 exempla
1706 5752 2011 5828 suppeditat
2068 5752 2209 5828 idem

630 5832 901 5884 Palladius
923 5822 1166 5891 pluribus
1193 5830 1243 5880 in
1272 5825 1402 5879 locis
1428 5822 1692 5885 (Lausioc.
1722 5825 1787 5878 18
1813 5834 1860 5877 ct
1885 5825 1973 5886 ΞΟ,
2006 5834 2054 5877 cl
2085 5823 2208 5887 50):

2315 3554 2410 3610 sed
2445 3551 2621 3624 quoad
2664 3551 2819 3625 cellae
2864 3551 3349 3621 perseverantiam,
3380 3553 3513 3610 illud
3545 3553 3799 3625 singulare
3829 3549 3869 3605 in

2315 3626 2552 3681 Macario
2602 3625 2707 3696 illo,
2747 3624 3130 3696 Alexandrino,
3177 3626 3268 3695 qui
3319 3641 3441 3680 cum
3488 3641 3518 3679 a
3551 3624 3757 3696 spiritu,
3781 3625 3872 3678 sive

2315 3698 2537 3762 accdim,
2564 3697 2678 3751 sive
2698 3695 2871 3750 inanis
2900 3696 3107 3766 gloriae,
3134 3706 3191 3751 ut
3211 3697 3321 3751 vult
3339 3696 3631 3761 Palladius,
3657 3697 3871 3765 frequen-

2317 3779 2398 3824 ter
2424 3779 2480 3841 et
2508 3770 2813 3838 importune
2837 3766 3124 3821 admodum
3141 3780 3427 3841 urgeretur
3454 3768 3522 3823 ad
3552 3767 3872 3823 deserendam

2316 3839 2472 3895 suam
2519 3841 2732 3899 cellam.
2787 3847 3091 3906 prostratus
3140 3839 3193 3893 in
3232 3840 3419 3893 limine
3445 3882 3459 3900 ,
3496 3841 3718 3907 pedibus
3752 3848 3874 3893 extra

2316 3913 2508 3967 cellam
2537 3910 2828 3979 porrectis:
2859 3908 3091 3972 Trahite,
3125 3910 3319 3979 inquit,
3351 3911 3535 3965 trahite
3565 3927 3644 3964 me
3664 3951 3678 3971 .
3714 3910 3877 3963 damo-

2317 3998 2430 4049 ttes,
2456 3984 2501 4035 si
2531 3979 2906 4053 potestissEgo
2930 3982 3067 4033 enim
3094 3980 3307 4053 pedibus
3336 3998 3441 4034 non
3468 3982 3605 4035 vado
3635 3981 3761 4053 (Lib.
3785 3992 3875 4053 vc.

2318 4054 2437 4122 57),
2462 4050 2569 4122 quo
2597 4052 2740 4105 facto
2756 4050 3031 4122 dznmones
3052 4052 3237 4117 elusit,
3259 4064 3314 4107 et
3342 4050 3877 4119 tentatione'superior

2318 4121 2511 4178 evasit.
2555 4123 2723 4176 Porro
2767 4121 3021 4188 de,cella
3054 4132 3109 4177 et
3155 4124 3349 4177 cellula
3380 4123 3514 4178 alias
3566 4125 3761 4179 dictum
3788 4127 3871 4175 est.

2320 4194 2451 4261 Ejus
2499 4208 2629 4247 vero
2668 4191 2853 4247 laudes
2879 4202 2932 4245 et
2960 4194 3246 4248 commoda
3281 4194 3416 4249 mire
3451 4195 3708 4263 praedicat
3735 4205 3779 4248 et
3806 4205 3879 4263 Vex-

2319 4265 2460 4318 tollit
2489 4263 2555 4317 D.
2580 4262 2810 4334 Basilius
2841 4264 2891 4334 in
2920 4266 3153 4334 quodam
3183 4262 3471 4334 opusculo,
3522 4266 3591 4320 de
3641 4262 3879 4321 Laudibus

2318 4337 2446 4389 vitae
2476 4333 2758 4395 solitaria,
2806 4333 2895 4386 ubi
2935 4333 3049 4389 haec
3097 4333 3238 4390 inter
3265 4337 3367 4390 alia
3397 4354 3409 4389 :
3449 4334 3493 4390 0
3519 4337 3653 4391 cella
3681 4333 3877 4404 negotia-

2320 4417 2489 4459 torum
2523 4404 2801 4459 cmlestium
2845 4407 3122 4473 apotheca,
3174 4408 3229 4460 in
3276 4424 3379 4475 qua
3424 4407 3661 4463 videlicet
3704 4406 3879 4460 illarum

2318 4478 2566 4529 mercium
2616 4491 2817 4528 summa
2848 4478 3177 4541 reconditur,
3220 4479 3402 4545 quibus
3450 4486 3601 4533 teme
3641 4478 3880 4531 virentium

2319 4550 2570 4616 possessio
2594 4557 2941 4615 comparatur.
2976 4547 3020 4599 O
3051 4548 3184 4601 cella
3205 4548 3459 4617 spiritalis
3495 4550 3723 4605 exercitii
3750 4548 3877 4617 mira-

2319 4614 2435 4673 bilis
2458 4614 2791 4689 ofﬁcina,rin
2821 4635 2921 4686 qua
2973 4630 3107 4673 certe
3162 4614 3389 4673 humana
3439 4621 3614 4673 anima
3656 4614 3876 4673 Creatoris

2318 4691 2593 4759 imaginem
2622 4690 2676 4742 in
2704 4704 2755 4742 se
2780 4698 3052 4755 restaurat,
3082 4698 3132 4743 et
3161 4692 3230 4743 ad
3259 4707 3366 4744 sua:
3395 4692 3615 4760 originis
3651 4690 3777 4745 redit
3800 4702 3877 4760 pit-

2318 4755 2525 4814 ritat'em
2548 4778 2565 4827 ;
2589 4760 2675 4813 ubi
2713 4776 2889 4814 sensus
2912 4762 3077 4814 obtusi
3103 4762 3170 4814 ad
3196 4755 3532 4815 subtilitatem
3567 4763 3649 4815 sui
3665 4755 3879 4815 acuminis

2318 4832 2552 4903 redeunt,
2580 4842 2628 4884 et
2657 4847 2751 4903 pro
2780 4832 2953 4884 vitiata
2982 4844 3169 4885 natura
3199 4834 3513 4886 sinceritatis
3553 4849 3733 4903 azyma
3759 4841 3877 4900 repe-

2316 4903 2470 4975 ritur.
2506 4902 2551 4955 0
2572 4902 2719 4975 cella
2744 4903 3014 4975 spirituale
3035 4919 3241 4975 prorsus
3264 4902 3663 4975 habitaculum,-
3691 4911 3876 4975 namth

2317 4973 2380 5027 de
2408 4972 2638 5039 superbis
2667 4971 2795 5041 facis
2824 4968 3066 5042 humiles,
3098 4976 3160 5028 de
3179 4974 3373 5042 gulosis
3394 4972 3616 5042 sobrios,
3644 4968 3715 5028 ide

2318 5042 2452 5097 libus
2472 5038 2626 5110 pios,
2652 5038 2714 5097 de
2758 5044 3021 5098 iracundis
3049 5038 3215 5110 mites,
3249 5045 3312 5098 de
3338 5046 3517 5099 otiosis
3546 5038 3720 5099 reddis
3747 5046 3793 5097 in
3816 5038 3881 5092 di-

2314 5116 2433 5167 vina
2458 5113 2711 5168 charitatc
2738 5113 3004 5184 ferventes.
3045 5115 3120 5168 Tu
3146 5117 3338 5170 odiosw
3364 5119 3554 5185 lingua:
3600 5120 3813 5185 frenum,
3837 5119 3881 5159 ω

2319 5186 2601 5259 luxuriosis
2634 5185 2841 5259 renibus
2871 5185 3045 5240 nitida:
3072 5189 3317 5240 castitatis
3362 5185 3576 5241 adhibes
3617 5187 3882 5259 cingulum!

2319 5265 2374 5310 tu
2398 5257 2528 5327 facis
2561 5265 2611 5308 ut
2642 5257 2769 5311 leves
2790 5258 2974 5327 quique
2994 5259 3061 5310 ad
3090 5261 3388 5327 gravitatem
3414 5259 3647 5321 redeant,
3678 5257 3729 5310 ut
3740 5257 3881 5327 jacet}

2318 5319 2721 5401 scurrilitatibus
2748 5319 2986 5401 parcunt,
3025 5319 3373 5397 utvvaniloqui
3402 5341 3449 5383 et
3474 5319 3714 5401 procaces
3738 5319 3787 5380 se
3807 5319 3879 5401 ξιεθ

2320 5399 2556 5452 districta
2587 5391 2775 5452 silentii
2804 5414 3023 5452 censura
3053 5391 3326 5467 castiqenl,
3353 5391 3484 5454 etcf
3509 5400 3771 5456 Praeclare
3812 5391 3882 5447 iti-

2319 5469 2440 5541 dem
2496 5470 2561 5523 D.
2594 5468 2929 5530 Bernartius,
2962 5481 3035 5541 et,
3063 5471 3128 5523 ad
3181 5471 3321 5525 hunc
3375 5473 3553 5525 locum
3592 5469 3878 5541 aptissime;

2317 5538 2492 5613 Cellae,
2521 5541 2717 5613 inquit,
2744 5550 2790 5593 et
2812 5541 2923 5613 (teli
2949 5540 3199 5613 habitatio
3228 5552 3443 5613 cognata
3464 5552 3581 5595 sunt
3600 5538 3755 5613 {quia
3774 5538 3879 5591 sicut

2314 5612 2500 5665 coelum
2527 5622 2573 5664 et
2600 5610 2733 5665 cella
2764 5612 2832 5663 ad
2861 5611 3076 5664 invicem
3098 5610 3337 5666 videntur
3357 5611 3588 5682 aliquant
3614 5610 3795 5665 habere
3812 5621 3882 5659 co-

2314 5684 2609 5755 gnationem
2622 5684 2870 5755 nominis,
2896 5683 3045 5755 sicel
3076 5684 3295 5755 pietatis.
3326 5683 3369 5736 Α
3400 5683 3617 5738 celando
3647 5685 3777 5736 enim
3801 5690 3881 5731 ca:-
3950 5690 3951 5697 ‘

2315 5752 2422 5825 Iunt
2448 5753 2663 5825 et‘cella
2693 5768 2878 5825 nomen
2908 5752 3086 5825 habere
3116 5754 3386 5825 videntur;
3433 5764 3481 5808 et
3519 5756 3661 5825 quod
3706 5753 3879 5825 celatur

2313 5824 2366 5876 in
2424 5822 2583 5885 caelis,
2635 5825 2730 5877 hoc
2762 5832 2809 5877 et
2862 5824 2917 5877 in
2965 5822 3141 5889 cellis;
3195 5822 3332 5892 quod
3379 5820 3578 5894 geritur
3619 5826 3672 5879 in
3718 5820 3876 5880 car-lit,
