4016 6202
598 325 702 381 571

1926 324 2211 386 JOANNIS
2247 320 2561 409 cassisnt

3778 325 3875 381 ΞΗ

597 451 726 495 tunc
744 438 854 511 jam
882 439 1223 511 conspiciens
1259 454 1507 512 serpere,
1545 442 1626 497 vel
1667 454 2005 498 emersurum
2045 442 2181 497 inter
2207 444 2260 506 Α
2286 448 2439 511 aptos
2468 440 2533 494 ad
2563 440 2964 510 perceptionem
2994 439 3263 513 perfectas,
3286 440 3582 498 curationis
3603 441 3870 498 inveniat.

599 534 911 600 monachos,
936 547 1124 591 sancto
1148 536 1352 607 Spiritu
1373 535 1667 599 revelante.
1703 537 2065 608 prospiciens,
2097 552 2183 591 sa-

598 626 858 681 lutaribus
884 637 1270 697 praeceptorum
1302 645 1519 683 suorum
1545 629 1951 685 medicamentis
1977 645 2181 700 praeve—

596 720 714 771 nire
756 720 995 775 festinat.
1036 720 1607 777 Tbessalonicensihus
1637 725 1781 778 enim
1822 724 2094 789 scribens,
2128 733 2185 778 et

599 810 774 876 primo
796 820 855 864 ut
879 813 1234 880 peritissimus
1261 815 1475 883 quidam
1501 814 1877 886 perlectusque
1909 816 2180 881 medicus,

597 901 1032 958 ‘infirmitatem
1086 916 1463 977 susceptorum
1505 908 1695 963 blanda
1759 908 1974 981 lenique
2028 909 2181 963 verbi

595 993 881 1049 curatione
896 994 1221 1063 fomentans,
1246 1012 1309 1052 ac
1322 998 1388 1054 de
1401 998 1965 1069 charitateiiicipieus,
1981 1016 2184 1070 eosque

595 1087 649 1140 in
677 1101 739 1142 ea
772 1100 920 1158 parte
950 1090 1267 1147 collaudans
1290 1133 1304 1156 ,
1336 1108 1623 1161 quousque
1655 1094 1848 1151 Iethale
1879 1096 2072 1150 vulnus
2106 1094 2185 1150 le-

596 1180 749 1233 niore
779 1182 1021 1237 remedio
1054 1182 1360 1251 delinitum,
1396 1184 1642 1251 deposita
1675 1188 1903 1241 tumoris
1940 1188 2186 1258 indigna-

596 1270 783 1339 tione,
818 1274 1026 1329 lacilius
1052 1276 1405 1331 medicamina
1438 1281 1737 1332 austeriora
1780 1280 2077 1344 sustineat,
2112 1278 2183 1334 ita

598 1364 678 1419 ait
708 1382 722 1418 :
750 1364 829 1420 De
848 1371 1101 1421 charitate
1129 1378 1301 1421 autem
1325 1370 1665 1440 fraternitatis
1706 1387 1809 1425 non
1855 1389 2055 1427 necesse
2086 1373 2183 1426 lia-

599 1460 771 1512 bemus
800 1462 1017 1515 scribere
1043 1456 1198 1515 vobis.
1236 1460 1350 1531 Ipsi
1378 1464 1513 1518 enim
1539 1482 1569 1519 a
1606 1464 1713 1520 Deo
1754 1467 1919 1521 edocti
1944 1470 2064 1523 estis
2088 1510 2102 1533 ,
2131 1477 2186 1522 ut

597 1552 829 1625 dligatis
850 1554 1088 1607 invicem.
1114 1553 1314 1607 Etenim
1341 1556 1516 1625 facitis
1545 1557 1678 1610 illud
1707 1559 1761 1612 in
1791 1576 1964 1613 omnes
2005 1561 2188 1631 fratres

597 1644 652 1697 in
679 1644 918 1697 universa
948 1642 1262 1700 Macedonia
1291 1646 1333 1715 (l
1363 1646 1543 1703 Thess.
1574 1648 1666 1721 tv).
1713 1649 1983 1706 Pmmisit
2013 1652 2187 1708 laudis

600 1736 841 1792 fomenta
872 1737 1030 1803 lenia,
1057 1736 1179 1792 fecit
1202 1752 1389 1793 eorum
1429 1756 1593 1795 aures
1617 1742 1683 1795 ad
1710 1757 1893 1797 curam
1934 1743 2188 1799 salutaris

2285 535 2422 603 Quid
2445 546 2525 590 est
2555 535 2695 602 quod
2740 550 2929 605 rogas,
2958 536 3245 605 Apostole,
3280 545 3337 590 ut
3375 536 3429 590 in
3465 550 3569 605 quo
3593 534 3873 589 abundent

2285 631 2457 699 magis
2478 629 2683 683 scilicet
2712 628 2763 682 in
2795 628 3083 691 cbaritate,
3115 628 3181 682 de
3203 642 3310 698 qua
3336 630 3581 699 superius
3600 628 3829 682 dixeras
3855 646 3867 679 :

2286 722 2363 776 De
2391 724 2641 778 cliaritatc
2667 732 2840 776 autem
2865 720 3207 793 fraternitatis
3238 738 3340 776 non
3381 739 3580 777 necesse
3627 721 3873 775 habemus

2285 813 2508 869 scribere
2530 814 2666 868 vobis
2688 816 2713 869 .7
2739 815 2805 870 Et
2826 812 2953 885 quid
2988 827 3211 869 necesse
3240 822 3327 869 est
3354 824 3411 868 ut
3438 814 3587 869 dicas
3611 815 3697 869 eis
3734 813 3873 869 :Bo—

2286 925 2465 980 gamus
2493 919 2664 962 autem
2705 925 2789 962 vos
2816 919 2870 961 ut
2899 906 3171 961 abundetis
3207 909 3402 979 magis,
3433 907 3526 977 qui
3566 922 3735 977 super
3778 908 3873 961 hac

2286 1020 2347 1059 re
2369 1019 2437 1059 ne
2467 1004 2630 1059 scribi
2655 1003 2871 1073 quidem
2909 1003 3009 1057 sibi
3038 1000 3242 1071 aliquid
3275 1001 3549 1072 indigent?
3576 1016 3701 1057 cum
3736 1016 3874 1070 prie-

2288 1099 2475 1152 sertim
2512 1105 2567 1151 et
2612 1095 2816 1151 inferas
2847 1109 3069 1150 causam
3126 1094 3195 1149 ob
3236 1109 3397 1165 quam
3450 1094 3552 1173 hoc
3594 1093 3719 1163 ipso
3771 1107 3876 1147 non

2287 1198 2509 1260 egeant,
2539 1190 2727 1246 dicens
2757 1207 2771 1243 :
2806 1188 2918 1260 Ipsi
2951 1190 3086 1242 enim
3115 1204 3203 1243 vos
3248 1203 3281 1241 tt
3321 1186 3429 1242 Deo
3457 1187 3594 1241 docti
3623 1188 3749 1240 estis
3772 1229 3787 1251 ,
3825 1196 3879 1240 ut

2289 1281 2517 1351 diligatis
2557 1280 2774 1335 inuicem
2818 1296 2839 1334 :
2876 1280 3091 1334 tertium
3140 1293 3355 1350 quoque
3397 1281 3568 1348 majus
3611 1274 3873 1347 adjicias,

2288 1373 2433 1445 quod
2462 1389 2567 1428 non
2596 1375 2769 1428 solum
2793 1389 2821 1425 a
2854 1373 2968 1427 Deo
2985 1373 3163 1427 edocti
3192 1372 3319 1439 sint,
3345 1386 3529 1426 verum
3552 1372 3879 1425 etiamcom~

2290 1466 2466 1538 pleaiit
2494 1479 2659 1533 opere
2685 1478 2805 1535 quae
2835 1463 3129 1519 docentur?
3158 1462 3366 1517 Etenim
3396 1463 3567 1534 facitis
3591 1462 3729 1516 illud
3750 1504 3765 1527 ,
3795 1463 3877 1517 in-

2288 1560 2435 1629 quit,
2466 1574 2577 1614 uon
2624 1559 2675 1612 in
2712 1573 2820 1612 uno
2842 1565 3048 1612 tantum
3080 1557 3163 1612 vel
3190 1557 3436 1623 duobus,
3469 1556 3562 1612 sed
3612 1557 3670 1610 in
3706 1572 3879 1610 omnes

2290 1652 2501 1722 fratres,
2536 1666 2634 1707 nec
2662 1651 2715 1705 in
2749 1660 2956 1706 vestros
2986 1650 3361 1705 tantummodo
3390 1650 3535 1705 cives
3562 1652 3644 1704 vel
3678 1662 3835 1705 notos
3859 1696 3874 1717 ,

2291 1745 2385 1801 sed
2413 1746 2467 1799 in
2495 1746 2733 1800 universa
2765 1744 3108 1800 Macedonia?
3134 1744 3235 1799 Dic
3274 1743 3436 1813 igitur
3461 1745 3673 1799 tandem
3701 1787 3715 1809 ,
3751 1746 3875 1815 quid

600 1828 754 1880 verbi
786 1828 1028 1895 placidas
1068 1839 1123 1883 et
1166 1840 1396 1898 paratas.
1427 1831 1660 1888 Rursum
1686 1835 1845 1889 infert
1876 1853 1891 1891 :
1921 1834 2185 1906 Rogamus
2214 1842 2261 1904 Β
2285 1850 2369 1895 est
2403 1838 2545 1909 quod
2598 1847 2879 1909 tantopere
2922 1842 3025 1894 hoc
3064 1839 3380 1909 praemittis?
3423 1838 3619 1894 lterum
3664 1838 3829 1893 infert
3860 1856 3874 1891 :

600 1930 770 1974 autem
812 1922 921 1987 vos,
965 1928 1174 1991 fratres,
1217 1933 1271 1977 ut
1307 1924 1575 1979 abundetis
1618 1928 1802 1998 magis.
1851 1930 2039 1985 Adhuc
2091 1944 2185 1984 eos

599 2011 796 2069 blanda
823 2015 1111 2073 verborum
1144 2018 1368 2075 lenitate
1398 2020 1691 2088 demulcet,
1710 2038 1779 2075 ne
1800 2023 1938 2078 forte
1955 2023 2227 2088 necdum.

2292 1930 2556 2003 Rogamus
2591 1939 2762 1983 autem
2791 1947 2900 1996 vos,
2931 1933 3150 2000 fratres,
3192 1937 3247 1983 ut
3294 1930 3568 1985 abundetis
3596 1932 3786 2001 magis.
3816 1930 3875 1984 Et

2294 2023 2380 2077 vix
2408 2020 2695 2093 aliquando
2726 2022 2781 2077 in
2811 2022 2863 2077 id
2889 2023 3033 2095 quod
3055 2021 3185 2079 olim
3207 2018 3531 2080 moliebatur
3550 2063 3567 2090 ,
3594 2024 3831 2095 erumpit
3858 2041 3872 2078 :

1677 2180 1929 2237 Αωλθι
1970 2181 2199 2239 (ἓΑΖίΕΙ
2236 2180 2806 2241 COMMENTARIUS.

602 2344 863 2412 optimum
904 2354 958 2399 et
1006 2358 1268 2415 perquam
1291 2344 1652 2400 necessarium
1682 2345 2001 2407 remedium.
2035 2344 2177 2416 quod

602 2430 668 2469 ex
699 2418 1069 2486 aposuiloriim
1097 2416 1339 2471 doctrina
1383 2425 1438 2470 et
1479 2416 1728 2483 exemplo
1767 2428 2044 2482 acceptum
2068 2457 2084 2480 ,
2116 2418 2183 2470 ab

602 2487 835 2557 antiquis
873 2487 1069 2541 deinde
1116 2488 1362 2542 Patribus
1408 2497 1464 2542 et
1510 2487 1788 2542 monachis
1815 2529 1829 2552 ,
1878 2489 2180 2557 praesertim

601 2556 893 2627 .‘Egyptiis,
922 2569 1181 2625 perpetuo
1208 2574 1305 2611 usu
1332 2568 1386 2612 et
1412 2558 1795 2612 observatione
1826 2556 2185 2620 retentum.et

604 2640 915 2696 usurpatum
937 2639 1325 2683 commemorat
1348 2628 1631 2699 (Bonaven.
1664 2630 1728 2683 de
1763 2629 1990 2700 Pauper.
2016 2631 2181 2696 lib.tl,

602 2714 650 2750 c.
675 2700 739 2762 ‘5;
772 2700 886 2763 2-2,
915 2716 967 2771 q.
1002 2700 1123 2764 187,
1143 2716 1194 2752 a.
1229 2702 1305 2771 3).
1336 2700 1413 2755 Ac
1454 2702 1682 2769 primum
1728 2702 1867 2766 quod
1897 2702 1961 2755 ad
1994 2703 2188 2758 doctri-

606 2770 980 2843 naui__atiiiiet,
1008 2782 1271 2840 praecepta
1306 2770 1549 2841 Apostoli
1581 2788 1645 2825 ex
1690 2780 1918 2843 utraque
1947 2773 2184 2843 Epistola

605 2841 670 2895 ad
709 2840 1218 2916 Thessalonicienses
1258 2840 1562 2916 desumpta,
1612 2852 1721 2897 tum
1762 2840 1964 2916 inihoc
1987 2840 2183 2916 capite,

609 2922 720 2965 tum
747 2912 867 2967 aliis
895 2914 1245 2985 sequentibus
1272 2913 1562 2985 diligenter
1604 2915 1883 2983 expendit,
1910 2924 1964 2972 et
1999 2912 2188 2973 mona-

605 2986 722 3038 chis
769 2984 1025 3056 peculii’ri
1074 2986 1279 3040 ratione
1332 2984 1585 3053 adaptat;
1647 2987 1770 3041 licet
1825 2999 2188 3045 communiter

607 3059 855 3111 omnibus
884 3057 1204 3111 Christianis
1233 3058 1300 3110 ab
1326 3057 1583 3119 Aposttilo
1616 3058 1809 3112 tradita
1840 3062 1967 3124 sint,
2002 3073 2055 3115 et
2085 3076 2189 3114 saa-

608 3129 878 3182 cularibus
902 3130 1124 3196 perinde
1152 3142 1213 3181 ac
1242 3128 1505 3196 religiosis
1533 3131 1887 3184 conveniant.
1922 3131 1999 3185 Ad
2030 3135 2185 3197 cujus

608 3200 1043 3267 explicationem,
1086 3209 1283 3268 praeter
1310 3214 1372 3251 ea
1406 3215 1524 3265 quae
1551 3200 1683 3253 ali-is
1719 3202 1786 3253 tle
1823 3202 1917 3255 hac
1948 3218 2007 3257 re
2045 3203 2187 3258 dicta

610 3282 753 3337 sunt,
791 3272 1083 3325 notandum
1108 3286 1173 3324 ex
1201 3270 1263 3322 D.
1296 3269 1532 3335 Thoma,
1558 3272 1699 3340 quod
1733 3273 1885 3324 lall'll'
1926 3276 2187 3329 inantialis

611 3352 841 3413 quatuor
886 3358 949 3397 ex
998 3340 1176 3395 causis
1229 3341 1554 3413 suscipitur,
1596 3352 1647 3393 et
1677 3342 1744 3393 ad
1780 3354 2012 3413 quatuor
2056 3344 2190 3399 lines

611 3412 925 3468 Ordinatur:
959 3415 1156 3476 Priiiio,
1210 3412 1412 3479 inquit,
1466 3425 1518 3465 et
1570 3412 1938 3479 prinCipaliter
1990 3417 2055 3469 ad
2115 3418 2192 3469 vi-

611 3496 755 3555 ctum
789 3485 1168 3555 qurerenduin;
1201 3484 1341 3535 unde
1386 3483 1559 3555 primo
1590 3482 1791 3555 homini
1826 3485 2029 3539 dictum
2062 3499 2141 3541 est
2175 3506 2188 3541 :

614 3554 681 3610 In
704 3553 893 3610 sudore
919 3555 1092 3609 vultus
1123 3556 1196 3607 tui
1223 3554 1435 3607 vesceris
1461 3569 1592 3621 pane
1622 3565 1729 3607 tuo.
1754 3553 2004 3611 Secundo
2034 3558 2100 3612 ad
2126 3560 2192 3612 vi-

617 3631 835 3682 tandum
867 3630 1034 3693 otium
1060 3668 1075 3689 ,
1118 3641 1185 3680 ex
1215 3640 1322 3694 quo
1348 3628 1511 3679 inulta
1543 3625 1681 3679 mala
1719 3627 2002 3694 oriuntur;
2053 3631 2193 3686 unde

614 3702 813 3753 dicitur
843 3698 1151 3773 Ecclesiast.
1186 3710 1352 3773 xxxiii
1377 3695 1573 3773 :__M_itte
1598 3712 1797 3773 servum
1824 3708 1970 3773 tuum
1992 3702 2046 3754 in
2076 3718 2196 3773 ορε-

613 3776 887 3837 rationem,
917 3767 1131 3823 multam
1159 3770 1292 3822 enim
1313 3768 1561 3822 malitiam
1587 3770 1759 3823 docuit
1787 3770 2037 3827 otiositas.
2064 3767 2197 3829 Ter-

592 3847 692 3899 ‘tio
729 3844 793 3897 ad
841 3839 1290 3913 cooriipi-ceniiaa
1338 3840 1796 3913 refrenationem,
1831 3844 1881 3896 in
1934 3856 2193 3913 quantum

617 3932 713 3984 per
743 3911 1167 3984 hocimaceratur
1195 3926 1411 3984 corpus.
1462 3911 1612 3967 Unde
1644 3927 1680 3967 ti
1712 3916 1778 3969 ad
1810 3911 1993 3971 (ἔοι-ἰὴ.
2028 3932 2077 3971 ri
2107 3918 2192 3972 di-

615 3982 755 4039 citur
790 4004 800 4037 :
827 3983 892 4038 In
921 3985 1172 4055 laboribus
1192 4025 1207 4045 ,
1235 3982 1290 4035 in
1310 3986 1531 4055 jejuniis
1550 4025 1561 4039 .
1612 3984 1666 4037 in
1698 3986 1888 4055 vigiliis
1913 4028 1927 4047 ,
1962 3988 2016 4041 in
2044 3991 2197 4042 casti-

620 4068 742 4110 tate.
782 4057 985 4122 Quarto
1029 4054 1311 4125 ordinatur
1354 4054 1419 4105 ad
1470 4054 1848 4125 eleemmynas
1899 4057 2191 4113 faciendas.

619 4128 772 4183 Unde
801 4128 996 4179 dicitur
1024 4126 1088 4179 ad
1121 4123 1313 4197 Ephes.
1334 4138 1399 4197 _tv
1432 4140 1447 4176 :
1482 4124 1582 4187 Qui
1629 4123 1924 4197 (urebatur,
1944 4129 2062 4197 jam
2093 4145 2196 4181 non

620 4204 840 4269 furetur.
873 4198 1032 4266 magis
1061 4203 1249 4269 autem_
1272 4193 1467 4269 laboret
1495 4196 1759 4269 operando
1789 4193 2021 4250 manibus
2048 4200 2154 4250 suis
2179 4243 2193 4267 ,

617 4263 757 4337 quod
789 4263 973 4322 bonum
1007 4276 1080 4319 est
1101 4307 1115 4327 ,
1145 4273 1200 4317 ut
1230 4263 1415 4337 habeat
1450 4266 1586 4316 unde
1615 4264 1807 4337 tribuat
1848 4263 2194 4321 necessitatem

621 4334 848 4409 patienti.
877 4338 1147 4409 Quatenus
1174 4350 1304 4405 ergo
1323 4335 1487 4409 labor
1514 4334 1785 4409 inanualis
1825 4337 2106 4391 ordinatur
2129 4340 2194 4393 ad

621 4404 819 4462 victum
848 4404 1212 4475 quaerendum,
1240 4404 1509 4477 caditsub
1547 4408 1869 4477 necessitate
1896 4410 2151 4477 praecepti
2180 4451 2195 4475 ,

624 4489 782 4551 prout
828 4481 1165 4551 necessarius
1211 4485 1301 4551 est
1338 4476 1414 4551 ad
1453 4491 1576 4530 eum
1630 4476 1811 4551 linem.
1847 4476 1907 4533 Et
1948 4479 2069 4533 ideo
2107 4484 2195 4550 qui

2283 2358 2541 2417 manuum
2571 2346 2750 2400 omnis
2794 2345 3044 2417 operatio
3091 2343 3412 2417 intelligitur
3440 2344 3512 2401 de
3548 2358 3654 2416 quo
3685 2344 3873 2417 aliquis

2286 2416 2435 2471 licite
2456 2417 2659 2489 victum,
2691 2414 2864 2489 potest
2897 2418 3117 2489 lucrari.
3147 2414 3462 2489 Secundum
3510 2414 3693 2489 autem
3730 2414 3871 2489 quod

2288 2500 2423 2555 Opus
2453 2488 2701 2543 manuale
2732 2488 3016 2543 ordinatur
3042 2488 3111 2543 ad
3138 2488 3311 2543 otium
3344 2487 3665 2551 tollendum,
3700 2486 3778 2543 vel
3806 2486 3865 2540 ad

2284 2558 2465 2613 carnis
2494 2559 2939 2625 macerationem,
2958 2575 3063 2614 non
3089 2560 3236 2615 cadit
3256 2560 3356 2615 sub
3379 2561 3705 2615 necessitate
3731 2574 3862 2627 prre-

2286 2632 2425 2699 cepti
2457 2629 2756 2685 secundum
2787 2645 2849 2686 se
2889 2630 3296 2686 consideratum
3326 2672 3343 2699 ,
3374 2630 3503 2699 quia
3540 2631 3719 2685 multis
3746 2629 3858 2683 aliis

2289 2700 2465 2755 modis
2516 2710 2691 2767 potest
2720 2701 2805 2756 vel
2850 2715 2979 2757 caro
3030 2702 3332 2767 macerari,
3358 2703 3447 2757 vel
3492 2704 3653 2757 etiam
3702 2702 3859 2755 otium

2290 2771 2440 2835 tolli,
2467 2770 2624 2841 quam
2656 2785 2752 2840 per
2777 2787 2913 2842 opus
2941 2772 3213 2827 manuale.
3248 2772 3555 2829 Maceratur
3574 2772 3715 2828 enim
3742 2787 3860 2826 caro

2291 2857 2386 2911 per
2411 2842 2613 2912 jejuiiia
2644 2853 2700 2897 et
2727 2841 2967 2915 vigilias,
3003 2853 3062 2899 et
3086 2853 3258 2899 otium
3291 2844 3500 2900 tollitur
3530 2841 3864 2915 permedita-

2290 2915 2464 2967 tiones
2504 2913 2813 2969 sanctarum
2860 2916 3268 2985 Scripturarum
3312 2925 3365 2970 et
3393 2913 3581 2970 laudes
3617 2913 3857 2985 divinas;

2288 2996 2343 3039 et
2372 2985 2491 3039 ideo
2518 2996 2738 3055 propter
2769 2986 2865 3040 bas
2887 3000 3081 3041 causas
3106 2986 3342 3053 religiosi
3375 3000 3484 3040 non
3526 2994 3777 3040 tenentur
3800 2984 3859 3055 ad

2288 3066 2452 3125 opera
2486 3052 2746 3111 niaiiualia
2773 3098 2788 3125 ,
2820 3058 2960 3113 sicut
3004 3072 3102 3112 nec
3131 3052 3460 3122 szeculares;
3493 3058 3591 3111 nisi
3640 3057 3772 3110 forte
3798 3052 3859 3108 ad

2292 3124 2395 3180 hoc
2434 3141 2536 3198 per
2558 3135 2754 3181 statuta
2786 3130 2869 3183 sui
2899 3130 3107 3184 ordinis
3136 3128 3467 3198 obligentur,
3498 3128 3635 3184 sicut
3682 3126 3861 3181 Hiero-

2293 3212 2484 3323 gmus
2510 3197 2639 3253 dicit
2679 3203 2731 3253 in
2775 3200 3001 3268 epistola
3056 3199 3121 3254 ad
3173 3197 3453 3253 RuSticum
3504 3201 3857 3253 monachum:

2366 3274 2672 3323 evntiorum
2720 3272 3047 3323 monasteria
3096 3270 3237 3323 hunc
3287 3277 3473 3323 tenent
3517 3285 3753 3323 morem.
3809 3278 3857 3320 ut

2366 3274 2672 3339 gyptiorum
2720 3272 3047 3326 monasteria
3096 3270 3237 3325 hunc
3287 3277 3473 3325 tenent
3517 3285 3753 3332 morem,
3809 3278 3859 3320 ut

2294 3343 2499 3393 tiulluin
2529 3340 2729 3406 absque
2756 3358 2923 3412 opere
2951 3353 3041 3397 aut
3070 3340 3257 3396 labore
3280 3341 3599 3407 suscipiant,
3629 3357 3725 3395 non
3753 3348 3860 3393 tam

2294 3424 2512 3535 rI'Oplel'
2541 3418 2714 3466 Victus
2739 3416 3115 3469 necessitatem
3139 3429 3297 3497 quam
3328 3421 3548 3482 prepter
3572 3413 3749 3467 aniuize
3772 3426 3859 3464 sa-

2319 3490 2460 3535 titetii
2486 3522 2500 3535 .
2555 3496 2622 3535 ne
2660 3494 2921 3535 vagentur
2972 3485 3290 3535 nernicrosis
3330 3483 3751 3535 castitationibus.
3808 3478 3859 3534 In

2319 3478 2500 3545 ntein,
2555 3496 2622 3535 ne
2660 3494 2921 3553 vagentur
2972 3478 3290 3554 perniciosis
3315 3478 3751 3554 cogitationibus.
3808 3478 3859 3534 In

2295 3564 2552 3623 quantum
2581 3568 2711 3610 vero
2754 3570 2890 3623 opus
2938 3553 3185 3611 manuale
3228 3553 3515 3609 ordinatur
3548 3554 3614 3609 ad
3640 3555 3858 3623 eleemo-

2294 3621 2455 3697 ἐγιεειξ
2485 3621 2919 3697 ῐεείθιιάίιείηυιι
2949 3626 3091 3681 cadit
3121 3626 3222 3680 sub
3243 3628 3569 3681 necessitate
3598 3621 3857 3697 praecepti.

2298 3694 2401 3749 nisi
2434 3694 2572 3750 forte
2598 3713 2665 3751 eo
2691 3696 2858 3766 casu,
2894 3700 2944 3751 in
2977 3715 3083 3767 quo
3120 3697 3240 3767 quis
3270 3694 3669 3765 eleemOsynam
3697 3696 3859 3747 facere

2301 3775 2594 3832 teneretur,
2628 3777 2682 3823 et
2730 3784 2834 3824 non
2868 3778 3050 3837 posset
3078 3768 3211 3822 alias
3241 3767 3464 3835 habere,
3511 3768 3648 3823 unde
3676 3780 3858 3837 paupe-

2299 3839 2448 3893 ribus
2476 3840 2806 3895 subveniret.
2843 3834 2895 3895 lii
2925 3855 3032 3907 quo
3070 3852 3201 3894 casu
3231 3839 3606 3907 obligarentur
3634 3834 3859 3893 similiter

2300 3911 2537 3981 religiosi
2567 3921 2622 3963 et
2639 3917 2925 3965 szecutares
2946 3911 3011 3965 ad
3033 3926 3196 3981 opera
3226 3910 3495 3965 manualia
3518 3907 3855 3981 exsequenda.

2300 3980 2568 4035 Hactenus
2590 3982 2785 4035 Doctor
2808 3984 3116 4052 Angelicus,
3132 3998 3195 4037 ea
3213 3982 3475 4037 doctrinas
3498 3980 3859 4052 perspicuitate

2299 4062 2351 4105 et
2399 4052 2669 4107 soliditate
2694 4095 2707 4114 ,
2742 4066 2799 4107 ut
2829 4049 2961 4107 nihil
3010 4054 3211 4108 clarius
3240 4064 3294 4109 et
3322 4049 3659 4108 enucleatius
3681 4092 3697 4115 ,
3738 4049 3859 4105 nihil

2299 4124 2461 4175 etiam
2485 4126 2793 4178 accuratius
2822 4133 2875 4178 et
2902 4124 2968 4179 ad
3010 4138 3252 4194 praesens
3294 4124 3605 4179 institutum
3632 4123 3695 4179 de
3714 4134 3860 4192 opere

2302 4194 2536 4267 niaiiuali
2566 4198 3028 4250 accommodatius
3050 4196 3154 4251 dici
3185 4194 3382 4267 possit.

2373 4270 2398 4298 ⁸
2435 4263 2546 4317 Νοη
2576 4267 3032 4332 prmterniittenda
3064 4262 3274 4322 videtur
3310 4266 3554 4323 Ciaconii
3602 4262 3856 4319 annotatio

2300 4332 2367 4387 de
2399 4333 2497 4387 hac
2526 4349 2657 4390 voce
2685 4340 2928 4407 suscepti.
2962 4337 3260 4410 Susceptus,
3284 4337 3486 4407 inquit.
3509 4333 3857 4411 tvocathssiaf

2300 4420 2396 4456 nus
2420 4415 2669 4475 argrotos,
2696 4404 2843 4477 quos'
2866 4412 3090 4464 medicus
3126 4404 3386 4463 curandos
3424 4409 3664 4477 suscepit.
3699 4404 3783 4477 Sig
3820 4404 3857 4477 ίξ

2299 4477 2385 4549 qui
2417 4471 2671 4549 Ambrosii
2694 4471 2897 4534 nomine
2926 4483 3284 4549 circumfertur
3308 4481 3361 4532 in
3378 4493 3495 4548 cap.
3523 4494 3540 4532 ι
3572 4471 3726 4546 Epist.
3744 4473 3783 4527 [Ι
3799 4471 3860 4525 ad

623 4548 728 4607 non
759 4552 919 4605 habet
958 4550 1172 4622 aliunde
1201 4548 1339 4602 unde
1364 4548 1550 4601 vivere
1589 4548 1758 4622 possit
1785 4591 1800 4612 ,
1832 4557 2047 4606 tetietur
2083 4548 2195 4604 nia-
2225 4559 2272 4618 ι)
2299 4548 2554 4603 Corinth.:
2574 4548 2720 4622 Quis,
2742 4548 3259 4621 inquit,medicorum
3282 4566 3386 4605 non
3404 4553 3856 4622 arguitsusceplml

624 4625 783 4676 uilius
812 4624 1023 4690 aperari
1050 4663 1064 4682 ,
1094 4620 1479 4688 cujuscumque
1509 4620 1830 4674 conditionis
1859 4625 1950 4675 sit.
1997 4622 2063 4675 Et
2097 4623 2197 4676 hoc

623 4695 928 4758 significant
953 4693 1107 4745 verba
1127 4690 1368 4761 Apostoli
1397 4690 1656 4744 dicentis:
1687 4692 1785 4753 Qui
1817 4709 1915 4745 non
1940 4693 2048 4747 vult
2073 4711 2198 4761 ope-

584 4808 585 4811 η
622 4767 752 4829 rari,
780 4782 868 4818 nec
890 4764 1161 4817 manducet
1184 4760 1204 4829 ;
1225 4760 1375 4831 quasi
1404 4762 1612 4816 diceret
1647 4778 1659 4814 :
1686 4776 1747 4814 ea
1783 4760 2201 4819 necessitatem.

627 4851 782 4893 netiir
812 4838 929 4906 quis
957 4837 1022 4888 atl
1066 4835 1394 4903 operantium
1425 4836 1692 4898 inanibus,
1727 4850 1825 4901 qua
1878 4842 2092 4889 tenetur
2131 4837 2197 4891 ad

586 4947 593 4955 ι
626 4907 1056 4964 manducandum
1080 4911 1301 4971 (nempe
1323 4914 1379 4956 ut
1403 4907 1561 4957 vitain
1589 4912 1901 4971 sustentet).
1924 4906 1989 4959 Et
2010 4907 2197 4962 eadem

623 4982 763 5036 ratio
790 4989 871 5033 est
902 4980 966 5031 tle
998 4977 1105 5031 illis
1131 4978 1225 5047 qui
1260 4991 1365 5031 non
1394 4976 1592 5047 habent
1621 4976 1752 5029 alias
1782 4977 1920 5030 unde
1953 4977 2095 5032 licite
2122 4980 2198 5032 vi-

627 5070 751 5107 vere
780 5049 1004 5119 possint.
1035 5046 1163 5103 Non
1191 5051 1333 5119 enim
1365 5046 1683 5115 intelligitur
1709 5049 1903 5119 aliquis
1936 5062 2101 5117 posse
2117 5050 2192 5103 fa-

625 5140 749 5179 cere
778 5118 917 5194 quod
953 5136 1054 5173 non
1082 5122 1224 5175 licite
1244 5118 1423 5173 facere
1445 5118 1811 5185 palest.Uiide
1826 5127 1879 5175 et
1908 5120 2197 5194 Apostolus

627 5214 731 5251 non
756 5192 1029 5251 invenitur
1054 5206 1186 5259 aptis
1220 5205 1472 5244 manuum
1505 5194 1852 5262 praecepisse,
1879 5192 1979 5246 nisi
2008 5192 2073 5246 ad
2105 5206 2198 5246 ex-

625 5268 949 5321 cludendum
985 5273 1259 5331 peccatum
1288 5277 1473 5317 eorum
1520 5264 1607 5329 qui
1639 5264 1823 5320 illicite
1854 5263 2053 5317 victum
2101 5278 2194 5317 ac-

625 5340 929 5401 quii-eliant.
961 5337 1085 5390 Haec
1112 5336 1169 5390 S.
1194 5333 1429 5387 Thomas
1459 5336 1641 5401 paucis
1668 5333 2001 5388 intermediis
2030 5338 2197 5387 omis-

626 5415 717 5461 sis.
752 5410 824 5461 At:
855 5408 1044 5460 deinde
1076 5418 1190 5476 post
1227 5419 1391 5476 pauca
1438 5405 1618 5476 subdit
1650 5421 1665 5459 :
1694 5404 1984 5476 Sciendum
2018 5415 2193 5459 tamen

627 5482 765 5541 quod
792 5482 890 5531 sub
918 5475 1088 5535 onere
1114 5480 1342 5529 manu-ali
1368 5475 1739 5542 intelliguntur
1759 5478 1941 5530 omnia
1968 5475 2197 5529 humana

626 5555 801 5619 uitii-ia
836 5564 903 5602 ex
934 5550 1127 5619 quibus
1174 5548 1417 5619 homines
1465 5546 1851 5619 licitevictumi
1882 5546 2155 5619 lucratitur
2180 5591 2195 5612 ,

627 5618 736 5671 ἐσνι·
763 5616 1027 5679 iiiaoiiius,
1050 5620 1163 5671 sive
1196 5618 1441 5680 pedibus,
1474 5618 1592 5671 sive
1620 5618 1797 5686 lingua
1824 5618 1972 5671 liant.
2003 5616 2198 5684 Vigiles

627 5698 767 5744 enim
794 5734 797 5739 .
833 5698 886 5740 et
915 5704 1185 5753 cursores,
1218 5700 1265 5736 et
1297 5690 1386 5741 alii
1439 5689 1741 5755 hUjUSIHOtli
1772 5690 1840 5743 de
1885 5704 1981 5742 suo
2011 5687 2197 5743 labore

630 5766 893 5818 visontes,
929 5759 1295 5822 intelliguntur
1324 5759 1392 5811 de
1423 5761 1673 5826 operibus
1705 5775 1959 5814 manuum
1991 5760 2192 5814 vivere.

628 5836 675 5893 ρ
700 5836 759 5882 ii
797 5834 938 5882 enim
974 5841 1160 5880 manus
1181 5838 1261 5880 est
1291 5843 1550 5897 organum
1579 5845 1922 5899 organorum,
1948 5846 2042 5901 per
2061 5846 2196 5901 Opus

2299 4637 2448 4675 suum
2472 4620 2883 4691 negligentiusse
2907 4633 3228 4687 tractantem,
3259 4639 3323 4674 ne
3344 4620 3747 4691 cura'medicinte
3766 4627 3856 4668 sine

2301 4694 2411 4746 sine
2433 4697 2605 4761 fructu
2626 4704 2886 4747 remaneat
2904 4696 2929 4748 2
2960 4693 3020 4749 8.
3045 4692 3342 4747 Ambrosius
3365 4709 3519 4746 serm.
3542 4692 3610 4746 TI
3646 4712 3657 4747 :
3683 4690 3742 4744 Si
3770 4701 3855 4738 nic-

2301 4764 2473 4817 dicunt
2523 4766 2823 4817 animarum
2867 4775 3155 4819 nostrorum
3206 4763 3431 4836 ﬁdeliter
3480 4777 3772 4836 exoremus,
3809 4762 3855 4836 ει

2303 4846 2559 4905 ρνιεεερια
2588 4836 2731 4905 ejus.
2773 4846 3033 4905 tamquam
3073 4826 3293 4901 suscepti
3326 4834 3539 4905 idonei,
3572 4834 3768 4905 minime
3789 4826 3855 4878 tli-

2299 4903 2620 4968 spernamus.
2683 4905 2749 4959 Et
2800 4906 2841 4960 Τ
2842 4903 3149 4961 ertullianus
3200 4905 3449 4959 adversus
3498 4903 3855 4957 Valentinianos

2303 4974 2460 5059 (Cap:
2495 4978 2587 5059 16)
2613 5000 2632 5059 ς.
2813 4980 3028 5059 Opinor,
3063 4979 3150 5030 ille
3194 4988 3485 5059 susceptgm
3510 4976 3855 5059 confirmaf,_tf

2304 5043 2538 5101 omnibus
2558 5043 2767 5117 injuriis
2789 5053 3044 5117 passionis
3059 5046 3368 5117 expumicat.
3388 5045 3701 5099 Dicebantur
3722 5043 3855 5097 etiam

2302 5121 2529 5187 suscepti
2579 5121 2798 5190 clientes
2839 5136 2963 5189 quos
3023 5118 3223 5190 patroni
3274 5117 3491 5190 tuendos
3530 5118 3851 5190 susceperant.

2306 5136 2528 5187 suscepti
2589 5136 2798 5175 clientes
2839 5136 2963 5189 quos
3060 5136 3223 5171 atram
3274 5136 3491 5171 tuenaos
3530 5136 3851 5187 susceperant-

2306 5190 2514 5259 Servius
2542 5187 2614 5244 1E
2623 5192 2797 5245 naidas
2809 5205 2883 5253 Vl,
2908 5190 2974 5242 ad
2999 5136 3147 5243 illud.
3176 5187 3274 5241 Aut
3293 5190 3439 5259 fraus
3460 5189 3651 5242 innexa
3670 5180 3852 5259 clienti,

2312 5258 2451 5327 Vult,
2480 5263 2662 5333 inquit.
2693 5261 2913 5331 intelligi
2944 5257 3386 5329 prtevaricatorcs,
3410 5261 3502 5325 qui
3536 5257 3737 5333 patroni
3757 5257 3857 5333 tu"!

2302 5326 2566 5385 clientium
2589 5373 2605 5397 ,
2633 5349 2759 5400 quos
2800 5326 3530 5400 nu'nc'susceptosﬂvocamus.
3566 5326 3855 5400 Augustinus

2302 5408 2448 5474 epist.
2485 5404 2553 5458 59
2576 5397 2799 5473 (Callet.
2834 5401 2867 5455 ϐ
2891 5418 3007 5461 cap.
3054 5397 3141 5473 10)
3182 5420 3193 5455 :
3227 5399 3373 5455 Tunc
3410 5404 3550 5455 enim
3589 5397 3853 5474 antistites.

2303 5468 2437 5527 velut
2462 5468 2732 5534 advocati,
2762 5468 3207 5544 susceptossuos,
3254 5488 3347 5544 per
3387 5468 3856 5544 manus_imp_asiiio;

2304 5561 2417 5598 nem
2460 5545 2949 5598 misericordissima
2983 5542 3207 5610 offerunt
3249 5540 3512 5615 potestati.
3559 5542 3625 5596 Et
3668 5540 3750 5615 ille
3784 5547 3855 5612 qi}!

2302 5618 2433 5669 inter
2472 5616 2746 5685 Augustini
2783 5631 2936 5684 opera
2977 5616 3071 5669 sub
3108 5617 3217 5678 eius
3250 5613 3469 5669 nomine
3515 5613 3855 5685 delitescit,‘t»'l

2305 5678 2588 5753 Qumstionv.
2642 5688 2757 5739 novi
2796 5678 2841 5739 et
2893 5688 3072 5741 veteris
3093 5686 3414 5741 Testainenli
3439 5728 3455 5751 ,
3489 5694 3670 5753 quirat.
3726 5678 3809 5735 l0‘3
3843 5689 3853 5723 ε

2308 5760 2575 5830 Numquid
2598 5759 2640 5811 si
2663 5758 2814 5811 mala!
2843 5759 2957 5812 vitat
2979 5760 3043 5830 sit
3070 5759 3565 5830 adt'ocatus,contra
3593 5760 3854 5830 suscepi"?!

2301 5847 2449 5884 suum
2462 5814 2934 5897 'pronuntiabitur?
2964 5829 3259 5884 Ambrosius
3282 5814 3400 5881 item
3422 5842 3644 5881 sermon.
3674 5814 3776 5881 93':
3804 5814 3855 5870 Ῐη
