3994 6202
492 228 600 289 375

1796 231 2072 289 JOANNIS
2109 229 2420 297 CASSIAM

3660 230 3763 291 376

416 346 430 363 ⁸
489 349 639 406 dium
668 349 813 407 ferre
840 366 945 406 non
978 354 1151 422 potuit
1170 395 1184 419 ,
1232 353 1433 409 mederi
1473 354 1728 422 spiritalis
1762 353 1885 409 ferri
1936 354 2069 409 inci-
2096 362 2151 422 Α
2172 354 2483 424 inquietum'
2498 355 2639 411 inter
2661 368 2757 409 eos
2787 368 2896 409 non
2926 352 3093 410 fuisse
3120 367 3213 425 per
3233 352 3764 424 operisexercitium

491 441 647 498 sione
676 452 948 512 pertentat
978 462 992 501 :
1025 457 1080 498 ut
1108 446 1417 499 subtrahatis
1440 463 1546 507 vos,
1568 446 1834 516 inquiens,
1859 448 1921 500 ab
1940 448 2077 501 omni

490 541 655 602 fratre
682 535 978 589 ambulante
1003 537 1297 589 inordinate
1323 544 1371 589 et
1396 553 1496 589 non
1526 531 1808 591 secundum
1834 539 2077 592 traditio-

490 640 633 693 nem,
664 641 817 695 quam
848 637 1149 696 acceperunt
1191 644 1222 679 a
1252 627 1413 681 nobis.
1444 628 1627 698 Itaque
1656 630 1723 683 ab
1754 628 1836 683 bis
1865 630 1955 698 qui
1987 643 2079 684 va-

490 732 619 773 care
646 720 800 789 operi
833 720 1019 773 nolunt
1039 762 1052 783 ,
1083 720 1238 790 jubet
1267 721 1540 787 subtrahi,
1568 732 1623 776 et
1653 723 1802 777 velut
1837 723 2077 777 membra

424 861 428 869 ,
489 810 588 864 etii
616 820 867 877 corrupta
893 813 1176 880 putredine
1197 812 1474 879 desecari;
1510 830 1576 869 ne
1599 814 1807 869 inertia:
1829 816 2073 882 morbus,

487 903 637 959 velut
672 903 871 959 letbale
917 907 1263 975 contagium,
1306 908 1467 962 etiam
1514 921 1675 962 sanas
1710 909 2072 963 membrorum

488 1003 671 1067 partes
711 996 833 1052 tabe
861 1009 1114 1067 serpente
1140 1009 1481 1066 corrumpat;
1506 1000 1847 1070 dicturusque
1885 1000 1951 1055 de
1991 1000 2073 1055 his

485 1089 579 1159 qui
600 1089 817 1158 operari
842 1091 1089 1145 manibus
1116 1093 1231 1147 suis
1254 1092 1466 1155 nolunt,
1491 1103 1543 1147 et
1572 1108 1761 1163 panem
1775 1108 1930 1147 suum
1951 1108 2073 1147 cum

487 1180 707 1236 silentio
737 1181 1089 1247 manducare,
1118 1199 1146 1236 a
1169 1184 1361 1253 quibus
1382 1185 1545 1239 etiam
1572 1186 1829 1252 praecepit
1856 1186 2076 1238 subtra-

486 1270 759 1339 hendum;
788 1276 1037 1344 qualibus
1063 1290 1160 1331 eos
1186 1292 1215 1329 a
1235 1278 1499 1347 principio
1529 1279 1833 1347 opprobriis
1864 1278 2074 1343 inurat,

486 1364 771 1421 attendite.
805 1367 864 1420 In
891 1368 1081 1436 primis
1112 1369 1445 1424 inordinatos
1474 1371 1621 1432 dicit,
1652 1385 1750 1425 nec
1780 1370 2073 1426 secundum

484 1472 641 1514 suam
670 1460 1021 1515 traditionem
1058 1464 1342 1519 ambulare
1384 1482 1398 1519 :
1431 1465 1555 1518 aliis
1585 1467 1765 1519 verbis
1798 1476 2074 1521 contuma-

483 1565 579 1608 ces
605 1567 730 1618 eos,
762 1563 947 1623 utpote
978 1558 1069 1624 qui
1104 1558 1311 1613 nollent
1332 1558 1490 1627 juxta
1522 1558 1919 1614 institutionem
1958 1561 2075 1628 ejus

484 1644 765 1714 incedere,
797 1656 853 1701 et
874 1648 1191 1704 inhonestos
1215 1666 1337 1706 esse
1356 1640 1665 1721 designans,
1702 1652 1754 1707 id
1776 1663 1887 1716 est,
1919 1661 1945 1689 λ
1968 1668 2074 1708 non

485 1739 1026 1809 processionis,-uon
1073 1742 1418 1808 visitationis,
1453 1762 1558 1798 non
1589 1745 1764 1810 verbi,
1801 1761 1908 1799 non
1941 1756 2077 1801 tem-
2104 1747 2154 1807 Β

484 1830 641 1901 poris
654 1824 1109 1900 opportunitatem
1128 1849 1429 1904 congruam
1454 1836 1844 1907 honestamque
1863 1849 2074 1893 seetan-

486 1931 595 1979 tes.
619 1922 884 1978 Omnibus
922 1925 1066 1979 enim
1098 1924 1217 1981 istis
1238 1927 1383 1981 vitiis
1408 1928 1770 1984 inordinatum
1805 1946 2073 2001 quemque

485 2028 713 2071 necesse
740 2024 823 2070 est
847 2016 1149 2085 subiacere.
1182 2017 1253 2071 Et
1286 2036 1389 2073 non
1426 2022 1708 2075 secundum
1746 2023 2073 2079 traditionem

486 2121 643 2176 quam
693 2116 996 2178 acceperunt
1025 2126 1058 2162 a
1090 2110 1234 2163 nobis
1265 2125 1286 2165 :
1322 2119 1377 2166 et
1431 2110 1484 2166 in
1542 2112 1645 2166 hoc
1695 2114 1929 2170 rebelles
1977 2130 2072 2172 eos

485 2197 884 2270 quodammodo
910 2208 966 2255 et
987 2210 1389 2273 contemptores
1418 2213 1592 2270 notat,
1612 2204 1706 2273 qui
1731 2206 2070 2263 traditionem

484 2307 647 2362 quam
676 2305 1002 2363 acceperunt
1032 2295 1099 2348 ab
1125 2310 1213 2361 eo,
1257 2304 1446 2352 tenere
1485 2302 1926 2368 coutemnerent',
1972 2316 2072 2358 nec

483 2384 686 2442 imitari
714 2388 920 2443 vellent
945 2387 1021 2452 id,
1047 2389 1188 2457 quod
1220 2391 1535 2460 magistrum
1565 2408 1670 2447 non
1702 2395 1875 2448 solum
1906 2397 2071 2451 verbo

483 2480 735 2538 docuisse
764 2482 1133 2545 meminerint.
1167 2486 1261 2539 sed
1287 2485 1448 2539 etiam
1480 2502 1645 2556 opere
1675 2488 1920 2543 noverint
1949 2505 2072 2559 per-

481 2572 698 2631 fecisse.
739 2572 853 2646 Ipsi
888 2576 1019 2630 enim
1048 2577 1190 2632 scitis
1220 2579 1917 2652 quemadmodumoporteat
1953 2583 2070 2638 imi-

484 2671 588 2724 tari
613 2686 726 2725 nos.
755 2656 1049 2724 lmmanein
1071 2672 1344 2727 cumulum
1376 2674 1814 2744 reprehensionis
1841 2692 2070 2747 exagge-

482 2772 594 2830 rat,
642 2778 766 2817 cum
814 2762 919 2818 hoc
947 2779 1041 2819 eos
1094 2764 1291 2819 asserit
1336 2780 1441 2820 non
1496 2767 1812 2833 observare,
1846 2770 1986 2838 quod
2018 2779 2075 2825 et

484 2856 769 2911 memoriae
791 2871 981 2911 eorum
1009 2856 1293 2925 inhaareat,
1327 2870 1381 2913 et
1408 2859 1475 2914 ad
1501 2860 1822 2917 imitandum
1852 2878 1956 2918 tten
1983 2878 2069 2917 so-

484 2947 624 3014 lum,
654 2948 821 3004 verbo
846 2950 1167 3013 instruente,
1197 2950 1519 3019 didicerint,
1547 2954 1642 3008 sed
1671 2954 1854 3019 etiam,
1887 2969 2070 3011 exem-

484 3038 579 3111 plo
608 3054 833 3111 operum
861 3052 1215 3112 provocante,
1247 3046 1608 3113 susceperint.

1076 3153 1306 3212 CAPUT
1345 3156 1482 3211 VIII.

488 3245 641 3314 Quod
665 3263 869 3301 necesse
888 3248 953 3300 sit
974 3248 1258 3318 inquietum
1280 3265 1392 3303 esse
1413 3266 1530 3303 eum
1554 3251 1639 3317 qui
1655 3267 1809 3314 opere
1827 3267 2071 3306 manuum

805 3334 1020 3372 suarum
1057 3336 1158 3372 non
1185 3318 1294 3373 vult
1321 3337 1426 3375 esse
1456 3330 1745 3375 contentus.

556 3410 588 3451 1)
618 3410 759 3478 Quia
797 3428 899 3465 non
927 3412 1139 3481 inquieti
1162 3410 1356 3483 fuimus
1382 3413 1516 3468 inter
1557 3429 1664 3469 vos.
1707 3412 1842 3468 Cum
1875 3428 1933 3469 se
1960 3414 2075 3469 vult

2177 448 2530 518 comprobare
2574 462 2668 504 eos
2696 448 2788 518 qui
2817 449 3033 517 operari
3085 448 3310 513 nolunt,
3353 446 3584 503 abunde
3616 457 3765 503 notat

2178 540 2465 595 otiositatis
2492 540 2624 595 vitio
2650 540 2919 608 inquietos
2958 556 3176 609 semper
3204 540 3471 599 existere.
3512 548 3536 576 ο
3588 538 3766 609 Neque

2179 632 2339 699 gratis
2383 646 2564 699 panem
2610 630 3029 684 manducavimus
3069 631 3132 683 ab
3162 631 3355 700 aliqua.
3405 628 3517 684 Per
3561 629 3766 699 singula

2179 723 2343 777 verba
2371 723 2831 793 interpretationis
2853 722 3093 777 auxesim
3117 723 3242 779 facit
3265 723 3475 777 Doctor
3501 723 3764 794 gentium.

2180 814 2508 869 Prasdicator
2538 813 2813 885 Evangelii
2860 813 2991 870 dicit
3032 829 3091 870 se
3120 828 3225 868 non
3269 814 3446 884 gratis
3472 828 3671 885 panem
3698 814 3765 869 ab

2178 910 2357 980 alique
2380 909 2759 973 manducasse,
2794 910 2884 979 qui
2916 909 3064 963 novit
3090 909 3375 964 Dominum
3409 910 3760 979 praecepisse,

2180 1013 2235 1056 ut
2264 1001 2357 1069 qui
2397 1000 2746 1069 Evangelium
2797 1000 3117 1055 denuntiant
3159 999 3227 1054 de
3257 998 3559 1070 Evangelio
3586 1001 3764 1055 vivant

2180 1092 2221 1163 (I
2250 1091 2369 1146 Cor.
2399 1091 2513 1163 Ix);
2543 1102 2599 1147 et
2625 1106 2838 1147 rursum
2875 1111 2887 1145 :
2921 1091 3122 1162 Dignus
3143 1100 3216 1146 est
3237 1094 3515 1165 operarius
3538 1094 3650 1147 cibo
3670 1109 3761 1147 suo

2181 1183 2393 1254 (Matth.
2424 1182 2651 1253 x).Cum
2681 1185 2861 1254 itaque
2886 1183 3111 1256 [utique]
3139 1199 3241 1238 non
3264 1183 3441 1253 gratis
3469 1185 3565 1252 qui
3589 1182 3761 1238 Evan-

2177 1278 2377 1348 gelium
2410 1276 2779 1347 praedicabat,
2827 1288 2932 1331 tam
2976 1277 3207 1332 sublime
3247 1292 3309 1332 ac
3348 1276 3602 1346 spiritale
3629 1290 3759 1346 opus

2179 1384 2459 1435 exercens,
2491 1368 2670 1424 cibum
2701 1370 2800 1423 sibi
2831 1370 3124 1424 Deminicae
3159 1369 3424 1439 jussionis
3446 1371 3761 1425 auctoritate

2180 1475 2573 1535 praesumeret,
2605 1464 2736 1535 quid
2762 1480 2859 1519 nos
2886 1463 3145 1523 faciemus
3170 1510 3184 1533 ,
3216 1465 3419 1536 quibus
3454 1483 3562 1525 non
3590 1466 3756 1525 solum

2179 1558 2323 1611 nulla
2356 1556 2669 1627 praedicatio
2695 1558 2842 1612 verbi
2889 1560 3179 1613 commissa
3210 1568 3294 1615 est
3321 1604 3336 1629 ,
3385 1560 3487 1616 sed
3529 1576 3631 1617 nec
3657 1560 3757 1616 ulla

2178 1648 2393 1719 quidem
2422 1689 2436 1712 ,
2467 1649 2572 1704 nisi
2618 1649 2815 1704 animae
2842 1661 3043 1705 nostra:
3070 1651 3238 1705 solius
3267 1665 3398 1707 cura
3429 1651 3757 1708 mandatur?

2179 1736 2206 1776 ἀ
2235 1740 2349 1808 Qua
2393 1740 2584 1797 ﬁducia
2628 1741 2820 1795 otiosis
2870 1742 3117 1796 manibus
3158 1744 3327 1812 gratis
3378 1760 3576 1815 panem
3617 1759 3757 1799 com-

2178 1832 2340 1889 edere
2382 1833 2723 1899 audebimus,
2756 1849 2916 1903 quem
2950 1834 3060 1889 Vas
3091 1835 3404 1901 electionis,
3448 1838 3755 1909 evangelica

2176 1924 2537 1981 sollicitudine
2564 1934 2618 1981 et
2650 1926 3034 1993 praedicatione
3063 1927 3424 1993 constrictus,
3454 1931 3575 1985 sine
3601 1944 3757 1999 opere

2178 2034 2431 2075 manuum
2476 2019 2767 2074 comedere
2811 2034 2917 2075 non
2964 2020 3278 2089 praesumit?
3308 2020 3422 2078 Sed
3463 2023 3518 2076 in
3548 2022 3750 2088 labore,

2177 2111 2369 2181 inquit,
2398 2120 2447 2165 et
2469 2111 2769 2182 fatigatione
2790 2155 2805 2175 ,
2834 2121 2980 2166 nocte
2996 2121 3044 2166 et
3069 2113 3153 2166 die
3180 2123 3457 2183 operantes
3482 2154 3499 2180 ,
3532 2131 3594 2168 ne
3616 2131 3753 2183 quem

2176 2213 2398 2258 vestrum
2415 2219 2742 2274 gravaremus
2764 2202 2829 2273 (ll
2852 2203 3036 2259 Thess.
3059 2203 3160 2273 tu).
3186 2204 3379 2261 Adhuc
3400 2206 3753 2261 additamenta

2177 2312 2291 2352 suae
2317 2297 2685 2367 castigationis
2733 2306 3040 2367 exaggerat.
3091 2296 3206 2352 Non
3250 2300 3405 2354 enim
3450 2297 3755 2368 simpliciter

2177 2393 2352 2456 dixit,
2385 2406 2493 2447 non
2539 2391 2875 2447 comedimus
2917 2407 3108 2462 panem
3148 2394 3315 2461 gratis
3358 2393 3429 2449 ab
3468 2394 3647 2462 aliquo
3672 2407 3756 2447 ve-

2176 2495 2373 2552 strum,
2398 2494 2453 2540 et
2479 2485 2761 2555 hucusque
2787 2487 2936 2541 stetit
2960 2527 2974 2551 ,
3002 2497 3216 2557 poterat
3252 2488 3404 2543 enim
3435 2487 3604 2543 videri
3634 2500 3754 2556 pro-

2179 2577 2297 2646 prie
2348 2577 2629 2647 otioseque
2672 2584 2887 2646 sumptu
2931 2591 2993 2631 ac
3041 2578 3321 2633 recondita
3383 2578 3605 2649 pecunia
3631 2619 3646 2643 ,
3676 2574 3751 2630 vel

2176 2670 2428 2735 alierum,
2445 2670 2572 2724 licet
2592 2684 2701 2724 non
2729 2670 2984 2735 istorum,
3001 2669 3295 2726 collatione
3322 2686 3427 2727 seu
3453 2667 3753 2725 muneribus

2176 2773 2514 2820 sustentatus
2535 2762 2723 2828 fuisse,
2753 2761 2842 2816 sed
2870 2762 2923 2815 in
2946 2761 3141 2829 labore,
3162 2761 3364 2831 inquit,
3390 2772 3441 2817 et
3464 2758 3754 2832 fatigatione

2177 2867 2322 2911 nocte
2344 2872 2405 2910 ac
2430 2857 2514 2910 die
2532 2864 2826 2925 operantes,
2854 2852 2906 2909 id
2929 2862 3035 2919 est,
3054 2863 3243 2909 nostro
3268 2868 3445 2923 opere
3460 2850 3753 2922 specialiter

2175 2949 2485 3005 sustentati.
2511 2949 2578 3003 Et
2606 2947 2730 3015 hoc,
2766 2947 2977 3017 inquit,
3007 2960 3115 3001 non
3147 2960 3243 3016 pro
3274 2953 3469 3001 nostra
3496 2944 3752 2999 voluntate

2180 3042 2627 3113 perpetrabamus
2645 3082 2661 3106 ,
2696 3054 2795 3095 nec
2824 3053 2921 3109 pro
2946 3036 3309 3094 delectatione
3345 3084 3361 3110 ,
3391 3046 3450 3093 ut
3474 3034 3681 3107 requies
3702 3040 3752 3088 et
3828 3055 3839 3071 τ

2096 3139 2143 3199 C
2177 3134 2495 3199 exercitium
2537 3131 2785 3200 corporis
2825 3130 3127 3195 invitabat,
3155 3128 3250 3185 sed
3280 3138 3353 3185 ul
3392 3127 3679 3185 necessitas
3701 3131 3752 3178 et

2181 3226 2359 3296 inopia
2388 3226 2561 3280 victus
2592 3238 2697 3278 non
2738 3221 2859 3277 sine
2904 3221 3109 3292 ingenti
3157 3221 3480 3292 fatigatione
3521 3214 3744 3289 corporis

2180 3318 2360 3373 facere
2393 3315 2775 3385 compellebat.
2826 3312 2943 3369 Non
2972 3314 3147 3369 solum
3198 3328 3437 3385 namque
3469 3328 3560 3382 per
3587 3318 3741 3365 totum

2180 3411 2286 3467 diei
2311 3410 2565 3479 Spatium,
2596 3407 2692 3463 sed
2719 3407 2882 3464 etiam
2912 3407 3087 3463 noctis
3117 3416 3389 3476 tempore,
3418 3403 3560 3477 quod
3588 3395 3741 3471 quieti

1557 3529 1811 3585 ALARDI
1852 3527 2085 3586 GAZIEI
2124 3522 2688 3585 COMMENTARIUS.

559 3629 587 3659 ι
612 3620 905 3690 Respicere
932 3619 1147 3692 videtur
1175 3619 1309 3675 illud
1339 3621 1681 3677 Ecclesiastis
1711 3622 1729 3688 (
1752 3621 1881 3690 Cap.
1924 3624 2005 3692 ιιι)
2044 3640 2057 3676 :

486 3692 679 3765 Omnia
714 3701 927 3765 tempus
954 3690 1177 3758 habent;
1205 3700 1405 3761 tempus
1442 3694 1744 3765 tacendiet
1773 3702 1968 3765 temmts
1988 3690 2073 3746 lo-

484 3764 680 3847 quendi
696 3806 710 3829 ,
744 3774 848 3847 etc.
874 3762 965 3847 Sic
991 3775 1046 3817 et
1075 3775 1284 3847 tempus
1300 3763 1636 3847 prpcedendi
1666 3762 2072 3847 foras,.supple,

484 3835 555 3891 ad
583 3836 881 3890 visitandos
921 3835 1114 3889 fratres
1140 3875 1154 3899 ,
1180 3835 1267 3890 vel
1299 3835 1542 3890 inﬁrmos
1567 3877 1581 3900 ,
1615 3835 1757 3904 quod
1803 3838 1892 3891 hic
1918 3844 2076 3889 vocat

486 3923 769 3979 congruam
801 3908 1241 3979 opportunitatem,
1261 3908 1598 3979 progressionis
1618 3918 1699 3979 et
1725 3907 2029 3961 uisitationis
2060 3948 2073 3968 ,

487 3976 651 4048 quam
677 3977 926 4033 homines
960 3977 1247 4031 inordinati
1278 3987 1331 4031 et
1358 3978 1659 4031 honestatis
1688 3976 1943 4031 incuriosi
1971 3990 2074 4030 non

488 4048 782 4177 tltjbsgrvant
801 4091 816 4115 ,
850 4049 1155 4102 nescientes
1182 4048 1237 4101 in
1263 4048 1513 4103 omnibus
1541 4062 1760 4103 servare
1796 4048 2074 4104 decorum.

547 4137 578 4175 ιι
622 4136 653 4176 e
679 4133 869 4175 versus
903 4134 917 4173 :

547 4133 653 4176 nne
679 4133 869 4175 VCI‘SUS
903 4134 917 4173 ζ

615 4220 816 4272 Rustica
842 4222 1112 4283 progenies
1138 4219 1299 4270 nescit
1322 4219 1511 4270 habere
1534 4217 1747 4268 modum.

563 4326 592 4405 ι)
621 4326 1155 4405 Postdectrinamet
1178 4333 1510 4405 przeceptum
1532 4324 1780 4405 Apostol_i_
1809 4322 1877 4394 (II
1897 4322 2076 4378 Thess.

2169 3627 2384 3689 gustato
2415 3618 2582 3689 melle,
2612 3630 2739 3670 reus
2790 3616 3185 3689 exsecrationis
3225 3616 3456 3689 habitus
3494 3622 3576 3669 est
3610 3609 3743 3689 (Att-

2175 3685 2311 3762 gust.
2338 3688 2426 3742 lib.
2458 3689 2520 3741 de
2544 3687 2710 3757 Opere
2731 3704 2903 3741 mena.
2935 3704 2981 3741 c.
3003 3688 3037 3742 3
3054 3698 3099 3740 et
3120 3686 3202 3769 4)ἶ
3225 3686 3399 3814 Negat
3419 3698 3593 3741 autem
3617 3685 3744 3762 Apo-

2176 3762 2352 3814 stolus
2381 3774 2573 3814 nauem
2603 3772 2662 3811 se
2689 3759 3043 3813 manducasse
3070 3770 3255 3814 graus.
3286 3761 3300 3812 i
3372 3768 3478 3814 est.
3507 3759 3738 3814 gratuito,

2176 3758 2352 3815 Stolus
2381 3774 2573 3828 panem
2603 3772 2662 3811 se
2689 3759 3043 3813 manducasse
3070 3758 3255 3827 gratis,
3286 3758 3339 3814 id
3372 3768 3478 3826 est,
3507 3758 3738 3828 gratuito,

2178 3847 2274 3886 seu
2308 3823 2554 3905 gratuita
2600 3829 2917 3905 Iargitiene;
2951 3829 3038 3883 vel
3060 3823 3262 3905 _'etiose
3283 3872 3306 3905 Α,
3344 3823 3480 3905 ηἰιιίιΔ
3512 3823 3739 3905 agendo,

2178 3898 2561 3972 quod'Gallice
2590 3898 2823 3956 dicimus
2855 3917 2988 3972 pour
3008 3902 3203 3965 néant;
3243 3900 3415 3971 idque
3451 3898 3637 3972 duplici
3667 3906 3743 3945 ra-

2185 3967 2331 4029 tione
2365 3992 2377 4026 :
2409 3975 2640 4046 primum
2671 3974 2794 4046 quia
2818 3971 3094 4046 insedere
3126 3967 3427 4046 vultus—sui
3452 3967 3741 4046 vescebatur

2182 4059 2322 4111 pane
2350 4040 2571 4110 suo,vel
2594 4056 2649 4097 ut
2672 4040 2791 4110 ipse
2818 4042 3027 4095 subdit:
3054 4040 3412 4113 Inglabore,et
3441 4040 3739 4113 fatigatione2

2184 4109 2331 4170 nocte
2372 4124 2420 4169 et
2460 4109 2551 4169 die
2590 4114 2885 4185 operando;
2914 4123 3022 4185 tum
3052 4111 3173 4180 quia
3218 4109 3738 4185 ratieue'rtninisterii

2184 4186 2485 4253 evangelici
2515 4183 2812 4238 debebatur
2837 4184 2887 4238 ei
2923 4183 3198 4237 alimonia.
3233 4183 3352 4240 Non
3385 4184 3527 4239 enim
3571 4188 3738 4253 panem

2183 4250 2353 4324 gratis
2379 4255 2664 4311 manducat
2688 4255 2779 4323 qui
2811 4255 2877 4309 de
2910 4254 3199 4321 Evangeho
3226 4256 3383 4319 vivit,
3412 4250 3612 4309 etiamsi
3642 4258 3741 4326 tua:

2186 4320 2344 4383 nibus
2373 4341 2482 4381 non
2512 4320 2794 4395 operetur:
2818 4326 3011 4395 accipit
3040 4320 3181 4381 enim
3209 4326 3309 4381 sibi
3334 4326 3591 4395 debitum.
3616 4320 3741 4369 δὶευι

490 4401 577 4471 in)
604 4399 673 4454 de
695 4412 860 4466 opere
884 4396 1121 4478 manuali
1144 4391 1210 4478 ad
1228 4391 1502 4478 vitandum
1522 4391 1689 4451 otium
1713 4391 1929 4478 aliaque
1949 4410 2080 4478 pec-
2108 4408 2160 4469 ι)
2185 4399 2302 4478 ipse
2328 4398 2505 4478 paulo.
2520 4391 2642 4466 post
2672 4391 2951 4478 signiﬁcat:
2974 4398 3255 4478 potestatis
3286 4412 3402 4452 suae
3438 4391 3738 4478 mentionem

492 4467 613 4527 cata
658 4467 963 4523 exercendo
1011 4468 1263 4529 superius
1297 4467 1618 4536 allegatum,
1660 4467 1838 4536 pergit
1876 4467 2082 4521 Auctor

491 4544 563 4598 ad
588 4540 831 4609 ejusdem
854 4539 1099 4605 Apestoli
1128 4541 1435 4609 exemplum
1469 4539 1903 4609 proponendum.
1926 4538 2079 4607 Quod

494 4608 641 4671 enim
670 4611 838 4665 verbo
873 4620 926 4664 et
955 4610 1159 4677 scripto
1190 4612 1373 4665 decuit
1402 4608 1681 4678 apostolus
1710 4608 1906 4665 Paulus
1930 4652 1945 4675 ,
1981 4611 2082 4664 hec

494 4696 552 4742 et
582 4684 723 4739 facto
751 4682 1003 4750 pnestitit
1029 4722 1044 4744 ,
1094 4681 1259 4748 idque
1293 4681 1536 4750 pluribus
1568 4682 1620 4733 in
1663 4679 1800 4735 locis
1825 4688 2080 4735 testatum

498 4753 732 4825 reliquit.
784 4752 909 4825 Hoc
953 4753 1095 4825 enim
1154 4753 1348 4808 fecisse
1399 4750 1802 4825 Thessalonica:
1851 4767 1916 4806 ex
1965 4750 2082 4820 ejus

498 4823 810 4883 testimonio
858 4823 947 4879 hic
984 4823 1150 4878 citate
1194 4833 1426 4879 constat.
1473 4824 1586 4878 Hoc
1628 4825 1800 4893 ipsum
1857 4833 2077 4891 postea,

495 4897 697 4970 Ephesi
724 4910 844 4950 cum
879 4906 1208 4970 moraretur,
1239 4897 1439 4970 egisse,
1469 4896 1632 4970 etiam
1665 4895 1781 4970 ipse
1822 4894 2077 4970 afﬁrmat,

476 4966 621 5024 cum
650 4982 745 5022 eos
772 4976 1106 5021 contestatur
1146 4967 1229 5022 his
1257 4968 1435 5023 verbis
1460 4988 1473 5021 :
1506 4966 1616 5034 Ipsi
1647 4967 1816 5030 scitis,
1842 4966 2082 5034 quoniam

497 5040 568 5096 ad
597 5056 658 5094 ea
687 5054 802 5106 qua:
844 5037 970 5091 mihi
999 5055 1125 5106 opus
1152 5050 1298 5093 erant
1324 5083 1339 5105 ,
1368 5047 1416 5091 et
1461 5039 1541 5091 his
1571 5038 1655 5107 qui
1701 5054 1895 5092 meeum
1939 5047 2077 5105 sunt,

498 5114 919 5182 ministraverrmt
946 5126 1127 5165 manus
1156 5111 1270 5165 ista:
1312 5110 1446 5182 (Act.
1488 5109 1612 5181 xx).
1646 5109 1712 5164 Et
1734 5110 1801 5164 ad
1832 5107 2077 5164 Corinth.

499 5184 751 5253 scribens
771 5199 782 5233 :
814 5180 1135 5237 Laboramus
1159 5225 1173 5247 ,
1215 5180 1406 5253 inquit,
1437 5192 1703 5253 eperantes
1727 5182 1957 5236 manibus
1984 5198 2079 5234 no-

499 5257 619 5311 stris
647 5254 691 5322 (I
717 5250 954 5307 Corinth.
978 5254 1055 5324 x).

576 5337 600 5365 ε
626 5326 679 5379 ld
708 5334 811 5395 est,
838 5322 1270 5387 manducandum
1298 5325 1622 5395 accepimus.
1652 5323 1815 5395 Panis
1838 5322 2079 5395 nomine,

503 5394 759 5467 quidquid
805 5395 871 5449 ad
920 5398 1399 5467 victumipertinet
1430 5392 1692 5467 'Hehrjeis
1740 5392 2077 5467 intelligitur.

503 5463 669 5523 Unde
704 5467 861 5520 Luem
902 5483 991 5522 xlv
1048 5486 1058 5520 :
1114 5463 1243 5521 eam
1288 5470 1526 5521 intrasset
1569 5463 1725 5519 Jesus
1776 5465 1831 5516 in
1877 5464 2081 5516 domum

506 5536 762 5593 Pharistei
782 5537 992 5593 sabbato
1010 5541 1324 5594 manducare
1348 5555 1551 5608 partem,
1579 5537 1628 5589 id
1656 5547 1760 5602 est,
1794 5534 2078 5608 prandere,

505 5617 602 5664 aut
632 5623 866 5681 cenare.
902 5609 969 5663 Et
1000 5611 1017 5664 I
1045 5611 1175 5681 lleg.
1207 5627 1294 5664 xlv
1327 5606 1355 5662 :7
1375 5608 1705 5673 Maledictus,
1736 5607 1908 5681 inquit
1928 5606 2077 5673 Saul,

505 5682 595 5752 qui
620 5678 893 5733 comederit
921 5696 1105 5751 panem
1133 5678 1293 5752 usque
1332 5683 1398 5734 ad
1425 5697 1704 5752 uesperam.
1744 5678 1951 5752 Panem
1980 5693 2079 5752 tte-

509 5747 723 5809 minans
753 5747 1111 5813 emne'genus
1155 5747 1263 5810 cibi
1308 5747 1608 5809 intellexit;
1651 5749 1794 5809 unde
1822 5747 2080 5805 Jonathas

2183 4464 2389 4540 faciens
2411 4509 2432 4540 ,γ
2454 4464 2578 4522 Non
2623 4468 2771 4539 quasi
2798 4483 2903 4521 non
2931 4467 3261 4523 habuerimus
3287 4475 3581 4540 potestatem
3598 4500 3610 4519 .
3639 4464 3732 4540 υῑρε

2253 4522 2530 4596 ξιἙὸῶῃῃ
2582 4522 3003 4612 argumenteD.
3042 4522 3406 4612 Hieronymus
3434 4539 3453 4609 (
3478 4533 3634 4612 Epist.
3674 4522 3737 4612 4)

2182 4611 2462 4668 Rusticum
2508 4603 2831 4667 monachum
2877 4610 2944 4664 ab
2972 4612 3083 4664 otio
3129 4603 3404 4687 deterret,
3436 4603 3590 4687 eiad
3616 4607 3739 4687 prof

2182 4699 2438 4759 manuum
2480 4697 2577 4759 suo
2606 4693 2850 4759 tempore
2878 4681 3264 4759 exercendum
3289 4696 3354 4759 ac
3391 4669 3737 4759 sigritualibltts

2183 4744 2661 4809 intermiscendum
2693 4738 3008 4807 exstimulat
3049 4753 3130 4806 his
3156 4752 3337 4807 verbis
3369 4770 3381 4803 :
3426 4738 3601 4801 Facito
3643 4738 3733 4792 ali-

2180 4827 2306 4895 quid
2329 4827 2517 4896 operis,
2540 4833 2597 4876 nt
2622 4834 2669 4896 te
2694 4839 2892 4895 semper
2919 4824 3157 4877 diabolus
3184 4823 3407 4896 inveniat
3430 4819 3731 4896 occupatuttf:

2183 4888 2248 4952 Si
2284 4888 2517 4968 Ap'ostoli
2558 4888 2814 4947 habentes
2842 4907 3139 4959 potestatem
3175 4897 3235 4949 de
3272 4888 3550 4961 Evangelia
3593 4888 3736 4968 trivit“:

2183 4951 2486 5022 laboritbnnt
2513 4967 2749 5019 manibus
2778 4951 2913 5030 suis,
2949 4984 3009 5019 ne
3038 4983 3183 5037 quem
3224 4951 3497 5037 gravarent
3520 4999 3534 5019 .
3563 4966 3607 5009 ει
3625 4951 3736 5037 ,ηίέξε

2505 5018 2776 5105 refrigeria
2792 5018 3062 5105 ,ﬂqiu'orttm'
3094 5018 3190 5105 pro
3215 5018 3564 5107 supiritualibus
3604 5018 3737 5107 άεδίς

2184 5112 2305 5163 bant
2328 5120 2517 5162 metere
2545 5102 2810 5172 carnalia;
2838 5102 2931 5161 cur
2958 5119 3011 5160 tu
3036 5102 3252 5163 in'usus'
3279 5119 3390 5161 tuos
3421 5110 3621 5175 cessura
3645 5102 3735 5175 Ῑιωζ

2182 5162 2478 5251 prtepares?
2504 5181 2576 5232 vel
2606 5162 2853 5248 fiscellam
2884 5189 2997 5233 texe
3026 5162 3235 5249 junco,
3259 5174 3572 5251 etc._i_Urget
3612 5162 3736 5251 ichItt

2184 5229 2561 5321 :rtrgtimentum
2605 5229 2769 5305 etiam
2820 5251 2883 5304 Ι).
2915 5229 3245 5321 Aegiistinus
3282 5250 3335 5305 in
3364 5229 3627 5321 lib._t'iuetlj
3655 5229 3736 5321 ge

2181 5298 2775 5391 (intimasset;
2804 5298 3262 5392 οἷιὶιὲὲῖἦὶξὶῖξῐα
3271 5298 3335 5381 tif
3360 5298 3425 5381 ἐξ
3443 5313 3476 5366 4
3497 5298 3548 5392 ξεί
3570 5304 3638 5392 ελ
3652 5298 3735 5392 3ft

2182 5380 2374 5449 versus
2419 5395 2641 5465 ignavos
2669 5393 2926 5464 quosdam
2956 5380 3277 5447 ae'desides
3303 5380 3735 5465 molfaCI‘OSfﬂ'ff

2183 5442 2628 5520 manuumoinaui
2672 5442 2936 5536 praetenti
2979 5448 3367 5536 detrectantes.
3409 5442 3729 5536 [Iliealn‘im'u

2183 5552 2396 5607 quoque
2423 5514 2747 5591 senleuliartn
2780 5535 2965 5589 scribit
3007 5533 3241 5607 Isidorus
3268 5514 3731 5607 Pelusiottst'jE-J;

2183 5577 2857 5677 ἒόἑὲῗῗὶό’ΐὲ“ἱὶξὶὲὲι“ὶὲὶί”εἶ’
2873 5577 3244 5676 ἵζ’ρὶἶῆὶῖἇέ
3270 5577 3410 5670 ii).
3428 5577 3527 5653 Sed
3555 5590 3648 5643 hac
3674 5577 3735 5631 de

2183 5694 2244 5740 re
2274 5680 2397 5737 vide
2430 5680 2582 5751 plura
2611 5678 2730 5735 aliis
2758 5678 2913 5734 locis.
