  <div class='ocr_page' id='page_1' title='image "/cluster/home/n/w/nwhite01/storage/ocr_20150623/49/uva.x000827093/197.png"; bbox 0 0 4004 6198; ppageno 0'>
   <div class='ocr_carea' id='block_1_1' title="bbox 543 297 647 361">
    <p class='ocr_par' dir='ltr' id='par_1_1' title="bbox 543 297 647 361">
     <span class='ocr_line' id='line_1_1' title="bbox 543 297 647 361; baseline 0.019 -3"><span class='ocrx_word' id='word_1_1' title='bbox 543 297 647 361; x_wconf 75' lang='lat'><strong>579</strong></span> 
     </span>
    </p>
   </div>
   <div class='ocr_carea' id='block_1_2' title="bbox 1137 416 1526 477">
    <p class='ocr_par' dir='ltr' id='par_1_2' title="bbox 1137 416 1526 477">
     <span class='ocr_line' id='line_1_2' title="bbox 1137 416 1526 477; baseline 0 -1"><span class='ocrx_word' id='word_1_2' title='bbox 1137 417 1360 477; x_wconf 79' lang='lat' dir='ltr'><strong>CAPUT</strong></span> <span class='ocrx_word' id='word_1_3' title='bbox 1409 416 1526 476; x_wconf 80' lang='grc' dir='ltr'><strong>ΧΠ.</strong></span> 
     </span>
    </p>
   </div>
   <div class='ocr_carea' id='block_1_3' title="bbox 548 510 2125 581">
    <p class='ocr_par' dir='ltr' id='par_1_3' title="bbox 548 510 2125 581">
     <span class='ocr_line' id='line_1_3' title="bbox 548 510 2125 581; baseline 0 -17"><span class='ocrx_word' id='word_1_4' title='bbox 548 510 699 577; x_wconf 83' lang='lat' dir='ltr'><strong>Quod</strong></span> <span class='ocrx_word' id='word_1_5' title='bbox 730 526 831 565; x_wconf 88' lang='lat' dir='ltr'><strong>non</strong></span> <span class='ocrx_word' id='word_1_6' title='bbox 864 523 1129 567; x_wconf 87' lang='lat' dir='ltr'><strong>contentus</strong></span> <span class='ocrx_word' id='word_1_7' title='bbox 1156 515 1265 565; x_wconf 89' lang='lat' dir='ltr'><strong>sola</strong></span> <span class='ocrx_word' id='word_1_8' title='bbox 1300 513 1592 574; x_wconf 75' lang='lat' dir='ltr'><strong>monitione,</strong></span> <span class='ocrx_word' id='word_1_9' title='bbox 1615 512 1975 565; x_wconf 77' lang='lat' dir='ltr'><strong>auctoritatem</strong></span> <span class='ocrx_word' id='word_1_10' title='bbox 2001 527 2125 581; x_wconf 89' lang='lat' dir='ltr'><strong>quo-</strong></span> 
     </span>
    </p>
   </div>
   <div class='ocr_carea' id='block_1_4' title="bbox 744 583 1916 654">
    <p class='ocr_par' dir='ltr' id='par_1_4' title="bbox 744 583 1916 654">
     <span class='ocr_line' id='line_1_4' title="bbox 744 583 1916 654; baseline 0.003 -18"><span class='ocrx_word' id='word_1_11' title='bbox 744 599 843 653; x_wconf 87' lang='lat' dir='ltr'><strong>que</strong></span> <span class='ocrx_word' id='word_1_12' title='bbox 866 594 916 638; x_wconf 85' lang='lat' dir='ltr'><strong>et</strong></span> <span class='ocrx_word' id='word_1_13' title='bbox 949 594 1255 654; x_wconf 72' lang='lat' dir='ltr'><strong>prwceptum</strong></span> <span class='ocrx_word' id='word_1_14' title='bbox 1289 583 1588 652; x_wconf 67' lang='lat' dir='ltr'><strong>adjunmerit</strong></span> <span class='ocrx_word' id='word_1_15' title='bbox 1616 583 1916 648; x_wconf 74' lang='lat' dir='ltr'><strong>Apostolus.</strong></span> 
     </span>
    </p>
   </div>
   <div class='ocr_carea' id='block_1_5' title="bbox 622 694 2128 763">
    <p class='ocr_par' dir='ltr' id='par_1_5' title="bbox 622 694 2128 763">
     <span class='ocr_line' id='line_1_5' title="bbox 622 694 2128 763; baseline 0.002 -14"><span class='ocrx_word' id='word_1_16' title='bbox 622 694 734 749; x_wconf 88' lang='lat' dir='ltr'><strong>Non</strong></span> <span class='ocrx_word' id='word_1_17' title='bbox 761 697 869 763; x_wconf 90' lang='lat' dir='ltr'><strong>jam</strong></span> <span class='ocrx_word' id='word_1_18' title='bbox 898 698 1135 750; x_wconf 78' lang='lat' dir='ltr'><strong>doctoris</strong></span> <span class='ocrx_word' id='word_1_19' title='bbox 1166 700 1245 751; x_wconf 86' lang='lat' dir='ltr'><strong>vel</strong></span> <span class='ocrx_word' id='word_1_20' title='bbox 1294 697 1486 751; x_wconf 88' lang='lat' dir='ltr'><strong>medici</strong></span> <span class='ocrx_word' id='word_1_21' title='bbox 1537 700 1700 751; x_wconf 92' lang='lat' dir='ltr'><strong>utitur</strong></span> <span class='ocrx_word' id='word_1_22' title='bbox 1741 698 1806 751; x_wconf 91' lang='lat' dir='ltr'><strong>ad</strong></span> <span class='ocrx_word' id='word_1_23' title='bbox 1858 714 1953 753; x_wconf 89' lang='lat' dir='ltr'><strong>eos</strong></span> <span class='ocrx_word' id='word_1_24' title='bbox 1998 712 2128 753; x_wconf 88' lang='lat' dir='ltr'><strong>con-</strong></span> 
     </span>
    </p>
   </div>
   <div class='ocr_carea' id='block_1_6' title="bbox 550 787 2127 857">
    <p class='ocr_par' dir='ltr' id='par_1_6' title="bbox 550 787 2127 857">
     <span class='ocr_line' id='line_1_6' title="bbox 550 787 2127 857; baseline 0.002 -19"><span class='ocrx_word' id='word_1_25' title='bbox 550 787 690 848; x_wconf 79' lang='lat' dir='ltr'><strong>silio,</strong></span> <span class='ocrx_word' id='word_1_26' title='bbox 735 787 828 841; x_wconf 87' lang='lat' dir='ltr'><strong>sed</strong></span> <span class='ocrx_word' id='word_1_27' title='bbox 871 788 1210 843; x_wconf 89' lang='lat' dir='ltr'><strong>districtione</strong></span> <span class='ocrx_word' id='word_1_28' title='bbox 1262 789 1313 841; x_wconf 93' lang='lat' dir='ltr'><strong>in</strong></span> <span class='ocrx_word' id='word_1_29' title='bbox 1346 803 1440 841; x_wconf 84' lang='lat' dir='ltr'><strong>eos</strong></span> <span class='ocrx_word' id='word_1_30' title='bbox 1470 788 1771 855; x_wconf 75' lang='lat' dir='ltr'><strong>judiciarite</strong></span> <span class='ocrx_word' id='word_1_31' title='bbox 1815 791 2127 857; x_wconf 89' lang='lat' dir='ltr'><strong>pronuntia-</strong></span> 
     </span>
    </p>
   </div>
   <div class='ocr_carea' id='block_1_7' title="bbox 554 880 2124 952">
    <p class='ocr_par' dir='ltr' id='par_1_7' title="bbox 554 880 2124 952">
     <span class='ocr_line' id='line_1_7' title="bbox 554 880 2124 952; baseline 0.002 -20"><span class='ocrx_word' id='word_1_32' title='bbox 554 881 715 933; x_wconf 84' lang='lat' dir='ltr'><strong>tionis</strong></span> <span class='ocrx_word' id='word_1_33' title='bbox 767 880 1054 949; x_wconf 83' lang='lat' dir='ltr'><strong>invehitur,</strong></span> <span class='ocrx_word' id='word_1_34' title='bbox 1107 891 1160 935; x_wconf 89' lang='lat' dir='ltr'><strong>et</strong></span> <span class='ocrx_word' id='word_1_35' title='bbox 1204 882 1497 952; x_wconf 71' lang='lat' dir='ltr'><strong>apostoiica</strong></span> <span class='ocrx_word' id='word_1_36' title='bbox 1532 892 1796 951; x_wconf 82' lang='lat' dir='ltr'><strong>potestate</strong></span> <span class='ocrx_word' id='word_1_37' title='bbox 1827 891 2124 952; x_wconf 88' lang='lat' dir='ltr'><strong>resumpta,</strong></span> 
     </span>
    </p>
   </div>
   <div class='ocr_carea' id='block_1_8' title="bbox 549 970 2126 1042">
    <p class='ocr_par' dir='ltr' id='par_1_8' title="bbox 549 970 2126 1042">
     <span class='ocr_line' id='line_1_8' title="bbox 549 970 2126 1042; baseline 0.003 -19"><span class='ocrx_word' id='word_1_38' title='bbox 549 974 696 1024; x_wconf 90' lang='lat' dir='ltr'><strong>velut</strong></span> <span class='ocrx_word' id='word_1_39' title='bbox 726 986 757 1025; x_wconf 91' lang='lat' dir='ltr'><strong>e</strong></span> <span class='ocrx_word' id='word_1_40' title='bbox 784 970 1038 1027; x_wconf 86' lang='lat' dir='ltr'><strong>tribunali</strong></span> <span class='ocrx_word' id='word_1_41' title='bbox 1090 974 1140 1027; x_wconf 94' lang='lat' dir='ltr'><strong>in</strong></span> <span class='ocrx_word' id='word_1_42' title='bbox 1183 985 1582 1042; x_wconf 86' lang='lat' dir='ltr'><strong>contemptores</strong></span> <span class='ocrx_word' id='word_1_43' title='bbox 1612 975 1935 1030; x_wconf 89' lang='lat' dir='ltr'><strong>sententiam</strong></span> <span class='ocrx_word' id='word_1_44' title='bbox 1972 973 2126 1040; x_wconf 85' lang='lat' dir='ltr'><strong>dicit,</strong></span> 
     </span>
    </p>
   </div>
   <div class='ocr_carea' id='block_1_9' title="bbox 553 1061 2130 1135">
    <p class='ocr_par' dir='ltr' id='par_1_9' title="bbox 553 1061 2130 1135">
     <span class='ocr_line' id='line_1_9' title="bbox 553 1061 2130 1135; baseline 0.005 -21"><span class='ocrx_word' id='word_1_45' title='bbox 553 1061 642 1115; x_wconf 91' lang='lat' dir='ltr'><strong>illa</strong></span> <span class='ocrx_word' id='word_1_46' title='bbox 670 1077 860 1130; x_wconf 89' lang='lat' dir='ltr'><strong>nempe</strong></span> <span class='ocrx_word' id='word_1_47' title='bbox 892 1076 1154 1133; x_wconf 81' lang='lat' dir='ltr'><strong>potestate</strong></span> <span class='ocrx_word' id='word_1_48' title='bbox 1178 1082 1337 1135; x_wconf 89' lang='lat' dir='ltr'><strong>quam</strong></span> <span class='ocrx_word' id='word_1_49' title='bbox 1369 1081 1490 1121; x_wconf 90' lang='lat' dir='ltr'><strong>cum</strong></span> <span class='ocrx_word' id='word_1_50' title='bbox 1530 1067 1967 1122; x_wconf 88' lang='lat' dir='ltr'><strong>interminatiune</strong></span> <span class='ocrx_word' id='word_1_51' title='bbox 1994 1066 2130 1121; x_wconf 89' lang='lat' dir='ltr'><strong>scri-</strong></span> 
     </span>
    </p>
   </div>
   <div class='ocr_carea' id='block_1_10' title="bbox 550 1152 2126 1225">
    <p class='ocr_par' dir='ltr' id='par_1_10' title="bbox 550 1152 2126 1225">
     <span class='ocr_line' id='line_1_10' title="bbox 550 1152 2126 1225; baseline 0.004 -19"><span class='ocrx_word' id='word_1_52' title='bbox 550 1152 689 1207; x_wconf 88' lang='lat' dir='ltr'><strong>bens</strong></span> <span class='ocrx_word' id='word_1_53' title='bbox 739 1153 805 1207; x_wconf 90' lang='lat' dir='ltr'><strong>ad</strong></span> <span class='ocrx_word' id='word_1_54' title='bbox 849 1152 1182 1221; x_wconf 78' lang='lat' dir='ltr'><strong>Corinthius,</strong></span> <span class='ocrx_word' id='word_1_55' title='bbox 1216 1172 1245 1210; x_wconf 89' lang='lat' dir='ltr'><strong>a</strong></span> <span class='ocrx_word' id='word_1_56' title='bbox 1278 1154 1507 1211; x_wconf 88' lang='lat' dir='ltr'><strong>Domino</strong></span> <span class='ocrx_word' id='word_1_57' title='bbox 1537 1158 1637 1212; x_wconf 84' lang='lat' dir='ltr'><strong>sibi</strong></span> <span class='ocrx_word' id='word_1_58' title='bbox 1665 1162 1898 1213; x_wconf 80' lang='lat' dir='ltr'><strong>asseruit</strong></span> <span class='ocrx_word' id='word_1_59' title='bbox 1922 1157 2126 1225; x_wconf 87' lang='lat' dir='ltr'><strong>datam,</strong></span> 
     </span>
    </p>
   </div>
   <div class='ocr_carea' id='block_1_11' title="bbox 556 1246 2132 1318">
    <p class='ocr_par' dir='ltr' id='par_1_11' title="bbox 556 1246 2132 1318">
     <span class='ocr_line' id='line_1_11' title="bbox 556 1246 2132 1318; baseline 0.003 -17"><span class='ocrx_word' id='word_1_60' title='bbox 556 1260 676 1301; x_wconf 89' lang='lat' dir='ltr'><strong>cum</strong></span> <span class='ocrx_word' id='word_1_61' title='bbox 710 1260 804 1301; x_wconf 92' lang='lat' dir='ltr'><strong>eos</strong></span> <span class='ocrx_word' id='word_1_62' title='bbox 830 1246 881 1302; x_wconf 92' lang='lat' dir='ltr'><strong>in</strong></span> <span class='ocrx_word' id='word_1_63' title='bbox 911 1249 1111 1304; x_wconf 87' lang='lat' dir='ltr'><strong>delicto</strong></span> <span class='ocrx_word' id='word_1_64' title='bbox 1140 1249 1344 1318; x_wconf 86' lang='lat' dir='ltr'><strong>positos</strong></span> <span class='ocrx_word' id='word_1_65' title='bbox 1370 1261 1759 1318; x_wconf 67' lang='lat' dir='ltr'><strong>prmmoueret,</strong></span> <span class='ocrx_word' id='word_1_66' title='bbox 1795 1260 1853 1305; x_wconf 91' lang='lat' dir='ltr'><strong>ut</strong></span> <span class='ocrx_word' id='word_1_67' title='bbox 1879 1260 2006 1307; x_wconf 88' lang='lat' dir='ltr'><strong>ante</strong></span> <span class='ocrx_word' id='word_1_68' title='bbox 2035 1250 2132 1305; x_wconf 85' lang='lat' dir='ltr'><strong>ad-</strong></span> 
     </span>
    </p>
   </div>
   <div class='ocr_carea' id='block_1_12' title="bbox 550 1342 2128 1411">
    <p class='ocr_par' dir='ltr' id='par_1_12' title="bbox 550 1342 2128 1411">
     <span class='ocr_line' id='line_1_12' title="bbox 550 1342 2128 1411; baseline 0.004 -21"><span class='ocrx_word' id='word_1_69' title='bbox 550 1346 771 1392; x_wconf 84' lang='lat' dir='ltr'><strong>ventum</strong></span> <span class='ocrx_word' id='word_1_70' title='bbox 815 1355 969 1393; x_wconf 87' lang='lat' dir='ltr'><strong>suum</strong></span> <span class='ocrx_word' id='word_1_71' title='bbox 1000 1343 1323 1407; x_wconf 87' lang='lat' dir='ltr'><strong>semetipsos</strong></span> <span class='ocrx_word' id='word_1_72' title='bbox 1350 1343 1624 1411; x_wconf 77' lang='lat' dir='ltr'><strong>corrigere</strong></span> <span class='ocrx_word' id='word_1_73' title='bbox 1652 1342 1978 1399; x_wconf 82' lang='lat' dir='ltr'><strong>festinarent</strong></span> <span class='ocrx_word' id='word_1_74' title='bbox 2001 1384 2016 1405; x_wconf 85' lang='lat'><strong>.</strong></span> <span class='ocrx_word' id='word_1_75' title='bbox 2057 1345 2128 1396; x_wconf 90' lang='lat' dir='ltr'><strong>ita</strong></span> 
     </span>
    </p>
   </div>
   <div class='ocr_carea' id='block_1_13' title="bbox 550 1430 2131 1503">
    <p class='ocr_par' dir='ltr' id='par_1_13' title="bbox 550 1430 2131 1503">
     <span class='ocr_line' id='line_1_13' title="bbox 550 1430 2131 1503; baseline 0.004 -22"><span class='ocrx_word' id='word_1_76' title='bbox 550 1430 871 1498; x_wconf 58' lang='lat' dir='ltr'><strong>pracipiens</strong></span> <span class='ocrx_word' id='word_1_77' title='bbox 894 1448 909 1487; x_wconf 91' lang='lat'>:</span> <span class='ocrx_word' id='word_1_78' title='bbox 943 1432 1085 1503; x_wconf 85' lang='lat' dir='ltr'><strong>Rago</strong></span> <span class='ocrx_word' id='word_1_79' title='bbox 1114 1447 1198 1486; x_wconf 87' lang='lat' dir='ltr'><strong>vos</strong></span> <span class='ocrx_word' id='word_1_80' title='bbox 1229 1449 1292 1485; x_wconf 89' lang='lat' dir='ltr'><strong>ne</strong></span> <span class='ocrx_word' id='word_1_81' title='bbox 1316 1450 1535 1503; x_wconf 73' lang='lat' dir='ltr'><strong>pra&#39;sens</strong></span> <span class='ocrx_word' id='word_1_82' title='bbox 1562 1434 1842 1503; x_wconf 88' lang='lat' dir='ltr'><strong>compellar</strong></span> <span class='ocrx_word' id='word_1_83' title='bbox 1866 1433 2057 1488; x_wconf 89' lang='lat' dir='ltr'><strong>audere</strong></span> <span class='ocrx_word' id='word_1_84' title='bbox 2076 1434 2131 1488; x_wconf 87' lang='lat' dir='ltr'><strong>in</strong></span> 
     </span>
    </p>
   </div>
   <div class='ocr_carea' id='block_1_14' title="bbox 550 1523 2131 1599">
    <p class='ocr_par' dir='ltr' id='par_1_14' title="bbox 550 1523 2131 1599">
     <span class='ocr_line' id='line_1_14' title="bbox 550 1523 2131 1599; baseline 0.005 -24"><span class='ocrx_word' id='word_1_85' title='bbox 550 1523 798 1587; x_wconf 68' lang='lat' dir='ltr'><strong>quasdam</strong></span> <span class='ocrx_word' id='word_1_86' title='bbox 827 1532 1073 1591; x_wconf 80' lang='lat' dir='ltr'><strong>potestate</strong></span> <span class='ocrx_word' id='word_1_87' title='bbox 1112 1525 1225 1593; x_wconf 81' lang='lat' dir='ltr'><strong>illa,</strong></span> <span class='ocrx_word' id='word_1_88' title='bbox 1252 1543 1363 1593; x_wconf 66' lang='lat' dir='ltr'><strong>quia</strong></span> <span class='ocrx_word' id='word_1_89' title='bbox 1393 1529 1515 1579; x_wconf 87' lang='lat' dir='ltr'><strong>data</strong></span> <span class='ocrx_word' id='word_1_90' title='bbox 1542 1538 1613 1580; x_wconf 80' lang='lat' dir='ltr'><strong>est</strong></span> <span class='ocrx_word' id='word_1_91' title='bbox 1642 1529 1768 1581; x_wconf 88' lang='lat' dir='ltr'><strong>mihi</strong></span> <span class='ocrx_word' id='word_1_92' title='bbox 1798 1530 1850 1581; x_wconf 87' lang='lat' dir='ltr'><strong>in</strong></span> <span class='ocrx_word' id='word_1_93' title='bbox 1880 1529 2019 1582; x_wconf 93' lang='lat' dir='ltr'><strong>vobis</strong></span> <span class='ocrx_word' id='word_1_94' title='bbox 2052 1527 2131 1599; x_wconf 84' lang='lat' dir='ltr'><strong>(II</strong></span> 
     </span>
    </p>
   </div>
   <div class='ocr_carea' id='block_1_15' title="bbox 557 1615 2129 1691">
    <p class='ocr_par' dir='ltr' id='par_1_15' title="bbox 557 1615 2129 1691">
     <span class='ocr_line' id='line_1_15' title="bbox 557 1615 2129 1691; baseline 0.006 -22"><span class='ocrx_word' id='word_1_95' title='bbox 557 1615 681 1669; x_wconf 76' lang='grc' dir='ltr'><strong>(ιον.</strong></span> <span class='ocrx_word' id='word_1_96' title='bbox 712 1617 791 1673; x_wconf 77' lang='lat' dir='ltr'><strong>xi.</strong></span> <span class='ocrx_word' id='word_1_97' title='bbox 816 1617 883 1671; x_wconf 86' lang='lat' dir='ltr'><strong>Et</strong></span> <span class='ocrx_word' id='word_1_98' title='bbox 917 1620 1107 1672; x_wconf 87' lang='lat' dir='ltr'><strong>iterum</strong></span> <span class='ocrx_word' id='word_1_99' title='bbox 1137 1637 1148 1673; x_wconf 92' lang='lat'>:</span> <span class='ocrx_word' id='word_1_100' title='bbox 1188 1619 1247 1673; x_wconf 88' lang='lat' dir='ltr'><strong>Si</strong></span> <span class='ocrx_word' id='word_1_101' title='bbox 1274 1625 1416 1673; x_wconf 82' lang='lat' dir='ltr'><strong>enim</strong></span> <span class='ocrx_word' id='word_1_102' title='bbox 1447 1623 1654 1675; x_wconf 78' lang='lat' dir='ltr'><strong>voluero</strong></span> <span class='ocrx_word' id='word_1_103' title='bbox 1679 1624 1878 1691; x_wconf 90' lang='lat' dir='ltr'><strong>aliquid</strong></span> <span class='ocrx_word' id='word_1_104' title='bbox 1910 1623 2129 1685; x_wconf 69' lang='lat' dir='ltr'><strong>gloriari</strong></span> 
     </span>
    </p>
   </div>
   <div class='ocr_carea' id='block_1_16' title="bbox 553 1709 2133 1783">
    <p class='ocr_par' dir='ltr' id='par_1_16' title="bbox 553 1709 2133 1783">
     <span class='ocr_line' id='line_1_16' title="bbox 553 1709 2133 1783; baseline 0.007 -26"><span class='ocrx_word' id='word_1_105' title='bbox 553 1709 615 1759; x_wconf 90' lang='lat' dir='ltr'><strong>de</strong></span> <span class='ocrx_word' id='word_1_106' title='bbox 661 1718 908 1773; x_wconf 77' lang='lat' dir='ltr'><strong>potestate</strong></span> <span class='ocrx_word' id='word_1_107' title='bbox 950 1726 1101 1776; x_wconf 89' lang='lat' dir='ltr'><strong>quam</strong></span> <span class='ocrx_word' id='word_1_108' title='bbox 1129 1712 1269 1763; x_wconf 85' lang='lat' dir='ltr'><strong>dedit</strong></span> <span class='ocrx_word' id='word_1_109' title='bbox 1299 1714 1423 1765; x_wconf 84' lang='lat' dir='ltr'><strong>mihi</strong></span> <span class='ocrx_word' id='word_1_110' title='bbox 1462 1712 1715 1767; x_wconf 77' lang='lat' dir='ltr'><strong>Dominus</strong></span> <span class='ocrx_word' id='word_1_111' title='bbox 1744 1718 1793 1767; x_wconf 86' lang='lat' dir='ltr'><strong>in</strong></span> <span class='ocrx_word' id='word_1_112' title='bbox 1827 1716 2133 1783; x_wconf 69' lang='lat' dir='ltr'><strong>mdiﬁcatio-</strong></span> 
     </span>
    </p>
   </div>
   <div class='ocr_carea' id='block_1_17' title="bbox 1848 300 2470 364">
    <p class='ocr_par' dir='ltr' id='par_1_17' title="bbox 1848 300 2470 364">
     <span class='ocr_line' id='line_1_17' title="bbox 1848 300 2470 364; baseline -0.013 0"><span class='ocrx_word' id='word_1_113' title='bbox 1848 303 2122 364; x_wconf 79' lang='lat' dir='ltr'><strong>JOANNIS</strong></span> <span class='ocrx_word' id='word_1_114' title='bbox 2157 300 2470 361; x_wconf 74' lang='lat' dir='ltr'><strong>CASSIANI</strong></span> 
     </span>
    </p>
   </div>
   <div class='ocr_carea' id='block_1_18' title="bbox 2144 413 3804 487">
    <p class='ocr_par' dir='ltr' id='par_1_18' title="bbox 2144 413 3804 487">
     <span class='ocr_line' id='line_1_18' title="bbox 2144 413 3804 487; baseline -0.001 -15"><span class='ocrx_word' id='word_1_115' title='bbox 2144 422 2196 481; x_wconf 76' lang='grc' dir='ltr'>Α</span> <span class='ocrx_word' id='word_1_116' title='bbox 2222 420 2449 487; x_wconf 86' lang='lat' dir='ltr'><strong>operari,</strong></span> <span class='ocrx_word' id='word_1_117' title='bbox 2483 434 2574 471; x_wconf 89' lang='lat' dir='ltr'><strong>nec</strong></span> <span class='ocrx_word' id='word_1_118' title='bbox 2602 416 2908 481; x_wconf 80' lang='lat' dir='ltr'><strong>manducet;</strong></span> <span class='ocrx_word' id='word_1_119' title='bbox 2942 429 3048 470; x_wconf 91' lang='lat' dir='ltr'><strong>non</strong></span> <span class='ocrx_word' id='word_1_120' title='bbox 3081 414 3261 486; x_wconf 90' lang='lat' dir='ltr'><strong>gladio</strong></span> <span class='ocrx_word' id='word_1_121' title='bbox 3288 414 3498 471; x_wconf 86' lang='lat' dir='ltr'><strong>carnali</strong></span> <span class='ocrx_word' id='word_1_122' title='bbox 3524 428 3625 471; x_wconf 83' lang='lat' dir='ltr'><strong>eos</strong></span> <span class='ocrx_word' id='word_1_123' title='bbox 3655 413 3804 471; x_wconf 87' lang='lat' dir='ltr'><strong>addi-</strong></span> 
     </span>
    </p>
   </div>
   <div class='ocr_carea' id='block_1_19' title="bbox 3703 289 3803 356">
    <p class='ocr_par' dir='ltr' id='par_1_19' title="bbox 3703 289 3803 356">
     <span class='ocr_line' id='line_1_19' title="bbox 3703 289 3803 356; baseline 0 0"><span class='ocrx_word' id='word_1_124' title='bbox 3703 289 3803 356; x_wconf 75' lang='lat'><strong>380</strong></span> 
     </span>
    </p>
   </div>
   <div class='ocr_carea' id='block_1_20' title="bbox 2226 507 3802 579">
    <p class='ocr_par' dir='ltr' id='par_1_20' title="bbox 2226 507 3802 579">
     <span class='ocr_line' id='line_1_20' title="bbox 2226 507 3802 579; baseline -0.003 -12"><span class='ocrx_word' id='word_1_125' title='bbox 2226 529 2374 573; x_wconf 87' lang='lat' dir='ltr'><strong>cens.</strong></span> <span class='ocrx_word' id='word_1_126' title='bbox 2410 510 2501 566; x_wconf 89' lang='lat' dir='ltr'><strong>sed</strong></span> <span class='ocrx_word' id='word_1_127' title='bbox 2539 511 2860 565; x_wconf 85' lang='lat' dir='ltr'><strong>auctoritate</strong></span> <span class='ocrx_word' id='word_1_128' title='bbox 2888 508 3125 579; x_wconf 89' lang='lat' dir='ltr'><strong>Spiritus</strong></span> <span class='ocrx_word' id='word_1_129' title='bbox 3156 510 3351 573; x_wconf 83' lang='lat' dir='ltr'><strong>sancti,</strong></span> <span class='ocrx_word' id='word_1_130' title='bbox 3380 508 3540 578; x_wconf 88' lang='lat' dir='ltr'><strong>hujus</strong></span> <span class='ocrx_word' id='word_1_131' title='bbox 3568 507 3699 562; x_wconf 69' lang='lat' dir='ltr'><strong>vita:</strong></span> <span class='ocrx_word' id='word_1_132' title='bbox 3728 507 3802 562; x_wconf 88' lang='lat' dir='ltr'><strong>eis</strong></span> 
     </span>
    </p>
   </div>
   <div class='ocr_carea' id='block_1_21' title="bbox 2228 602 3805 672">
    <p class='ocr_par' dir='ltr' id='par_1_21' title="bbox 2228 602 3805 672">
     <span class='ocr_line' id='line_1_21' title="bbox 2228 602 3805 672; baseline -0.001 -12"><span class='ocrx_word' id='word_1_133' title='bbox 2228 607 2556 661; x_wconf 89' lang='lat' dir='ltr'><strong>interdicens</strong></span> <span class='ocrx_word' id='word_1_134' title='bbox 2604 606 3004 668; x_wconf 84' lang='lat' dir='ltr'><strong>substantiam;</strong></span> <span class='ocrx_word' id='word_1_135' title='bbox 3038 613 3095 658; x_wconf 92' lang='lat' dir='ltr'><strong>ut</strong></span> <span class='ocrx_word' id='word_1_136' title='bbox 3117 606 3158 658; x_wconf 91' lang='lat' dir='ltr'><strong>si</strong></span> <span class='ocrx_word' id='word_1_137' title='bbox 3196 602 3332 657; x_wconf 78' lang='lat' dir='ltr'><strong>forte</strong></span> <span class='ocrx_word' id='word_1_138' title='bbox 3358 618 3577 672; x_wconf 68' lang='lat' dir='ltr'><strong>pinnam</strong></span> <span class='ocrx_word' id='word_1_139' title='bbox 3613 603 3805 658; x_wconf 67' lang='lat' dir='ltr'><strong>futura</strong></span> 
     </span>
    </p>
   </div>
   <div class='ocr_carea' id='block_1_22' title="bbox 2228 696 3805 765">
    <p class='ocr_par' dir='ltr' id='par_1_22' title="bbox 2228 696 3805 765">
     <span class='ocr_line' id='line_1_22' title="bbox 2228 696 3805 765; baseline -0.003 -9"><span class='ocrx_word' id='word_1_140' title='bbox 2228 701 2415 756; x_wconf 92' lang='lat' dir='ltr'><strong>mortis</strong></span> <span class='ocrx_word' id='word_1_141' title='bbox 2447 700 2666 754; x_wconf 89' lang='lat' dir='ltr'><strong>minime</strong></span> <span class='ocrx_word' id='word_1_142' title='bbox 2694 700 2993 765; x_wconf 74' lang='lat' dir='ltr'><strong>cogitantes</strong></span> <span class='ocrx_word' id='word_1_143' title='bbox 3014 738 3030 763; x_wconf 92' lang='lat'><strong>,</strong></span> <span class='ocrx_word' id='word_1_144' title='bbox 3063 696 3238 751; x_wconf 86' lang='lat' dir='ltr'><strong>adhuc</strong></span> <span class='ocrx_word' id='word_1_145' title='bbox 3271 698 3471 752; x_wconf 84' lang='lat' dir='ltr'><strong>vellent</strong></span> <span class='ocrx_word' id='word_1_146' title='bbox 3498 711 3687 751; x_wconf 87' lang='lat' dir='ltr'><strong>amore</strong></span> <span class='ocrx_word' id='word_1_147' title='bbox 3712 696 3805 751; x_wconf 91' lang='lat' dir='ltr'><strong>otii</strong></span> 
     </span>
    </p>
   </div>
   <div class='ocr_carea' id='block_1_23' title="bbox 2230 788 3806 853">
    <p class='ocr_par' dir='ltr' id='par_1_23' title="bbox 2230 788 3806 853">
     <span class='ocr_line' id='line_1_23' title="bbox 2230 788 3806 853; baseline -0.003 -6"><span class='ocrx_word' id='word_1_148' title='bbox 2230 794 2462 847; x_wconf 77' lang='lat' dir='ltr'><strong>existere</strong></span> <span class='ocrx_word' id='word_1_149' title='bbox 2517 802 2906 853; x_wconf 83' lang='lat' dir='ltr'><strong>contumaces,</strong></span> <span class='ocrx_word' id='word_1_150' title='bbox 2958 791 3146 844; x_wconf 82' lang='lat' dir='ltr'><strong>saltem</strong></span> <span class='ocrx_word' id='word_1_151' title='bbox 3212 792 3535 845; x_wconf 81' lang='lat' dir='ltr'><strong>necessitate</strong></span> <span class='ocrx_word' id='word_1_152' title='bbox 3574 788 3806 844; x_wconf 84' lang='lat' dir='ltr'><strong>naturali</strong></span> 
     </span>
    </p>
   </div>
   <div class='ocr_carea' id='block_1_24' title="bbox 2228 878 3807 951">
    <p class='ocr_par' dir='ltr' id='par_1_24' title="bbox 2228 878 3807 951">
     <span class='ocr_line' id='line_1_24' title="bbox 2228 878 3807 951; baseline -0.003 -12"><span class='ocrx_word' id='word_1_153' title='bbox 2228 884 2550 951; x_wconf 90' lang='lat' dir='ltr'><strong>constricti,</strong></span> <span class='ocrx_word' id='word_1_154' title='bbox 2599 892 2655 939; x_wconf 90' lang='lat' dir='ltr'><strong>et</strong></span> <span class='ocrx_word' id='word_1_155' title='bbox 2701 893 2847 938; x_wconf 89' lang='lat' dir='ltr'><strong>metu</strong></span> <span class='ocrx_word' id='word_1_156' title='bbox 2897 882 3184 951; x_wconf 65' lang='lat' dir='ltr'><strong>praesentis</strong></span> <span class='ocrx_word' id='word_1_157' title='bbox 3224 881 3507 949; x_wconf 86' lang='lat' dir='ltr'><strong>interitus,</strong></span> <span class='ocrx_word' id='word_1_158' title='bbox 3552 878 3807 935; x_wconf 84' lang='lat' dir='ltr'><strong>salutaria</strong></span> 
     </span>
    </p>
   </div>
   <div class='ocr_carea' id='block_1_25' title="bbox 2232 976 3108 1049">
    <p class='ocr_par' dir='ltr' id='par_1_25' title="bbox 2232 976 3108 1049">
     <span class='ocr_line' id='line_1_25' title="bbox 2232 976 3108 1049; baseline -0.007 -16"><span class='ocrx_word' id='word_1_159' title='bbox 2232 988 2496 1049; x_wconf 62' lang='lat' dir='ltr'><strong>praecepta</strong></span> <span class='ocrx_word' id='word_1_160' title='bbox 2524 976 2801 1046; x_wconf 83' lang='lat' dir='ltr'><strong>suscipere</strong></span> <span class='ocrx_word' id='word_1_161' title='bbox 2826 985 3108 1043; x_wconf 79' lang='lat' dir='ltr'><strong>cogantur.</strong></span> 
     </span>
    </p>
   </div>
   <div class='ocr_carea' id='block_1_26' title="bbox 2802 1085 3203 1145">
    <p class='ocr_par' dir='ltr' id='par_1_26' title="bbox 2802 1085 3203 1145">
     <span class='ocr_line' id='line_1_26' title="bbox 2802 1085 3203 1145; baseline -0.01 -1"><span class='ocrx_word' id='word_1_162' title='bbox 2802 1088 3025 1145; x_wconf 78' lang='lat' dir='ltr'><strong>CAPUT</strong></span> <span class='ocrx_word' id='word_1_163' title='bbox 3062 1085 3203 1141; x_wconf 83' lang='lat' dir='ltr'><strong>Xlll.</strong></span> 
     </span>
    </p>
   </div>
   <div class='ocr_carea' id='block_1_27' title="bbox 2233 1178 3812 1254">
    <p class='ocr_par' dir='ltr' id='par_1_27' title="bbox 2233 1178 3812 1254">
     <span class='ocr_line' id='line_1_27' title="bbox 2233 1178 3812 1254; baseline -0.001 -19"><span class='ocrx_word' id='word_1_164' title='bbox 2233 1181 2312 1237; x_wconf 88' lang='lat' dir='ltr'><strong>De</strong></span> <span class='ocrx_word' id='word_1_165' title='bbox 2337 1198 2400 1237; x_wconf 90' lang='lat' dir='ltr'><strong>eo</strong></span> <span class='ocrx_word' id='word_1_166' title='bbox 2426 1183 2563 1254; x_wconf 84' lang='lat' dir='ltr'><strong>quod</strong></span> <span class='ocrx_word' id='word_1_167' title='bbox 2591 1182 2751 1248; x_wconf 90' lang='lat' dir='ltr'><strong>dicit,</strong></span> <span class='ocrx_word' id='word_1_168' title='bbox 2786 1182 3092 1254; x_wconf 78' lang='lat' dir='ltr'><strong>Audiuimus</strong></span> <span class='ocrx_word' id='word_1_169' title='bbox 3122 1181 3257 1254; x_wconf 86' lang='lat' dir='ltr'><strong>enim</strong></span> <span class='ocrx_word' id='word_1_170' title='bbox 3283 1181 3415 1233; x_wconf 86' lang='lat' dir='ltr'><strong>inter</strong></span> <span class='ocrx_word' id='word_1_171' title='bbox 3442 1194 3533 1233; x_wconf 89' lang='lat' dir='ltr'><strong>vos</strong></span> <span class='ocrx_word' id='word_1_172' title='bbox 3555 1178 3812 1249; x_wconf 80' lang='lat' dir='ltr'><strong>quosdam</strong></span> 
     </span>
    </p>
   </div>
   <div class='ocr_carea' id='block_1_28' title="bbox 2738 1252 3290 1319">
    <p class='ocr_par' dir='ltr' id='par_1_28' title="bbox 2738 1252 3290 1319">
     <span class='ocr_line' id='line_1_28' title="bbox 2738 1252 3290 1319; baseline -0.004 -14"><span class='ocrx_word' id='word_1_173' title='bbox 2738 1252 3006 1305; x_wconf 86' lang='lat' dir='ltr'><strong>ambulare</strong></span> <span class='ocrx_word' id='word_1_174' title='bbox 3048 1253 3290 1319; x_wconf 84' lang='lat' dir='ltr'><strong>inquiete.</strong></span> 
     </span>
    </p>
   </div>
   <div class='ocr_carea' id='block_1_29' title="bbox 2304 1339 3814 1412">
    <p class='ocr_par' dir='ltr' id='par_1_29' title="bbox 2304 1339 3814 1412">
     <span class='ocr_line' id='line_1_29' title="bbox 2304 1339 3814 1412; baseline -0.003 -12"><span class='ocrx_word' id='word_1_175' title='bbox 2304 1345 2430 1400; x_wconf 88' lang='lat' dir='ltr'><strong>Post</strong></span> <span class='ocrx_word' id='word_1_176' title='bbox 2486 1354 2692 1398; x_wconf 88' lang='lat' dir='ltr'><strong>tantum</strong></span> <span class='ocrx_word' id='word_1_177' title='bbox 2738 1344 2899 1412; x_wconf 82' lang='lat' dir='ltr'><strong>igitur</strong></span> <span class='ocrx_word' id='word_1_178' title='bbox 2958 1342 3191 1412; x_wconf 79' lang='lat' dir='ltr'><strong>rigorem</strong></span> <span class='ocrx_word' id='word_1_179' title='bbox 3243 1339 3573 1411; x_wconf 68' lang='lat' dir='ltr'><strong>evangelica:</strong></span> <span class='ocrx_word' id='word_1_180' title='bbox 3622 1340 3814 1395; x_wconf 85' lang='lat' dir='ltr'><strong>distri-</strong></span> 
     </span>
    </p>
   </div>
   <div class='ocr_carea' id='block_1_30' title="bbox 2232 1432 3818 1506">
    <p class='ocr_par' dir='ltr' id='par_1_30' title="bbox 2232 1432 3818 1506">
     <span class='ocr_line' id='line_1_30' title="bbox 2232 1432 3818 1506; baseline -0.004 -12"><span class='ocrx_word' id='word_1_181' title='bbox 2232 1439 2430 1494; x_wconf 90' lang='lat' dir='ltr'><strong>ctionis</strong></span> <span class='ocrx_word' id='word_1_182' title='bbox 2454 1480 2468 1505; x_wconf 92' lang='lat'><strong>,</strong></span> <span class='ocrx_word' id='word_1_183' title='bbox 2522 1454 2666 1491; x_wconf 90' lang='lat' dir='ltr'><strong>nunc</strong></span> <span class='ocrx_word' id='word_1_184' title='bbox 2711 1436 2821 1506; x_wconf 83' lang='lat' dir='ltr'><strong>jam</strong></span> <span class='ocrx_word' id='word_1_185' title='bbox 2868 1451 3085 1489; x_wconf 83' lang='lat' dir='ltr'><strong>causam</strong></span> <span class='ocrx_word' id='word_1_186' title='bbox 3119 1435 3378 1498; x_wconf 77' lang='lat' dir='ltr'><strong>exponit.</strong></span> <span class='ocrx_word' id='word_1_187' title='bbox 3418 1448 3513 1487; x_wconf 91' lang='lat' dir='ltr'><strong>cur</strong></span> <span class='ocrx_word' id='word_1_188' title='bbox 3546 1432 3663 1487; x_wconf 67' lang='lat' dir='ltr'><strong>haec</strong></span> <span class='ocrx_word' id='word_1_189' title='bbox 3694 1432 3818 1488; x_wconf 87' lang='lat' dir='ltr'><strong>uni-</strong></span> 
     </span>
    </p>
   </div>
   <div class='ocr_carea' id='block_1_31' title="bbox 2233 1526 3816 1599">
    <p class='ocr_par' dir='ltr' id='par_1_31' title="bbox 2233 1526 3816 1599">
     <span class='ocr_line' id='line_1_31' title="bbox 2233 1526 3816 1599; baseline -0.003 -14"><span class='ocrx_word' id='word_1_190' title='bbox 2233 1545 2388 1585; x_wconf 86' lang='lat' dir='ltr'><strong>versa</strong></span> <span class='ocrx_word' id='word_1_191' title='bbox 2438 1530 2797 1599; x_wconf 67' lang='lat' dir='ltr'><strong>praemiserit:</strong></span> <span class='ocrx_word' id='word_1_192' title='bbox 2860 1528 3165 1582; x_wconf 79' lang='lat' dir='ltr'><strong>Audirimus</strong></span> <span class='ocrx_word' id='word_1_193' title='bbox 3210 1527 3345 1579; x_wconf 88' lang='lat' dir='ltr'><strong>enim</strong></span> <span class='ocrx_word' id='word_1_194' title='bbox 3393 1526 3647 1596; x_wconf 86' lang='lat' dir='ltr'><strong>quasdam</strong></span> <span class='ocrx_word' id='word_1_195' title='bbox 3677 1527 3816 1580; x_wconf 84' lang='lat' dir='ltr'><strong>inter</strong></span> 
     </span>
    </p>
   </div>
   <div class='ocr_carea' id='block_1_32' title="bbox 2231 1619 3815 1692">
    <p class='ocr_par' dir='ltr' id='par_1_32' title="bbox 2231 1619 3815 1692">
     <span class='ocr_line' id='line_1_32' title="bbox 2231 1619 3815 1692; baseline -0.004 -14"><span class='ocrx_word' id='word_1_196' title='bbox 2231 1640 2319 1678; x_wconf 85' lang='lat' dir='ltr'><strong>vos</strong></span> <span class='ocrx_word' id='word_1_197' title='bbox 2343 1633 2369 1661; x_wconf 74' lang='grc'>⁸</span> <span class='ocrx_word' id='word_1_198' title='bbox 2398 1624 2666 1676; x_wconf 89' lang='lat' dir='ltr'><strong>ambulare</strong></span> <span class='ocrx_word' id='word_1_199' title='bbox 2691 1620 2935 1692; x_wconf 86' lang='lat' dir='ltr'><strong>inquiete,</strong></span> <span class='ocrx_word' id='word_1_200' title='bbox 2979 1620 3111 1673; x_wconf 87' lang='lat' dir='ltr'><strong>nihil</strong></span> <span class='ocrx_word' id='word_1_201' title='bbox 3149 1628 3421 1686; x_wconf 82' lang='lat' dir='ltr'><strong>operantes</strong></span> <span class='ocrx_word' id='word_1_202' title='bbox 3443 1658 3458 1684; x_wconf 88' lang='lat'><strong>,</strong></span> <span class='ocrx_word' id='word_1_203' title='bbox 3492 1619 3582 1672; x_wconf 87' lang='lat' dir='ltr'><strong>sed</strong></span> <span class='ocrx_word' id='word_1_204' title='bbox 3608 1620 3815 1672; x_wconf 80' lang='lat' dir='ltr'><strong>curiose</strong></span> 
     </span>
    </p>
   </div>
   <div class='ocr_carea' id='block_1_33' title="bbox 2232 1709 3811 1789">
    <p class='ocr_par' dir='ltr' id='par_1_33' title="bbox 2232 1709 3811 1789">
     <span class='ocr_line' id='line_1_33' title="bbox 2232 1709 3811 1789; baseline -0.004 -20"><span class='ocrx_word' id='word_1_205' title='bbox 2232 1728 2460 1789; x_wconf 81' lang='lat' dir='ltr'><strong>agentes.</strong></span> <span class='ocrx_word' id='word_1_206' title='bbox 2495 1714 2765 1783; x_wconf 81' lang='lat' dir='ltr'><strong>Nusquam</strong></span> <span class='ocrx_word' id='word_1_207' title='bbox 2794 1728 2889 1768; x_wconf 87' lang='lat' dir='ltr'><strong>eos</strong></span> <span class='ocrx_word' id='word_1_208' title='bbox 2918 1716 3007 1781; x_wconf 89' lang='lat' dir='ltr'><strong>qui</strong></span> <span class='ocrx_word' id='word_1_209' title='bbox 3043 1712 3210 1767; x_wconf 84' lang='lat' dir='ltr'><strong>dediti</strong></span> <span class='ocrx_word' id='word_1_210' title='bbox 3242 1726 3363 1766; x_wconf 73' lang='lat' dir='ltr'><strong>esse</strong></span> <span class='ocrx_word' id='word_1_211' title='bbox 3394 1709 3549 1780; x_wconf 87' lang='lat' dir='ltr'><strong>operi</strong></span> <span class='ocrx_word' id='word_1_212' title='bbox 3598 1710 3811 1775; x_wconf 87' lang='lat' dir='ltr'><strong>nolunt,</strong></span> 
     </span>
    </p>
   </div>
   <div class='ocr_carea' id='block_1_34' title="bbox 556 1802 3821 1877">
    <p class='ocr_par' dir='ltr' id='par_1_34' title="bbox 556 1802 3821 1877">
     <span class='ocr_line' id='line_1_34' title="bbox 556 1802 3821 1877; baseline 0.002 -27"><span class='ocrx_word' id='word_1_213' title='bbox 556 1816 689 1861; x_wconf 59' lang='lat' dir='ltr'><strong>nem,</strong></span> <span class='ocrx_word' id='word_1_214' title='bbox 723 1812 768 1852; x_wconf 89' lang='lat' dir='ltr'><strong>et</strong></span> <span class='ocrx_word' id='word_1_215' title='bbox 793 1818 891 1853; x_wconf 86' lang='lat' dir='ltr'><strong>non</strong></span> <span class='ocrx_word' id='word_1_216' title='bbox 922 1804 972 1854; x_wconf 86' lang='lat' dir='ltr'><strong>in</strong></span> <span class='ocrx_word' id='word_1_217' title='bbox 996 1802 1391 1857; x_wconf 79' lang='lat' dir='ltr'><strong>destructionem</strong></span> <span class='ocrx_word' id='word_1_218' title='bbox 1412 1808 1662 1869; x_wconf 70' lang='lat' dir='ltr'><strong>vestram;</strong></span> <span class='ocrx_word' id='word_1_219' title='bbox 1681 1824 1783 1859; x_wconf 90' lang='lat' dir='ltr'><strong>non</strong></span> <span class='ocrx_word' id='word_1_220' title='bbox 1810 1808 2125 1863; x_wconf 80' lang='lat' dir='ltr'><strong>erubescam.</strong></span> <span class='ocrx_word' id='word_1_221' title='bbox 2165 1819 2207 1877; x_wconf 74' lang='grc' dir='ltr'><strong><em>Β</em></strong></span> <span class='ocrx_word' id='word_1_222' title='bbox 2236 1826 2345 1865; x_wconf 91' lang='lat' dir='ltr'><strong>uno</strong></span> <span class='ocrx_word' id='word_1_223' title='bbox 2372 1820 2582 1864; x_wconf 89' lang='lat' dir='ltr'><strong>tantum</strong></span> <span class='ocrx_word' id='word_1_224' title='bbox 2612 1810 2801 1863; x_wconf 91' lang='lat' dir='ltr'><strong>morbo</strong></span> <span class='ocrx_word' id='word_1_225' title='bbox 2830 1814 3118 1873; x_wconf 83' lang='lat' dir='ltr'><strong>corruptos</strong></span> <span class='ocrx_word' id='word_1_226' title='bbox 3148 1805 3492 1875; x_wconf 78' lang='lat' dir='ltr'><strong>pronuntiare</strong></span> <span class='ocrx_word' id='word_1_227' title='bbox 3520 1810 3821 1858; x_wconf 84' lang='lat' dir='ltr'><strong>contentus</strong></span> 
     </span>
    </p>
   </div>
   <div class='ocr_carea' id='block_1_35' title="bbox 556 1886 2133 1965">
    <p class='ocr_par' dir='ltr' id='par_1_35' title="bbox 556 1886 2133 1965">
     <span class='ocr_line' id='line_1_35' title="bbox 556 1886 2133 1965; baseline 0.009 -26"><span class='ocrx_word' id='word_1_228' title='bbox 556 1886 670 1953; x_wconf 70' lang='lat' dir='ltr'><strong>Illi,</strong></span> <span class='ocrx_word' id='word_1_229' title='bbox 700 1890 935 1958; x_wconf 89' lang='lat' dir='ltr'><strong>inquam,</strong></span> <span class='ocrx_word' id='word_1_230' title='bbox 971 1900 1235 1961; x_wconf 70' lang='lat' dir='ltr'><strong>potestate</strong></span> <span class='ocrx_word' id='word_1_231' title='bbox 1265 1894 1606 1962; x_wconf 88' lang='lat' dir='ltr'><strong>pronuntiat,</strong></span> <span class='ocrx_word' id='word_1_232' title='bbox 1655 1895 1715 1951; x_wconf 88' lang='lat' dir='ltr'><strong>Si</strong></span> <span class='ocrx_word' id='word_1_233' title='bbox 1752 1900 1861 1965; x_wconf 83' lang='lat' dir='ltr'><strong>quis</strong></span> <span class='ocrx_word' id='word_1_234' title='bbox 1897 1917 1998 1952; x_wconf 89' lang='lat' dir='ltr'><strong>non</strong></span> <span class='ocrx_word' id='word_1_235' title='bbox 2025 1904 2133 1955; x_wconf 85' lang='lat' dir='ltr'><strong>vult</strong></span> 
     </span>
    </p>
   </div>
   <div class='ocr_carea' id='block_1_36' title="bbox 2236 1894 3820 1969">
    <p class='ocr_par' dir='ltr' id='par_1_36' title="bbox 2236 1894 3820 1969">
     <span class='ocr_line' id='line_1_36' title="bbox 2236 1894 3820 1969; baseline -0.004 -13"><span class='ocrx_word' id='word_1_236' title='bbox 2236 1912 2342 1958; x_wconf 85' lang='lat' dir='ltr'><strong>est.</strong></span> <span class='ocrx_word' id='word_1_237' title='bbox 2381 1900 2409 1939; x_wconf 67' lang='grc' dir='ltr'>δ</span> <span class='ocrx_word' id='word_1_238' title='bbox 2455 1902 2511 1955; x_wconf 86' lang='grc' dir='ltr'><strong>1η</strong></span> <span class='ocrx_word' id='word_1_239' title='bbox 2558 1899 2726 1969; x_wconf 77' lang='lat' dir='ltr'><strong>priori</strong></span> <span class='ocrx_word' id='word_1_240' title='bbox 2776 1913 3009 1968; x_wconf 87' lang='lat' dir='ltr'><strong>namque</strong></span> <span class='ocrx_word' id='word_1_241' title='bbox 3054 1896 3287 1967; x_wconf 59' lang='lat' dir='ltr'><strong>Epistula</strong></span> <span class='ocrx_word' id='word_1_242' title='bbox 3338 1894 3674 1949; x_wconf 86' lang='lat' dir='ltr'><strong>inordinatus</strong></span> <span class='ocrx_word' id='word_1_243' title='bbox 3715 1909 3820 1949; x_wconf 88' lang='lat' dir='ltr'><strong>eos</strong></span> 
     </span>
    </p>
   </div>
   <div class='ocr_carea' id='block_1_37' title="bbox 1614 2014 2739 2074">
    <p class='ocr_par' dir='ltr' id='par_1_37' title="bbox 1614 2014 2739 2074">
     <span class='ocr_line' id='line_1_37' title="bbox 1614 2014 2739 2074; baseline 0.004 -6"><span class='ocrx_word' id='word_1_244' title='bbox 1614 2014 1868 2069; x_wconf 80' lang='lat' dir='ltr'><strong>ALAllDl</strong></span> <span class='ocrx_word' id='word_1_245' title='bbox 1907 2017 2137 2072; x_wconf 70' lang='grc' dir='ltr'><strong>ΟᾹΖΑΞΙ</strong></span> <span class='ocrx_word' id='word_1_246' title='bbox 2176 2018 2739 2074; x_wconf 68' lang='lat' dir='ltr'><strong>COMMENTARIUS.</strong></span> 
     </span>
    </p>
   </div>
   <div class='ocr_carea' id='block_1_38' title="bbox 558 2099 2128 2174">
    <p class='ocr_par' dir='ltr' id='par_1_38' title="bbox 558 2099 2128 2174">
     <span class='ocr_line' id='line_1_38' title="bbox 558 2099 2128 2174; baseline 0.01 -27"><span class='ocrx_word' id='word_1_247' title='bbox 558 2099 776 2150; x_wconf 75' lang='lat' dir='ltr'><strong>tentiam</strong></span> <span class='ocrx_word' id='word_1_248' title='bbox 805 2139 819 2161; x_wconf 90' lang='lat'><strong>,</strong></span> <span class='ocrx_word' id='word_1_249' title='bbox 873 2100 925 2153; x_wconf 89' lang='lat' dir='ltr'><strong>in</strong></span> <span class='ocrx_word' id='word_1_250' title='bbox 976 2118 1076 2167; x_wconf 89' lang='lat' dir='ltr'><strong>qua</strong></span> <span class='ocrx_word' id='word_1_251' title='bbox 1114 2113 1217 2156; x_wconf 87' lang='lat' dir='ltr'><strong>tota</strong></span> <span class='ocrx_word' id='word_1_252' title='bbox 1246 2104 1539 2165; x_wconf 71' lang='lat' dir='ltr'><strong>disnutzitiu</strong></span> <span class='ocrx_word' id='word_1_253' title='bbox 1568 2106 1633 2159; x_wconf 86' lang='lat' dir='ltr'><strong>de</strong></span> <span class='ocrx_word' id='word_1_254' title='bbox 1679 2126 1843 2174; x_wconf 69' lang='lat' dir='ltr'><strong>tmere</strong></span> <span class='ocrx_word' id='word_1_255' title='bbox 1876 2126 2128 2163; x_wconf 87' lang='lat' dir='ltr'><strong>manuum</strong></span> 
     </span>
    </p>
   </div>
   <div class='ocr_carea' id='block_1_39' title="bbox 560 2173 2133 2243">
    <p class='ocr_par' dir='ltr' id='par_1_39' title="bbox 560 2173 2133 2243">
     <span class='ocr_line' id='line_1_39' title="bbox 560 2173 2133 2243; baseline 0.009 -24"><span class='ocrx_word' id='word_1_256' title='bbox 560 2174 882 2235; x_wconf 68' lang='lat' dir='ltr'><strong>prtl‘l‘lptllllll</strong></span> <span class='ocrx_word' id='word_1_257' title='bbox 916 2173 1077 2227; x_wconf 63' lang='lat' dir='ltr'><strong>habet</strong></span> <span class='ocrx_word' id='word_1_258' title='bbox 1108 2174 1509 2230; x_wconf 69' lang='lat' dir='ltr'><strong>itltidatnenttttll</strong></span> <span class='ocrx_word' id='word_1_259' title='bbox 1540 2223 1552 2243; x_wconf 92' lang='lat'><strong>,</strong></span> <span class='ocrx_word' id='word_1_260' title='bbox 1598 2181 1900 2232; x_wconf 67' lang='lat' dir='ltr'><strong>nullatenus</strong></span> <span class='ocrx_word' id='word_1_261' title='bbox 1947 2184 2133 2233; x_wconf 77' lang='lat' dir='ltr'><strong>\idi-or</strong></span> 
     </span>
    </p>
   </div>
   <div class='ocr_carea' id='block_1_40' title="bbox 558 2245 2129 2315">
    <p class='ocr_par' dir='ltr' id='par_1_40' title="bbox 558 2245 2129 2315">
     <span class='ocr_line' id='line_1_40' title="bbox 558 2245 2129 2315; baseline 0.01 -26"><span class='ocrx_word' id='word_1_262' title='bbox 558 2254 723 2315; x_wconf 61' lang='lat' dir='ltr'><strong>posse</strong></span> <span class='ocrx_word' id='word_1_263' title='bbox 754 2246 1048 2307; x_wconf 68' lang='lat' dir='ltr'><strong>praeterire.</strong></span> <span class='ocrx_word' id='word_1_264' title='bbox 1107 2245 1205 2301; x_wconf 90' lang='lat' dir='ltr'><strong>Ubi</strong></span> <span class='ocrx_word' id='word_1_265' title='bbox 1253 2253 1305 2300; x_wconf 85' lang='grc' dir='ltr'>ιο</span> <span class='ocrx_word' id='word_1_266' title='bbox 1335 2249 1772 2315; x_wconf 73' lang='lat' dir='ltr'><strong>observandum,</strong></span> <span class='ocrx_word' id='word_1_267' title='bbox 1816 2252 2129 2305; x_wconf 72' lang='lat' dir='ltr'><strong>Anostulum</strong></span> 
     </span>
    </p>
   </div>
   <div class='ocr_carea' id='block_1_41' title="bbox 560 2312 2129 2393">
    <p class='ocr_par' dir='ltr' id='par_1_41' title="bbox 560 2312 2129 2393">
     <span class='ocr_line' id='line_1_41' title="bbox 560 2312 2129 2393; baseline 0.011 -34"><span class='ocrx_word' id='word_1_268' title='bbox 560 2327 660 2393; x_wconf 55' lang='lat' dir='ltr'><strong>llllill</strong></span> <span class='ocrx_word' id='word_1_269' title='bbox 695 2312 913 2393; x_wconf 57' lang='lat' dir='ltr'><strong>dieare,</strong></span> <span class='ocrx_word' id='word_1_270' title='bbox 960 2318 1014 2368; x_wconf 75' lang='lat' dir='ltr'><strong>Si</strong></span> <span class='ocrx_word' id='word_1_271' title='bbox 1046 2322 1179 2393; x_wconf 77' lang='lat' dir='ltr'><strong>quis</strong></span> <span class='ocrx_word' id='word_1_272' title='bbox 1211 2334 1314 2370; x_wconf 62' lang='lat' dir='ltr'><strong>nun</strong></span> <span class='ocrx_word' id='word_1_273' title='bbox 1353 2330 1631 2393; x_wconf 60' lang='lat' dir='ltr'><strong>operatur,</strong></span> <span class='ocrx_word' id='word_1_274' title='bbox 1669 2312 1772 2373; x_wconf 84' lang='lat' dir='ltr'><strong>nou</strong></span> <span class='ocrx_word' id='word_1_275' title='bbox 1808 2322 2129 2377; x_wconf 85' lang='lat' dir='ltr'><strong>manducet:</strong></span> 
     </span>
    </p>
   </div>
   <div class='ocr_carea' id='block_1_42' title="bbox 556 2382 2132 2461">
    <p class='ocr_par' dir='ltr' id='par_1_42' title="bbox 556 2382 2132 2461">
     <span class='ocr_line' id='line_1_42' title="bbox 556 2382 2132 2461; baseline 0.01 -29"><span class='ocrx_word' id='word_1_276' title='bbox 556 2383 660 2461; x_wconf 66' lang='lat' dir='ltr'><strong>sed</strong></span> <span class='ocrx_word' id='word_1_277' title='bbox 694 2382 755 2436; x_wconf 89' lang='lat' dir='ltr'><strong>Si</strong></span> <span class='ocrx_word' id='word_1_278' title='bbox 798 2388 910 2451; x_wconf 82' lang='lat' dir='ltr'><strong>quis</strong></span> <span class='ocrx_word' id='word_1_279' title='bbox 948 2382 1200 2461; x_wconf 42' lang='lat' dir='ltr'><strong>non—vult</strong></span> <span class='ocrx_word' id='word_1_280' title='bbox 1249 2382 1470 2455; x_wconf 81' lang='lat' dir='ltr'><strong>operari.</strong></span> <span class='ocrx_word' id='word_1_281' title='bbox 1533 2382 1679 2444; x_wconf 84' lang='lat' dir='ltr'><strong>Multi</strong></span> <span class='ocrx_word' id='word_1_282' title='bbox 1713 2394 1854 2445; x_wconf 83' lang='lat' dir='ltr'><strong>enim</strong></span> <span class='ocrx_word' id='word_1_283' title='bbox 1885 2406 2006 2445; x_wconf 85' lang='lat' dir='ltr'><strong>sunt</strong></span> <span class='ocrx_word' id='word_1_284' title='bbox 2041 2394 2132 2461; x_wconf 84' lang='lat' dir='ltr'><strong>qui</strong></span> 
     </span>
    </p>
   </div>
   <div class='ocr_carea' id='block_1_43' title="bbox 557 2452 2132 2533">
    <p class='ocr_par' dir='ltr' id='par_1_43' title="bbox 557 2452 2132 2533">
     <span class='ocr_line' id='line_1_43' title="bbox 557 2452 2132 2533; baseline 0.01 -31"><span class='ocrx_word' id='word_1_285' title='bbox 557 2452 752 2533; x_wconf 67' lang='lat' dir='ltr'><strong>vellent</strong></span> <span class='ocrx_word' id='word_1_286' title='bbox 784 2458 996 2522; x_wconf 80' lang='lat' dir='ltr'><strong>operari</strong></span> <span class='ocrx_word' id='word_1_287' title='bbox 1026 2498 1040 2517; x_wconf 88' lang='lat'><strong>.</strong></span> <span class='ocrx_word' id='word_1_288' title='bbox 1072 2469 1139 2533; x_wconf 77' lang='lat' dir='ltr'><strong>et</strong></span> <span class='ocrx_word' id='word_1_289' title='bbox 1163 2452 1523 2533; x_wconf 29' lang='lat' dir='ltr'><strong>nori&#39;possuut</strong></span> <span class='ocrx_word' id='word_1_290' title='bbox 1548 2502 1564 2526; x_wconf 92' lang='lat'><strong>,</strong></span> <span class='ocrx_word' id='word_1_291' title='bbox 1594 2463 1681 2533; x_wconf 84' lang='lat' dir='ltr'><strong>vel</strong></span> <span class='ocrx_word' id='word_1_292' title='bbox 1710 2462 1779 2515; x_wconf 90' lang='lat' dir='ltr'><strong>ob</strong></span> <span class='ocrx_word' id='word_1_293' title='bbox 1806 2463 2000 2516; x_wconf 87' lang='lat' dir='ltr'><strong>virium</strong></span> <span class='ocrx_word' id='word_1_294' title='bbox 2034 2452 2132 2516; x_wconf 76' lang='lat' dir='ltr'><strong>lin-</strong></span> 
     </span>
    </p>
   </div>
   <div class='ocr_carea' id='block_1_44' title="bbox 560 2522 2132 2604">
    <p class='ocr_par' dir='ltr' id='par_1_44' title="bbox 560 2522 2132 2604">
     <span class='ocr_line' id='line_1_44' title="bbox 560 2522 2132 2604; baseline 0.01 -32"><span class='ocrx_word' id='word_1_295' title='bbox 560 2522 967 2604; x_wconf 55' lang='lat' dir='ltr'><strong>becillitaterq,</strong></span> <span class='ocrx_word' id='word_1_296' title='bbox 1000 2529 1081 2580; x_wconf 89' lang='lat' dir='ltr'><strong>vel</strong></span> <span class='ocrx_word' id='word_1_297' title='bbox 1119 2531 1241 2604; x_wconf 66' lang='lat' dir='ltr'><strong>quia</strong></span> <span class='ocrx_word' id='word_1_298' title='bbox 1285 2522 1387 2604; x_wconf 74' lang='lat' dir='ltr'><strong>non</strong></span> <span class='ocrx_word' id='word_1_299' title='bbox 1427 2522 1703 2587; x_wconf 81' lang='lat' dir='ltr'><strong>inveniunt</strong></span> <span class='ocrx_word' id='word_1_300' title='bbox 1733 2534 1873 2596; x_wconf 86' lang='lat' dir='ltr'><strong>quod</strong></span> <span class='ocrx_word' id='word_1_301' title='bbox 1904 2550 2132 2604; x_wconf 90' lang='lat' dir='ltr'><strong>operen-</strong></span> 
     </span>
    </p>
   </div>
   <div class='ocr_carea' id='block_1_45' title="bbox 560 2597 2129 2674">
    <p class='ocr_par' dir='ltr' id='par_1_45' title="bbox 560 2597 2129 2674">
     <span class='ocr_line' id='line_1_45' title="bbox 560 2597 2129 2674; baseline 0.008 -29"><span class='ocrx_word' id='word_1_302' title='bbox 560 2603 644 2645; x_wconf 89' lang='lat' dir='ltr'><strong>tur</strong></span> <span class='ocrx_word' id='word_1_303' title='bbox 659 2612 681 2674; x_wconf 79' lang='lat'><strong>_;</strong></span> <span class='ocrx_word' id='word_1_304' title='bbox 714 2597 971 2674; x_wconf 68' lang='lat' dir='ltr'><strong>undeilli</strong></span> <span class='ocrx_word' id='word_1_305' title='bbox 998 2599 1143 2674; x_wconf 83' lang='lat' dir='ltr'><strong>apud</strong></span> <span class='ocrx_word' id='word_1_306' title='bbox 1169 2601 1472 2655; x_wconf 75' lang='lat' dir='ltr'><strong>Matthzeum</strong></span> <span class='ocrx_word' id='word_1_307' title='bbox 1507 2605 1821 2672; x_wconf 77' lang='lat' dir='ltr'><strong>interrogati</strong></span> <span class='ocrx_word' id='word_1_308' title='bbox 1865 2597 1990 2674; x_wconf 84' lang='lat' dir='ltr'><strong>quid</strong></span> <span class='ocrx_word' id='word_1_309' title='bbox 2017 2615 2129 2657; x_wconf 89' lang='lat' dir='ltr'><strong>stu-</strong></span> 
     </span>
    </p>
   </div>
   <div class='ocr_carea' id='block_1_46' title="bbox 556 2668 2129 2744">
    <p class='ocr_par' dir='ltr' id='par_1_46' title="bbox 556 2668 2129 2744">
     <span class='ocr_line' id='line_1_46' title="bbox 556 2668 2129 2744; baseline 0.01 -30"><span class='ocrx_word' id='word_1_310' title='bbox 556 2672 668 2715; x_wconf 88' lang='lat' dir='ltr'><strong>rent</strong></span> <span class='ocrx_word' id='word_1_311' title='bbox 700 2674 805 2718; x_wconf 84' lang='lat' dir='ltr'><strong>tata</strong></span> <span class='ocrx_word' id='word_1_312' title='bbox 827 2668 916 2744; x_wconf 84' lang='lat' dir='ltr'><strong>die</strong></span> <span class='ocrx_word' id='word_1_313' title='bbox 938 2671 1393 2744; x_wconf 82' lang='lat' dir='ltr'><strong>otiosi_?_pr0tinus</strong></span> <span class='ocrx_word' id='word_1_314' title='bbox 1421 2668 1819 2742; x_wconf 71' lang='lat' dir='ltr'><strong>responderunt</strong></span> <span class='ocrx_word' id='word_1_315' title='bbox 1843 2690 1857 2729; x_wconf 89' lang='lat'>:</span> <span class='ocrx_word' id='word_1_316' title='bbox 1877 2668 2011 2744; x_wconf 79' lang='lat' dir='ltr'><strong>quia</strong></span> <span class='ocrx_word' id='word_1_317' title='bbox 2037 2693 2129 2730; x_wconf 86' lang='lat' dir='ltr'><strong>ue-</strong></span> 
     </span>
    </p>
   </div>
   <div class='ocr_carea' id='block_1_47' title="bbox 559 2739 2131 2815">
    <p class='ocr_par' dir='ltr' id='par_1_47' title="bbox 559 2739 2131 2815">
     <span class='ocr_line' id='line_1_47' title="bbox 559 2739 2131 2815; baseline 0.01 -30"><span class='ocrx_word' id='word_1_318' title='bbox 559 2750 646 2815; x_wconf 66' lang='lat' dir='ltr'><strong>rnq</strong></span> <span class='ocrx_word' id='word_1_319' title='bbox 669 2752 760 2813; x_wconf 84' lang='lat' dir='ltr'><strong>nos</strong></span> <span class='ocrx_word' id='word_1_320' title='bbox 786 2740 1031 2815; x_wconf 70' lang='lat' dir='ltr'><strong>conduxit</strong></span> <span class='ocrx_word' id='word_1_321' title='bbox 1054 2739 1265 2815; x_wconf 52' lang='lat' dir='ltr'><strong>lMatth.</strong></span> <span class='ocrx_word' id='word_1_322' title='bbox 1290 2744 1403 2809; x_wconf 74' lang='lat' dir='ltr'><strong>xx).</strong></span> <span class='ocrx_word' id='word_1_323' title='bbox 1438 2739 1769 2813; x_wconf 78' lang='lat' dir='ltr'><strong>Quamquam</strong></span> <span class='ocrx_word' id='word_1_324' title='bbox 1798 2739 1981 2799; x_wconf 79' lang='lat' dir='ltr'><strong>Patres</strong></span> <span class='ocrx_word' id='word_1_325' title='bbox 2008 2748 2131 2800; x_wconf 82' lang='lat' dir='ltr'><strong>sub-</strong></span> 
     </span>
    </p>
   </div>
   <div class='ocr_carea' id='block_1_48' title="bbox 558 2805 2127 2889">
    <p class='ocr_par' dir='ltr' id='par_1_48' title="bbox 558 2805 2127 2889">
     <span class='ocr_line' id='line_1_48' title="bbox 558 2805 2127 2889; baseline 0.008 -33"><span class='ocrx_word' id='word_1_326' title='bbox 558 2805 680 2889; x_wconf 79' lang='lat' dir='ltr'><strong>inde</strong></span> <span class='ocrx_word' id='word_1_327' title='bbox 713 2808 791 2889; x_wconf 68' lang='lat' dir='ltr'><strong>ita</strong></span> <span class='ocrx_word' id='word_1_328' title='bbox 810 2812 972 2862; x_wconf 78' lang='lat' dir='ltr'><strong>citant</strong></span> <span class='ocrx_word' id='word_1_329' title='bbox 1004 2830 1014 2862; x_wconf 89' lang='lat'><strong>:</strong></span> <span class='ocrx_word' id='word_1_330' title='bbox 1050 2805 1391 2889; x_wconf 42' lang='lat' dir='ltr'><strong>SiquisAnon</strong></span> <span class='ocrx_word' id='word_1_331' title='bbox 1427 2805 1655 2889; x_wconf 53' lang='lat' dir='ltr'><strong>laborat,</strong></span> <span class='ocrx_word' id='word_1_332' title='bbox 1691 2832 1794 2869; x_wconf 87' lang='lat' dir='ltr'><strong>non</strong></span> <span class='ocrx_word' id='word_1_333' title='bbox 1821 2816 2127 2883; x_wconf 84' lang='lat' dir='ltr'><strong>manducet;</strong></span> 
     </span>
    </p>
   </div>
   <div class='ocr_carea' id='block_1_49' title="bbox 557 2877 2133 2956">
    <p class='ocr_par' dir='ltr' id='par_1_49' title="bbox 557 2877 2133 2956">
     <span class='ocr_line' id='line_1_49' title="bbox 557 2877 2133 2956; baseline 0.009 -29"><span class='ocrx_word' id='word_1_334' title='bbox 557 2877 649 2928; x_wconf 90' lang='lat' dir='ltr'><strong>sed</strong></span> <span class='ocrx_word' id='word_1_335' title='bbox 684 2878 881 2956; x_wconf 76' lang='lat' dir='ltr'><strong>obiter,</strong></span> <span class='ocrx_word' id='word_1_336' title='bbox 900 2891 965 2956; x_wconf 87' lang='lat' dir='ltr'><strong>_et</strong></span> <span class='ocrx_word' id='word_1_337' title='bbox 988 2877 1213 2956; x_wconf 79' lang='lat' dir='ltr'><strong>cursim.</strong></span> <span class='ocrx_word' id='word_1_338' title='bbox 1255 2882 1318 2935; x_wconf 74' lang='lat'><strong>2°</strong></span> <span class='ocrx_word' id='word_1_339' title='bbox 1350 2885 1501 2950; x_wconf 84' lang='lat' dir='ltr'><strong>Quod</strong></span> <span class='ocrx_word' id='word_1_340' title='bbox 1529 2877 1705 2939; x_wconf 76' lang='lat' dir='ltr'><strong>autem</strong></span> <span class='ocrx_word' id='word_1_341' title='bbox 1734 2888 1974 2956; x_wconf 84' lang='lat' dir='ltr'><strong>sequitur</strong></span> <span class='ocrx_word' id='word_1_342' title='bbox 2000 2906 2013 2942; x_wconf 93' lang='lat'><strong>:</strong></span> <span class='ocrx_word' id='word_1_343' title='bbox 2041 2877 2133 2941; x_wconf 82' lang='lat' dir='ltr'><strong>nec</strong></span> 
     </span>
    </p>
   </div>
   <div class='ocr_carea' id='block_1_50' title="bbox 558 2948 2127 3027">
    <p class='ocr_par' dir='ltr' id='par_1_50' title="bbox 558 2948 2127 3027">
     <span class='ocr_line' id='line_1_50' title="bbox 558 2948 2127 3027; baseline 0.009 -29"><span class='ocrx_word' id='word_1_344' title='bbox 558 2948 850 3027; x_wconf 72' lang='lat' dir='ltr'><strong>manducet.</strong></span> <span class='ocrx_word' id='word_1_345' title='bbox 883 2950 1358 3027; x_wconf 71' lang='lat' dir='ltr'><strong>duplicempotest</strong></span> <span class='ocrx_word' id='word_1_346' title='bbox 1374 2948 1583 3011; x_wconf 80' lang='lat' dir='ltr'><strong>habere</strong></span> <span class='ocrx_word' id='word_1_347' title='bbox 1604 2948 1844 3011; x_wconf 83' lang='lat' dir='ltr'><strong>sensuni.</strong></span> <span class='ocrx_word' id='word_1_348' title='bbox 1898 2959 2127 3024; x_wconf 85' lang='lat' dir='ltr'><strong>Quidam</strong></span> 
     </span>
    </p>
   </div>
   <div class='ocr_carea' id='block_1_51' title="bbox 558 3020 2131 3099">
    <p class='ocr_par' dir='ltr' id='par_1_51' title="bbox 558 3020 2131 3099">
     <span class='ocr_line' id='line_1_51' title="bbox 558 3020 2131 3099; baseline 0.009 -30"><span class='ocrx_word' id='word_1_349' title='bbox 660 3020 875 3099; x_wconf 77' lang='lat' dir='ltr'><strong>modum</strong></span> <span class='ocrx_word' id='word_1_350' title='bbox 927 3020 1298 3099; x_wconf 66' lang='lat' dir='ltr'><strong>prohiliitionis</strong></span> <span class='ocrx_word' id='word_1_351' title='bbox 1345 3026 1418 3079; x_wconf 86' lang='lat' dir='ltr'><strong>ita</strong></span> <span class='ocrx_word' id='word_1_352' title='bbox 1465 3042 1741 3096; x_wconf 67' lang='lat' dir='ltr'><strong>esponnut</strong></span> <span class='ocrx_word' id='word_1_353' title='bbox 1778 3045 1791 3081; x_wconf 88' lang='lat'><strong>:</strong></span> <span class='ocrx_word' id='word_1_354' title='bbox 1829 3020 1988 3082; x_wconf 83' lang='lat' dir='ltr'><strong>nemo</strong></span> <span class='ocrx_word' id='word_1_355' title='bbox 2038 3030 2131 3083; x_wconf 88' lang='lat' dir='ltr'><strong>det</strong></span> 
     </span>
    </p>
   </div>
   <div class='ocr_carea' id='block_1_52' title="bbox 558 3088 2127 3169">
    <p class='ocr_par' dir='ltr' id='par_1_52' title="bbox 558 3088 2127 3169">
     <span class='ocr_line' id='line_1_52' title="bbox 558 3088 2127 3169; baseline 0.01 -31"><span class='ocrx_word' id='word_1_356' title='bbox 558 3088 630 3167; x_wconf 80' lang='lat' dir='ltr'><strong>illi</strong></span> <span class='ocrx_word' id='word_1_357' title='bbox 657 3090 802 3169; x_wconf 78' lang='lat' dir='ltr'><strong>quod</strong></span> <span class='ocrx_word' id='word_1_358' title='bbox 838 3088 1142 3169; x_wconf 77' lang='lat' dir='ltr'><strong>manducet.</strong></span> <span class='ocrx_word' id='word_1_359' title='bbox 1171 3104 1227 3169; x_wconf 89' lang='lat' dir='ltr'><strong>ut</strong></span> <span class='ocrx_word' id='word_1_360' title='bbox 1253 3096 1329 3151; x_wconf 74' lang='lat' dir='ltr'><strong>sic</strong></span> <span class='ocrx_word' id='word_1_361' title='bbox 1359 3088 1681 3151; x_wconf 67' lang='lat' dir='ltr'><strong>necessitate</strong></span> <span class='ocrx_word' id='word_1_362' title='bbox 1707 3101 2019 3165; x_wconf 64' lang='lat' dir='ltr'><strong>compulsus</strong></span> <span class='ocrx_word' id='word_1_363' title='bbox 2044 3102 2127 3153; x_wconf 88' lang='lat' dir='ltr'><strong>vel</strong></span> 
     </span>
    </p>
   </div>
   <div class='ocr_carea' id='block_1_53' title="bbox 561 3166 2130 3242">
    <p class='ocr_par' dir='ltr' id='par_1_53' title="bbox 561 3166 2130 3242">
     <span class='ocr_line' id='line_1_53' title="bbox 561 3166 2130 3242; baseline 0.01 -32"><span class='ocrx_word' id='word_1_364' title='bbox 561 3166 758 3213; x_wconf 75' lang='lat' dir='ltr'><strong>invitus</strong></span> <span class='ocrx_word' id='word_1_365' title='bbox 783 3174 1055 3242; x_wconf 76' lang='lat' dir='ltr'><strong>operetur.</strong></span> <span class='ocrx_word' id='word_1_366' title='bbox 1100 3166 1205 3221; x_wconf 82' lang='lat' dir='ltr'><strong>Sed</strong></span> <span class='ocrx_word' id='word_1_367' title='bbox 1224 3182 1357 3242; x_wconf 80' lang='lat' dir='ltr'><strong>cum</strong></span> <span class='ocrx_word' id='word_1_368' title='bbox 1398 3184 1503 3221; x_wconf 91' lang='lat' dir='ltr'><strong>non</strong></span> <span class='ocrx_word' id='word_1_369' title='bbox 1531 3169 1861 3237; x_wconf 74' lang='lat' dir='ltr'><strong>sitcujusvis</strong></span> <span class='ocrx_word' id='word_1_370' title='bbox 1891 3171 2130 3235; x_wconf 83' lang='lat' dir='ltr'><strong>judicare</strong></span> 
     </span>
    </p>
   </div>
   <div class='ocr_carea' id='block_1_54' title="bbox 560 3236 2129 3311">
    <p class='ocr_par' dir='ltr' id='par_1_54' title="bbox 560 3236 2129 3311">
     <span class='ocr_line' id='line_1_54' title="bbox 560 3236 2129 3311; baseline 0.008 -30"><span class='ocrx_word' id='word_1_371' title='bbox 560 3246 682 3311; x_wconf 78' lang='lat' dir='ltr'><strong>num</strong></span> <span class='ocrx_word' id='word_1_372' title='bbox 710 3236 829 3301; x_wconf 84' lang='lat' dir='ltr'><strong>quis</strong></span> <span class='ocrx_word' id='word_1_373' title='bbox 859 3236 1232 3311; x_wconf 26' lang='lat' dir='ltr'><strong>velit‘operari</strong></span> <span class='ocrx_word' id='word_1_374' title='bbox 1259 3278 1275 3301; x_wconf 93' lang='lat'><strong>,</strong></span> <span class='ocrx_word' id='word_1_375' title='bbox 1322 3253 1565 3311; x_wconf 77' lang='lat' dir='ltr'><strong>annuit,</strong></span> <span class='ocrx_word' id='word_1_376' title='bbox 1606 3242 1811 3311; x_wconf 73' lang='lat' dir='ltr'><strong>malunt</strong></span> <span class='ocrx_word' id='word_1_377' title='bbox 1837 3242 1925 3293; x_wconf 87' lang='lat' dir='ltr'><strong>alii</strong></span> <span class='ocrx_word' id='word_1_378' title='bbox 1955 3256 2129 3295; x_wconf 86' lang='lat' dir='ltr'><strong>asser-</strong></span> 
     </span>
    </p>
   </div>
   <div class='ocr_carea' id='block_1_55' title="bbox 560 3307 2131 3386">
    <p class='ocr_par' dir='ltr' id='par_1_55' title="bbox 560 3307 2131 3386">
     <span class='ocr_line' id='line_1_55' title="bbox 560 3307 2131 3386; baseline 0.009 -34"><span class='ocrx_word' id='word_1_379' title='bbox 560 3307 665 3353; x_wconf 86' lang='lat' dir='ltr'><strong>tive</strong></span> <span class='ocrx_word' id='word_1_380' title='bbox 695 3315 968 3386; x_wconf 72' lang='lat' dir='ltr'><strong>exponere</strong></span> <span class='ocrx_word' id='word_1_381' title='bbox 1010 3307 1063 3361; x_wconf 91' lang='lat' dir='ltr'><strong>in</strong></span> <span class='ocrx_word' id='word_1_382' title='bbox 1113 3308 1256 3363; x_wconf 89' lang='lat' dir='ltr'><strong>hunc</strong></span> <span class='ocrx_word' id='word_1_383' title='bbox 1300 3308 1554 3386; x_wconf 77' lang='lat' dir='ltr'><strong>modum:</strong></span> <span class='ocrx_word' id='word_1_384' title='bbox 1595 3308 1665 3386; x_wconf 85' lang='lat' dir='ltr'><strong>_Si</strong></span> <span class='ocrx_word' id='word_1_385' title='bbox 1716 3311 1835 3377; x_wconf 85' lang='lat' dir='ltr'><strong>quis</strong></span> <span class='ocrx_word' id='word_1_386' title='bbox 1878 3312 2131 3386; x_wconf 80' lang='lat' dir='ltr'><strong>nun_vult</strong></span> 
     </span>
    </p>
   </div>
   <div class='ocr_carea' id='block_1_56' title="bbox 558 3377 2126 3448">
    <p class='ocr_par' dir='ltr' id='par_1_56' title="bbox 558 3377 2126 3448">
     <span class='ocr_line' id='line_1_56' title="bbox 558 3377 2126 3448; baseline 0.008 -24"><span class='ocrx_word' id='word_1_387' title='bbox 558 3377 790 3448; x_wconf 71' lang='lat' dir='ltr'><strong>operari,</strong></span> <span class='ocrx_word' id='word_1_388' title='bbox 824 3377 1020 3446; x_wconf 84' lang='lat' dir='ltr'><strong>dignus</strong></span> <span class='ocrx_word' id='word_1_389' title='bbox 1052 3394 1157 3432; x_wconf 90' lang='lat' dir='ltr'><strong>non</strong></span> <span class='ocrx_word' id='word_1_390' title='bbox 1202 3389 1286 3433; x_wconf 85' lang='lat' dir='ltr'><strong>est</strong></span> <span class='ocrx_word' id='word_1_391' title='bbox 1328 3379 1420 3448; x_wconf 90' lang='lat' dir='ltr'><strong>qui</strong></span> <span class='ocrx_word' id='word_1_392' title='bbox 1448 3380 1765 3444; x_wconf 87' lang='lat' dir='ltr'><strong>manducet;</strong></span> <span class='ocrx_word' id='word_1_393' title='bbox 1816 3381 2039 3447; x_wconf 85' lang='lat' dir='ltr'><strong>proinde</strong></span> <span class='ocrx_word' id='word_1_394' title='bbox 2082 3386 2126 3437; x_wconf 88' lang='lat' dir='ltr'><strong>si</strong></span> 
     </span>
    </p>
   </div>
   <div class='ocr_carea' id='block_1_57' title="bbox 557 3442 2128 3524">
    <p class='ocr_par' dir='ltr' id='par_1_57' title="bbox 557 3442 2128 3524">
     <span class='ocr_line' id='line_1_57' title="bbox 557 3442 2128 3524; baseline 0.008 -30"><span class='ocrx_word' id='word_1_395' title='bbox 557 3442 697 3524; x_wconf 78' lang='lat' dir='ltr'><strong>fame</strong></span> <span class='ocrx_word' id='word_1_396' title='bbox 741 3442 1081 3524; x_wconf 73' lang='lat' dir='ltr'><strong>conficiatur,</strong></span> <span class='ocrx_word' id='word_1_397' title='bbox 1114 3465 1225 3524; x_wconf 67' lang='lat' dir='ltr'><strong>sua:</strong></span> <span class='ocrx_word' id='word_1_398' title='bbox 1258 3442 1479 3515; x_wconf 75' lang='lat' dir='ltr'><strong>imputet</strong></span> <span class='ocrx_word' id='word_1_399' title='bbox 1511 3442 2128 3524; x_wconf 29' lang='lat' dir='ltr'><strong>inertim‘aqdesmiae;</strong></span> 
     </span>
    </p>
   </div>
   <div class='ocr_carea' id='block_1_58' title="bbox 561 3520 2130 3592">
    <p class='ocr_par' dir='ltr' id='par_1_58' title="bbox 561 3520 2130 3592">
     <span class='ocr_line' id='line_1_58' title="bbox 561 3520 2130 3592; baseline 0.008 -27"><span class='ocrx_word' id='word_1_400' title='bbox 561 3520 703 3567; x_wconf 87' lang='lat' dir='ltr'><strong>sicut</strong></span> <span class='ocrx_word' id='word_1_401' title='bbox 730 3530 764 3592; x_wconf 80' lang='lat' dir='ltr'><strong>e</strong></span> <span class='ocrx_word' id='word_1_402' title='bbox 785 3522 1059 3592; x_wconf 80' lang='lat' dir='ltr'><strong>contrario</strong></span> <span class='ocrx_word' id='word_1_403' title='bbox 1103 3520 1303 3592; x_wconf 82' lang='lat' dir='ltr'><strong>dictum</strong></span> <span class='ocrx_word' id='word_1_404' title='bbox 1344 3531 1480 3592; x_wconf 21' lang='lat' dir='ltr'><strong>estia</strong></span> <span class='ocrx_word' id='word_1_405' title='bbox 1509 3521 1773 3575; x_wconf 87' lang='lat' dir='ltr'><strong>Domino:</strong></span> <span class='ocrx_word' id='word_1_406' title='bbox 1824 3521 2023 3592; x_wconf 82' lang='lat' dir='ltr'><strong>Dignus</strong></span> <span class='ocrx_word' id='word_1_407' title='bbox 2053 3536 2130 3578; x_wconf 86' lang='lat' dir='ltr'><strong>est</strong></span> 
     </span>
    </p>
   </div>
   <div class='ocr_carea' id='block_1_59' title="bbox 558 3587 2128 3666">
    <p class='ocr_par' dir='ltr' id='par_1_59' title="bbox 558 3587 2128 3666">
     <span class='ocr_line' id='line_1_59' title="bbox 558 3587 2128 3666; baseline 0.008 -29"><span class='ocrx_word' id='word_1_408' title='bbox 558 3587 825 3666; x_wconf 49' lang='lat' dir='ltr'><strong>apeCarius</strong></span> <span class='ocrx_word' id='word_1_409' title='bbox 844 3589 953 3644; x_wconf 87' lang='lat' dir='ltr'><strong>cibo</strong></span> <span class='ocrx_word' id='word_1_410' title='bbox 982 3609 1073 3666; x_wconf 85' lang='lat' dir='ltr'><strong>suo</strong></span> <span class='ocrx_word' id='word_1_411' title='bbox 1092 3590 1306 3659; x_wconf 76' lang='lat' dir='ltr'><strong>(Matth.</strong></span> <span class='ocrx_word' id='word_1_412' title='bbox 1331 3590 1407 3666; x_wconf 72' lang='grc' dir='ltr'><strong>ι).</strong></span> <span class='ocrx_word' id='word_1_413' title='bbox 1437 3591 1736 3662; x_wconf 87' lang='lat' dir='ltr'><strong>Utrumque</strong></span> <span class='ocrx_word' id='word_1_414' title='bbox 1759 3587 1977 3648; x_wconf 73' lang='lat' dir='ltr'><strong>sensum</strong></span> <span class='ocrx_word' id='word_1_415' title='bbox 2009 3605 2128 3649; x_wconf 88' lang='lat' dir='ltr'><strong>tan-</strong></span> 
     </span>
    </p>
   </div>
   <div class='ocr_carea' id='block_1_60' title="bbox 558 3657 2129 3737">
    <p class='ocr_par' dir='ltr' id='par_1_60' title="bbox 558 3657 2129 3737">
     <span class='ocr_line' id='line_1_60' title="bbox 558 3657 2129 3737; baseline 0.006 -27"><span class='ocrx_word' id='word_1_416' title='bbox 558 3659 634 3737; x_wconf 69' lang='lat' dir='ltr'><strong>git</strong></span> <span class='ocrx_word' id='word_1_417' title='bbox 660 3657 981 3737; x_wconf 60' lang='lat' dir='ltr'><strong>Cassianus,</strong></span> <span class='ocrx_word' id='word_1_418' title='bbox 1009 3657 1236 3737; x_wconf 50' lang='lat' dir='ltr'><strong>alterum</strong></span> <span class='ocrx_word' id='word_1_419' title='bbox 1265 3657 1443 3737; x_wconf 81' lang='lat' dir='ltr'><strong>capite</strong></span> <span class='ocrx_word' id='word_1_420' title='bbox 1477 3657 1745 3737; x_wconf 76' lang='lat' dir='ltr'><strong>sequenti,</strong></span> <span class='ocrx_word' id='word_1_421' title='bbox 1779 3668 2005 3718; x_wconf 88' lang='lat' dir='ltr'><strong>alterum</strong></span> <span class='ocrx_word' id='word_1_422' title='bbox 2041 3682 2129 3720; x_wconf 87' lang='lat' dir='ltr'><strong>ca-</strong></span> 
     </span>
    </p>
   </div>
   <div class='ocr_carea' id='block_1_61' title="bbox 560 3731 2133 3799">
    <p class='ocr_par' dir='ltr' id='par_1_61' title="bbox 560 3731 2133 3799">
     <span class='ocr_line' id='line_1_61' title="bbox 560 3731 2133 3799; baseline 0.009 -22"><span class='ocrx_word' id='word_1_423' title='bbox 560 3731 666 3793; x_wconf 89' lang='lat' dir='ltr'><strong>pite</strong></span> <span class='ocrx_word' id='word_1_424' title='bbox 714 3732 797 3793; x_wconf 82' lang='lat' dir='ltr'><strong>l9,</strong></span> <span class='ocrx_word' id='word_1_425' title='bbox 851 3731 903 3785; x_wconf 93' lang='lat' dir='ltr'><strong>in</strong></span> <span class='ocrx_word' id='word_1_426' title='bbox 956 3736 1058 3787; x_wconf 87' lang='lat' dir='ltr'><strong>line</strong></span> <span class='ocrx_word' id='word_1_427' title='bbox 1102 3733 1153 3787; x_wconf 80' lang='lat'><strong>5.</strong></span> <span class='ocrx_word' id='word_1_428' title='bbox 1204 3731 1409 3799; x_wconf 59' lang='lat' dir='ltr'><strong>Quairit</strong></span> <span class='ocrx_word' id='word_1_429' title='bbox 1457 3737 1517 3788; x_wconf 73' lang='lat' dir='ltr'><strong>ll.</strong></span> <span class='ocrx_word' id='word_1_430' title='bbox 1550 3731 1820 3799; x_wconf 81' lang='lat' dir='ltr'><strong>Thomas,</strong></span> <span class='ocrx_word' id='word_1_431' title='bbox 1850 3753 1918 3788; x_wconf 90' lang='lat' dir='ltr'><strong>an</strong></span> <span class='ocrx_word' id='word_1_432' title='bbox 1948 3737 2041 3789; x_wconf 88' lang='lat' dir='ltr'><strong>hoc</strong></span> <span class='ocrx_word' id='word_1_433' title='bbox 2067 3740 2133 3791; x_wconf 86' lang='lat' dir='ltr'><strong>sit</strong></span> 
     </span>
    </p>
   </div>
   <div class='ocr_carea' id='block_1_62' title="bbox 556 3803 2131 3876">
    <p class='ocr_par' dir='ltr' id='par_1_62' title="bbox 556 3803 2131 3876">
     <span class='ocr_line' id='line_1_62' title="bbox 556 3803 2131 3876; baseline 0.009 -28"><span class='ocrx_word' id='word_1_434' title='bbox 556 3810 882 3876; x_wconf 50' lang='lat' dir='ltr'><strong>arreceptum,</strong></span> <span class='ocrx_word' id='word_1_435' title='bbox 904 3821 982 3876; x_wconf 67' lang='lat' dir='ltr'><strong>an</strong></span> <span class='ocrx_word' id='word_1_436' title='bbox 1022 3804 1337 3858; x_wconf 84' lang='lat' dir='ltr'><strong>consilium?</strong></span> <span class='ocrx_word' id='word_1_437' title='bbox 1366 3803 1458 3871; x_wconf 86' lang='lat' dir='ltr'><strong>(In</strong></span> <span class='ocrx_word' id='word_1_438' title='bbox 1488 3817 1761 3860; x_wconf 84' lang='lat' dir='ltr'><strong>comment.</strong></span> <span class='ocrx_word' id='word_1_439' title='bbox 1799 3806 1967 3876; x_wconf 80' lang='lat' dir='ltr'><strong>Epist.</strong></span> <span class='ocrx_word' id='word_1_440' title='bbox 2000 3808 2043 3863; x_wconf 87' lang='lat' dir='ltr'><strong>ll</strong></span> <span class='ocrx_word' id='word_1_441' title='bbox 2064 3809 2131 3862; x_wconf 88' lang='lat' dir='ltr'><strong>ad</strong></span> 
     </span>
    </p>
   </div>
   <div class='ocr_carea' id='block_1_63' title="bbox 562 3868 2131 3951">
    <p class='ocr_par' dir='ltr' id='par_1_63' title="bbox 562 3868 2131 3951">
     <span class='ocr_line' id='line_1_63' title="bbox 562 3868 2131 3951; baseline 0.01 -33"><span class='ocrx_word' id='word_1_442' title='bbox 562 3868 885 3951; x_wconf 48' lang='lat' dir='ltr'><strong>Thessalum)</strong></span> <span class='ocrx_word' id='word_1_443' title='bbox 904 3873 1219 3951; x_wconf 74' lang='lat' dir='ltr'><strong>Respondet</strong></span> <span class='ocrx_word' id='word_1_444' title='bbox 1236 3868 1447 3951; x_wconf 70' lang='lat' dir='ltr'><strong>duobus</strong></span> <span class='ocrx_word' id='word_1_445' title='bbox 1465 3879 1637 3951; x_wconf 76' lang='lat' dir='ltr'><strong>mpdis</strong></span> <span class='ocrx_word' id='word_1_446' title='bbox 1658 3868 1863 3946; x_wconf 77' lang='lat' dir='ltr'><strong>aliquid</strong></span> <span class='ocrx_word' id='word_1_447' title='bbox 1889 3883 2131 3951; x_wconf 63' lang='lat' dir='ltr'><strong>praecipi,</strong></span> 
     </span>
    </p>
   </div>
   <div class='ocr_carea' id='block_1_64' title="bbox 558 3942 2133 4019">
    <p class='ocr_par' dir='ltr' id='par_1_64' title="bbox 558 3942 2133 4019">
     <span class='ocr_line' id='line_1_64' title="bbox 558 3942 2133 4019; baseline 0.009 -27"><span class='ocrx_word' id='word_1_448' title='bbox 558 3942 875 4019; x_wconf 31' lang='lat' dir='ltr'><strong>sim-pliciter</strong></span> <span class='ocrx_word' id='word_1_449' title='bbox 901 3957 954 4019; x_wconf 79' lang='lat' dir='ltr'><strong>et</strong></span> <span class='ocrx_word' id='word_1_450' title='bbox 985 3942 1084 4000; x_wconf 84' lang='lat' dir='ltr'><strong>sub</strong></span> <span class='ocrx_word' id='word_1_451' title='bbox 1112 3948 1443 4002; x_wconf 84' lang='lat' dir='ltr'><strong>conditione.</strong></span> <span class='ocrx_word' id='word_1_452' title='bbox 1474 3942 1824 4019; x_wconf 75' lang='lat' dir='ltr'><strong>Simpliciter,</strong></span> <span class='ocrx_word' id='word_1_453' title='bbox 1855 3950 1947 4015; x_wconf 89' lang='lat' dir='ltr'><strong>ait,</strong></span> <span class='ocrx_word' id='word_1_454' title='bbox 1996 3942 2133 4017; x_wconf 48' lang='lat' dir='ltr'><strong>prin;</strong></span> 
     </span>
    </p>
   </div>
   <div class='ocr_carea' id='block_1_65' title="bbox 558 4015 2133 4085">
    <p class='ocr_par' dir='ltr' id='par_1_65' title="bbox 558 4015 2133 4085">
     <span class='ocr_line' id='line_1_65' title="bbox 558 4015 2133 4085; baseline 0.008 -22"><span class='ocrx_word' id='word_1_455' title='bbox 558 4015 758 4085; x_wconf 77' lang='lat' dir='ltr'><strong>cipitur</strong></span> <span class='ocrx_word' id='word_1_456' title='bbox 782 4015 925 4083; x_wconf 85' lang='lat' dir='ltr'><strong>quod</strong></span> <span class='ocrx_word' id='word_1_457' title='bbox 954 4031 1048 4084; x_wconf 89' lang='lat' dir='ltr'><strong>per</strong></span> <span class='ocrx_word' id='word_1_458' title='bbox 1077 4033 1137 4070; x_wconf 91' lang='lat' dir='ltr'><strong>se</strong></span> <span class='ocrx_word' id='word_1_459' title='bbox 1181 4027 1263 4070; x_wconf 87' lang='lat' dir='ltr'><strong>est</strong></span> <span class='ocrx_word' id='word_1_460' title='bbox 1300 4018 1664 4073; x_wconf 88' lang='lat' dir='ltr'><strong>necessarium</strong></span> <span class='ocrx_word' id='word_1_461' title='bbox 1697 4022 1763 4072; x_wconf 87' lang='lat' dir='ltr'><strong>ad</strong></span> <span class='ocrx_word' id='word_1_462' title='bbox 1793 4015 2044 4085; x_wconf 79' lang='lat' dir='ltr'><strong>salutem,</strong></span> <span class='ocrx_word' id='word_1_463' title='bbox 2078 4032 2133 4075; x_wconf 90' lang='lat' dir='ltr'><strong>et</strong></span> 
     </span>
    </p>
   </div>
   <div class='ocr_carea' id='block_1_66' title="bbox 562 4080 2132 4157">
    <p class='ocr_par' dir='ltr' id='par_1_66' title="bbox 562 4080 2132 4157">
     <span class='ocr_line' id='line_1_66' title="bbox 562 4080 2132 4157; baseline 0.01 -26"><span class='ocrx_word' id='word_1_464' title='bbox 562 4080 674 4133; x_wconf 75' lang='lat' dir='ltr'><strong>hzec</strong></span> <span class='ocrx_word' id='word_1_465' title='bbox 703 4080 828 4137; x_wconf 68' lang='lat' dir='ltr'><strong>sunt</strong></span> <span class='ocrx_word' id='word_1_466' title='bbox 866 4080 1030 4157; x_wconf 81' lang='lat' dir='ltr'><strong>opera</strong></span> <span class='ocrx_word' id='word_1_467' title='bbox 1068 4088 1328 4141; x_wconf 87' lang='lat' dir='ltr'><strong>virtutum</strong></span> <span class='ocrx_word' id='word_1_468' title='bbox 1362 4090 1502 4157; x_wconf 68' lang='lat' dir='ltr'><strong>(quae</strong></span> <span class='ocrx_word' id='word_1_469' title='bbox 1528 4088 1779 4142; x_wconf 88' lang='lat' dir='ltr'><strong>nimirum</strong></span> <span class='ocrx_word' id='word_1_470' title='bbox 1808 4091 2005 4144; x_wconf 86' lang='lat' dir='ltr'><strong>cadunt</strong></span> <span class='ocrx_word' id='word_1_471' title='bbox 2032 4080 2132 4145; x_wconf 81' lang='lat' dir='ltr'><strong>sub</strong></span> 
     </span>
    </p>
   </div>
   <div class='ocr_carea' id='block_1_67' title="bbox 559 4156 2133 4228">
    <p class='ocr_par' dir='ltr' id='par_1_67' title="bbox 559 4156 2133 4228">
     <span class='ocr_line' id='line_1_67' title="bbox 559 4156 2133 4228; baseline 0.007 -24"><span class='ocrx_word' id='word_1_472' title='bbox 559 4157 881 4223; x_wconf 70' lang='lat' dir='ltr'><strong>pl&#39;teccplo);</strong></span> <span class='ocrx_word' id='word_1_473' title='bbox 930 4156 1032 4210; x_wconf 89' lang='lat' dir='ltr'><strong>sub</strong></span> <span class='ocrx_word' id='word_1_474' title='bbox 1075 4156 1409 4212; x_wconf 81' lang='lat' dir='ltr'><strong>conditione</strong></span> <span class='ocrx_word' id='word_1_475' title='bbox 1435 4173 1585 4222; x_wconf 88' lang='lat' dir='ltr'><strong>vero,</strong></span> <span class='ocrx_word' id='word_1_476' title='bbox 1634 4159 1851 4228; x_wconf 85' lang='lat' dir='ltr'><strong>quando</strong></span> <span class='ocrx_word' id='word_1_477' title='bbox 1890 4161 2013 4214; x_wconf 87' lang='lat' dir='ltr'><strong>talis</strong></span> <span class='ocrx_word' id='word_1_478' title='bbox 2050 4171 2133 4215; x_wconf 86' lang='lat' dir='ltr'><strong>est</strong></span> 
     </span>
    </p>
   </div>
   <div class='ocr_carea' id='block_1_68' title="bbox 558 4228 2129 4299">
    <p class='ocr_par' dir='ltr' id='par_1_68' title="bbox 558 4228 2129 4299">
     <span class='ocr_line' id='line_1_68' title="bbox 558 4228 2129 4299; baseline 0.008 -26"><span class='ocrx_word' id='word_1_479' title='bbox 558 4237 714 4275; x_wconf 73' lang='lat' dir='ltr'><strong>casus</strong></span> <span class='ocrx_word' id='word_1_480' title='bbox 740 4267 753 4288; x_wconf 91' lang='lat'><strong>,</strong></span> <span class='ocrx_word' id='word_1_481' title='bbox 784 4242 891 4294; x_wconf 92' lang='lat' dir='ltr'><strong>quo</strong></span> <span class='ocrx_word' id='word_1_482' title='bbox 928 4229 1044 4299; x_wconf 84' lang='lat' dir='ltr'><strong>sine</strong></span> <span class='ocrx_word' id='word_1_483' title='bbox 1067 4243 1229 4294; x_wconf 87' lang='lat' dir='ltr'><strong>opere</strong></span> <span class='ocrx_word' id='word_1_484' title='bbox 1269 4228 1501 4282; x_wconf 89' lang='lat' dir='ltr'><strong>manuali</strong></span> <span class='ocrx_word' id='word_1_485' title='bbox 1547 4239 1879 4299; x_wconf 61' lang='lat' dir='ltr'><strong>praeceptum</strong></span> <span class='ocrx_word' id='word_1_486' title='bbox 1926 4234 2129 4285; x_wconf 88' lang='lat' dir='ltr'><strong>servari</strong></span> 
     </span>
    </p>
   </div>
   <div class='ocr_carea' id='block_1_69' title="bbox 561 4297 2124 4369">
    <p class='ocr_par' dir='ltr' id='par_1_69' title="bbox 561 4297 2124 4369">
     <span class='ocr_line' id='line_1_69' title="bbox 561 4297 2124 4369; baseline 0.008 -26"><span class='ocrx_word' id='word_1_487' title='bbox 561 4308 663 4343; x_wconf 87' lang='lat' dir='ltr'><strong>non</strong></span> <span class='ocrx_word' id='word_1_488' title='bbox 723 4306 919 4363; x_wconf 55' lang='lat' dir='ltr'><strong>potest.</strong></span> <span class='ocrx_word' id='word_1_489' title='bbox 994 4297 1307 4367; x_wconf 84' lang='lat' dir='ltr'><strong>Praecipitur</strong></span> <span class='ocrx_word' id='word_1_490' title='bbox 1353 4297 1778 4369; x_wconf 30' lang='lat' dir='ltr'><strong>autern’homini</strong></span> <span class='ocrx_word' id='word_1_491' title='bbox 1832 4312 1891 4353; x_wconf 90' lang='lat' dir='ltr'><strong>ut</strong></span> <span class='ocrx_word' id='word_1_492' title='bbox 1928 4315 2124 4367; x_wconf 87' lang='lat' dir='ltr'><strong>corpus</strong></span> 
     </span>
    </p>
   </div>
   <div class='ocr_carea' id='block_1_70' title="bbox 557 4369 2128 4441">
    <p class='ocr_par' dir='ltr' id='par_1_70' title="bbox 557 4369 2128 4441">
     <span class='ocr_line' id='line_1_70' title="bbox 557 4369 2128 4441; baseline 0.009 -28"><span class='ocrx_word' id='word_1_493' title='bbox 557 4378 713 4441; x_wconf 57' lang='lat' dir='ltr'><strong>suum</strong></span> <span class='ocrx_word' id='word_1_494' title='bbox 743 4375 1046 4441; x_wconf 85' lang='lat' dir='ltr'><strong>sustentet,</strong></span> <span class='ocrx_word' id='word_1_495' title='bbox 1096 4369 1227 4441; x_wconf 86' lang='lat' dir='ltr'><strong>alias</strong></span> <span class='ocrx_word' id='word_1_496' title='bbox 1251 4370 1391 4425; x_wconf 87' lang='lat' dir='ltr'><strong>enim</strong></span> <span class='ocrx_word' id='word_1_497' title='bbox 1414 4379 1499 4425; x_wconf 89' lang='lat' dir='ltr'><strong>est</strong></span> <span class='ocrx_word' id='word_1_498' title='bbox 1530 4371 1793 4425; x_wconf 89' lang='lat' dir='ltr'><strong>homicida</strong></span> <span class='ocrx_word' id='word_1_499' title='bbox 1827 4372 1909 4425; x_wconf 89' lang='lat' dir='ltr'><strong>sui</strong></span> <span class='ocrx_word' id='word_1_500' title='bbox 1940 4373 2128 4441; x_wconf 91' lang='lat' dir='ltr'><strong>ipsius.</strong></span> 
     </span>
    </p>
   </div>
   <div class='ocr_carea' id='block_1_71' title="bbox 558 4433 2128 4511">
    <p class='ocr_par' dir='ltr' id='par_1_71' title="bbox 558 4433 2128 4511">
     <span class='ocr_line' id='line_1_71' title="bbox 558 4433 2128 4511; baseline 0.006 -24"><span class='ocrx_word' id='word_1_501' title='bbox 558 4433 750 4490; x_wconf 89' lang='lat' dir='ltr'><strong>Genes.</strong></span> <span class='ocrx_word' id='word_1_502' title='bbox 780 4453 854 4492; x_wconf 92' lang='lat' dir='ltr'><strong>n:</strong></span> <span class='ocrx_word' id='word_1_503' title='bbox 890 4440 965 4492; x_wconf 89' lang='lat' dir='ltr'><strong>De</strong></span> <span class='ocrx_word' id='word_1_504' title='bbox 989 4441 1128 4493; x_wconf 87' lang='lat' dir='ltr'><strong>omni</strong></span> <span class='ocrx_word' id='word_1_505' title='bbox 1154 4439 1295 4511; x_wconf 87' lang='lat' dir='ltr'><strong>ligno</strong></span> <span class='ocrx_word' id='word_1_506' title='bbox 1326 4441 1555 4509; x_wconf 86' lang='lat' dir='ltr'><strong>paradisi</strong></span> <span class='ocrx_word' id='word_1_507' title='bbox 1597 4444 1821 4497; x_wconf 85' lang='lat' dir='ltr'><strong>comede.</strong></span> <span class='ocrx_word' id='word_1_508' title='bbox 1868 4433 2128 4510; x_wconf 45' lang='lat' dir='ltr'><strong>Eii-pra:-</strong></span> 
     </span>
    </p>
   </div>
   <div class='ocr_carea' id='block_1_72' title="bbox 557 4512 2133 4588">
    <p class='ocr_par' dir='ltr' id='par_1_72' title="bbox 557 4512 2133 4588">
     <span class='ocr_line' id='line_1_72' title="bbox 557 4512 2133 4588; baseline 0.007 -30"><span class='ocrx_word' id='word_1_509' title='bbox 557 4517 876 4588; x_wconf 65' lang='lat' dir='ltr'><strong>ceptoergo</strong></span> <span class='ocrx_word' id='word_1_510' title='bbox 923 4512 1357 4588; x_wconf 83' lang='lat' dir='ltr'><strong>tenetur_homo_</strong></span> <span class='ocrx_word' id='word_1_511' title='bbox 1382 4527 1579 4588; x_wconf 84' lang='lat' dir='ltr'><strong>corpus</strong></span> <span class='ocrx_word' id='word_1_512' title='bbox 1617 4528 1771 4588; x_wconf 75' lang='lat' dir='ltr'><strong>suum</strong></span> <span class='ocrx_word' id='word_1_513' title='bbox 1818 4516 2049 4576; x_wconf 86' lang='lat' dir='ltr'><strong>nutrire,</strong></span> <span class='ocrx_word' id='word_1_514' title='bbox 2078 4525 2133 4569; x_wconf 92' lang='lat' dir='ltr'><strong>et</strong></span> 
     </span>
    </p>
   </div>
   <div class='ocr_carea' id='block_1_73' title="bbox 558 4578 2130 4653">
    <p class='ocr_par' dir='ltr' id='par_1_73' title="bbox 558 4578 2130 4653">
     <span class='ocr_line' id='line_1_73' title="bbox 558 4578 2130 4653; baseline 0.007 -24"><span class='ocrx_word' id='word_1_515' title='bbox 558 4578 808 4632; x_wconf 88' lang='lat' dir='ltr'><strong>similiter</strong></span> <span class='ocrx_word' id='word_1_516' title='bbox 850 4591 1060 4636; x_wconf 90' lang='lat' dir='ltr'><strong>tenetur</strong></span> <span class='ocrx_word' id='word_1_517' title='bbox 1100 4582 1166 4635; x_wconf 87' lang='lat' dir='ltr'><strong>ad</strong></span> <span class='ocrx_word' id='word_1_518' title='bbox 1213 4583 1393 4636; x_wconf 88' lang='lat' dir='ltr'><strong>omnia</strong></span> <span class='ocrx_word' id='word_1_519' title='bbox 1424 4578 1541 4638; x_wconf 82' lang='lat' dir='ltr'><strong>sine</strong></span> <span class='ocrx_word' id='word_1_520' title='bbox 1568 4583 1764 4653; x_wconf 87' lang='lat' dir='ltr'><strong>quibus</strong></span> <span class='ocrx_word' id='word_1_521' title='bbox 1790 4601 1991 4653; x_wconf 88' lang='lat' dir='ltr'><strong>corpus</strong></span> <span class='ocrx_word' id='word_1_522' title='bbox 2023 4602 2130 4640; x_wconf 88' lang='lat' dir='ltr'><strong>non</strong></span> 
     </span>
    </p>
   </div>
   <div class='ocr_carea' id='block_1_74' title="bbox 561 4653 2131 4723">
    <p class='ocr_par' dir='ltr' id='par_1_74' title="bbox 561 4653 2131 4723">
     <span class='ocr_line' id='line_1_74' title="bbox 561 4653 2131 4723; baseline 0.008 -25"><span class='ocrx_word' id='word_1_523' title='bbox 561 4656 735 4723; x_wconf 82' lang='lat' dir='ltr'><strong>potest</strong></span> <span class='ocrx_word' id='word_1_524' title='bbox 782 4653 979 4707; x_wconf 83' lang='lat' dir='ltr'><strong>vivere.</strong></span> <span class='ocrx_word' id='word_1_525' title='bbox 1056 4653 1207 4708; x_wconf 87' lang='lat' dir='ltr'><strong>Unde</strong></span> <span class='ocrx_word' id='word_1_526' title='bbox 1261 4654 1587 4723; x_wconf 88' lang='lat' dir='ltr'><strong>quicumque</strong></span> <span class='ocrx_word' id='word_1_527' title='bbox 1635 4670 1741 4708; x_wconf 92' lang='lat' dir='ltr'><strong>non</strong></span> <span class='ocrx_word' id='word_1_528' title='bbox 1787 4655 1951 4709; x_wconf 84' lang='lat' dir='ltr'><strong>habet</strong></span> <span class='ocrx_word' id='word_1_529' title='bbox 1994 4657 2131 4711; x_wconf 86' lang='lat' dir='ltr'><strong>alias</strong></span> 
     </span>
    </p>
   </div>
   <div class='ocr_carea' id='block_1_75' title="bbox 560 4719 2122 4792">
    <p class='ocr_par' dir='ltr' id='par_1_75' title="bbox 560 4719 2122 4792">
     <span class='ocr_line' id='line_1_75' title="bbox 560 4719 2122 4792; baseline 0.008 -23"><span class='ocrx_word' id='word_1_530' title='bbox 560 4719 699 4792; x_wconf 84' lang='lat' dir='ltr'><strong>unde</strong></span> <span class='ocrx_word' id='word_1_531' title='bbox 738 4735 932 4790; x_wconf 89' lang='lat' dir='ltr'><strong>corpus</strong></span> <span class='ocrx_word' id='word_1_532' title='bbox 980 4733 1247 4780; x_wconf 89' lang='lat' dir='ltr'><strong>sustentet</strong></span> <span class='ocrx_word' id='word_1_533' title='bbox 1278 4719 1427 4780; x_wconf 86' lang='lat' dir='ltr'><strong>licite</strong></span> <span class='ocrx_word' id='word_1_534' title='bbox 1454 4768 1469 4792; x_wconf 91' lang='lat'><strong>,</strong></span> <span class='ocrx_word' id='word_1_535' title='bbox 1502 4719 1585 4779; x_wconf 77' lang='lat' dir='ltr'><strong>vel</strong></span> <span class='ocrx_word' id='word_1_536' title='bbox 1628 4729 1969 4792; x_wconf 89' lang='lat' dir='ltr'><strong>possessione</strong></span> <span class='ocrx_word' id='word_1_537' title='bbox 1994 4769 2009 4791; x_wconf 95' lang='lat'><strong>,</strong></span> <span class='ocrx_word' id='word_1_538' title='bbox 2040 4727 2122 4781; x_wconf 90' lang='lat' dir='ltr'><strong>vel</strong></span> 
     </span>
    </p>
   </div>
   <div class='ocr_carea' id='block_1_76' title="bbox 2237 2104 3821 2171">
    <p class='ocr_par' dir='ltr' id='par_1_76' title="bbox 2237 2104 3821 2171">
     <span class='ocr_line' id='line_1_76' title="bbox 2237 2104 3821 2171; baseline -0.003 -7"><span class='ocrx_word' id='word_1_539' title='bbox 2237 2112 2502 2164; x_wconf 79' lang='lat' dir='ltr'><strong>inanibus.</strong></span> <span class='ocrx_word' id='word_1_540' title='bbox 2536 2110 2613 2162; x_wconf 88' lang='lat' dir='ltr'><strong>Illi</strong></span> <span class='ocrx_word' id='word_1_541' title='bbox 2649 2111 2793 2161; x_wconf 77' lang='lat' dir='ltr'><strong>enim</strong></span> <span class='ocrx_word' id='word_1_542' title='bbox 2826 2109 3020 2162; x_wconf 81' lang='lat' dir='ltr'><strong>habent</strong></span> <span class='ocrx_word' id='word_1_543' title='bbox 3052 2104 3289 2159; x_wconf 78' lang='lat' dir='ltr'><strong>ofﬁcium</strong></span> <span class='ocrx_word' id='word_1_544' title='bbox 3318 2105 3368 2157; x_wconf 90' lang='lat' dir='ltr'><strong>in</strong></span> <span class='ocrx_word' id='word_1_545' title='bbox 3402 2104 3671 2171; x_wconf 82' lang='lat' dir='ltr'><strong>republica</strong></span> <span class='ocrx_word' id='word_1_546' title='bbox 3705 2122 3821 2160; x_wconf 84' lang='lat' dir='ltr'><strong>non</strong></span> 
     </span>
    </p>
   </div>
   <div class='ocr_carea' id='block_1_77' title="bbox 2235 2175 3820 2246">
    <p class='ocr_par' dir='ltr' id='par_1_77' title="bbox 2235 2175 3820 2246">
     <span class='ocr_line' id='line_1_77' title="bbox 2235 2175 3820 2246; baseline -0.002 -14"><span class='ocrx_word' id='word_1_547' title='bbox 2235 2183 2491 2241; x_wconf 71' lang='lat' dir='ltr'><strong>uporandi</strong></span> <span class='ocrx_word' id='word_1_548' title='bbox 2520 2222 2533 2242; x_wconf 91' lang='lat'><strong>,</strong></span> <span class='ocrx_word' id='word_1_549' title='bbox 2562 2180 2655 2233; x_wconf 74' lang='lat' dir='ltr'><strong>sed</strong></span> <span class='ocrx_word' id='word_1_550' title='bbox 2688 2179 2897 2237; x_wconf 75' lang='lat' dir='ltr'><strong>arandi,</strong></span> <span class='ocrx_word' id='word_1_551' title='bbox 2938 2178 3219 2246; x_wconf 56' lang='lat' dir='ltr'><strong>psallendi,</strong></span> <span class='ocrx_word' id='word_1_552' title='bbox 3255 2175 3629 2234; x_wconf 51' lang='lat' dir='ltr'><strong>concinnandi,</strong></span> <span class='ocrx_word' id='word_1_553' title='bbox 3661 2186 3713 2228; x_wconf 88' lang='lat' dir='ltr'><strong>et</strong></span> <span class='ocrx_word' id='word_1_554' title='bbox 3743 2178 3820 2230; x_wconf 75' lang='lat' dir='ltr'><strong>si-</strong></span> 
     </span>
    </p>
   </div>
   <div class='ocr_carea' id='block_1_78' title="bbox 2237 2247 3817 2319">
    <p class='ocr_par' dir='ltr' id='par_1_78' title="bbox 2237 2247 3817 2319">
     <span class='ocr_line' id='line_1_78' title="bbox 2237 2247 3817 2319; baseline -0.003 -14"><span class='ocrx_word' id='word_1_555' title='bbox 2237 2251 2382 2305; x_wconf 78' lang='lat' dir='ltr'><strong>milia</strong></span> <span class='ocrx_word' id='word_1_556' title='bbox 2434 2251 2745 2319; x_wconf 62' lang='lat' dir='ltr'><strong>priestaudi.</strong></span> <span class='ocrx_word' id='word_1_557' title='bbox 2790 2250 3040 2305; x_wconf 75' lang='lat' dir='ltr'><strong>Secundo</strong></span> <span class='ocrx_word' id='word_1_558' title='bbox 3087 2248 3245 2301; x_wconf 85' lang='lat' dir='ltr'><strong>modo</strong></span> <span class='ocrx_word' id='word_1_559' title='bbox 3294 2257 3543 2299; x_wconf 72' lang='lat' dir='ltr'><strong>tenentur</strong></span> <span class='ocrx_word' id='word_1_560' title='bbox 3589 2247 3817 2319; x_wconf 81' lang='lat' dir='ltr'><strong>quidem</strong></span> 
     </span>
    </p>
   </div>
   <div class='ocr_carea' id='block_1_79' title="bbox 2234 2317 3821 2391">
    <p class='ocr_par' dir='ltr' id='par_1_79' title="bbox 2234 2317 3821 2391">
     <span class='ocr_line' id='line_1_79' title="bbox 2234 2317 3821 2391; baseline -0.001 -16"><span class='ocrx_word' id='word_1_561' title='bbox 2234 2317 2444 2391; x_wconf 76' lang='lat' dir='ltr'><strong>singuli</strong></span> <span class='ocrx_word' id='word_1_562' title='bbox 2485 2325 2583 2375; x_wconf 87' lang='lat' dir='ltr'><strong>hoc</strong></span> <span class='ocrx_word' id='word_1_563' title='bbox 2635 2328 2941 2391; x_wconf 73' lang='lat' dir='ltr'><strong>prtecepto,</strong></span> <span class='ocrx_word' id='word_1_564' title='bbox 2990 2319 3082 2373; x_wconf 89' lang='lat' dir='ltr'><strong>sed</strong></span> <span class='ocrx_word' id='word_1_565' title='bbox 3141 2333 3245 2371; x_wconf 74' lang='lat' dir='ltr'><strong>non</strong></span> <span class='ocrx_word' id='word_1_566' title='bbox 3297 2332 3473 2370; x_wconf 88' lang='lat' dir='ltr'><strong>minus</strong></span> <span class='ocrx_word' id='word_1_567' title='bbox 3521 2317 3821 2372; x_wconf 51' lang='lat' dir='ltr'><strong>saeculares</strong></span> 
     </span>
    </p>
   </div>
   <div class='ocr_carea' id='block_1_80' title="bbox 2236 2390 3825 2461">
    <p class='ocr_par' dir='ltr' id='par_1_80' title="bbox 2236 2390 3825 2461">
     <span class='ocr_line' id='line_1_80' title="bbox 2236 2390 3825 2461; baseline -0.001 -18"><span class='ocrx_word' id='word_1_568' title='bbox 2236 2390 2393 2459; x_wconf 77' lang='lat' dir='ltr'><strong>quam</strong></span> <span class='ocrx_word' id='word_1_569' title='bbox 2430 2392 2689 2461; x_wconf 74' lang='lat' dir='ltr'><strong>religiosi.</strong></span> <span class='ocrx_word' id='word_1_570' title='bbox 2740 2390 2873 2445; x_wconf 85' lang='lat' dir='ltr'><strong>Nam</strong></span> <span class='ocrx_word' id='word_1_571' title='bbox 2900 2405 3241 2457; x_wconf 88' lang='lat' dir='ltr'><strong>quocumque</strong></span> <span class='ocrx_word' id='word_1_572' title='bbox 3262 2402 3393 2461; x_wconf 81' lang='lat' dir='ltr'><strong>casu</strong></span> <span class='ocrx_word' id='word_1_573' title='bbox 3438 2398 3531 2441; x_wconf 82' lang='lat' dir='ltr'><strong>aut</strong></span> <span class='ocrx_word' id='word_1_574' title='bbox 3574 2391 3825 2461; x_wconf 78' lang='lat' dir='ltr'><strong>necessi-</strong></span> 
     </span>
    </p>
   </div>
   <div class='ocr_carea' id='block_1_81' title="bbox 2237 2459 3819 2529">
    <p class='ocr_par' dir='ltr' id='par_1_81' title="bbox 2237 2459 3819 2529">
     <span class='ocr_line' id='line_1_81' title="bbox 2237 2459 3819 2529; baseline -0.003 -12"><span class='ocrx_word' id='word_1_575' title='bbox 2237 2473 2344 2517; x_wconf 89' lang='lat' dir='ltr'><strong>tate</strong></span> <span class='ocrx_word' id='word_1_576' title='bbox 2388 2459 2707 2517; x_wconf 78' lang='lat' dir='ltr'><strong>oct-urreute</strong></span> <span class='ocrx_word' id='word_1_577' title='bbox 2749 2471 3000 2516; x_wconf 91' lang='lat' dir='ltr'><strong>tenentur</strong></span> <span class='ocrx_word' id='word_1_578' title='bbox 3030 2460 3228 2529; x_wconf 75' lang='lat' dir='ltr'><strong>singuli</strong></span> <span class='ocrx_word' id='word_1_579' title='bbox 3260 2459 3508 2512; x_wconf 89' lang='lat' dir='ltr'><strong>laborare</strong></span> <span class='ocrx_word' id='word_1_580' title='bbox 3535 2460 3819 2525; x_wconf 84' lang='lat' dir='ltr'><strong>manibus;</strong></span> 
     </span>
    </p>
   </div>
   <div class='ocr_carea' id='block_1_82' title="bbox 2236 2529 3817 2603">
    <p class='ocr_par' dir='ltr' id='par_1_82' title="bbox 2236 2529 3817 2603">
     <span class='ocr_line' id='line_1_82' title="bbox 2236 2529 3817 2603; baseline -0.002 -17"><span class='ocrx_word' id='word_1_581' title='bbox 2236 2534 2586 2603; x_wconf 89' lang='lat' dir='ltr'><strong>proculdubio</strong></span> <span class='ocrx_word' id='word_1_582' title='bbox 2616 2542 2870 2587; x_wconf 81' lang='lat' dir='ltr'><strong>tenentur</strong></span> <span class='ocrx_word' id='word_1_583' title='bbox 2918 2533 3209 2603; x_wconf 68' lang='lat' dir='ltr'><strong>saeculares</strong></span> <span class='ocrx_word' id='word_1_584' title='bbox 3230 2529 3603 2603; x_wconf 83' lang='lat' dir='ltr'><strong>_nili_ilominus</strong></span> <span class='ocrx_word' id='word_1_585' title='bbox 3645 2545 3817 2603; x_wconf 77' lang='lat' dir='ltr'><strong>quam</strong></span> 
     </span>
    </p>
   </div>
   <div class='ocr_carea' id='block_1_83' title="bbox 2235 2600 3824 2671">
    <p class='ocr_par' dir='ltr' id='par_1_83' title="bbox 2235 2600 3824 2671">
     <span class='ocr_line' id='line_1_83' title="bbox 2235 2600 3824 2671; baseline -0.001 -12"><span class='ocrx_word' id='word_1_586' title='bbox 2235 2600 2488 2668; x_wconf 75' lang='lat' dir='ltr'><strong>religiosi.</strong></span> <span class='ocrx_word' id='word_1_587' title='bbox 2538 2606 2653 2671; x_wconf 86' lang='lat' dir='ltr'><strong>Qua</strong></span> <span class='ocrx_word' id='word_1_588' title='bbox 2692 2604 2761 2659; x_wconf 89' lang='lat' dir='ltr'><strong>de</strong></span> <span class='ocrx_word' id='word_1_589' title='bbox 2798 2619 2856 2658; x_wconf 91' lang='lat' dir='ltr'><strong>re</strong></span> <span class='ocrx_word' id='word_1_590' title='bbox 2886 2602 3007 2656; x_wconf 82' lang='lat' dir='ltr'><strong>vide</strong></span> <span class='ocrx_word' id='word_1_591' title='bbox 3046 2602 3195 2655; x_wconf 84' lang='lat' dir='ltr'><strong>card.</strong></span> <span class='ocrx_word' id='word_1_592' title='bbox 3230 2600 3614 2654; x_wconf 85' lang='lat' dir='ltr'><strong>Bellarminum</strong></span> <span class='ocrx_word' id='word_1_593' title='bbox 3643 2600 3737 2655; x_wconf 92' lang='lat' dir='ltr'><strong>lib.</strong></span> <span class='ocrx_word' id='word_1_594' title='bbox 3781 2614 3824 2657; x_wconf 80' lang='lat' dir='ltr'><strong>tl</strong></span> 
     </span>
    </p>
   </div>
   <div class='ocr_carea' id='block_1_84' title="bbox 2234 2671 3823 2740">
    <p class='ocr_par' dir='ltr' id='par_1_84' title="bbox 2234 2671 3823 2740">
     <span class='ocr_line' id='line_1_84' title="bbox 2234 2671 3823 2740; baseline -0.003 -10"><span class='ocrx_word' id='word_1_595' title='bbox 2234 2676 2303 2730; x_wconf 91' lang='lat' dir='ltr'><strong>de</strong></span> <span class='ocrx_word' id='word_1_596' title='bbox 2324 2675 2600 2730; x_wconf 81' lang='lat' dir='ltr'><strong>Monachis</strong></span> <span class='ocrx_word' id='word_1_597' title='bbox 2626 2691 2746 2740; x_wconf 88' lang='lat' dir='ltr'><strong>cap.</strong></span> <span class='ocrx_word' id='word_1_598' title='bbox 2776 2674 2863 2728; x_wconf 69' lang='grc'><strong>42.</strong></span> <span class='ocrx_word' id='word_1_599' title='bbox 2897 2674 3178 2729; x_wconf 89' lang='lat' dir='ltr'><strong>Postremo</strong></span> <span class='ocrx_word' id='word_1_600' title='bbox 3200 2671 3509 2726; x_wconf 80' lang='lat' dir='ltr'><strong>meminisse</strong></span> <span class='ocrx_word' id='word_1_601' title='bbox 3536 2672 3621 2724; x_wconf 87' lang='lat' dir='ltr'><strong>hic</strong></span> <span class='ocrx_word' id='word_1_602' title='bbox 3648 2686 3823 2739; x_wconf 85' lang='lat' dir='ltr'><strong>opor-</strong></span> 
     </span>
    </p>
   </div>
   <div class='ocr_carea' id='block_1_85' title="bbox 2236 2743 3819 2817">
    <p class='ocr_par' dir='ltr' id='par_1_85' title="bbox 2236 2743 3819 2817">
     <span class='ocr_line' id='line_1_85' title="bbox 2236 2743 3819 2817; baseline -0.003 -17"><span class='ocrx_word' id='word_1_603' title='bbox 2236 2756 2311 2801; x_wconf 90' lang='lat' dir='ltr'><strong>tet</strong></span> <span class='ocrx_word' id='word_1_604' title='bbox 2338 2790 2351 2805; x_wconf 83' lang='lat'><strong>.</strong></span> <span class='ocrx_word' id='word_1_605' title='bbox 2402 2747 2544 2817; x_wconf 92' lang='lat' dir='ltr'><strong>quod</strong></span> <span class='ocrx_word' id='word_1_606' title='bbox 2576 2748 2823 2809; x_wconf 84' lang='lat' dir='ltr'><strong>superius</strong></span> <span class='ocrx_word' id='word_1_607' title='bbox 2852 2747 3018 2801; x_wconf 85' lang='lat' dir='ltr'><strong>etiam</strong></span> <span class='ocrx_word' id='word_1_608' title='bbox 3048 2760 3114 2798; x_wconf 85' lang='lat' dir='ltr'><strong>ex</strong></span> <span class='ocrx_word' id='word_1_609' title='bbox 3146 2744 3205 2797; x_wconf 89' lang='lat' dir='ltr'><strong>D.</strong></span> <span class='ocrx_word' id='word_1_610' title='bbox 3236 2743 3819 2817; x_wconf 7' lang='lat' dir='ltr'><strong>Thoinagaunotatum,</strong></span> 
     </span>
    </p>
   </div>
   <div class='ocr_carea' id='block_1_86' title="bbox 2234 2812 3819 2882">
    <p class='ocr_par' dir='ltr' id='par_1_86' title="bbox 2234 2812 3819 2882">
     <span class='ocr_line' id='line_1_86' title="bbox 2234 2812 3819 2882; baseline -0.001 -11"><span class='ocrx_word' id='word_1_611' title='bbox 2234 2818 2265 2871; x_wconf 79' lang='grc' dir='ltr'><strong>Ι.</strong></span> <span class='ocrx_word' id='word_1_612' title='bbox 2292 2812 2475 2871; x_wconf 77' lang='lat' dir='ltr'><strong>berem</strong></span> <span class='ocrx_word' id='word_1_613' title='bbox 2503 2832 2781 2882; x_wconf 87' lang='lat' dir='ltr'><strong>manuum,</strong></span> <span class='ocrx_word' id='word_1_614' title='bbox 2808 2817 2890 2869; x_wconf 90' lang='lat' dir='ltr'><strong>vel</strong></span> <span class='ocrx_word' id='word_1_615' title='bbox 2924 2831 3058 2880; x_wconf 80' lang='lat' dir='ltr'><strong>onus</strong></span> <span class='ocrx_word' id='word_1_616' title='bbox 3082 2829 3334 2868; x_wconf 87' lang='lat' dir='ltr'><strong>manuum</strong></span> <span class='ocrx_word' id='word_1_617' title='bbox 3362 2812 3462 2866; x_wconf 87' lang='lat' dir='ltr'><strong>dici</strong></span> <span class='ocrx_word' id='word_1_618' title='bbox 3488 2827 3645 2866; x_wconf 89' lang='lat' dir='ltr'><strong>omne</strong></span> <span class='ocrx_word' id='word_1_619' title='bbox 3670 2829 3819 2879; x_wconf 88' lang='lat' dir='ltr'><strong>opus</strong></span> 
     </span>
    </p>
   </div>
   <div class='ocr_carea' id='block_1_87' title="bbox 2235 2881 3817 2958">
    <p class='ocr_par' dir='ltr' id='par_1_87' title="bbox 2235 2881 3817 2958">
     <span class='ocr_line' id='line_1_87' title="bbox 2235 2881 3817 2958; baseline -0.002 -17"><span class='ocrx_word' id='word_1_620' title='bbox 2235 2889 2541 2958; x_wconf 84' lang='lat' dir='ltr'><strong>corporale,</strong></span> <span class='ocrx_word' id='word_1_621' title='bbox 2570 2894 2683 2942; x_wconf 86' lang='lat' dir='ltr'><strong>sive</strong></span> <span class='ocrx_word' id='word_1_622' title='bbox 2709 2881 3077 2941; x_wconf 83' lang='lat' dir='ltr'><strong>mechanicum</strong></span> <span class='ocrx_word' id='word_1_623' title='bbox 3134 2885 3261 2939; x_wconf 91' lang='lat' dir='ltr'><strong>illud</strong></span> <span class='ocrx_word' id='word_1_624' title='bbox 3289 2883 3385 2958; x_wconf 81' lang='lat' dir='ltr'><strong>sit,</strong></span> <span class='ocrx_word' id='word_1_625' title='bbox 3416 2881 3538 2958; x_wconf 67' lang='lat' dir='ltr'><strong>sive</strong></span> <span class='ocrx_word' id='word_1_626' title='bbox 3562 2884 3817 2958; x_wconf 76' lang='lat' dir='ltr'><strong>liberale,</strong></span> 
     </span>
    </p>
   </div>
   <div class='ocr_carea' id='block_1_88' title="bbox 2234 2953 3821 3022">
    <p class='ocr_par' dir='ltr' id='par_1_88' title="bbox 2234 2953 3821 3022">
     <span class='ocr_line' id='line_1_88' title="bbox 2234 2953 3821 3022; baseline -0.001 -9"><span class='ocrx_word' id='word_1_627' title='bbox 2234 2953 2351 3013; x_wconf 71' lang='lat' dir='ltr'><strong>sive</strong></span> <span class='ocrx_word' id='word_1_628' title='bbox 2380 2961 2625 3013; x_wconf 88' lang='lat' dir='ltr'><strong>manibus</strong></span> <span class='ocrx_word' id='word_1_629' title='bbox 2654 2967 2857 3011; x_wconf 87' lang='lat' dir='ltr'><strong>tantum</strong></span> <span class='ocrx_word' id='word_1_630' title='bbox 2884 2968 3222 3021; x_wconf 83' lang='lat' dir='ltr'><strong>exerceatur,</strong></span> <span class='ocrx_word' id='word_1_631' title='bbox 3257 2956 3370 3010; x_wconf 83' lang='lat' dir='ltr'><strong>sive</strong></span> <span class='ocrx_word' id='word_1_632' title='bbox 3403 2954 3622 3022; x_wconf 89' lang='lat' dir='ltr'><strong>pedibus</strong></span> <span class='ocrx_word' id='word_1_633' title='bbox 3647 2995 3661 3018; x_wconf 89' lang='lat'><strong>,</strong></span> <span class='ocrx_word' id='word_1_634' title='bbox 3690 2953 3821 3011; x_wconf 84' lang='lat' dir='ltr'><strong>sive</strong></span> 
     </span>
    </p>
   </div>
   <div class='ocr_carea' id='block_1_89' title="bbox 2235 3028 3824 3099">
    <p class='ocr_par' dir='ltr' id='par_1_89' title="bbox 2235 3028 3824 3099">
     <span class='ocr_line' id='line_1_89' title="bbox 2235 3028 3824 3099; baseline -0.001 -17"><span class='ocrx_word' id='word_1_635' title='bbox 2235 3031 2435 3099; x_wconf 87' lang='lat' dir='ltr'><strong>lingua,</strong></span> <span class='ocrx_word' id='word_1_636' title='bbox 2460 3033 2573 3084; x_wconf 88' lang='lat' dir='ltr'><strong>sive</strong></span> <span class='ocrx_word' id='word_1_637' title='bbox 2600 3029 2706 3085; x_wconf 90' lang='lat' dir='ltr'><strong>alio</strong></span> <span class='ocrx_word' id='word_1_638' title='bbox 2734 3029 2915 3091; x_wconf 84' lang='lat' dir='ltr'><strong>modo;</strong></span> <span class='ocrx_word' id='word_1_639' title='bbox 2946 3028 3251 3097; x_wconf 87' lang='lat' dir='ltr'><strong>appellatur</strong></span> <span class='ocrx_word' id='word_1_640' title='bbox 3280 3028 3422 3081; x_wconf 91' lang='lat' dir='ltr'><strong>enim</strong></span> <span class='ocrx_word' id='word_1_641' title='bbox 3449 3040 3586 3099; x_wconf 86' lang='lat' dir='ltr'><strong>opus</strong></span> <span class='ocrx_word' id='word_1_642' title='bbox 3611 3038 3824 3094; x_wconf 85' lang='lat' dir='ltr'><strong>corpo-</strong></span> 
     </span>
    </p>
   </div>
   <div class='ocr_carea' id='block_1_90' title="bbox 2235 3097 3822 3168">
    <p class='ocr_par' dir='ltr' id='par_1_90' title="bbox 2235 3097 3822 3168">
     <span class='ocr_line' id='line_1_90' title="bbox 2235 3097 3822 3168; baseline -0.001 -15"><span class='ocrx_word' id='word_1_643' title='bbox 2235 3097 2367 3163; x_wconf 58' lang='lat' dir='ltr'><strong>rale,</strong></span> <span class='ocrx_word' id='word_1_644' title='bbox 2399 3116 2532 3165; x_wconf 68' lang='lat' dir='ltr'><strong>opus</strong></span> <span class='ocrx_word' id='word_1_645' title='bbox 2562 3116 2842 3159; x_wconf 85' lang='lat' dir='ltr'><strong>manuum,</strong></span> <span class='ocrx_word' id='word_1_646' title='bbox 2876 3099 2996 3168; x_wconf 85' lang='lat' dir='ltr'><strong>quia</strong></span> <span class='ocrx_word' id='word_1_647' title='bbox 3031 3114 3219 3152; x_wconf 84' lang='lat' dir='ltr'><strong>manus</strong></span> <span class='ocrx_word' id='word_1_648' title='bbox 3248 3108 3328 3151; x_wconf 87' lang='lat' dir='ltr'><strong>est</strong></span> <span class='ocrx_word' id='word_1_649' title='bbox 3362 3097 3689 3168; x_wconf 69' lang='lat' dir='ltr'><strong>prtecipuutn</strong></span> <span class='ocrx_word' id='word_1_650' title='bbox 3725 3099 3822 3152; x_wconf 86' lang='lat' dir='ltr'><strong>in-</strong></span> 
     </span>
    </p>
   </div>
   <div class='ocr_carea' id='block_1_91' title="bbox 2233 3167 3820 3239">
    <p class='ocr_par' dir='ltr' id='par_1_91' title="bbox 2233 3167 3820 3239">
     <span class='ocr_line' id='line_1_91' title="bbox 2233 3167 3820 3239; baseline 0 -16"><span class='ocrx_word' id='word_1_651' title='bbox 2233 3178 2592 3224; x_wconf 85' lang='lat' dir='ltr'><strong>strumentum</strong></span> <span class='ocrx_word' id='word_1_652' title='bbox 2621 3186 2726 3239; x_wconf 90' lang='lat' dir='ltr'><strong>quo</strong></span> <span class='ocrx_word' id='word_1_653' title='bbox 2754 3167 3064 3237; x_wconf 83' lang='lat' dir='ltr'><strong>aperamur.</strong></span> <span class='ocrx_word' id='word_1_654' title='bbox 3116 3168 3345 3224; x_wconf 88' lang='lat' dir='ltr'><strong>Proinde</strong></span> <span class='ocrx_word' id='word_1_655' title='bbox 3382 3169 3552 3239; x_wconf 14' lang='lat' dir='ltr'><strong>etiam,</strong></span> <span class='ocrx_word' id='word_1_656' title='bbox 3590 3167 3820 3237; x_wconf 88' lang='lat' dir='ltr'><strong>religio—</strong></span> 
     </span>
    </p>
   </div>
   <div class='ocr_carea' id='block_1_92' title="bbox 2231 3238 3813 3310">
    <p class='ocr_par' dir='ltr' id='par_1_92' title="bbox 2231 3238 3813 3310">
     <span class='ocr_line' id='line_1_92' title="bbox 2231 3238 3813 3310; baseline 0.001 -16"><span class='ocrx_word' id='word_1_657' title='bbox 2231 3244 2279 3295; x_wconf 87' lang='lat' dir='ltr'><strong>si</strong></span> <span class='ocrx_word' id='word_1_658' title='bbox 2328 3241 2620 3310; x_wconf 84' lang='lat' dir='ltr'><strong>psallentes</strong></span> <span class='ocrx_word' id='word_1_659' title='bbox 2642 3238 2711 3295; x_wconf 78' lang='lat' dir='ltr'><strong>in</strong></span> <span class='ocrx_word' id='word_1_660' title='bbox 2750 3242 2937 3298; x_wconf 88' lang='lat' dir='ltr'><strong>choro.</strong></span> <span class='ocrx_word' id='word_1_661' title='bbox 2968 3241 3372 3303; x_wconf 83' lang='lat' dir='ltr'><strong>conciouantes,</strong></span> <span class='ocrx_word' id='word_1_662' title='bbox 3408 3249 3501 3292; x_wconf 89' lang='lat' dir='ltr'><strong>aut</strong></span> <span class='ocrx_word' id='word_1_663' title='bbox 3524 3238 3813 3310; x_wconf 70' lang='lat' dir='ltr'><strong>docentes,</strong></span> 
     </span>
    </p>
   </div>
   <div class='ocr_carea' id='block_1_93' title="bbox 2233 3308 3818 3380">
    <p class='ocr_par' dir='ltr' id='par_1_93' title="bbox 2233 3308 3818 3380">
     <span class='ocr_line' id='line_1_93' title="bbox 2233 3308 3818 3380; baseline 0.001 -15"><span class='ocrx_word' id='word_1_664' title='bbox 2233 3308 2366 3376; x_wconf 60' lang='lat' dir='ltr'><strong>etc},</strong></span> <span class='ocrx_word' id='word_1_665' title='bbox 2405 3312 2560 3378; x_wconf 83' lang='lat' dir='ltr'><strong>plane</strong></span> <span class='ocrx_word' id='word_1_666' title='bbox 2592 3313 2836 3366; x_wconf 90' lang='lat' dir='ltr'><strong>manibus</strong></span> <span class='ocrx_word' id='word_1_667' title='bbox 2863 3314 3109 3366; x_wconf 89' lang='lat' dir='ltr'><strong>laborare</strong></span> <span class='ocrx_word' id='word_1_668' title='bbox 3138 3312 3241 3366; x_wconf 89' lang='lat' dir='ltr'><strong>dici</strong></span> <span class='ocrx_word' id='word_1_669' title='bbox 3273 3321 3522 3380; x_wconf 66' lang='lat' dir='ltr'><strong>possunt.</strong></span> <span class='ocrx_word' id='word_1_670' title='bbox 3558 3308 3818 3380; x_wconf 82' lang='lat' dir='ltr'><strong>Viderint</strong></span> 
     </span>
    </p>
   </div>
   <div class='ocr_carea' id='block_1_94' title="bbox 2238 3379 3819 3451">
    <p class='ocr_par' dir='ltr' id='par_1_94' title="bbox 2238 3379 3819 3451">
     <span class='ocr_line' id='line_1_94' title="bbox 2238 3379 3819 3451; baseline 0.001 -15"><span class='ocrx_word' id='word_1_671' title='bbox 2238 3382 2462 3449; x_wconf 89' lang='lat' dir='ltr'><strong>proinde</strong></span> <span class='ocrx_word' id='word_1_672' title='bbox 2492 3383 2729 3437; x_wconf 66' lang='lat' dir='ltr'><strong>haeretici</strong></span> <span class='ocrx_word' id='word_1_673' title='bbox 2761 3399 2919 3451; x_wconf 85' lang='lat' dir='ltr'><strong>quam</strong></span> <span class='ocrx_word' id='word_1_674' title='bbox 2952 3398 3057 3437; x_wconf 91' lang='lat' dir='ltr'><strong>non</strong></span> <span class='ocrx_word' id='word_1_675' title='bbox 3091 3379 3534 3449; x_wconf 29' lang='lat' dir='ltr'><strong>solum’iiuprobe</strong></span> <span class='ocrx_word' id='word_1_676' title='bbox 3559 3418 3575 3445; x_wconf 92' lang='lat'><strong>,</strong></span> <span class='ocrx_word' id='word_1_677' title='bbox 3614 3379 3705 3434; x_wconf 86' lang='lat' dir='ltr'><strong>sed</strong></span> <span class='ocrx_word' id='word_1_678' title='bbox 3753 3392 3819 3437; x_wconf 81' lang='lat' dir='ltr'><strong>et</strong></span> 
     </span>
    </p>
   </div>
   <div class='ocr_carea' id='block_1_95' title="bbox 2235 3451 3819 3522">
    <p class='ocr_par' dir='ltr' id='par_1_95' title="bbox 2235 3451 3819 3522">
     <span class='ocr_line' id='line_1_95' title="bbox 2235 3451 3819 3522; baseline 0 -14"><span class='ocrx_word' id='word_1_679' title='bbox 2235 3452 2487 3520; x_wconf 84' lang='lat' dir='ltr'><strong>imperite</strong></span> <span class='ocrx_word' id='word_1_680' title='bbox 2538 3454 2679 3509; x_wconf 90' lang='lat' dir='ltr'><strong>banc</strong></span> <span class='ocrx_word' id='word_1_681' title='bbox 2735 3455 3055 3509; x_wconf 89' lang='lat' dir='ltr'><strong>sententiam</strong></span> <span class='ocrx_word' id='word_1_682' title='bbox 3101 3451 3345 3522; x_wconf 81' lang='lat' dir='ltr'><strong>Apostoli</strong></span> <span class='ocrx_word' id='word_1_683' title='bbox 3390 3451 3442 3505; x_wconf 88' lang='lat' dir='ltr'><strong>in</strong></span> <span class='ocrx_word' id='word_1_684' title='bbox 3487 3451 3819 3520; x_wconf 75' lang='lat' dir='ltr'><strong>monachos,</strong></span> 
     </span>
    </p>
   </div>
   <div class='ocr_carea' id='block_1_96' title="bbox 2238 3524 3345 3594">
    <p class='ocr_par' dir='ltr' id='par_1_96' title="bbox 2238 3524 3345 3594">
     <span class='ocr_line' id='line_1_96' title="bbox 2238 3524 3345 3594; baseline -0.001 -16"><span class='ocrx_word' id='word_1_685' title='bbox 2238 3526 2537 3594; x_wconf 57' lang='lat' dir='ltr'><strong>praesertim</strong></span> <span class='ocrx_word' id='word_1_686' title='bbox 2565 3525 2957 3589; x_wconf 85' lang='lat' dir='ltr'><strong>mendicantes,</strong></span> <span class='ocrx_word' id='word_1_687' title='bbox 2985 3524 3345 3588; x_wconf 81' lang='lat' dir='ltr'><strong>intorqueaut.</strong></span> 
     </span>
    </p>
   </div>
   <div class='ocr_carea' id='block_1_97' title="bbox 2308 3592 3817 3665">
    <p class='ocr_par' dir='ltr' id='par_1_97' title="bbox 2308 3592 3817 3665">
     <span class='ocr_line' id='line_1_97' title="bbox 2308 3592 3817 3665; baseline 0 -16"><span class='ocrx_word' id='word_1_688' title='bbox 2308 3604 2334 3632; x_wconf 81' lang='grc' dir='ltr'><strong>ι</strong></span> <span class='ocrx_word' id='word_1_689' title='bbox 2368 3595 2605 3663; x_wconf 89' lang='lat' dir='ltr'><strong>luquiete</strong></span> <span class='ocrx_word' id='word_1_690' title='bbox 2654 3596 2927 3655; x_wconf 76' lang='lat' dir='ltr'><strong>ambulat,</strong></span> <span class='ocrx_word' id='word_1_691' title='bbox 2974 3597 3065 3665; x_wconf 91' lang='lat' dir='ltr'><strong>qui</strong></span> <span class='ocrx_word' id='word_1_692' title='bbox 3104 3594 3245 3665; x_wconf 92' lang='lat' dir='ltr'><strong>quod</strong></span> <span class='ocrx_word' id='word_1_693' title='bbox 3274 3594 3358 3647; x_wconf 89' lang='lat' dir='ltr'><strong>sui</strong></span> <span class='ocrx_word' id='word_1_694' title='bbox 3384 3592 3652 3665; x_wconf 12' lang='lat' dir='ltr'><strong>estioﬂicii</strong></span> <span class='ocrx_word' id='word_1_695' title='bbox 3697 3608 3817 3649; x_wconf 82' lang='lat' dir='ltr'><strong>non</strong></span> 
     </span>
    </p>
   </div>
   <div class='ocr_carea' id='block_1_98' title="bbox 2235 3663 3821 3733">
    <p class='ocr_par' dir='ltr' id='par_1_98' title="bbox 2235 3663 3821 3733">
     <span class='ocr_line' id='line_1_98' title="bbox 2235 3663 3821 3733; baseline -0.002 -13"><span class='ocrx_word' id='word_1_696' title='bbox 2235 3665 2361 3721; x_wconf 82' lang='lat' dir='ltr'><strong>facit</strong></span> <span class='ocrx_word' id='word_1_697' title='bbox 2384 3708 2401 3733; x_wconf 92' lang='lat'><strong>,</strong></span> <span class='ocrx_word' id='word_1_698' title='bbox 2430 3678 2485 3721; x_wconf 92' lang='lat' dir='ltr'><strong>et</strong></span> <span class='ocrx_word' id='word_1_699' title='bbox 2514 3668 2649 3721; x_wconf 87' lang='lat' dir='ltr'><strong>alios</strong></span> <span class='ocrx_word' id='word_1_700' title='bbox 2689 3668 2947 3721; x_wconf 81' lang='lat' dir='ltr'><strong>iacientes</strong></span> <span class='ocrx_word' id='word_1_701' title='bbox 2975 3663 3172 3720; x_wconf 78' lang='lat' dir='ltr'><strong>turbat.</strong></span> <span class='ocrx_word' id='word_1_702' title='bbox 3233 3665 3306 3719; x_wconf 90' lang='lat' dir='ltr'><strong>De</strong></span> <span class='ocrx_word' id='word_1_703' title='bbox 3332 3681 3438 3732; x_wconf 89' lang='lat' dir='ltr'><strong>quo</strong></span> <span class='ocrx_word' id='word_1_704' title='bbox 3472 3664 3531 3717; x_wconf 83' lang='grc' dir='ltr'><strong>Β.</strong></span> <span class='ocrx_word' id='word_1_705' title='bbox 3581 3663 3821 3718; x_wconf 80' lang='lat' dir='ltr'><strong>Benedi-</strong></span> 
     </span>
    </p>
   </div>
   <div class='ocr_carea' id='block_1_99' title="bbox 2233 3735 3820 3807">
    <p class='ocr_par' dir='ltr' id='par_1_99' title="bbox 2233 3735 3820 3807">
     <span class='ocr_line' id='line_1_99' title="bbox 2233 3735 3820 3807; baseline -0.004 -16"><span class='ocrx_word' id='word_1_706' title='bbox 2233 3747 2350 3791; x_wconf 87' lang='lat' dir='ltr'><strong>ctus</strong></span> <span class='ocrx_word' id='word_1_707' title='bbox 2370 3752 2488 3805; x_wconf 90' lang='lat' dir='ltr'><strong>cap.</strong></span> <span class='ocrx_word' id='word_1_708' title='bbox 2520 3737 2589 3792; x_wconf 65' lang='grc'><strong>48</strong></span> <span class='ocrx_word' id='word_1_709' title='bbox 2624 3738 2876 3807; x_wconf 68' lang='lat' dir='ltr'><strong>Regulas:</strong></span> <span class='ocrx_word' id='word_1_710' title='bbox 2916 3737 3135 3791; x_wconf 85' lang='lat' dir='ltr'><strong>Videant</strong></span> <span class='ocrx_word' id='word_1_711' title='bbox 3180 3738 3405 3790; x_wconf 70' lang='lat' dir='ltr'><strong>senices</strong></span> <span class='ocrx_word' id='word_1_712' title='bbox 3452 3752 3513 3789; x_wconf 82' lang='lat' dir='ltr'><strong>us</strong></span> <span class='ocrx_word' id='word_1_713' title='bbox 3556 3738 3686 3807; x_wconf 78' lang='lat' dir='ltr'><strong>forte</strong></span> <span class='ocrx_word' id='word_1_714' title='bbox 3721 3735 3820 3807; x_wconf 73' lang='lat' dir='ltr'><strong>in-</strong></span> 
     </span>
    </p>
   </div>
   <div class='ocr_carea' id='block_1_100' title="bbox 2234 3804 3813 3877">
    <p class='ocr_par' dir='ltr' id='par_1_100' title="bbox 2234 3804 3813 3877">
     <span class='ocr_line' id='line_1_100' title="bbox 2234 3804 3813 3877; baseline -0.001 -16"><span class='ocrx_word' id='word_1_715' title='bbox 2234 3804 2466 3863; x_wconf 79' lang='lat' dir='ltr'><strong>veniatur</strong></span> <span class='ocrx_word' id='word_1_716' title='bbox 2517 3812 2678 3876; x_wconf 80' lang='lat' dir='ltr'><strong>frater</strong></span> <span class='ocrx_word' id='word_1_717' title='bbox 2705 3804 3007 3869; x_wconf 81' lang='lat' dir='ltr'><strong>acediosus,</strong></span> <span class='ocrx_word' id='word_1_718' title='bbox 3040 3808 3127 3877; x_wconf 84' lang='lat' dir='ltr'><strong>qui</strong></span> <span class='ocrx_word' id='word_1_719' title='bbox 3154 3816 3292 3860; x_wconf 85' lang='lat' dir='ltr'><strong>vacet</strong></span> <span class='ocrx_word' id='word_1_720' title='bbox 3324 3806 3428 3859; x_wconf 88' lang='lat' dir='ltr'><strong>otio</strong></span> <span class='ocrx_word' id='word_1_721' title='bbox 3458 3814 3547 3877; x_wconf 88' lang='lat' dir='ltr'><strong>aut</strong></span> <span class='ocrx_word' id='word_1_722' title='bbox 3588 3804 3813 3873; x_wconf 71' lang='lat' dir='ltr'><strong>fabulis,</strong></span> 
     </span>
    </p>
   </div>
   <div class='ocr_carea' id='block_1_101' title="bbox 2233 3876 3817 3935">
    <p class='ocr_par' dir='ltr' id='par_1_101' title="bbox 2233 3876 3817 3935">
     <span class='ocr_line' id='line_1_101' title="bbox 2233 3876 3817 3935; baseline -0.002 -2"><span class='ocrx_word' id='word_1_723' title='bbox 2233 3889 2402 3933; x_wconf 78' lang='lat' dir='ltr'><strong>etnon</strong></span> <span class='ocrx_word' id='word_1_724' title='bbox 2432 3890 2505 3934; x_wconf 87' lang='lat' dir='ltr'><strong>est</strong></span> <span class='ocrx_word' id='word_1_725' title='bbox 2544 3884 2764 3934; x_wconf 83' lang='lat' dir='ltr'><strong>intentus</strong></span> <span class='ocrx_word' id='word_1_726' title='bbox 2805 3876 3059 3935; x_wconf 73' lang='lat' dir='ltr'><strong>lectioni.</strong></span> <span class='ocrx_word' id='word_1_727' title='bbox 3082 3889 3127 3931; x_wconf 88' lang='lat' dir='ltr'><strong>et</strong></span> <span class='ocrx_word' id='word_1_728' title='bbox 3158 3895 3257 3931; x_wconf 87' lang='lat' dir='ltr'><strong>non</strong></span> <span class='ocrx_word' id='word_1_729' title='bbox 3285 3878 3451 3931; x_wconf 88' lang='lat' dir='ltr'><strong>solum</strong></span> <span class='ocrx_word' id='word_1_730' title='bbox 3479 3876 3575 3929; x_wconf 83' lang='lat' dir='ltr'><strong>sibi</strong></span> <span class='ocrx_word' id='word_1_731' title='bbox 3610 3876 3817 3930; x_wconf 77' lang='lat' dir='ltr'><strong>inutilis</strong></span> 
     </span>
    </p>
   </div>
   <div class='ocr_carea' id='block_1_102' title="bbox 2232 3947 3817 4014">
    <p class='ocr_par' dir='ltr' id='par_1_102' title="bbox 2232 3947 3817 4014">
     <span class='ocr_line' id='line_1_102' title="bbox 2232 3947 3817 4014; baseline -0.001 -12"><span class='ocrx_word' id='word_1_732' title='bbox 2232 3959 2307 4003; x_wconf 80' lang='lat' dir='ltr'><strong>est</strong></span> <span class='ocrx_word' id='word_1_733' title='bbox 2334 3992 2346 4005; x_wconf 92' lang='lat'><strong>.</strong></span> <span class='ocrx_word' id='word_1_734' title='bbox 2388 3953 2476 4005; x_wconf 87' lang='lat' dir='ltr'><strong>sed</strong></span> <span class='ocrx_word' id='word_1_735' title='bbox 2508 3953 2663 4005; x_wconf 87' lang='lat' dir='ltr'><strong>etiam</strong></span> <span class='ocrx_word' id='word_1_736' title='bbox 2688 3951 2821 4005; x_wconf 88' lang='lat' dir='ltr'><strong>alios</strong></span> <span class='ocrx_word' id='word_1_737' title='bbox 2850 3950 3085 4014; x_wconf 75' lang='lat' dir='ltr'><strong>extollit;</strong></span> <span class='ocrx_word' id='word_1_738' title='bbox 3126 3948 3177 4002; x_wconf 93' lang='lat' dir='ltr'><strong>id</strong></span> <span class='ocrx_word' id='word_1_739' title='bbox 3206 3958 3310 4009; x_wconf 86' lang='lat' dir='ltr'><strong>est,</strong></span> <span class='ocrx_word' id='word_1_740' title='bbox 3338 3958 3489 4001; x_wconf 80' lang='lat' dir='ltr'><strong>extra</strong></span> <span class='ocrx_word' id='word_1_741' title='bbox 3514 3947 3688 4010; x_wconf 89' lang='lat' dir='ltr'><strong>tollit,</strong></span> <span class='ocrx_word' id='word_1_742' title='bbox 3730 3947 3817 4002; x_wconf 85' lang='lat' dir='ltr'><strong>ait</strong></span> 
     </span>
    </p>
   </div>
   <div class='ocr_carea' id='block_1_103' title="bbox 2233 4019 3815 4088">
    <p class='ocr_par' dir='ltr' id='par_1_103' title="bbox 2233 4019 3815 4088">
     <span class='ocr_line' id='line_1_103' title="bbox 2233 4019 3815 4088; baseline -0.001 -15"><span class='ocrx_word' id='word_1_743' title='bbox 2233 4022 2701 4085; x_wconf 81' lang='lat' dir='ltr'><strong>Titrrecrernatus,</strong></span> <span class='ocrx_word' id='word_1_744' title='bbox 2722 4023 2822 4075; x_wconf 92' lang='lat' dir='ltr'><strong>hoc</strong></span> <span class='ocrx_word' id='word_1_745' title='bbox 2848 4032 2950 4083; x_wconf 90' lang='lat' dir='ltr'><strong>est,</strong></span> <span class='ocrx_word' id='word_1_746' title='bbox 2982 4035 3010 4072; x_wconf 92' lang='lat' dir='ltr'><strong>a</strong></span> <span class='ocrx_word' id='word_1_747' title='bbox 3040 4020 3271 4073; x_wconf 86' lang='lat' dir='ltr'><strong>lectione</strong></span> <span class='ocrx_word' id='word_1_748' title='bbox 3298 4019 3381 4072; x_wconf 86' lang='lat' dir='ltr'><strong>vel</strong></span> <span class='ocrx_word' id='word_1_749' title='bbox 3407 4033 3571 4088; x_wconf 89' lang='lat' dir='ltr'><strong>opere</strong></span> <span class='ocrx_word' id='word_1_750' title='bbox 3597 4019 3815 4071; x_wconf 80' lang='lat' dir='ltr'><strong>abstra-</strong></span> 
     </span>
    </p>
   </div>
   <div class='ocr_carea' id='block_1_104' title="bbox 2237 4089 3808 4162">
    <p class='ocr_par' dir='ltr' id='par_1_104' title="bbox 2237 4089 3808 4162">
     <span class='ocr_line' id='line_1_104' title="bbox 2237 4089 3808 4162; baseline -0.002 -19"><span class='ocrx_word' id='word_1_751' title='bbox 2237 4091 2332 4144; x_wconf 90' lang='lat' dir='ltr'><strong>hit.</strong></span> <span class='ocrx_word' id='word_1_752' title='bbox 2399 4093 2724 4162; x_wconf 86' lang='lat' dir='ltr'><strong>Smaragdus</strong></span> <span class='ocrx_word' id='word_1_753' title='bbox 2782 4108 2911 4146; x_wconf 87' lang='lat' dir='ltr'><strong>vero</strong></span> <span class='ocrx_word' id='word_1_754' title='bbox 2957 4091 3202 4144; x_wconf 90' lang='lat' dir='ltr'><strong>eumdem</strong></span> <span class='ocrx_word' id='word_1_755' title='bbox 3256 4091 3431 4144; x_wconf 90' lang='lat' dir='ltr'><strong>locum</strong></span> <span class='ocrx_word' id='word_1_756' title='bbox 3468 4089 3808 4162; x_wconf 75' lang='lat' dir='ltr'><strong>explanatis:</strong></span> 
     </span>
    </p>
   </div>
   <div class='ocr_carea' id='block_1_105' title="bbox 2234 4160 3815 4229">
    <p class='ocr_par' dir='ltr' id='par_1_105' title="bbox 2234 4160 3815 4229">
     <span class='ocr_line' id='line_1_105' title="bbox 2234 4160 3815 4229; baseline -0.002 -15"><span class='ocrx_word' id='word_1_757' title='bbox 2234 4163 2509 4217; x_wconf 81' lang='lat' dir='ltr'><strong>Acediosus</strong></span> <span class='ocrx_word' id='word_1_758' title='bbox 2535 4203 2550 4225; x_wconf 90' lang='lat'><strong>,</strong></span> <span class='ocrx_word' id='word_1_759' title='bbox 2598 4160 2776 4229; x_wconf 87' lang='lat' dir='ltr'><strong>inquit</strong></span> <span class='ocrx_word' id='word_1_760' title='bbox 2798 4203 2811 4219; x_wconf 88' lang='lat'><strong>.</strong></span> <span class='ocrx_word' id='word_1_761' title='bbox 2861 4163 3048 4215; x_wconf 89' lang='lat' dir='ltr'><strong>dicitur</strong></span> <span class='ocrx_word' id='word_1_762' title='bbox 3077 4162 3319 4214; x_wconf 77' lang='lat' dir='ltr'><strong>ttvdiosus</strong></span> <span class='ocrx_word' id='word_1_763' title='bbox 3338 4205 3351 4225; x_wconf 94' lang='lat'><strong>,</strong></span> <span class='ocrx_word' id='word_1_764' title='bbox 3383 4160 3571 4214; x_wconf 73' lang='lat' dir='ltr'><strong>anxius</strong></span> <span class='ocrx_word' id='word_1_765' title='bbox 3599 4199 3614 4219; x_wconf 85' lang='lat'><strong>,</strong></span> <span class='ocrx_word' id='word_1_766' title='bbox 3659 4172 3815 4211; x_wconf 72' lang='lat' dir='ltr'><strong>vanae</strong></span> 
     </span>
    </p>
   </div>
   <div class='ocr_carea' id='block_1_106' title="bbox 2233 4232 3812 4301">
    <p class='ocr_par' dir='ltr' id='par_1_106' title="bbox 2233 4232 3812 4301">
     <span class='ocr_line' id='line_1_106' title="bbox 2233 4232 3812 4301; baseline -0.001 -17"><span class='ocrx_word' id='word_1_767' title='bbox 2233 4236 2435 4297; x_wconf 86' lang='lat' dir='ltr'><strong>mentis,</strong></span> <span class='ocrx_word' id='word_1_768' title='bbox 2460 4236 2537 4287; x_wconf 88' lang='lat' dir='ltr'><strong>vel</strong></span> <span class='ocrx_word' id='word_1_769' title='bbox 2558 4235 2732 4287; x_wconf 90' lang='lat' dir='ltr'><strong>animo</strong></span> <span class='ocrx_word' id='word_1_770' title='bbox 2757 4233 2905 4297; x_wconf 87' lang='lat' dir='ltr'><strong>levis;</strong></span> <span class='ocrx_word' id='word_1_771' title='bbox 2927 4233 3011 4301; x_wconf 86' lang='lat' dir='ltr'><strong>qui</strong></span> <span class='ocrx_word' id='word_1_772' title='bbox 3034 4233 3186 4287; x_wconf 69' lang='lat' dir='ltr'><strong>taedio</strong></span> <span class='ocrx_word' id='word_1_773' title='bbox 3203 4234 3383 4285; x_wconf 87' lang='lat' dir='ltr'><strong>mentis</strong></span> <span class='ocrx_word' id='word_1_774' title='bbox 3407 4232 3812 4301; x_wconf 82' lang='lat' dir='ltr'><strong>contmotus,_vel</strong></span> 
     </span>
    </p>
   </div>
   <div class='ocr_carea' id='block_1_107' title="bbox 2233 4297 3811 4371">
    <p class='ocr_par' dir='ltr' id='par_1_107' title="bbox 2233 4297 3811 4371">
     <span class='ocr_line' id='line_1_107' title="bbox 2233 4297 3811 4371; baseline -0.001 -17"><span class='ocrx_word' id='word_1_775' title='bbox 2233 4302 2434 4357; x_wconf 85' lang='lat' dir='ltr'><strong>levitate</strong></span> <span class='ocrx_word' id='word_1_776' title='bbox 2454 4306 2615 4357; x_wconf 89' lang='lat' dir='ltr'><strong>animi</strong></span> <span class='ocrx_word' id='word_1_777' title='bbox 2642 4297 2972 4366; x_wconf 80' lang='lat' dir='ltr'><strong>sublevatus,</strong></span> <span class='ocrx_word' id='word_1_778' title='bbox 3002 4320 3090 4356; x_wconf 87' lang='lat' dir='ltr'><strong>nec</strong></span> <span class='ocrx_word' id='word_1_779' title='bbox 3112 4319 3165 4355; x_wconf 89' lang='lat' dir='ltr'><strong>se</strong></span> <span class='ocrx_word' id='word_1_780' title='bbox 3188 4304 3308 4356; x_wconf 86' lang='lat' dir='ltr'><strong>sinit</strong></span> <span class='ocrx_word' id='word_1_781' title='bbox 3338 4303 3519 4371; x_wconf 77' lang='lat' dir='ltr'><strong>legere,</strong></span> <span class='ocrx_word' id='word_1_782' title='bbox 3552 4316 3641 4353; x_wconf 88' lang='lat' dir='ltr'><strong>nec</strong></span> <span class='ocrx_word' id='word_1_783' title='bbox 3668 4297 3811 4371; x_wconf 82' lang='lat' dir='ltr'><strong>alios</strong></span> 
     </span>
    </p>
   </div>
   <div class='ocr_carea' id='block_1_108' title="bbox 2233 4369 3810 4446">
    <p class='ocr_par' dir='ltr' id='par_1_108' title="bbox 2233 4369 3810 4446">
     <span class='ocr_line' id='line_1_108' title="bbox 2233 4369 3810 4446; baseline -0.001 -21"><span class='ocrx_word' id='word_1_784' title='bbox 2233 4375 2436 4428; x_wconf 87' lang='lat' dir='ltr'><strong>lectioni</strong></span> <span class='ocrx_word' id='word_1_785' title='bbox 2467 4391 2678 4436; x_wconf 82' lang='lat' dir='ltr'><strong>vacare;</strong></span> <span class='ocrx_word' id='word_1_786' title='bbox 2709 4375 2796 4443; x_wconf 87' lang='lat' dir='ltr'><strong>qui</strong></span> <span class='ocrx_word' id='word_1_787' title='bbox 2826 4386 2871 4428; x_wconf 88' lang='lat' dir='ltr'><strong>et</strong></span> <span class='ocrx_word' id='word_1_788' title='bbox 2899 4376 2995 4427; x_wconf 83' lang='lat' dir='ltr'><strong>sibi</strong></span> <span class='ocrx_word' id='word_1_789' title='bbox 3022 4374 3323 4446; x_wconf 79' lang='lat' dir='ltr'><strong>uagabundo</strong></span> <span class='ocrx_word' id='word_1_790' title='bbox 3346 4369 3583 4446; x_wconf 73' lang='lat' dir='ltr'><strong>inutilis,</strong></span> <span class='ocrx_word' id='word_1_791' title='bbox 3610 4382 3656 4423; x_wconf 89' lang='lat' dir='ltr'><strong>et</strong></span> <span class='ocrx_word' id='word_1_792' title='bbox 3684 4369 3810 4446; x_wconf 82' lang='lat' dir='ltr'><strong>aliis</strong></span> 
     </span>
    </p>
   </div>
   <div class='ocr_carea' id='block_1_109' title="bbox 2232 4444 3813 4514">
    <p class='ocr_par' dir='ltr' id='par_1_109' title="bbox 2232 4444 3813 4514">
     <span class='ocr_line' id='line_1_109' title="bbox 2232 4444 3813 4514; baseline -0.002 -18"><span class='ocrx_word' id='word_1_793' title='bbox 2232 4446 2508 4514; x_wconf 84' lang='lat' dir='ltr'><strong>legentibus</strong></span> <span class='ocrx_word' id='word_1_794' title='bbox 2540 4448 2792 4499; x_wconf 81' lang='lat' dir='ltr'><strong>invenitur</strong></span> <span class='ocrx_word' id='word_1_795' title='bbox 2824 4462 2929 4498; x_wconf 84' lang='lat' dir='ltr'><strong>esse</strong></span> <span class='ocrx_word' id='word_1_796' title='bbox 2959 4444 3279 4508; x_wconf 70' lang='lat' dir='ltr'><strong>contrarius;</strong></span> <span class='ocrx_word' id='word_1_797' title='bbox 3302 4446 3458 4497; x_wconf 86' lang='lat' dir='ltr'><strong>otium</strong></span> <span class='ocrx_word' id='word_1_798' title='bbox 3487 4444 3617 4497; x_wconf 80' lang='lat' dir='ltr'><strong>eniin</strong></span> <span class='ocrx_word' id='word_1_799' title='bbox 3648 4450 3700 4514; x_wconf 16' lang='lat' dir='ltr'><strong>et»</strong></span> <span class='ocrx_word' id='word_1_800' title='bbox 3721 4445 3813 4509; x_wconf 80' lang='lat' dir='ltr'><strong>fa-</strong></span> 
     </span>
    </p>
   </div>
   <div class='ocr_carea' id='block_1_110' title="bbox 2233 4512 3815 4597">
    <p class='ocr_par' dir='ltr' id='par_1_110' title="bbox 2233 4512 3815 4597">
     <span class='ocr_line' id='line_1_110' title="bbox 2233 4512 3815 4597; baseline -0.001 -30"><span class='ocrx_word' id='word_1_801' title='bbox 2233 4512 2579 4597; x_wconf 45' lang='lat' dir='ltr'><strong>bulas-diligit</strong></span> <span class='ocrx_word' id='word_1_802' title='bbox 2602 4558 2618 4583; x_wconf 90' lang='lat'><strong>,</strong></span> <span class='ocrx_word' id='word_1_803' title='bbox 2661 4529 2706 4569; x_wconf 89' lang='lat' dir='ltr'><strong>et</strong></span> <span class='ocrx_word' id='word_1_804' title='bbox 2744 4518 2859 4569; x_wconf 87' lang='lat' dir='ltr'><strong>ideo</strong></span> <span class='ocrx_word' id='word_1_805' title='bbox 2890 4525 2934 4568; x_wconf 85' lang='lat' dir='ltr'><strong>et</strong></span> <span class='ocrx_word' id='word_1_806' title='bbox 2965 4532 3018 4569; x_wconf 88' lang='lat' dir='ltr'><strong>se</strong></span> <span class='ocrx_word' id='word_1_807' title='bbox 3054 4528 3099 4597; x_wconf 71' lang='lat' dir='ltr'><strong>et</strong></span> <span class='ocrx_word' id='word_1_808' title='bbox 3128 4517 3262 4597; x_wconf 81' lang='lat' dir='ltr'><strong>alios</strong></span> <span class='ocrx_word' id='word_1_809' title='bbox 3312 4532 3345 4567; x_wconf 90' lang='lat' dir='ltr'><strong>a</strong></span> <span class='ocrx_word' id='word_1_810' title='bbox 3386 4529 3535 4567; x_wconf 85' lang='lat' dir='ltr'><strong>sacra</strong></span> <span class='ocrx_word' id='word_1_811' title='bbox 3583 4512 3815 4566; x_wconf 83' lang='lat' dir='ltr'><strong>lectione</strong></span> 
     </span>
    </p>
   </div>
   <div class='ocr_carea' id='block_1_111' title="bbox 2232 4580 3547 4656">
    <p class='ocr_par' dir='ltr' id='par_1_111' title="bbox 2232 4580 3547 4656">
     <span class='ocr_line' id='line_1_111' title="bbox 2232 4580 3547 4656; baseline -0.001 -19"><span class='ocrx_word' id='word_1_812' title='bbox 2232 4580 2472 4656; x_wconf 80' lang='lat' dir='ltr'><strong>distollit,</strong></span> <span class='ocrx_word' id='word_1_813' title='bbox 2503 4580 2557 4641; x_wconf 72' lang='lat' dir='ltr'><strong>id</strong></span> <span class='ocrx_word' id='word_1_814' title='bbox 2576 4580 2670 4653; x_wconf 79' lang='lat' dir='ltr'><strong>est,</strong></span> <span class='ocrx_word' id='word_1_815' title='bbox 2705 4598 2937 4656; x_wconf 81' lang='lat' dir='ltr'><strong>segregat</strong></span> <span class='ocrx_word' id='word_1_816' title='bbox 2963 4597 3009 4639; x_wconf 86' lang='lat' dir='ltr'><strong>et</strong></span> <span class='ocrx_word' id='word_1_817' title='bbox 3038 4587 3311 4640; x_wconf 86' lang='lat' dir='ltr'><strong>disturbat.</strong></span> <span class='ocrx_word' id='word_1_818' title='bbox 3540 4630 3547 4637; x_wconf 87' lang='lat'><strong>.</strong></span> 
     </span>
    </p>
   </div>
   <div class='ocr_carea' id='block_1_112' title="bbox 2304 4652 3889 4727">
    <p class='ocr_par' dir='ltr' id='par_1_112' title="bbox 2304 4652 3889 4727">
     <span class='ocr_line' id='line_1_112' title="bbox 2304 4652 3889 4727; baseline -0.004 -15"><span class='ocrx_word' id='word_1_819' title='bbox 2304 4655 2330 4694; x_wconf 72' lang='grc' dir='ltr'>δ</span> <span class='ocrx_word' id='word_1_820' title='bbox 2362 4659 2568 4727; x_wconf 85' lang='lat' dir='ltr'><strong>Lapsus</strong></span> <span class='ocrx_word' id='word_1_821' title='bbox 2594 4658 2681 4712; x_wconf 90' lang='lat' dir='ltr'><strong>hic</strong></span> <span class='ocrx_word' id='word_1_822' title='bbox 2703 4652 2959 4712; x_wconf 80' lang='lat' dir='ltr'><strong>memoria</strong></span> <span class='ocrx_word' id='word_1_823' title='bbox 2980 4657 3188 4712; x_wconf 83' lang='lat' dir='ltr'><strong>videtur</strong></span> <span class='ocrx_word' id='word_1_824' title='bbox 3208 4656 3519 4716; x_wconf 84' lang='lat' dir='ltr'><strong>Cassianus,</strong></span> <span class='ocrx_word' id='word_1_825' title='bbox 3544 4652 3625 4727; x_wconf 81' lang='lat' dir='ltr'><strong>vel</strong></span> <span class='ocrx_word' id='word_1_826' title='bbox 3636 4666 3814 4727; x_wconf 53' lang='lat' dir='ltr'><strong>inest-</strong></span> <span class='ocrx_word' id='word_1_827' title='bbox 3886 4684 3889 4687; x_wconf 57' lang='grc' dir='ltr'><strong><em>λ</em></strong></span> 
     </span>
    </p>
   </div>
   <div class='ocr_carea' id='block_1_113' title="bbox 2231 4722 3811 4797">
    <p class='ocr_par' dir='ltr' id='par_1_113' title="bbox 2231 4722 3811 4797">
     <span class='ocr_line' id='line_1_113' title="bbox 2231 4722 3811 4797; baseline -0.004 -18"><span class='ocrx_word' id='word_1_828' title='bbox 2231 4727 2355 4781; x_wconf 89' lang='lat' dir='ltr'><strong>dum</strong></span> <span class='ocrx_word' id='word_1_829' title='bbox 2386 4722 2621 4797; x_wconf 79' lang='lat' dir='ltr'><strong>irrepsit.</strong></span> <span class='ocrx_word' id='word_1_830' title='bbox 2666 4728 2780 4782; x_wconf 86' lang='lat' dir='ltr'><strong>Non</strong></span> <span class='ocrx_word' id='word_1_831' title='bbox 2808 4729 2951 4783; x_wconf 91' lang='lat' dir='ltr'><strong>enim</strong></span> <span class='ocrx_word' id='word_1_832' title='bbox 2987 4730 3038 4780; x_wconf 91' lang='lat' dir='ltr'><strong>in</strong></span> <span class='ocrx_word' id='word_1_833' title='bbox 3069 4727 3231 4793; x_wconf 89' lang='lat' dir='ltr'><strong>priori</strong></span> <span class='ocrx_word' id='word_1_834' title='bbox 3266 4728 3521 4797; x_wconf 55' lang='lat' dir='ltr'><strong>Epistula</strong></span> <span class='ocrx_word' id='word_1_835' title='bbox 3541 4724 3605 4777; x_wconf 89' lang='lat' dir='ltr'><strong>ad</strong></span> <span class='ocrx_word' id='word_1_836' title='bbox 3636 4722 3811 4797; x_wconf 61' lang='lat' dir='ltr'><strong>Thes-</strong></span> 
     </span>
    </p>
   </div>
   <div class='ocr_carea' id='block_1_114' title="bbox 562 4786 3813 4865">
    <p class='ocr_par' dir='ltr' id='par_1_114' title="bbox 562 4786 3813 4865">
     <span class='ocr_line' id='line_1_114' title="bbox 562 4786 3813 4865; baseline 0.002 -25"><span class='ocrx_word' id='word_1_837' title='bbox 562 4789 708 4842; x_wconf 90' lang='lat' dir='ltr'><strong>licito</strong></span> <span class='ocrx_word' id='word_1_838' title='bbox 736 4786 969 4862; x_wconf 77' lang='lat' dir='ltr'><strong>negotio,</strong></span> <span class='ocrx_word' id='word_1_839' title='bbox 998 4804 1207 4849; x_wconf 88' lang='lat' dir='ltr'><strong>tenetur</strong></span> <span class='ocrx_word' id='word_1_840' title='bbox 1233 4786 1503 4863; x_wconf 86' lang='lat' dir='ltr'><strong>laborare,</strong></span> <span class='ocrx_word' id='word_1_841' title='bbox 1533 4812 1599 4850; x_wconf 90' lang='lat' dir='ltr'><strong>ne</strong></span> <span class='ocrx_word' id='word_1_842' title='bbox 1625 4786 1853 4850; x_wconf 76' lang='lat' dir='ltr'><strong>iuretur.</strong></span> <span class='ocrx_word' id='word_1_843' title='bbox 1881 4798 1967 4850; x_wconf 86' lang='lat' dir='ltr'><strong>Est</strong></span> <span class='ocrx_word' id='word_1_844' title='bbox 1992 4786 2119 4865; x_wconf 81' lang='lat' dir='ltr'><strong>ergo</strong></span> <span class='ocrx_word' id='word_1_845' title='bbox 2148 4786 2199 4847; x_wconf 73' lang='grc' dir='ltr'>υ</span> <span class='ocrx_word' id='word_1_846' title='bbox 2226 4786 2593 4853; x_wconf 75' lang='lat' dir='ltr'><strong>saloniceiises</strong></span> <span class='ocrx_word' id='word_1_847' title='bbox 2618 4840 2633 4863; x_wconf 88' lang='lat'><strong>,</strong></span> <span class='ocrx_word' id='word_1_848' title='bbox 2663 4801 2755 4851; x_wconf 88' lang='lat' dir='ltr'><strong>sed</strong></span> <span class='ocrx_word' id='word_1_849' title='bbox 2792 4801 2841 4851; x_wconf 91' lang='lat' dir='ltr'><strong>in</strong></span> <span class='ocrx_word' id='word_1_850' title='bbox 2876 4786 3180 4863; x_wconf 80' lang='lat' dir='ltr'><strong>posteriore</strong></span> <span class='ocrx_word' id='word_1_851' title='bbox 3224 4786 3384 4854; x_wconf 76' lang='lat' dir='ltr'><strong>atque</strong></span> <span class='ocrx_word' id='word_1_852' title='bbox 3423 4793 3612 4850; x_wconf 89' lang='lat' dir='ltr'><strong>eodem</strong></span> <span class='ocrx_word' id='word_1_853' title='bbox 3655 4796 3813 4861; x_wconf 61' lang='lat' dir='ltr'><strong>capio</strong></span> 
     </span>
    </p>
   </div>
   <div class='ocr_carea' id='block_1_115' title="bbox 548 4865 2129 4935">
    <p class='ocr_par' dir='ltr' id='par_1_115' title="bbox 548 4865 2129 4935">
     <span class='ocr_line' id='line_1_115' title="bbox 548 4865 2129 4935; baseline 0.006 -23"><span class='ocrx_word' id='word_1_854' title='bbox 548 4871 909 4935; x_wconf 52' lang='lat' dir='ltr'><strong>‘prmceptuin,</strong></span> <span class='ocrx_word' id='word_1_855' title='bbox 956 4866 1172 4935; x_wconf 90' lang='lat' dir='ltr'><strong>quando</strong></span> <span class='ocrx_word' id='word_1_856' title='bbox 1212 4865 1373 4922; x_wconf 87' lang='lat' dir='ltr'><strong>aliter</strong></span> <span class='ocrx_word' id='word_1_857' title='bbox 1420 4883 1524 4921; x_wconf 91' lang='lat' dir='ltr'><strong>non</strong></span> <span class='ocrx_word' id='word_1_858' title='bbox 1560 4874 1737 4935; x_wconf 91' lang='lat' dir='ltr'><strong>potest</strong></span> <span class='ocrx_word' id='word_1_859' title='bbox 1761 4868 1962 4922; x_wconf 76' lang='lat' dir='ltr'><strong>vivere.</strong></span> <span class='ocrx_word' id='word_1_860' title='bbox 1994 4868 2129 4922; x_wconf 82' lang='lat' dir='ltr'><strong>llae-</strong></span> 
     </span>
    </p>
   </div>
   <div class='ocr_carea' id='block_1_116' title="bbox 562 4934 2127 5006">
    <p class='ocr_par' dir='ltr' id='par_1_116' title="bbox 562 4934 2127 5006">
     <span class='ocr_line' id='line_1_116' title="bbox 562 4934 2127 5006; baseline 0.005 -23"><span class='ocrx_word' id='word_1_861' title='bbox 562 4943 720 4986; x_wconf 89' lang='lat' dir='ltr'><strong>tenus</strong></span> <span class='ocrx_word' id='word_1_862' title='bbox 757 4934 816 5006; x_wconf 75' lang='grc' dir='ltr'><strong>Ο.</strong></span> <span class='ocrx_word' id='word_1_863' title='bbox 845 4934 1102 4990; x_wconf 84' lang='lat' dir='ltr'><strong>Thomas.</strong></span> <span class='ocrx_word' id='word_1_864' title='bbox 1174 4935 1254 4991; x_wconf 81' lang='lat' dir='ltr'><strong>Ex</strong></span> <span class='ocrx_word' id='word_1_865' title='bbox 1296 4938 1487 5005; x_wconf 87' lang='lat' dir='ltr'><strong>quibus</strong></span> <span class='ocrx_word' id='word_1_866' title='bbox 1528 4934 1879 5005; x_wconf 84' lang='lat' dir='ltr'><strong>intelligimus</strong></span> <span class='ocrx_word' id='word_1_867' title='bbox 1922 4953 2127 5006; x_wconf 84' lang='lat' dir='ltr'><strong>praece-</strong></span> 
     </span>
    </p>
   </div>
   <div class='ocr_carea' id='block_1_117' title="bbox 559 5005 2131 5078">
    <p class='ocr_par' dir='ltr' id='par_1_117' title="bbox 559 5005 2131 5078">
     <span class='ocr_line' id='line_1_117' title="bbox 559 5005 2131 5078; baseline 0.004 -23"><span class='ocrx_word' id='word_1_868' title='bbox 559 5014 707 5073; x_wconf 91' lang='lat' dir='ltr'><strong>ptum</strong></span> <span class='ocrx_word' id='word_1_869' title='bbox 739 5005 806 5061; x_wconf 85' lang='lat' dir='ltr'><strong>de</strong></span> <span class='ocrx_word' id='word_1_870' title='bbox 833 5008 1138 5075; x_wconf 88' lang='lat' dir='ltr'><strong>operando,</strong></span> <span class='ocrx_word' id='word_1_871' title='bbox 1184 5020 1241 5061; x_wconf 91' lang='lat' dir='ltr'><strong>ut</strong></span> <span class='ocrx_word' id='word_1_872' title='bbox 1264 5018 1347 5063; x_wconf 90' lang='lat' dir='ltr'><strong>est</strong></span> <span class='ocrx_word' id='word_1_873' title='bbox 1376 5009 1653 5075; x_wconf 88' lang='lat' dir='ltr'><strong>naturale,</strong></span> <span class='ocrx_word' id='word_1_874' title='bbox 1686 5005 1969 5078; x_wconf 82' lang='lat' dir='ltr'><strong>dupliciter</strong></span> <span class='ocrx_word' id='word_1_875' title='bbox 1994 5009 2131 5062; x_wconf 88' lang='lat' dir='ltr'><strong>ubli-</strong></span> 
     </span>
    </p>
   </div>
   <div class='ocr_carea' id='block_1_118' title="bbox 556 5078 2131 5147">
    <p class='ocr_par' dir='ltr' id='par_1_118' title="bbox 556 5078 2131 5147">
     <span class='ocr_line' id='line_1_118' title="bbox 556 5078 2131 5147; baseline 0.004 -20"><span class='ocrx_word' id='word_1_876' title='bbox 556 5092 720 5141; x_wconf 70' lang='lat' dir='ltr'><strong>gare:</strong></span> <span class='ocrx_word' id='word_1_877' title='bbox 771 5094 965 5147; x_wconf 90' lang='lat' dir='ltr'><strong>nempe</strong></span> <span class='ocrx_word' id='word_1_878' title='bbox 1013 5078 1281 5143; x_wconf 88' lang='lat' dir='ltr'><strong>absolute,</strong></span> <span class='ocrx_word' id='word_1_879' title='bbox 1329 5081 1415 5133; x_wconf 86' lang='lat' dir='ltr'><strong>vel</strong></span> <span class='ocrx_word' id='word_1_880' title='bbox 1464 5080 1515 5134; x_wconf 93' lang='lat' dir='ltr'><strong>in</strong></span> <span class='ocrx_word' id='word_1_881' title='bbox 1562 5090 1713 5134; x_wconf 89' lang='lat' dir='ltr'><strong>certo</strong></span> <span class='ocrx_word' id='word_1_882' title='bbox 1756 5097 1905 5135; x_wconf 87' lang='lat' dir='ltr'><strong>casu.</strong></span> <span class='ocrx_word' id='word_1_883' title='bbox 1952 5082 2131 5134; x_wconf 84' lang='lat' dir='ltr'><strong>Primo</strong></span> 
     </span>
    </p>
   </div>
   <div class='ocr_carea' id='block_1_119' title="bbox 560 5149 2127 5220">
    <p class='ocr_par' dir='ltr' id='par_1_119' title="bbox 560 5149 2127 5220">
     <span class='ocr_line' id='line_1_119' title="bbox 560 5149 2127 5220; baseline 0.003 -20"><span class='ocrx_word' id='word_1_884' title='bbox 560 5149 719 5202; x_wconf 84' lang='lat' dir='ltr'><strong>modo</strong></span> <span class='ocrx_word' id='word_1_885' title='bbox 761 5166 866 5203; x_wconf 92' lang='lat' dir='ltr'><strong>non</strong></span> <span class='ocrx_word' id='word_1_886' title='bbox 910 5150 1113 5218; x_wconf 85' lang='lat' dir='ltr'><strong>obligat</strong></span> <span class='ocrx_word' id='word_1_887' title='bbox 1140 5151 1378 5220; x_wconf 85' lang='lat' dir='ltr'><strong>singulos</strong></span> <span class='ocrx_word' id='word_1_888' title='bbox 1403 5191 1419 5215; x_wconf 89' lang='lat'><strong>,</strong></span> <span class='ocrx_word' id='word_1_889' title='bbox 1470 5151 1563 5205; x_wconf 83' lang='lat' dir='ltr'><strong>sed</strong></span> <span class='ocrx_word' id='word_1_890' title='bbox 1603 5152 1985 5219; x_wconf 85' lang='lat' dir='ltr'><strong>rempublicam</strong></span> <span class='ocrx_word' id='word_1_891' title='bbox 2011 5193 2024 5214; x_wconf 94' lang='lat'><strong>,</strong></span> <span class='ocrx_word' id='word_1_892' title='bbox 2071 5161 2127 5204; x_wconf 92' lang='lat' dir='ltr'><strong>ut</strong></span> 
     </span>
    </p>
   </div>
   <div class='ocr_carea' id='block_1_120' title="bbox 559 5222 2125 5289">
    <p class='ocr_par' dir='ltr' id='par_1_120' title="bbox 559 5222 2125 5289">
     <span class='ocr_line' id='line_1_120' title="bbox 559 5222 2125 5289; baseline 0.004 -19"><span class='ocrx_word' id='word_1_893' title='bbox 559 5232 741 5273; x_wconf 88' lang='lat' dir='ltr'><strong>notum</strong></span> <span class='ocrx_word' id='word_1_894' title='bbox 771 5230 873 5285; x_wconf 64' lang='lat' dir='ltr'><strong>est,</strong></span> <span class='ocrx_word' id='word_1_895' title='bbox 905 5222 1025 5289; x_wconf 87' lang='lat' dir='ltr'><strong>quia</strong></span> <span class='ocrx_word' id='word_1_896' title='bbox 1055 5223 1120 5275; x_wconf 89' lang='lat' dir='ltr'><strong>ad</strong></span> <span class='ocrx_word' id='word_1_897' title='bbox 1156 5223 1243 5274; x_wconf 87' lang='lat' dir='ltr'><strong>illa</strong></span> <span class='ocrx_word' id='word_1_898' title='bbox 1275 5234 1539 5289; x_wconf 76' lang='lat' dir='ltr'><strong>prtecepta</strong></span> <span class='ocrx_word' id='word_1_899' title='bbox 1574 5224 1705 5289; x_wconf 77' lang='lat' dir='ltr'><strong>legis</strong></span> <span class='ocrx_word' id='word_1_900' title='bbox 1735 5231 1972 5285; x_wconf 60' lang='lat' dir='ltr'><strong>naturas,</strong></span> <span class='ocrx_word' id='word_1_901' title='bbox 2005 5237 2125 5289; x_wconf 73' lang='lat' dir='ltr'><strong>qua:</strong></span> 
     </span>
    </p>
   </div>
   <div class='ocr_carea' id='block_1_121' title="bbox 558 5292 2119 5360">
    <p class='ocr_par' dir='ltr' id='par_1_121' title="bbox 558 5292 2119 5360">
     <span class='ocr_line' id='line_1_121' title="bbox 558 5292 2119 5360; baseline 0.001 -16"><span class='ocrx_word' id='word_1_902' title='bbox 558 5292 823 5357; x_wconf 85' lang='lat' dir='ltr'><strong>pertinent</strong></span> <span class='ocrx_word' id='word_1_903' title='bbox 853 5292 921 5345; x_wconf 88' lang='lat' dir='ltr'><strong>ad</strong></span> <span class='ocrx_word' id='word_1_904' title='bbox 941 5293 1138 5346; x_wconf 88' lang='lat' dir='ltr'><strong>bonum</strong></span> <span class='ocrx_word' id='word_1_905' title='bbox 1166 5293 1475 5351; x_wconf 84' lang='lat' dir='ltr'><strong>multorum.</strong></span> <span class='ocrx_word' id='word_1_906' title='bbox 1498 5308 1602 5344; x_wconf 79' lang='lat' dir='ltr'><strong>non</strong></span> <span class='ocrx_word' id='word_1_907' title='bbox 1627 5305 1873 5345; x_wconf 82' lang='lat' dir='ltr'><strong>tenentur</strong></span> <span class='ocrx_word' id='word_1_908' title='bbox 1902 5294 2119 5360; x_wconf 86' lang='lat' dir='ltr'><strong>singuli,</strong></span> 
     </span>
    </p>
   </div>
   <div class='ocr_carea' id='block_1_122' title="bbox 555 5361 2123 5435">
    <p class='ocr_par' dir='ltr' id='par_1_122' title="bbox 555 5361 2123 5435">
     <span class='ocr_line' id='line_1_122' title="bbox 555 5361 2123 5435; baseline 0.001 -21"><span class='ocrx_word' id='word_1_909' title='bbox 555 5362 813 5435; x_wconf 32' lang='lat' dir='ltr'><strong>aitAidem</strong></span> <span class='ocrx_word' id='word_1_910' title='bbox 859 5363 917 5435; x_wconf 75' lang='lat' dir='ltr'><strong>S,</strong></span> <span class='ocrx_word' id='word_1_911' title='bbox 968 5363 1203 5417; x_wconf 85' lang='lat' dir='ltr'><strong>Thomas</strong></span> <span class='ocrx_word' id='word_1_912' title='bbox 1249 5363 1387 5435; x_wconf 72' lang='grc'><strong>(2-2.</strong></span> <span class='ocrx_word' id='word_1_913' title='bbox 1431 5381 1481 5432; x_wconf 88' lang='lat' dir='ltr'><strong>q.</strong></span> <span class='ocrx_word' id='word_1_914' title='bbox 1516 5362 1634 5425; x_wconf 79' lang='grc'><strong>187,</strong></span> <span class='ocrx_word' id='word_1_915' title='bbox 1666 5381 1715 5415; x_wconf 87' lang='lat' dir='ltr'><strong>a.</strong></span> <span class='ocrx_word' id='word_1_916' title='bbox 1746 5361 1892 5435; x_wconf 12' lang='lat' dir='ltr'><strong>3,7ad</strong></span> <span class='ocrx_word' id='word_1_917' title='bbox 1930 5364 1999 5435; x_wconf 78' lang='lat' dir='ltr'><strong>l);</strong></span> <span class='ocrx_word' id='word_1_918' title='bbox 2028 5363 2123 5435; x_wconf 76' lang='lat' dir='ltr'><strong>sed</strong></span> 
     </span>
    </p>
   </div>
   <div class='ocr_carea' id='block_1_123' title="bbox 554 5432 2121 5502">
    <p class='ocr_par' dir='ltr' id='par_1_123' title="bbox 554 5432 2121 5502">
     <span class='ocr_line' id='line_1_123' title="bbox 554 5432 2121 5502; baseline 0.002 -18"><span class='ocrx_word' id='word_1_919' title='bbox 554 5432 752 5488; x_wconf 80' lang='lat' dir='ltr'><strong>sulﬁcit</strong></span> <span class='ocrx_word' id='word_1_920' title='bbox 781 5434 923 5502; x_wconf 91' lang='lat' dir='ltr'><strong>quod</strong></span> <span class='ocrx_word' id='word_1_921' title='bbox 953 5450 1092 5489; x_wconf 93' lang='lat' dir='ltr'><strong>unus</strong></span> <span class='ocrx_word' id='word_1_922' title='bbox 1122 5432 1273 5489; x_wconf 85' lang='lat' dir='ltr'><strong>vacei</strong></span> <span class='ocrx_word' id='word_1_923' title='bbox 1301 5436 1388 5487; x_wconf 91' lang='lat' dir='ltr'><strong>uni</strong></span> <span class='ocrx_word' id='word_1_924' title='bbox 1421 5436 1598 5487; x_wconf 75' lang='lat' dir='ltr'><strong>cilicio</strong></span> <span class='ocrx_word' id='word_1_925' title='bbox 1618 5473 1633 5497; x_wconf 92' lang='lat'><strong>,</strong></span> <span class='ocrx_word' id='word_1_926' title='bbox 1686 5442 1741 5486; x_wconf 86' lang='lat' dir='ltr'><strong>et</strong></span> <span class='ocrx_word' id='word_1_927' title='bbox 1776 5433 1911 5485; x_wconf 81' lang='lat' dir='ltr'><strong>alius</strong></span> <span class='ocrx_word' id='word_1_928' title='bbox 1945 5432 2121 5496; x_wconf 85' lang='lat' dir='ltr'><strong>alteri,</strong></span> 
     </span>
    </p>
   </div>
   <div class='ocr_carea' id='block_1_124' title="bbox 559 5504 2121 5575">
    <p class='ocr_par' dir='ltr' id='par_1_124' title="bbox 559 5504 2121 5575">
     <span class='ocr_line' id='line_1_124' title="bbox 559 5504 2121 5575; baseline 0.001 -20"><span class='ocrx_word' id='word_1_929' title='bbox 559 5515 680 5575; x_wconf 78' lang='lat' dir='ltr'><strong>puta</strong></span> <span class='ocrx_word' id='word_1_930' title='bbox 723 5506 865 5573; x_wconf 84' lang='lat' dir='ltr'><strong>quod</strong></span> <span class='ocrx_word' id='word_1_931' title='bbox 897 5505 1113 5575; x_wconf 89' lang='lat' dir='ltr'><strong>quidam</strong></span> <span class='ocrx_word' id='word_1_932' title='bbox 1147 5506 1255 5559; x_wconf 90' lang='lat' dir='ltr'><strong>sint</strong></span> <span class='ocrx_word' id='word_1_933' title='bbox 1297 5505 1520 5573; x_wconf 81' lang='lat' dir='ltr'><strong>opiﬁces</strong></span> <span class='ocrx_word' id='word_1_934' title='bbox 1546 5547 1560 5567; x_wconf 91' lang='lat'><strong>,</strong></span> <span class='ocrx_word' id='word_1_935' title='bbox 1609 5504 1820 5567; x_wconf 78' lang='lat' dir='ltr'><strong>quidam</strong></span> <span class='ocrx_word' id='word_1_936' title='bbox 1844 5505 2121 5575; x_wconf 57' lang='lat' dir='ltr'><strong>agricola,</strong></span> 
     </span>
    </p>
   </div>
   <div class='ocr_carea' id='block_1_125' title="bbox 556 5572 2122 5644">
    <p class='ocr_par' dir='ltr' id='par_1_125' title="bbox 556 5572 2122 5644">
     <span class='ocr_line' id='line_1_125' title="bbox 556 5572 2122 5644; baseline 0 -19"><span class='ocrx_word' id='word_1_937' title='bbox 556 5572 770 5641; x_wconf 82' lang='lat' dir='ltr'><strong>quidam</strong></span> <span class='ocrx_word' id='word_1_938' title='bbox 793 5572 1023 5644; x_wconf 79' lang='lat' dir='ltr'><strong>judiccs,</strong></span> <span class='ocrx_word' id='word_1_939' title='bbox 1058 5589 1108 5629; x_wconf 85' lang='lat' dir='ltr'><strong>et</strong></span> <span class='ocrx_word' id='word_1_940' title='bbox 1141 5578 1217 5629; x_wconf 87' lang='lat' dir='ltr'><strong>sic</strong></span> <span class='ocrx_word' id='word_1_941' title='bbox 1244 5577 1309 5628; x_wconf 75' lang='lat' dir='ltr'><strong>(it&#39;</strong></span> <span class='ocrx_word' id='word_1_942' title='bbox 1331 5572 1472 5639; x_wconf 76' lang='lat' dir='ltr'><strong>aliis,</strong></span> <span class='ocrx_word' id='word_1_943' title='bbox 1500 5576 1791 5628; x_wconf 73' lang='lat' dir='ltr'><strong>secundum</strong></span> <span class='ocrx_word' id='word_1_944' title='bbox 1825 5573 1950 5628; x_wconf 89' lang='lat' dir='ltr'><strong>illud</strong></span> <span class='ocrx_word' id='word_1_945' title='bbox 1981 5574 2122 5641; x_wconf 73' lang='lat' dir='ltr'><strong>Apo-</strong></span> 
     </span>
    </p>
   </div>
   <div class='ocr_carea' id='block_1_126' title="bbox 556 5644 2125 5715">
    <p class='ocr_par' dir='ltr' id='par_1_126' title="bbox 556 5644 2125 5715">
     <span class='ocr_line' id='line_1_126' title="bbox 556 5644 2125 5715; baseline 0.001 -19"><span class='ocrx_word' id='word_1_946' title='bbox 556 5648 678 5698; x_wconf 87' lang='lat' dir='ltr'><strong>stoli</strong></span> <span class='ocrx_word' id='word_1_947' title='bbox 712 5647 726 5697; x_wconf 97' lang='lat' dir='ltr'><strong>I</strong></span> <span class='ocrx_word' id='word_1_948' title='bbox 759 5648 824 5699; x_wconf 90' lang='lat' dir='ltr'><strong>ad</strong></span> <span class='ocrx_word' id='word_1_949' title='bbox 850 5649 1095 5700; x_wconf 69' lang='lat' dir='ltr'><strong>Corinth.</strong></span> <span class='ocrx_word' id='word_1_950' title='bbox 1132 5662 1246 5701; x_wconf 72' lang='lat' dir='ltr'><strong>sit:</strong></span> <span class='ocrx_word' id='word_1_951' title='bbox 1284 5647 1344 5699; x_wconf 83' lang='lat' dir='ltr'><strong>Si</strong></span> <span class='ocrx_word' id='word_1_952' title='bbox 1374 5658 1537 5699; x_wconf 88' lang='lat' dir='ltr'><strong>totum</strong></span> <span class='ocrx_word' id='word_1_953' title='bbox 1576 5663 1763 5715; x_wconf 73' lang='lat' dir='ltr'><strong>carpus</strong></span> <span class='ocrx_word' id='word_1_954' title='bbox 1810 5644 2008 5707; x_wconf 79' lang='lat' dir='ltr'><strong>oculos,</strong></span> <span class='ocrx_word' id='word_1_955' title='bbox 2039 5645 2125 5698; x_wconf 89' lang='lat' dir='ltr'><strong>ubi</strong></span> 
     </span>
    </p>
   </div>
   <div class='ocr_carea' id='block_1_127' title="bbox 555 5716 2128 5785">
    <p class='ocr_par' dir='ltr' id='par_1_127' title="bbox 555 5716 2128 5785">
     <span class='ocr_line' id='line_1_127' title="bbox 555 5716 2128 5785; baseline 0.002 -19"><span class='ocrx_word' id='word_1_956' title='bbox 555 5717 808 5770; x_wconf 83' lang='lat' dir='ltr'><strong>auditus?</strong></span> <span class='ocrx_word' id='word_1_957' title='bbox 835 5728 882 5771; x_wconf 89' lang='lat' dir='ltr'><strong>et</strong></span> <span class='ocrx_word' id='word_1_958' title='bbox 910 5718 957 5770; x_wconf 81' lang='lat' dir='ltr'><strong>si</strong></span> <span class='ocrx_word' id='word_1_959' title='bbox 984 5728 1143 5769; x_wconf 88' lang='lat' dir='ltr'><strong>totum</strong></span> <span class='ocrx_word' id='word_1_960' title='bbox 1180 5717 1389 5770; x_wconf 83' lang='lat' dir='ltr'><strong>auditus</strong></span> <span class='ocrx_word' id='word_1_961' title='bbox 1408 5761 1421 5785; x_wconf 93' lang='lat'><strong>,</strong></span> <span class='ocrx_word' id='word_1_962' title='bbox 1454 5719 1536 5770; x_wconf 88' lang='lat' dir='ltr'><strong>ubi</strong></span> <span class='ocrx_word' id='word_1_963' title='bbox 1566 5720 1808 5771; x_wconf 77' lang='lat' dir='ltr'><strong>odoratus</strong></span> <span class='ocrx_word' id='word_1_964' title='bbox 1832 5719 1854 5771; x_wconf 83' lang='lat'><strong><em>?</em></strong></span> <span class='ocrx_word' id='word_1_965' title='bbox 1877 5729 1982 5771; x_wconf 88' lang='lat' dir='ltr'><strong>etc.</strong></span> <span class='ocrx_word' id='word_1_966' title='bbox 2032 5716 2128 5770; x_wconf 84' lang='lat' dir='ltr'><strong>At-</strong></span> 
     </span>
    </p>
   </div>
   <div class='ocr_carea' id='block_1_128' title="bbox 554 5788 2129 5856">
    <p class='ocr_par' dir='ltr' id='par_1_128' title="bbox 554 5788 2129 5856">
     <span class='ocr_line' id='line_1_128' title="bbox 554 5788 2129 5856; baseline 0.001 -15"><span class='ocrx_word' id='word_1_967' title='bbox 554 5788 647 5841; x_wconf 85' lang='lat' dir='ltr'><strong>oui</strong></span> <span class='ocrx_word' id='word_1_968' title='bbox 688 5800 756 5839; x_wconf 80' lang='lat' dir='ltr'><strong>ex</strong></span> <span class='ocrx_word' id='word_1_969' title='bbox 806 5788 904 5842; x_wconf 89' lang='lat' dir='ltr'><strong>hac</strong></span> <span class='ocrx_word' id='word_1_970' title='bbox 953 5796 1104 5849; x_wconf 87' lang='lat' dir='ltr'><strong>parte</strong></span> <span class='ocrx_word' id='word_1_971' title='bbox 1134 5802 1241 5840; x_wconf 89' lang='lat' dir='ltr'><strong>non</strong></span> <span class='ocrx_word' id='word_1_972' title='bbox 1280 5790 1533 5840; x_wconf 87' lang='lat' dir='ltr'><strong>convenit</strong></span> <span class='ocrx_word' id='word_1_973' title='bbox 1580 5790 1844 5856; x_wconf 83' lang='lat' dir='ltr'><strong>religiosis</strong></span> <span class='ocrx_word' id='word_1_974' title='bbox 1877 5789 2129 5843; x_wconf 81' lang='lat' dir='ltr'><strong>laborare</strong></span> 
     </span>
    </p>
   </div>
   <div class='ocr_carea' id='block_1_129' title="bbox 2233 4865 3807 4939">
    <p class='ocr_par' dir='ltr' id='par_1_129' title="bbox 2233 4865 3807 4939">
     <span class='ocr_line' id='line_1_129' title="bbox 2233 4865 3807 4939; baseline -0.004 -18"><span class='ocrx_word' id='word_1_975' title='bbox 2233 4878 2319 4932; x_wconf 90' lang='lat' dir='ltr'><strong>te,</strong></span> <span class='ocrx_word' id='word_1_976' title='bbox 2366 4870 2505 4924; x_wconf 89' lang='lat' dir='ltr'><strong>unde</strong></span> <span class='ocrx_word' id='word_1_977' title='bbox 2537 4870 2892 4939; x_wconf 68' lang='lat' dir='ltr'><strong>praecedentia</strong></span> <span class='ocrx_word' id='word_1_978' title='bbox 2937 4871 3097 4923; x_wconf 88' lang='lat' dir='ltr'><strong>verba</strong></span> <span class='ocrx_word' id='word_1_979' title='bbox 3148 4866 3388 4935; x_wconf 85' lang='lat' dir='ltr'><strong>Apostoli</strong></span> <span class='ocrx_word' id='word_1_980' title='bbox 3419 4865 3505 4939; x_wconf 83' lang='lat' dir='ltr'><strong>hic</strong></span> <span class='ocrx_word' id='word_1_981' title='bbox 3531 4865 3807 4939; x_wconf 55' lang='lat' dir='ltr'><strong>citantur;</strong></span> 
     </span>
    </p>
   </div>
   <div class='ocr_carea' id='block_1_130' title="bbox 2234 4934 3809 5007">
    <p class='ocr_par' dir='ltr' id='par_1_130' title="bbox 2234 4934 3809 5007">
     <span class='ocr_line' id='line_1_130' title="bbox 2234 4934 3809 5007; baseline -0.002 -16"><span class='ocrx_word' id='word_1_982' title='bbox 2234 4942 2335 4992; x_wconf 87' lang='lat' dir='ltr'><strong>nisi</strong></span> <span class='ocrx_word' id='word_1_983' title='bbox 2385 4934 2616 4995; x_wconf 43' lang='lat' dir='ltr'><strong>forte&#39;ad</strong></span> <span class='ocrx_word' id='word_1_984' title='bbox 2654 4940 2778 4993; x_wconf 76' lang='lat' dir='ltr'><strong>illud</strong></span> <span class='ocrx_word' id='word_1_985' title='bbox 2813 4942 3059 5007; x_wconf 78' lang='lat' dir='ltr'><strong>reSpiciat</strong></span> <span class='ocrx_word' id='word_1_986' title='bbox 3101 4934 3241 5005; x_wconf 80' lang='lat' dir='ltr'><strong>quod</strong></span> <span class='ocrx_word' id='word_1_987' title='bbox 3273 4938 3325 4990; x_wconf 90' lang='lat' dir='ltr'><strong>iu</strong></span> <span class='ocrx_word' id='word_1_988' title='bbox 3359 4936 3535 5007; x_wconf 79' lang='lat' dir='ltr'><strong>priore</strong></span> <span class='ocrx_word' id='word_1_989' title='bbox 3563 4934 3809 5007; x_wconf 69' lang='lat' dir='ltr'><strong>Epistula</strong></span> 
     </span>
    </p>
   </div>
   <div class='ocr_carea' id='block_1_131' title="bbox 2234 5004 3812 5082">
    <p class='ocr_par' dir='ltr' id='par_1_131' title="bbox 2234 5004 3812 5082">
     <span class='ocr_line' id='line_1_131' title="bbox 2234 5004 3812 5082; baseline -0.003 -20"><span class='ocrx_word' id='word_1_990' title='bbox 2234 5009 2458 5063; x_wconf 84' lang='lat' dir='ltr'><strong>habetur</strong></span> <span class='ocrx_word' id='word_1_991' title='bbox 2484 5028 2496 5063; x_wconf 92' lang='lat'><strong>:</strong></span> <span class='ocrx_word' id='word_1_992' title='bbox 2530 5008 2784 5082; x_wconf 83' lang='lat' dir='ltr'><strong>Corripitc</strong></span> <span class='ocrx_word' id='word_1_993' title='bbox 2818 5004 3066 5080; x_wconf 81' lang='lat' dir='ltr'><strong>inquietos</strong></span> <span class='ocrx_word' id='word_1_994' title='bbox 3096 5004 3203 5082; x_wconf 29' lang='lat' dir='ltr'><strong>(1LT</strong></span> <span class='ocrx_word' id='word_1_995' title='bbox 3209 5008 3343 5082; x_wconf 80' lang='lat' dir='ltr'><strong>hess.</strong></span> <span class='ocrx_word' id='word_1_996' title='bbox 3364 5004 3462 5082; x_wconf 72' lang='lat' dir='ltr'><strong>ti),</strong></span> <span class='ocrx_word' id='word_1_997' title='bbox 3486 5006 3576 5082; x_wconf 80' lang='lat' dir='ltr'><strong>ubi</strong></span> <span class='ocrx_word' id='word_1_998' title='bbox 3615 5004 3812 5060; x_wconf 71' lang='lat' dir='ltr'><strong>Graece</strong></span> 
     </span>
    </p>
   </div>
   <div class='ocr_carea' id='block_1_132' title="bbox 2231 5076 3810 5146">
    <p class='ocr_par' dir='ltr' id='par_1_132' title="bbox 2231 5076 3810 5146">
     <span class='ocr_line' id='line_1_132' title="bbox 2231 5076 3810 5146; baseline -0.005 -11"><span class='ocrx_word' id='word_1_999' title='bbox 2231 5083 2505 5143; x_wconf 80' lang='grc' dir='ltr'><strong>ἀτάκτους.</strong></span> <span class='ocrx_word' id='word_1_1000' title='bbox 2532 5083 2582 5135; x_wconf 85' lang='lat' dir='ltr'><strong>id</strong></span> <span class='ocrx_word' id='word_1_1001' title='bbox 2613 5076 2718 5145; x_wconf 70' lang='lat' dir='ltr'><strong>esi,</strong></span> <span class='ocrx_word' id='word_1_1002' title='bbox 2745 5076 3113 5136; x_wconf 52' lang='lat' dir='ltr'><strong>inordinatos.</strong></span> <span class='ocrx_word' id='word_1_1003' title='bbox 3130 5080 3237 5135; x_wconf 86' lang='lat' dir='ltr'><strong>Sed</strong></span> <span class='ocrx_word' id='word_1_1004' title='bbox 3263 5094 3384 5132; x_wconf 89' lang='lat' dir='ltr'><strong>cum</strong></span> <span class='ocrx_word' id='word_1_1005' title='bbox 3409 5076 3567 5146; x_wconf 82' lang='lat' dir='ltr'><strong>hujus</strong></span> <span class='ocrx_word' id='word_1_1006' title='bbox 3589 5086 3810 5131; x_wconf 84' lang='lat' dir='ltr'><strong>senten-</strong></span> 
     </span>
    </p>
   </div>
   <div class='ocr_carea' id='block_1_133' title="bbox 2237 5147 3783 5217">
    <p class='ocr_par' dir='ltr' id='par_1_133' title="bbox 2237 5147 3783 5217">
     <span class='ocr_line' id='line_1_133' title="bbox 2237 5147 3783 5217; baseline -0.003 -15"><span class='ocrx_word' id='word_1_1007' title='bbox 2237 5152 2321 5217; x_wconf 68' lang='lat' dir='ltr'><strong>lilP.</strong></span> <span class='ocrx_word' id='word_1_1008' title='bbox 2355 5153 2616 5207; x_wconf 82' lang='lat' dir='ltr'><strong>hactenus</strong></span> <span class='ocrx_word' id='word_1_1009' title='bbox 2662 5168 2766 5206; x_wconf 88' lang='lat' dir='ltr'><strong>nou</strong></span> <span class='ocrx_word' id='word_1_1010' title='bbox 2798 5149 3129 5215; x_wconf 70' lang='lat' dir='ltr'><strong>meminerit,</strong></span> <span class='ocrx_word' id='word_1_1011' title='bbox 3179 5158 3232 5203; x_wconf 86' lang='lat' dir='ltr'><strong>et</strong></span> <span class='ocrx_word' id='word_1_1012' title='bbox 3277 5150 3457 5203; x_wconf 88' lang='lat' dir='ltr'><strong>statim</strong></span> <span class='ocrx_word' id='word_1_1013' title='bbox 3508 5148 3593 5201; x_wconf 88' lang='lat' dir='ltr'><strong>hic</strong></span> <span class='ocrx_word' id='word_1_1014' title='bbox 3640 5147 3783 5213; x_wconf 86' lang='lat' dir='ltr'><strong>subji</strong></span> 
     </span>
    </p>
   </div>
   <div class='ocr_carea' id='block_1_134' title="bbox 2230 5218 3808 5284">
    <p class='ocr_par' dir='ltr' id='par_1_134' title="bbox 2230 5218 3808 5284">
     <span class='ocr_line' id='line_1_134' title="bbox 2230 5218 3808 5284; baseline -0.007 -3"><span class='ocrx_word' id='word_1_1015' title='bbox 2230 5222 2371 5281; x_wconf 74' lang='lat' dir='ltr'><strong>Ciat:</strong></span> <span class='ocrx_word' id='word_1_1016' title='bbox 2409 5221 2475 5275; x_wconf 86' lang='lat' dir='ltr'><strong>Et</strong></span> <span class='ocrx_word' id='word_1_1017' title='bbox 2528 5240 2628 5276; x_wconf 87' lang='lat' dir='ltr'><strong>non</strong></span> <span class='ocrx_word' id='word_1_1018' title='bbox 2670 5225 2948 5277; x_wconf 88' lang='lat' dir='ltr'><strong>secundum</strong></span> <span class='ocrx_word' id='word_1_1019' title='bbox 2988 5222 3308 5274; x_wconf 84' lang='lat' dir='ltr'><strong>traditionem</strong></span> <span class='ocrx_word' id='word_1_1020' title='bbox 3344 5218 3633 5284; x_wconf 86' lang='lat' dir='ltr'><strong>ambulare,</strong></span> <span class='ocrx_word' id='word_1_1021' title='bbox 3663 5225 3808 5282; x_wconf 86' lang='lat' dir='ltr'><strong>etc.,</strong></span> 
     </span>
    </p>
   </div>
   <div class='ocr_carea' id='block_1_135' title="bbox 2230 5288 3815 5359">
    <p class='ocr_par' dir='ltr' id='par_1_135' title="bbox 2230 5288 3815 5359">
     <span class='ocr_line' id='line_1_135' title="bbox 2230 5288 3815 5359; baseline -0.002 -14"><span class='ocrx_word' id='word_1_1022' title='bbox 2230 5294 2438 5347; x_wconf 86' lang='lat' dir='ltr'><strong>videtur</strong></span> <span class='ocrx_word' id='word_1_1023' title='bbox 2487 5296 2711 5347; x_wconf 89' lang='lat' dir='ltr'><strong>omnino</strong></span> <span class='ocrx_word' id='word_1_1024' title='bbox 2745 5296 2880 5345; x_wconf 84' lang='lat' dir='ltr'><strong>hanc</strong></span> <span class='ocrx_word' id='word_1_1025' title='bbox 2925 5292 3234 5359; x_wconf 85' lang='lat' dir='ltr'><strong>posterioris</strong></span> <span class='ocrx_word' id='word_1_1026' title='bbox 3279 5288 3539 5359; x_wconf 71' lang='lat' dir='ltr'><strong>Epistolte</strong></span> <span class='ocrx_word' id='word_1_1027' title='bbox 3558 5296 3815 5359; x_wconf 84' lang='lat' dir='ltr'><strong>spectare</strong></span> 
     </span>
    </p>
   </div>
   <div class='ocr_carea' id='block_1_136' title="bbox 2229 5358 3816 5433">
    <p class='ocr_par' dir='ltr' id='par_1_136' title="bbox 2229 5358 3816 5433">
     <span class='ocr_line' id='line_1_136' title="bbox 2229 5358 3816 5433; baseline -0.003 -17"><span class='ocrx_word' id='word_1_1028' title='bbox 2229 5366 2549 5419; x_wconf 75' lang='lat' dir='ltr'><strong>sententiain</strong></span> <span class='ocrx_word' id='word_1_1029' title='bbox 2575 5406 2589 5430; x_wconf 93' lang='lat'><strong>,</strong></span> <span class='ocrx_word' id='word_1_1030' title='bbox 2638 5380 2794 5433; x_wconf 89' lang='lat' dir='ltr'><strong>quam</strong></span> <span class='ocrx_word' id='word_1_1031' title='bbox 2822 5373 2876 5416; x_wconf 88' lang='lat' dir='ltr'><strong>et</strong></span> <span class='ocrx_word' id='word_1_1032' title='bbox 2903 5358 3151 5433; x_wconf 74' lang='lat' dir='ltr'><strong>superius</strong></span> <span class='ocrx_word' id='word_1_1033' title='bbox 3180 5363 3443 5433; x_wconf 65' lang='lat' dir='ltr'><strong>citaverat</strong></span> <span class='ocrx_word' id='word_1_1034' title='bbox 3467 5378 3480 5413; x_wconf 87' lang='lat'><strong>:</strong></span> <span class='ocrx_word' id='word_1_1035' title='bbox 3516 5358 3816 5433; x_wconf 70' lang='lat' dir='ltr'><strong>Qenuntia-</strong></span> 
     </span>
    </p>
   </div>
   <div class='ocr_carea' id='block_1_137' title="bbox 2229 5428 3816 5491">
    <p class='ocr_par' dir='ltr' id='par_1_137' title="bbox 2229 5428 3816 5491">
     <span class='ocr_line' id='line_1_137' title="bbox 2229 5428 3816 5491; baseline -0.004 -4"><span class='ocrx_word' id='word_1_1036' title='bbox 2229 5452 2339 5487; x_wconf 89' lang='lat' dir='ltr'><strong>mus</strong></span> <span class='ocrx_word' id='word_1_1037' title='bbox 2385 5436 2525 5487; x_wconf 83' lang='lat' dir='ltr'><strong>vobis</strong></span> <span class='ocrx_word' id='word_1_1038' title='bbox 2573 5428 2626 5487; x_wconf 86' lang='lat' dir='ltr'><strong>in</strong></span> <span class='ocrx_word' id='word_1_1039' title='bbox 2657 5428 2872 5488; x_wconf 69' lang='lat' dir='ltr'><strong>nomine</strong></span> <span class='ocrx_word' id='word_1_1040' title='bbox 2912 5428 3122 5487; x_wconf 82' lang='lat' dir='ltr'><strong>Domini</strong></span> <span class='ocrx_word' id='word_1_1041' title='bbox 3162 5434 3325 5487; x_wconf 87' lang='lat' dir='ltr'><strong>nostri</strong></span> <span class='ocrx_word' id='word_1_1042' title='bbox 3356 5428 3485 5485; x_wconf 75' lang='lat' dir='ltr'><strong>Iesu</strong></span> <span class='ocrx_word' id='word_1_1043' title='bbox 3515 5428 3729 5491; x_wconf 78' lang='lat' dir='ltr'><strong>Christi,</strong></span> <span class='ocrx_word' id='word_1_1044' title='bbox 3756 5440 3816 5481; x_wconf 77' lang='lat' dir='ltr'><strong>ut</strong></span> 
     </span>
    </p>
   </div>
   <div class='ocr_carea' id='block_1_138' title="bbox 2226 5500 3818 5573">
    <p class='ocr_par' dir='ltr' id='par_1_138' title="bbox 2226 5500 3818 5573">
     <span class='ocr_line' id='line_1_138' title="bbox 2226 5500 3818 5573; baseline -0.002 -16"><span class='ocrx_word' id='word_1_1045' title='bbox 2226 5506 2535 5559; x_wconf 85' lang='lat' dir='ltr'><strong>subtrahatis</strong></span> <span class='ocrx_word' id='word_1_1046' title='bbox 2563 5522 2649 5559; x_wconf 89' lang='lat' dir='ltr'><strong>vos</strong></span> <span class='ocrx_word' id='word_1_1047' title='bbox 2680 5506 2743 5557; x_wconf 90' lang='lat' dir='ltr'><strong>ab</strong></span> <span class='ocrx_word' id='word_1_1048' title='bbox 2772 5505 2907 5557; x_wconf 88' lang='lat' dir='ltr'><strong>omni</strong></span> <span class='ocrx_word' id='word_1_1049' title='bbox 2935 5505 3094 5573; x_wconf 79' lang='lat' dir='ltr'><strong>fratre</strong></span> <span class='ocrx_word' id='word_1_1050' title='bbox 3127 5502 3424 5558; x_wconf 86' lang='lat' dir='ltr'><strong>ambulante</strong></span> <span class='ocrx_word' id='word_1_1051' title='bbox 3444 5504 3695 5563; x_wconf 79' lang='grc' dir='ltr'><strong>ἀτάκτως.</strong></span> <span class='ocrx_word' id='word_1_1052' title='bbox 3729 5500 3818 5554; x_wconf 80' lang='lat' dir='ltr'><strong>in-</strong></span> 
     </span>
    </p>
   </div>
   <div class='ocr_carea' id='block_1_139' title="bbox 2228 5576 3819 5642">
    <p class='ocr_par' dir='ltr' id='par_1_139' title="bbox 2228 5576 3819 5642">
     <span class='ocr_line' id='line_1_139' title="bbox 2228 5576 3819 5642; baseline -0.004 -13"><span class='ocrx_word' id='word_1_1053' title='bbox 2228 5578 2481 5639; x_wconf 89' lang='lat' dir='ltr'><strong>ordinate,</strong></span> <span class='ocrx_word' id='word_1_1054' title='bbox 2511 5588 2555 5630; x_wconf 90' lang='lat' dir='ltr'><strong>et</strong></span> <span class='ocrx_word' id='word_1_1055' title='bbox 2587 5594 2689 5628; x_wconf 89' lang='lat' dir='ltr'><strong>non</strong></span> <span class='ocrx_word' id='word_1_1056' title='bbox 2710 5579 2985 5642; x_wconf 85' lang='lat' dir='ltr'><strong>secundum</strong></span> <span class='ocrx_word' id='word_1_1057' title='bbox 3018 5576 3383 5638; x_wconf 86' lang='lat' dir='ltr'><strong>traditionem,</strong></span> <span class='ocrx_word' id='word_1_1058' title='bbox 3420 5590 3573 5642; x_wconf 87' lang='lat' dir='ltr'><strong>quam</strong></span> <span class='ocrx_word' id='word_1_1059' title='bbox 3598 5586 3819 5635; x_wconf 84' lang='lat' dir='ltr'><strong>accepe-</strong></span> 
     </span>
    </p>
   </div>
   <div class='ocr_carea' id='block_1_140' title="bbox 2232 5641 3816 5717">
    <p class='ocr_par' dir='ltr' id='par_1_140' title="bbox 2232 5641 3816 5717">
     <span class='ocr_line' id='line_1_140' title="bbox 2232 5641 3816 5717; baseline -0.002 -17"><span class='ocrx_word' id='word_1_1060' title='bbox 2232 5658 2351 5700; x_wconf 86' lang='lat' dir='ltr'><strong>runt</strong></span> <span class='ocrx_word' id='word_1_1061' title='bbox 2395 5665 2423 5699; x_wconf 92' lang='lat' dir='ltr'><strong>a</strong></span> <span class='ocrx_word' id='word_1_1062' title='bbox 2462 5649 2601 5701; x_wconf 85' lang='lat' dir='ltr'><strong>nobis</strong></span> <span class='ocrx_word' id='word_1_1063' title='bbox 2631 5648 2695 5717; x_wconf 80' lang='lat' dir='ltr'><strong>(Il</strong></span> <span class='ocrx_word' id='word_1_1064' title='bbox 2729 5641 2907 5699; x_wconf 80' lang='lat' dir='ltr'><strong>Thess.</strong></span> <span class='ocrx_word' id='word_1_1065' title='bbox 2953 5649 3036 5714; x_wconf 90' lang='lat' dir='ltr'><strong>Il).</strong></span> <span class='ocrx_word' id='word_1_1066' title='bbox 3089 5645 3256 5700; x_wconf 86' lang='lat' dir='ltr'><strong>Porro</strong></span> <span class='ocrx_word' id='word_1_1067' title='bbox 3302 5641 3535 5701; x_wconf 64' lang='grc' dir='ltr'><strong>ἁτάκὲηιν</strong></span> <span class='ocrx_word' id='word_1_1068' title='bbox 3582 5646 3816 5697; x_wconf 77' lang='lat' dir='ltr'><strong>verbum</strong></span> 
     </span>
    </p>
   </div>
   <div class='ocr_carea' id='block_1_141' title="bbox 2234 5717 3817 5786">
    <p class='ocr_par' dir='ltr' id='par_1_141' title="bbox 2234 5717 3817 5786">
     <span class='ocr_line' id='line_1_141' title="bbox 2234 5717 3817 5786; baseline -0.003 -14"><span class='ocrx_word' id='word_1_1069' title='bbox 2234 5719 2468 5772; x_wconf 88' lang='lat' dir='ltr'><strong>militare</strong></span> <span class='ocrx_word' id='word_1_1070' title='bbox 2498 5729 2599 5785; x_wconf 84' lang='lat' dir='ltr'><strong>est,</strong></span> <span class='ocrx_word' id='word_1_1071' title='bbox 2631 5719 3006 5786; x_wconf 72' lang='lat' dir='ltr'><strong>signiﬁcatque</strong></span> <span class='ocrx_word' id='word_1_1072' title='bbox 3032 5734 3089 5771; x_wconf 90' lang='lat' dir='ltr'><strong>se</strong></span> <span class='ocrx_word' id='word_1_1073' title='bbox 3117 5726 3269 5770; x_wconf 80' lang='lat' dir='ltr'><strong>extra</strong></span> <span class='ocrx_word' id='word_1_1074' title='bbox 3300 5717 3548 5770; x_wconf 86' lang='lat' dir='ltr'><strong>ordinem</strong></span> <span class='ocrx_word' id='word_1_1075' title='bbox 3581 5726 3817 5786; x_wconf 78' lang='lat' dir='ltr'><strong>ponere,</strong></span> 
     </span>
    </p>
   </div>
   <div class='ocr_carea' id='block_1_142' title="bbox 2233 5783 3817 5857">
    <p class='ocr_par' dir='ltr' id='par_1_142' title="bbox 2233 5783 3817 5857">
     <span class='ocr_line' id='line_1_142' title="bbox 2233 5783 3817 5857; baseline -0.003 -14"><span class='ocrx_word' id='word_1_1076' title='bbox 2233 5804 2300 5845; x_wconf 89' lang='lat' dir='ltr'><strong>ac</strong></span> <span class='ocrx_word' id='word_1_1077' title='bbox 2343 5789 2410 5845; x_wconf 84' lang='lat' dir='ltr'><strong>de</strong></span> <span class='ocrx_word' id='word_1_1078' title='bbox 2436 5783 2610 5845; x_wconf 81' lang='lat' dir='ltr'><strong>classe</strong></span> <span class='ocrx_word' id='word_1_1079' title='bbox 2641 5783 2977 5851; x_wconf 75' lang='lat' dir='ltr'><strong>subducere;</strong></span> <span class='ocrx_word' id='word_1_1080' title='bbox 3028 5788 3299 5857; x_wconf 86' lang='lat' dir='ltr'><strong>quomodo</strong></span> <span class='ocrx_word' id='word_1_1081' title='bbox 3336 5788 3547 5845; x_wconf 75' lang='grc' dir='ltr'><strong>ἁτάκτοι</strong></span> <span class='ocrx_word' id='word_1_1082' title='bbox 3567 5783 3592 5853; x_wconf 31' lang='grc' dir='ltr'><strong>,ί</strong></span> <span class='ocrx_word' id='word_1_1083' title='bbox 3620 5783 3673 5839; x_wconf 88' lang='lat' dir='ltr'><strong>id</strong></span> <span class='ocrx_word' id='word_1_1084' title='bbox 3700 5795 3817 5851; x_wconf 84' lang='lat' dir='ltr'><strong>est,</strong></span> 
     </span>
    </p>
   </div>
  </div>
