4014 6200
274 324 384 382 ssi
466 298 471 301 Α

911 330 999 386 DE
1037 328 1511 387 C(ENOBIORUM
1550 324 1799 387 INSTIT.
1842 325 1970 385 LIB.
2013 326 2077 383 Χ.
2110 356 2180 368 -
2214 327 2300 383 DE
2336 325 2606 386 SPlRlTU
2644 326 2941 386 ACEDIE.

3450 327 3562 390 εει

278 444 555 515 appellat,
583 460 684 503 nec
705 446 997 503 secundum
1031 446 1374 502 traditionem
1402 445 1684 501 ambulare
1703 422 1868 514 quam
1899 450 1947 509 Α
1973 443 2311 509 vulneribus,
2346 444 2440 499 sed
2487 446 2650 500 etiam
2700 446 2869 513 sanis,
2914 445 3109 516 quibus
3150 459 3339 502 eorum
3390 448 3563 517 possit

282 549 622 601 acceperant
650 538 720 592 ab
747 554 841 603 eo;
869 538 1146 603 inquietos
1176 538 1337 593 etiam
1364 552 1486 592 esse
1512 538 1788 605 definivit,
1819 544 1877 592 et

284 632 459 700 gratis
489 644 684 700 panem
726 632 1068 686 manducare.
1125 632 1357 686 Rursum
1393 631 1515 685 hic:
1545 632 1873 697 Audiuimus,

290 724 488 793 inquit,
520 725 769 793 quasdam
797 726 923 779 inter
943 740 1032 778 vos
1059 723 1335 778 ambulare
1354 725 1572 793 inquiete
1601 723 1667 795 (ll
1692 723 1871 777 Thess.

302 815 404 884 su).
448 817 512 869 Et
556 816 833 885 subjungit
877 817 1056 871 statim
1088 818 1387 871 secundum
1420 818 1752 886 languorem,
1780 816 1875 886 qui

295 906 688 976 inquietudinis
713 908 873 977 hujus
897 919 983 965 est
1014 909 1207 962 radix:
1265 905 1457 973 Nihil,
1494 909 1707 977 inquit,
1748 923 1872 974 ope-

289 1012 464 1055 rantes
492 1041 510 1068 ,
554 1003 776 1057 tertium
805 1019 1023 1073 quoque
1050 1003 1299 1057 morbum
1326 1044 1339 1064 ,
1386 1001 1476 1072 qui
1504 1017 1571 1056 ex
1606 1002 1708 1056 isto
1731 1000 1883 1057 velut

286 1094 504 1163 quidam
528 1094 869 1151 ramusculus
900 1097 1073 1148 oritur
1097 1112 1110 1147 :
1143 1097 1233 1147 sed
1254 1096 1457 1149 curiose
1486 1103 1713 1165 agentes.

867 1188 1095 1243 CAPUT
1134 1186 1275 1243 XIV.

590 1278 741 1344 Quod
777 1280 947 1333 multa
975 1281 1101 1334 uitia
1125 1288 1353 1348 amputet
1383 1278 1575 1333 oratio.

362 1374 548 1444 Itaque
588 1373 760 1428 foiniti
806 1374 1061 1428 vitiorum
1107 1380 1378 1426 tantorum
1409 1384 1708 1440 congruam
1736 1382 1878 1423 nunc

290 1468 729 1523 emendationem
778 1468 1032 1522 conferre
1078 1466 1318 1532 festinat,
1345 1472 1404 1520 et
1429 1465 1522 1519 illa
1553 1462 1874 1533 apostolica,

288 1576 395 1630 qua
428 1575 561 1615 usus
585 1559 761 1614 fuerat
785 1559 949 1629 paulo
975 1568 1102 1614 ante
1128 1599 1143 1624 ,
1175 1557 1419 1628 deposita
1453 1565 1747 1625 potestate,
1776 1555 1878 1610 ite-

285 1669 408 1709 rum
448 1652 516 1706 ad
547 1655 757 1706 viscera
797 1652 871 1721 pii
918 1650 1089 1721 patris
1127 1650 1214 1705 vel
1261 1647 1541 1706 clementis
1580 1646 1876 1702 revertitur

284 1747 524 1811 medici,
557 1754 611 1801 et
655 1747 803 1801 velut
834 1746 961 1800 ﬁliis
989 1745 1363 1816 susceptisque
1391 1745 1501 1800 suis
1532 1745 1761 1799 consilio
1789 1758 1877 1798 sa-

1978 546 2238 607 perpetua
2290 538 2523 606 sospitas
2576 538 2858 603 custodiri,
2912 538 3170 594 similiter
3211 541 3562 608 congruentia

1983 639 2249 699 prmcepta
2275 632 2644 693 commendat.
2672 632 2883 697 dicens,
2924 632 3026 687 Vos
3054 618 3227 688 autem
3249 635 3408 688 nolite
3433 632 3564 704 deﬁ-

1975 739 2089 775 cere
2109 721 2479 783 benefacientes
2508 723 2576 794 (ll
2612 723 2792 779 Thess.
2826 726 2927 794 ut),
2958 726 3048 792 qui
3076 740 3197 786 nos.
3234 725 3289 780 id
3314 734 3419 791 est,
3444 726 3560 779 vias

1978 825 2219 880 nostras,
2246 826 2543 881 sectantes,
2568 817 2817 885 exempla
2840 818 2993 872 vobis
3024 818 3216 873 tradita
3241 820 3421 887 operis
3442 817 3567 872 imi-

1980 909 2183 964 tatione
2224 910 2531 981 completis,
2582 926 2645 965 ac
2690 925 3028 980 nequaquam
3071 925 3258 965 eorum
3297 910 3560 965 desidiam

1976 1000 2338 1072 inertiamque
2385 1001 2689 1056 sectamini.
2711 1000 2739 1040 δ
2764 1001 2944 1057 Nolite
2981 1002 3201 1069 deﬁcere
3234 1002 3562 1073 benefacien-

1976 1100 2074 1159 tes,
2107 1092 2161 1148 id
2192 1104 2295 1157 est,
2343 1093 2733 1149 humanitatem
2769 1106 3002 1149 vestram
3033 1107 3158 1163 erga
3188 1107 3304 1159 eos,
3336 1092 3381 1147 si
3424 1091 3562 1149 forte

1977 1184 2316 1255 neglexerint
2357 1186 2650 1242 observare
2688 1202 2809 1256 qua:
2849 1185 3112 1251 diximus,
3158 1186 3408 1240 similiter
3455 1185 3559 1240 im-

1978 1277 2195 1346 pertire.
2233 1276 2304 1331 Ut
2332 1276 2616 1346 castigavit
2642 1292 2775 1347 ergo
2818 1292 2913 1332 eos
2942 1275 3033 1347 qui
3062 1287 3219 1331 erant
3246 1277 3467 1341 inﬁrmi,
3493 1292 3560 1332 ue

1977 1369 2092 1422 otio
2119 1365 2370 1421 dissoluti
2411 1367 2770 1435 inquietudini
2797 1376 2851 1422 et
2876 1367 3178 1422 curiositati
3210 1381 3431 1437 operam
3460 1367 3559 1422 da-

1976 1471 2133 1527 rent;
2162 1464 2233 1515 ita
2264 1462 2362 1516 hos
2383 1461 2476 1531 qui
2513 1462 2629 1516 sani
2659 1472 2784 1517 sunt
2816 1470 3136 1532 praemonet,
3170 1472 3225 1515 ut
3258 1462 3563 1516 humanita-

1976 1564 2106 1621 tem,
2147 1569 2309 1621 quam
2343 1552 2498 1608 bonis
2540 1567 2605 1607 ac
2655 1554 2811 1609 malis
2849 1554 3130 1621 impertire
3173 1553 3384 1608 Domini
3423 1568 3561 1624 prat-

1975 1656 2135 1714 cepto
2182 1645 2453 1715 jubemur,
2505 1646 2551 1700 si
2600 1644 2744 1701 forte
2792 1645 3012 1716 quidam
3068 1648 3219 1715 pravi
3258 1645 3324 1700 ad
3371 1660 3562 1702 sanam

1976 1741 2278 1796 doctrinam
2307 1741 2552 1796 converti
2596 1740 2908 1806 noluerint,
2941 1755 3045 1796 non
3076 1738 3397 1795 abscindant
3440 1739 3560 1813 [ab-

284 1838 435 1894 Iubri
486 1838 655 1893 infert
682 1838 923 1893 remedia
970 1838 1236 1905 sanitatis,
1267 1838 1493 1893 dicens:
1546 1836 1648 1890 His
1674 1846 1870 1901 autem,
1901 1837 1947 1897 B
1976 1832 2263 1903 scondant]
2291 1833 2359 1886 ab
2387 1832 2504 1897 eis;
2538 1832 2634 1887 sed
2665 1831 2993 1887 benefacere
3021 1840 3074 1884 et
3097 1829 3284 1886 fovere
3311 1845 3406 1885 eos
3450 1838 3560 1885 tam

284 1932 385 2001 qui
408 1932 665 2002 ejusmodi
694 1940 833 1993 sunt.
859 1932 1223 1985 denuntiamus
1249 1941 1296 1984 et
1328 1930 1660 1985 obsecramus
1683 1932 1739 1985 in
1764 1929 1870 1983 Do-

281 2024 433 2077 mino
456 2020 620 2091 Iesu,
657 2033 681 2061 ³
708 2033 764 2077 ut
800 2039 916 2078 cum
942 2024 1149 2079 silentio
1178 2024 1449 2093 operantes
1490 2040 1680 2094 panem
1719 2040 1873 2078 suum

278 2116 623 2170 manducent.
654 2115 859 2170 Causas
897 2124 1172 2171 tantorum
1219 2114 1464 2170 ulcerum
1520 2129 1641 2185 qua:
1680 2113 1749 2168 de
1788 2129 1876 2168 ra-

278 2208 409 2264 dice
456 2208 752 2263 otiositatis
797 2216 1083 2278 emergunt
1129 2223 1235 2262 uno
1281 2206 1617 2277 operationis
1645 2206 1873 2265 salutari

281 2307 563 2370 praecepto
590 2302 836 2366 curavit,
878 2309 937 2355 ut
968 2299 1332 2366 peritissimus
1358 2300 1737 2365 medicorum;
1769 2314 1873 2355 ca:-

286 2403 437 2447 teras
460 2409 673 2463 quoque
706 2392 1048 2449 valetudines
1084 2393 1257 2448 malas
1294 2392 1486 2448 eodem
1514 2395 1722 2462 cespite
1752 2393 1869 2463 pul-

285 2484 526 2539 lniantes
549 2486 727 2541 sciens
750 2488 996 2555 protinus
1017 2485 1463 2556 exstinguendas,
1490 2485 1701 2556 origine
1727 2501 1868 2541 tuor-

277 2579 343 2634 bi
378 2578 687 2649 principalis
714 2589 987 2650 exempta.

918 2670 1145 2729 CAPUT
1190 2670 1305 2727 XV.

275 2757 365 2817 De
376 2761 688 2816 humanitate
695 2762 852 2817 etiam
862 2764 1043 2818 otiosis
1056 2772 1104 2817 et
1116 2762 1488 2835 negligentibus
1501 2764 1569 2817 im
1575 2763 1866 2832 partienda.

358 2855 716 2911 Nihilominus
757 2864 935 2911 tamen
968 2866 1025 2911 ut
1065 2855 1573 2926 perSpicacissimus
1602 2871 1665 2912 ac
1694 2857 1875 2926 provi-

276 2949 387 3006 dus
421 2948 684 3017 medicus,
713 2964 819 3006 non
851 2950 1029 3005 solum
1066 2947 1454 3004 infirmantium
1488 2951 1639 3019 cupit
1667 2948 1875 3003 mederi

1978 1926 2369 1982 consolationis
2398 1933 2454 1981 et
2481 1927 2845 1995 correptionis
2888 1938 3161 1990 sermone,
3190 1938 3355 1995 quam
3397 1924 3564 1980 bene-

1980 2020 2115 2075 ﬁciis
2143 2018 2319 2075 solitis
2343 2027 2398 2075 et
2420 2017 2759 2073 humanitate
2788 2032 2893 2072 non
2922 2016 3193 2072 desinant.

2569 2131 2800 2188 CAPUT
2846 2130 2989 2187 XVI.

1979 2227 2131 2296 Quod
2152 2242 2253 2283 non
2277 2226 2407 2291 odii,
2430 2226 2517 2281 sed
2539 2225 2833 2279 dilectionis
2853 2240 3016 2278 causa
3040 2238 3127 2277 eos
3151 2223 3237 2292 qui
3258 2221 3563 2292 delinquunt

2498 2300 2755 2379 corripere
2781 2295 3039 2350 debemus.

2045 2391 2273 2445 Rursum
2322 2400 2505 2444 tamen
2555 2403 2625 2444 ne
2675 2386 2813 2442 forte
2861 2385 2962 2440 hac
3008 2383 3231 2440 lenitate
3283 2382 3563 2455 provocati

1971 2484 2187 2556 quidam
2234 2484 2518 2552 praeceptis
2561 2482 2678 2551 ejus
2721 2480 2945 2536 obedire
2986 2486 3354 2543 contemnant,
3390 2477 3563 2532 inter-

1972 2579 2164 2634 miscet
2206 2578 2559 2642 apostolicam
2601 2575 2944 2630 severitatem
2979 2590 2993 2626 :
3044 2570 3195 2637 Quod
3234 2572 3277 2624 si
3302 2572 3417 2641 quis
3457 2587 3564 2625 non

1972 2670 2142 2727 obedit
2173 2670 2321 2725 verba
2351 2679 2551 2735 nostro,
2573 2686 2666 2740 per
2686 2668 2957 2737 epistolam
2980 2666 3115 2718 hunc
3140 2675 3338 2728 notate,
3362 2673 3408 2718 et
3426 2673 3447 2702 ο
3470 2680 3563 2717 no-

1976 2764 2063 2820 lite
2092 2762 2407 2818 commisceri
2433 2778 2549 2816 cum
2576 2761 2688 2826 illo,
2713 2769 2771 2813 ut
2791 2758 3143 2829 confundatur
3166 2756 3229 2829 (ll
3251 2756 3430 2811 Thess.
3454 2757 3561 2827 stt).

1980 2857 2316 2926 Moriensque
2359 2869 2454 2910 eos
2485 2870 2581 2924 pro
2612 2853 2914 2908 reverentia
2939 2850 3022 2905 sui
3053 2860 3107 2905 et
3141 2851 3376 2905 utilitate
3415 2863 3563 2903 com-

1982 2950 2130 3003 muni
2162 2948 2288 3018 quid
2314 2955 2562 3017 oporteat
2586 2944 2889 3010 observari,
2917 2958 3129 3015 quaque
3153 2945 3405 2998 cautione
3428 2957 3561 3012 apo-

1345 3081 1598 3138 ALARDI
1636 3082 1873 3139 GAZAEI
1912 3081 2485 3140 COMMENTARIUS.

274 3194 570 3272 inordinati
591 3196 956 3272 Adicuntur,__et
982 3194 1285 3272 inordinate
1310 3196 1613 3272 ambulare,
1649 3200 1751 3272 qui
1774 3198 1860 3254 in-
1889 3199 1935 3263 C
1966 3200 2292 3255 nicationem
2336 3215 2442 3255 non
2480 3199 2770 3269 signiﬁcari
2806 3199 2932 3254 inde
2957 3199 3251 3272 colligitur,
3285 3200 3429 3272 quod
3455 3216 3554 3258 eos

279 3279 368 3323 tra
410 3268 791 3323 ecclesiasticae
820 3268 1023 3321 militiae
1073 3267 1155 3322 vel
1204 3268 1518 3323 monasticae
1561 3268 1863 3339 disciplina:

275 3339 525 3394 ordinem
555 3355 617 3394 se
645 3342 928 3393 continere
958 3346 1263 3403 nequeunt,
1309 3340 1544 3393 claustro
1571 3354 1629 3394 se
1658 3343 1864 3397 subdu-

273 3419 430 3483 cunt,
459 3424 558 3465 nec
582 3410 967 3483 communibus
989 3410 1147 3483 subdi
1167 3409 1380 3477 legibus
1402 3410 1694 3477 sustinent,
1714 3414 1862 3483 quod

275 3482 333 3536 in
365 3483 561 3536 castris
583 3484 796 3538 ἆτάκτοι
826 3480 1024 3535 milites
1052 3480 1272 3535 faciunt.

354 3560 381 3589 ιι
420 3553 615 3607 Paucis
670 3552 849 3607 verbis
899 3553 1192 3621 Apostolus
1238 3551 1346 3607 duo
1392 3557 1524 3612 vitia
1577 3557 1695 3612 fere
1735 3571 1868 3612 con-

275 3624 488 3694 juncta,
521 3638 820 3691 eorumque
858 3625 1117 3688 antidota,
1154 3624 1223 3678 de
1268 3628 1464 3692 quibus
1504 3644 1689 3697 supra,
1720 3642 1861 3683 com-

278 3698 477 3765 plexus
514 3703 621 3756 est,
654 3696 888 3763 quietem
925 3709 1206 3761 opponens
1236 3696 1646 3765 curiositati,'ret
1675 3713 1867 3766 opera-

276 3768 485 3821 tionem
524 3767 658 3819 otio.
685 3766 955 3837 Operatur
982 3766 1124 3820 enim
1156 3780 1277 3819 cum
1313 3769 1555 3831 silentio,
1588 3768 1641 3823 id
1673 3778 1778 3837 est,
1812 3770 1864 3823 in

279 3838 504 3892 silentio
545 3844 602 3891 et
626 3838 831 3907 quiete,
869 3836 961 3904 qui
1003 3837 1299 3890 alienarum
1346 3853 1528 3893 rerum
1563 3836 1866 3895 incuriasus

278 3921 382 3962 suo
409 3909 562 3973 operi
598 3915 680 3961 vel
712 3908 925 3962 muneri
947 3907 1241 3974 diligenter
1268 3908 1550 3966 incumbit.

351 3978 381 4017 δ
422 3979 514 4034 Sic
548 3979 615 4033 ad
653 3978 871 4034 Galatas
896 3992 989 4031 vt:
1022 3975 1228 4051 Bonum
1271 3987 1439 4032 autem
1472 3981 1719 4051 facientes
1762 3998 1867 4036 non

278 4049 617 4118 deﬁciamus;
671 4060 899 4120 tempore
945 4050 1081 4101 enim
1128 4064 1222 4101 suo
1275 4049 1520 4105 metemus
1571 4068 1675 4105 non
1731 4052 1862 4122 deﬁ-

277 4123 490 4174 cientes.

356 4203 377 4228 ε’
420 4190 597 4245 Verba
632 4198 811 4244 textus
860 4207 876 4245 :
909 4189 993 4244 Ne
1038 4192 1471 4246 commisceamini
1515 4210 1631 4246 cum
1668 4194 1781 4260 illo,
1808 4205 1865 4250 ut

278 4261 839 4331 confundaturtildem
892 4261 1012 4315 aliis
1063 4262 1245 4317 verbis
1290 4264 1452 4331 paulo
1490 4274 1616 4320 ante
1651 4266 1866 4321 dixerat

278 4330 576 4399 Apostolus
603 4349 618 4386 :
651 4330 720 4386 Ut
748 4333 1056 4405 subtrahatis
1085 4347 1174 4405 ros
1203 4335 1266 4386 ab
1294 4330 1449 4389 omni
1475 4340 1637 4405 fratre
1663 4338 1866 4390 inordi—

281 4416 408 4455 nate
430 4406 756 4467 ambulante;
787 4404 885 4455 huc,
913 4416 1017 4461 est.
1046 4404 1165 4473 ejus
1190 4404 1518 4473 colloquium
1549 4416 1605 4461 et
1640 4422 1866 4462 consor-

281 4475 414 4546 tium
456 4473 659 4546 vitetis,
694 4484 750 4525 ut
786 4473 999 4546 pudore
1027 4474 1596 4546 suﬂ'ususresipiscat,
1627 4493 1748 4532 cum
1780 4478 1865 4533 vi-

277 4544 420 4599 derit
460 4559 519 4599 se
556 4545 626 4597 ab
662 4546 912 4598 omnibus
954 4544 1130 4598 vitari.
1163 4547 1226 4598 Et
1264 4545 1286 4600 l
1324 4544 1752 4603 ad'Corinthios
1782 4564 1815 4600 v
1846 4568 1859 4602 :

280 4614 340 4671 Si
369 4618 433 4680 is,
458 4615 549 4686 qui
578 4618 738 4681 frater
760 4626 1068 4670 nominatur.
1096 4627 1169 4669 est
1194 4616 1500 4686 fornicator,
1530 4628 1625 4671 aut
1652 4634 1861 4685 avarus,
1890 4587 1944 4647 Ι)

276 4698 366 4739 aut
398 4685 701 4751 maledicus,
731 4694 821 4738 aut
851 4685 1105 4759 ebriosus,
1133 4685 1266 4751 etc.,
1295 4705 1411 4740 cum
1441 4688 1747 4759 hujusmodi
1772 4706 1864 4743 nec

276 4760 443 4811 cibum
486 4772 703 4810 sumere.
753 4759 1018 4821 Quaerunt
1058 4758 1384 4823 interpretes
1412 4774 1479 4813 an
1508 4758 1634 4813 illis
1682 4760 1864 4816 verbis

275 4830 614 4896 significetur
634 4828 1161 4882 exertntmunii-atio?
1185 4831 1284 4882 hoc
1307 4838 1410 4890 est,
1437 4846 1503 4883 an
1530 4843 1626 4884 eos
1648 4844 1864 4884 excom-

278 4898 547 4953 ntunicari
577 4898 799 4951 voluerit
836 4898 1147 4964 Apostolus,
1181 4914 1317 4967 quos
1348 4917 1373 4950 a
1406 4898 1660 4955 fidelibus
1704 4900 1861 4957 vitari

279 4969 559 5038 praecipit?
606 4967 702 5023 Ubi
743 4967 809 5022 de
855 4982 979 5022 vera
1026 4978 1080 5022 et
1120 4971 1377 5025 canonica
1419 4972 1860 5026 excommunica-

277 5043 444 5103 tione,
475 5041 591 5093 sive
616 5055 843 5093 censura
874 5038 1259 5113 ecclesiastica,
1290 5046 1571 5113 quaeritur
1607 5057 1728 5113 qua:
1774 5054 1859 5096 est

278 5113 528 5180 praecisio
569 5125 597 5160 a
638 5125 870 5179 corpore
904 5110 1127 5173 Christi,
1160 5111 1303 5178 quod
1331 5123 1412 5164 est
1447 5110 1708 5175 Ecclesia,
1742 5113 1859 5168 sive

274 5196 305 5233 a
350 5182 735 5252 communione
785 5180 1041 5233 fidelium.
1095 5183 1225 5245 Quae
1265 5181 1481 5248 quidem
1522 5186 1748 5252 qumstio
1791 5184 1856 5237 ad

277 5256 546 5305 rationem
579 5250 805 5304 instituti
839 5252 1007 5305 nostri
1050 5267 1234 5317 parutn
1267 5252 1489 5317 faceret,
1521 5250 1623 5308 nisi
1655 5255 1856 5319 aliquid

276 5321 414 5377 lucis
444 5323 666 5375 aii‘erret
706 5322 775 5374 ad
822 5319 1232 5389 intelligentiam
1263 5325 1855 5390 excommunicatiouis,

272 5408 437 5458 quam
476 5392 779 5461 praescribit
816 5391 880 5445 D.
916 5392 1077 5445 Pater
1104 5400 1287 5446 noster
1315 5391 1634 5449 Benedictus
1666 5400 1715 5448 in
1746 5392 1856 5449 Re-

272 5466 398 5530 gula
432 5479 533 5531 pro
568 5462 742 5532 culpis
771 5471 881 5515 tum
911 5463 1269 5531 gravioribus,
1302 5473 1413 5515 tum
1445 5462 1755 5517 levnoribus.
1790 5466 1862 5521 Et

270 5534 491 5603 quidem
513 5533 1135 5589 excommunicationem
1159 5532 1575 5603 IlilegﬂOSCllllb
1592 5532 1862 5603 interpre-

273 5600 358 5658 tes
408 5615 517 5658 tam
569 5604 956 5674 Grmci,_quatn
991 5600 1508 5674 LatinilChrysostq
1562 5600 1857 5674 Theophil.,

268 5678 512 5744 Augusti.
542 5675 628 5728 lib.
664 5674 727 5728 de
755 5670 888 5728 Fide
932 5684 979 5727 et
1004 5670 1211 5744 Operib.
1240 5670 1352 5740 cap.
1388 5671 1441 5728 2.
1482 5673 1543 5729 S.
1587 5670 1771 5727 Thom.
1815 5670 1862 5729 et

270 5743 443 5817 Cajet.
465 5748 521 5799 in
551 5744 882 5817 comment.);
913 5744 1009 5800 sed
1038 5743 1297 5817 demetit)
1335 5753 1387 5817 et
1409 5748 1593 5814 specie
1641 5760 1860 5799 excom-

269 5814 655 5874 municationis
684 5815 774 5871 hic
792 5818 1071 5885 quaeritur.
1095 5814 1231 5871 Nam
1254 5815 1515 5884 majorem
1538 5830 1860 5873 excommu-

1971 3273 2267 3342 Apostolus
2296 3286 2401 3326 non
2434 3273 2617 3335 tradit,
2651 3285 2751 3325 nec
2782 3271 2917 3325 tradi
2963 3271 3120 3342 jubet
3153 3271 3385 3339 Satanae,
3418 3276 3562 3331 sicut

1969 3340 2306 3413 Corinthium
2336 3343 2481 3397 illum
2506 3346 2891 3407 incestuosum,
2916 3340 2984 3397 de
3003 3358 3111 3412 quo
3142 3345 3195 3399 in
3221 3345 3457 3413 Epistula
3489 3346 3557 3400 ad

1968 3412 2303 3481 Corinthios,
2328 3414 2563 3485 itemque
2586 3416 2937 3485 Hymenaeum
2970 3423 3024 3469 et
3054 3412 3418 3485 Alexandrum
3447 3415 3557 3469 lite-

1968 3486 2188 3551 reticos,
2219 3485 2238 3540 1
2278 3485 2345 3539 ad
2375 3484 2515 3539 Tim.
2545 3501 2592 3552 ι,
2631 3483 2727 3540 sed
2768 3484 3145 3540 tantummodo
3181 3485 3434 3541 vitandos
3462 3485 3561 3541 de-

1968 3557 2170 3622 cernit,
2219 3564 2406 3626 utpote
2446 3571 2675 3623 quorum
2725 3566 2945 3624 peccata
3002 3570 3109 3610 non
3156 3564 3263 3609 tam
3311 3558 3558 3626 enormia

1974 3639 2148 3694 erant,
2200 3637 2258 3679 ut
2281 3625 2586 3696 propterea
2632 3636 2972 3696 mererentur
3011 3641 3041 3679 a
3081 3640 3313 3696 corpore
3351 3625 3555 3681 Christi

1968 3696 2277 3765 praescindi,
2300 3695 2356 3751 et
2376 3706 2525 3750 extra
2550 3695 2848 3750 Ecclesiam
2874 3696 3094 3764 projici;
3123 3696 3218 3749 sed
3248 3696 3555 3764 hujusmodi

1922 3816 1937 3819 _
1968 3776 2171 3830 tamen,
2206 3767 2277 3821 ob
2320 3783 2439 3837 qua:
2492 3769 2687 3837 merito
2727 3765 2930 3819 vitandi
2974 3775 3157 3820 essent
3203 3780 3231 3816 a
3283 3766 3552 3821 fidelibus.

1972 3838 2124 3895 Unde
2170 3836 2347 3893 etiam
2380 3836 2653 3904 colligitur
2683 3850 2781 3889 uec
2817 3837 3081 3890 minorem
3112 3838 3552 3891 excommunica-

1968 3911 2169 3963 tionem
2200 3908 2390 3962 iisdem
2416 3906 2598 3960 verbis
2628 3906 2925 3974 designari,
2948 3922 3071 3961 cum
3097 3906 3215 3962 haec
3246 3923 3350 3962 non
3374 3923 3402 3960 a
3425 3923 3554 3963 con-

1969 3981 2138 4035 sortio
2169 3979 2426 4042 ﬁdelium,
2458 3978 2554 4033 sed
2582 3986 2789 4032 tantum
2811 3992 2841 4031 a
2869 3979 3342 4034 Sacramentorum
3368 3979 3551 4034 Eccle-

1969 4054 2064 4106 siae
2097 4066 2195 4106 usu
2230 4060 2287 4105 et
2317 4050 2724 4118 participatione
2750 4049 3023 4104 excludat.
3067 4051 3262 4105 Restat
3294 4051 3457 4120 igitur
3493 4062 3555 4107 ut

1966 4136 2141 4189 genus
2159 4122 2377 4190 aliquod
2399 4121 2974 4192 excommunicationis
2998 4122 3067 4175 ab
3095 4122 3357 4191 Apostolo
3382 4122 3552 4192 signi-

1969 4194 2180 4257 ﬁcetur,
2216 4194 2357 4265 quod
2398 4191 2632 4247 medium
2667 4190 2904 4248 sitinter
2932 4190 3549 4265 excommunicationem

1969 4264 2241 4333 majorent
2266 4278 2320 4320 et
2356 4266 2641 4333 minorem,
2669 4280 2803 4334 quas
2834 4264 2994 4319 hodie
3024 4280 3280 4320 vocamus
3309 4277 3365 4320 et
3417 4283 3549 4321 ceu-

1968 4352 2127 4391 suras
2155 4337 2385 4391 dicimus
2413 4336 2838 4391 ecclesiaSticas.
2872 4335 2983 4390 iiac
3011 4338 3156 4392 enim
3183 4339 3551 4392 excommuni-

1968 4406 2180 4461 catione
2202 4408 2333 4461 nihil
2355 4408 2501 4461 aliud
2525 4406 2693 4461 voluit
2718 4406 3033 4475 Apostolus,
3055 4422 3217 4476 quam
3243 4409 3547 4477 liujusmodi

1967 4478 2304 4546 gravioribus
2328 4478 2561 4545 peccatis
2589 4489 2643 4534 et
2671 4476 2945 4532 scandalis
2967 4477 3237 4534 obnoxios
3274 4476 3550 4535 a’caateris

1971 4548 2221 4620 ﬁdelibus
2254 4548 2454 4620 vitari;
2503 4548 2666 4619 idque
2715 4547 2930 4620 duplici
2960 4551 3173 4605 ratione
3212 4568 3226 4602 :
3265 4551 3441 4620 primo
3480 4567 3549 4606 ne

1967 4617 2079 4692 suis
2129 4619 2333 4692 morbis
2379 4628 2434 4674 et
2481 4617 2630 4692 vitiis
2666 4620 2805 4674 alios
2854 4617 3550 4692 inhaerent:Co'rrumpunt

1966 4691 2100 4762 enim
2132 4690 2290 4744 bonos
2336 4707 2503 4762 mores
2530 4691 2791 4760 colloquia
2818 4707 2998 4762 prava,
3027 4690 3048 4746 Ι
3078 4689 3327 4746 Corinth.
3359 4689 3429 4746 xv
3447 4707 3463 4756 ;
3493 4694 3565 4747 et

1968 4760 2163 4815 ibidem
2192 4777 2313 4830 cap.
2345 4779 2376 4815 v
2404 4780 2417 4815 ε
2452 4760 2678 4815 Nescitis
2703 4760 2829 4831 quia
2854 4762 3114 4815 modicum
3144 4762 3449 4831 fermentum
3473 4772 3549 4816 to-

1967 4839 2071 4883 tam
2103 4848 2329 4886 massam
2373 4834 2699 4901 corrumpit?
2742 4832 2982 4887 secundo
3021 4840 3079 4887 ut
3118 4833 3325 4901 pudore
3368 4832 3549 4887 allecti

1967 4904 2369 4971 resipiscerent,
2400 4906 2501 4957 hoc
2528 4912 2636 4966 est,
2669 4904 2735 4955 ad
2763 4904 3033 4959 saniorem
3065 4913 3300 4957 mentem
3341 4914 3395 4958 et
3436 4917 3547 4959 me-

1968 4972 2157 5026 liorem
2210 4972 2733 5043 frugemiredirent,
2796 4975 2871 5027 uti
2925 4988 3116 5043 supra.
3174 4973 3344 5027 Porro
3403 4973 3548 5027 hunc

1968 5042 2470 5095 excomntunicandi
2514 5043 2755 5104 modum,
2804 5058 2911 5111 quo
2962 5042 3173 5098 scilicet
3221 5043 3439 5111 publice
3483 5058 3547 5098 ac

1963 5112 2279 5164 nominatim
2335 5112 2795 5166 denuntiabantur
2833 5113 2922 5182 qui
2972 5128 3001 5166 a
3051 5112 3302 5167 ﬁdelibus
3340 5114 3545 5168 vitanti

1962 5189 2168 5253 essent,
2200 5182 2398 5235 fatetur
2420 5192 2473 5236 et
2512 5183 2865 5249 conqueritur
2894 5182 2958 5239 Ι).
2990 5182 3415 5253 Cbrysostomus
3444 5198 3544 5237 suo

1957 5251 2066 5321 jam
2099 5264 2339 5316 tempore
2364 5252 2689 5315 exolevisse,
2721 5254 2974 5307 nimirum
3000 5255 3053 5306 in
3083 5251 3357 5306 communi
3386 5253 3544 5319 plebe

1964 5323 2224 5379 ﬁdelium.
2248 5322 2318 5377 At
2343 5323 2393 5376 in
2418 5323 2760 5377 monasteriis
2782 5337 3160 5390 perseverasse
3180 5333 3331 5378 recte
3355 5324 3543 5378 obser-

1964 5396 2107 5448 vavit
2152 5393 2441 5460 Cajetanus
2491 5390 2585 5463 (In
2631 5393 2934 5463 commen.),
2984 5393 3436 5463 quemadmodum
3489 5404 3544 5449 et

1963 5464 2124 5519 hodie
2152 5467 2329 5520 adhuc
2359 5462 2692 5534 perseverat,
2722 5463 2848 5518 dum
2877 5462 2945 5518 ab
2971 5462 3210 5518 oratorio
3239 5463 3328 5519 vel
3353 5479 3383 5518 a
3412 5480 3545 5519 con-

1964 5538 2266 5592 versatione
2316 5538 2562 5600 tratrum,
2613 5536 2694 5588 vel
2737 5553 2763 5587 a
2807 5549 3029 5604 mensa,
3075 5534 3159 5589 vel
3207 5550 3238 5588 a
3289 5536 3541 5604 portione

1962 5608 2235 5662 communi
2265 5607 2424 5677 aliqui
2467 5615 2686 5676 prapter
2712 5603 2906 5660 delicta
2946 5614 3265 5677 separantur
3293 5614 3391 5661 aut
3430 5606 3541 5676 pri-

1963 5688 2176 5743 vantur,
2212 5676 2659 5749 quemadmodum
2686 5677 2752 5749 in
2786 5677 2968 5745 regula
2994 5676 3061 5735 Β.
3091 5676 3367 5734 Benedicti
3398 5692 3538 5749 pra-

1962 5750 2219 5807 scribitur
2251 5747 2402 5820 (Cap.
2433 5747 2506 5804 24
2535 5760 2582 5806 et
2610 5746 2724 5820 44).
