  <div class='ocr_page' id='page_1' title='image "/cluster/home/n/w/nwhite01/storage/ocr_20150623/49/uva.x000827093/199.png"; bbox 0 0 4014 6200; ppageno 0'>
   <div class='ocr_carea' id='block_1_1' title="bbox 484 205 592 260">
    <p class='ocr_par' dir='ltr' id='par_1_1' title="bbox 484 205 592 260">
     <span class='ocr_line' id='line_1_1' title="bbox 484 205 592 260; baseline 0.019 -2"><span class='ocrx_word' id='word_1_1' title='bbox 484 205 592 260; x_wconf 75' lang='lat'><strong>383</strong></span> 
     </span>
    </p>
   </div>
   <div class='ocr_carea' id='block_1_2' title="bbox 1795 209 2421 270">
    <p class='ocr_par' dir='ltr' id='par_1_2' title="bbox 1795 209 2421 270">
     <span class='ocr_line' id='line_1_2' title="bbox 1795 209 2421 270; baseline 0 -3"><span class='ocrx_word' id='word_1_2' title='bbox 1795 209 2071 270; x_wconf 79' lang='lat' dir='ltr'><strong>JOANNIS</strong></span> <span class='ocrx_word' id='word_1_3' title='bbox 2108 209 2421 269; x_wconf 83' lang='lat' dir='ltr'><strong>CASSIANI</strong></span> 
     </span>
    </p>
   </div>
   <div class='ocr_carea' id='block_1_3' title="bbox 3638 202 3750 262">
    <p class='ocr_par' dir='ltr' id='par_1_3' title="bbox 3638 202 3750 262">
     <span class='ocr_line' id='line_1_3' title="bbox 3638 202 3750 262; baseline 0 0"><span class='ocrx_word' id='word_1_4' title='bbox 3638 202 3750 262; x_wconf 68' lang='grc'><strong>388</strong></span> 
     </span>
    </p>
   </div>
   <div class='ocr_carea' id='block_1_4' title="bbox 480 322 3746 401">
    <p class='ocr_par' dir='ltr' id='par_1_4' title="bbox 480 322 3746 401">
     <span class='ocr_line' id='line_1_4' title="bbox 480 322 3746 401; baseline -0.001 -21"><span class='ocrx_word' id='word_1_5' title='bbox 480 324 672 381; x_wconf 89' lang='lat' dir='ltr'><strong>stolica</strong></span> <span class='ocrx_word' id='word_1_6' title='bbox 706 322 953 379; x_wconf 85' lang='lat' dir='ltr'><strong>mandata</strong></span> <span class='ocrx_word' id='word_1_7' title='bbox 982 326 1309 391; x_wconf 86' lang='lat' dir='ltr'><strong>custodiant,</strong></span> <span class='ocrx_word' id='word_1_8' title='bbox 1350 326 1624 399; x_wconf 89' lang='lat' dir='ltr'><strong>subjungit</strong></span> <span class='ocrx_word' id='word_1_9' title='bbox 1650 329 1935 387; x_wconf 75' lang='lat' dir='ltr'><strong>confestim</strong></span> <span class='ocrx_word' id='word_1_10' title='bbox 1967 347 2060 401; x_wconf 90' lang='lat' dir='ltr'><strong>pa-</strong></span> <span class='ocrx_word' id='word_1_11' title='bbox 2086 335 2138 393; x_wconf 83' lang='lat' dir='ltr'><strong>A</strong></span> <span class='ocrx_word' id='word_1_12' title='bbox 2161 330 2424 401; x_wconf 75' lang='lat' dir='ltr'><strong>Aquilam,</strong></span> <span class='ocrx_word' id='word_1_13' title='bbox 2456 328 2729 386; x_wconf 86' lang='lat' dir='ltr'><strong>Ponticum</strong></span> <span class='ocrx_word' id='word_1_14' title='bbox 2755 344 2958 399; x_wconf 86' lang='lat' dir='ltr'><strong>genere,</strong></span> <span class='ocrx_word' id='word_1_15' title='bbox 2979 336 3026 383; x_wconf 85' lang='lat' dir='ltr'><strong>et</strong></span> <span class='ocrx_word' id='word_1_16' title='bbox 3055 324 3352 381; x_wconf 77' lang='lat' dir='ltr'><strong>Priscillam</strong></span> <span class='ocrx_word' id='word_1_17' title='bbox 3372 337 3589 378; x_wconf 72' lang='lat' dir='ltr'><strong>uxorem</strong></span> <span class='ocrx_word' id='word_1_18' title='bbox 3609 322 3746 393; x_wconf 77' lang='lat' dir='ltr'><strong>ejus,</strong></span> 
     </span>
    </p>
   </div>
   <div class='ocr_carea' id='block_1_5' title="bbox 482 417 2058 496">
    <p class='ocr_par' dir='ltr' id='par_1_5' title="bbox 482 417 2058 496">
     <span class='ocr_line' id='line_1_5' title="bbox 482 417 2058 496; baseline 0.004 -22"><span class='ocrx_word' id='word_1_19' title='bbox 482 418 579 474; x_wconf 89' lang='lat' dir='ltr'><strong>tris</strong></span> <span class='ocrx_word' id='word_1_20' title='bbox 602 417 1053 488; x_wconf 77' lang='lat' dir='ltr'><strong>indulgentissimi</strong></span> <span class='ocrx_word' id='word_1_21' title='bbox 1082 419 1389 489; x_wconf 79' lang='lat' dir='ltr'><strong>lenitatem;</strong></span> <span class='ocrx_word' id='word_1_22' title='bbox 1413 432 1464 478; x_wconf 87' lang='lat' dir='ltr'><strong>et</strong></span> <span class='ocrx_word' id='word_1_23' title='bbox 1489 432 1546 479; x_wconf 93' lang='lat' dir='ltr'><strong>ut</strong></span> <span class='ocrx_word' id='word_1_24' title='bbox 1570 423 1710 480; x_wconf 94' lang='lat' dir='ltr'><strong>ﬁlios</strong></span> <span class='ocrx_word' id='word_1_25' title='bbox 1730 440 1875 490; x_wconf 89' lang='lat' dir='ltr'><strong>suos,</strong></span> <span class='ocrx_word' id='word_1_26' title='bbox 1900 442 2058 496; x_wconf 83' lang='lat' dir='ltr'><strong>quem</strong></span> 
     </span>
    </p>
   </div>
   <div class='ocr_carea' id='block_1_6' title="bbox 484 508 2062 580">
    <p class='ocr_par' dir='ltr' id='par_1_6' title="bbox 484 508 2062 580">
     <span class='ocr_line' id='line_1_6' title="bbox 484 508 2062 580; baseline 0.006 -18"><span class='ocrx_word' id='word_1_27' title='bbox 484 523 613 579; x_wconf 87' lang='lat' dir='ltr'><strong>erga</strong></span> <span class='ocrx_word' id='word_1_28' title='bbox 644 508 933 578; x_wconf 62' lang='lat' dir='ltr'><strong>praedictos</strong></span> <span class='ocrx_word' id='word_1_29' title='bbox 964 525 1064 580; x_wconf 87' lang='lat' dir='ltr'><strong>pro</strong></span> <span class='ocrx_word' id='word_1_30' title='bbox 1099 510 1362 567; x_wconf 84' lang='lat' dir='ltr'><strong>charitate</strong></span> <span class='ocrx_word' id='word_1_31' title='bbox 1406 512 1766 570; x_wconf 75' lang='lat' dir='ltr'><strong>fraternitatis</strong></span> <span class='ocrx_word' id='word_1_32' title='bbox 1811 515 2062 571; x_wconf 87' lang='lat' dir='ltr'><strong>aﬁ‘ectum</strong></span> 
     </span>
    </p>
   </div>
   <div class='ocr_carea' id='block_1_7' title="bbox 478 600 2062 679">
    <p class='ocr_par' dir='ltr' id='par_1_7' title="bbox 478 600 2062 679">
     <span class='ocr_line' id='line_1_7' title="bbox 478 600 2062 679; baseline 0.005 -22"><span class='ocrx_word' id='word_1_33' title='bbox 478 600 714 657; x_wconf 85' lang='lat' dir='ltr'><strong>debeant</strong></span> <span class='ocrx_word' id='word_1_34' title='bbox 743 605 1001 670; x_wconf 86' lang='lat' dir='ltr'><strong>retinere,</strong></span> <span class='ocrx_word' id='word_1_35' title='bbox 1026 603 1276 661; x_wconf 87' lang='lat' dir='ltr'><strong>similiter</strong></span> <span class='ocrx_word' id='word_1_36' title='bbox 1296 606 1477 662; x_wconf 86' lang='lat' dir='ltr'><strong>docet.</strong></span> <span class='ocrx_word' id='word_1_37' title='bbox 1505 616 1530 645; x_wconf 72' lang='grc' dir='ltr'>ι</span> <span class='ocrx_word' id='word_1_38' title='bbox 1559 606 1628 661; x_wconf 86' lang='lat' dir='ltr'><strong>Et</strong></span> <span class='ocrx_word' id='word_1_39' title='bbox 1655 610 1833 676; x_wconf 82' lang='lat' dir='ltr'><strong>nolite,</strong></span> <span class='ocrx_word' id='word_1_40' title='bbox 1867 611 2062 679; x_wconf 86' lang='lat' dir='ltr'><strong>inquit,</strong></span> 
     </span>
    </p>
   </div>
   <div class='ocr_carea' id='block_1_8' title="bbox 480 693 2062 771">
    <p class='ocr_par' dir='ltr' id='par_1_8' title="bbox 480 693 2062 771">
     <span class='ocr_line' id='line_1_8' title="bbox 480 693 2062 771; baseline 0.006 -25"><span class='ocrx_word' id='word_1_41' title='bbox 480 693 627 763; x_wconf 90' lang='lat' dir='ltr'><strong>quasi</strong></span> <span class='ocrx_word' id='word_1_42' title='bbox 664 694 931 748; x_wconf 86' lang='lat' dir='ltr'><strong>inimicum</strong></span> <span class='ocrx_word' id='word_1_43' title='bbox 966 696 1285 764; x_wconf 74' lang='lat' dir='ltr'><strong>existimare,</strong></span> <span class='ocrx_word' id='word_1_44' title='bbox 1316 699 1407 753; x_wconf 87' lang='lat' dir='ltr'><strong>sed</strong></span> <span class='ocrx_word' id='word_1_45' title='bbox 1438 701 1679 771; x_wconf 90' lang='lat' dir='ltr'><strong>corripite</strong></span> <span class='ocrx_word' id='word_1_46' title='bbox 1722 711 1777 753; x_wconf 89' lang='lat' dir='ltr'><strong>ut</strong></span> <span class='ocrx_word' id='word_1_47' title='bbox 1827 702 2062 771; x_wconf 79' lang='lat' dir='ltr'><strong>fratrem.</strong></span> 
     </span>
    </p>
   </div>
   <div class='ocr_carea' id='block_1_9' title="bbox 484 784 2067 862">
    <p class='ocr_par' dir='ltr' id='par_1_9' title="bbox 484 784 2067 862">
     <span class='ocr_line' id='line_1_9' title="bbox 484 784 2067 862; baseline 0.004 -22"><span class='ocrx_word' id='word_1_48' title='bbox 484 784 773 840; x_wconf 86' lang='lat' dir='ltr'><strong>Severitati</strong></span> <span class='ocrx_word' id='word_1_49' title='bbox 813 785 1112 854; x_wconf 71' lang='lat' dir='ltr'><strong>judiciariae</strong></span> <span class='ocrx_word' id='word_1_50' title='bbox 1155 798 1436 859; x_wconf 86' lang='lat' dir='ltr'><strong>paternam</strong></span> <span class='ocrx_word' id='word_1_51' title='bbox 1486 791 1846 846; x_wconf 90' lang='lat' dir='ltr'><strong>intermiscuit</strong></span> <span class='ocrx_word' id='word_1_52' title='bbox 1893 792 2067 862; x_wconf 86' lang='lat' dir='ltr'><strong>pieta-</strong></span> 
     </span>
    </p>
   </div>
   <div class='ocr_carea' id='block_1_10' title="bbox 486 880 2066 954">
    <p class='ocr_par' dir='ltr' id='par_1_10' title="bbox 486 880 2066 954">
     <span class='ocr_line' id='line_1_10' title="bbox 486 880 2066 954; baseline 0.005 -22"><span class='ocrx_word' id='word_1_53' title='bbox 486 888 616 945; x_wconf 86' lang='lat' dir='ltr'><strong>tem,</strong></span> <span class='ocrx_word' id='word_1_54' title='bbox 649 889 704 935; x_wconf 94' lang='lat' dir='ltr'><strong>et</strong></span> <span class='ocrx_word' id='word_1_55' title='bbox 729 880 1056 936; x_wconf 87' lang='lat' dir='ltr'><strong>sententiam</strong></span> <span class='ocrx_word' id='word_1_56' title='bbox 1088 883 1391 953; x_wconf 90' lang='lat' dir='ltr'><strong>apostolico</strong></span> <span class='ocrx_word' id='word_1_57' title='bbox 1418 885 1599 953; x_wconf 87' lang='lat' dir='ltr'><strong>rigore</strong></span> <span class='ocrx_word' id='word_1_58' title='bbox 1628 886 1916 954; x_wconf 85' lang='lat' dir='ltr'><strong>prolatam,</strong></span> <span class='ocrx_word' id='word_1_59' title='bbox 1953 885 2066 940; x_wconf 91' lang='lat' dir='ltr'><strong>cle-</strong></span> 
     </span>
    </p>
   </div>
   <div class='ocr_carea' id='block_1_11' title="bbox 483 973 2068 1049">
    <p class='ocr_par' dir='ltr' id='par_1_11' title="bbox 483 973 2068 1049">
     <span class='ocr_line' id='line_1_11' title="bbox 483 973 2068 1049; baseline 0.006 -23"><span class='ocrx_word' id='word_1_60' title='bbox 483 973 656 1028; x_wconf 81' lang='lat' dir='ltr'><strong>menti</strong></span> <span class='ocrx_word' id='word_1_61' title='bbox 679 975 1091 1031; x_wconf 85' lang='lat' dir='ltr'><strong>mansuetudine</strong></span> <span class='ocrx_word' id='word_1_62' title='bbox 1114 979 1456 1047; x_wconf 88' lang='lat' dir='ltr'><strong>temperavit.</strong></span> <span class='ocrx_word' id='word_1_63' title='bbox 1480 977 1613 1033; x_wconf 87' lang='lat' dir='ltr'><strong>Nam</strong></span> <span class='ocrx_word' id='word_1_64' title='bbox 1636 987 1692 1033; x_wconf 92' lang='lat' dir='ltr'><strong>et</strong></span> <span class='ocrx_word' id='word_1_65' title='bbox 1717 978 1890 1033; x_wconf 82' lang='lat' dir='ltr'><strong>nOtari</strong></span> <span class='ocrx_word' id='word_1_66' title='bbox 1914 978 2068 1049; x_wconf 82' lang='lat' dir='ltr'><strong>jubet</strong></span> 
     </span>
    </p>
   </div>
   <div class='ocr_carea' id='block_1_12' title="bbox 480 1067 2068 1141">
    <p class='ocr_par' dir='ltr' id='par_1_12' title="bbox 480 1067 2068 1141">
     <span class='ocr_line' id='line_1_12' title="bbox 480 1067 2068 1141; baseline 0.004 -21"><span class='ocrx_word' id='word_1_67' title='bbox 480 1078 607 1120; x_wconf 88' lang='lat' dir='ltr'><strong>eum</strong></span> <span class='ocrx_word' id='word_1_68' title='bbox 653 1067 744 1136; x_wconf 90' lang='lat' dir='ltr'><strong>qui</strong></span> <span class='ocrx_word' id='word_1_69' title='bbox 788 1068 1012 1125; x_wconf 87' lang='lat' dir='ltr'><strong>obedire</strong></span> <span class='ocrx_word' id='word_1_70' title='bbox 1058 1070 1348 1141; x_wconf 55' lang='lat' dir='ltr'><strong>praeceptis</strong></span> <span class='ocrx_word' id='word_1_71' title='bbox 1394 1072 1509 1126; x_wconf 90' lang='lat' dir='ltr'><strong>suis</strong></span> <span class='ocrx_word' id='word_1_72' title='bbox 1549 1073 1968 1140; x_wconf 79' lang='lat' dir='ltr'><strong>contempserit,</strong></span> <span class='ocrx_word' id='word_1_73' title='bbox 2013 1080 2068 1127; x_wconf 90' lang='lat' dir='ltr'><strong>et</strong></span> 
     </span>
    </p>
   </div>
   <div class='ocr_carea' id='block_1_13' title="bbox 480 1157 2066 1225">
    <p class='ocr_par' dir='ltr' id='par_1_13' title="bbox 480 1157 2066 1225">
     <span class='ocr_line' id='line_1_13' title="bbox 480 1157 2066 1225; baseline 0.004 -14"><span class='ocrx_word' id='word_1_74' title='bbox 480 1169 602 1212; x_wconf 88' lang='lat' dir='ltr'><strong>cum</strong></span> <span class='ocrx_word' id='word_1_75' title='bbox 649 1157 741 1212; x_wconf 92' lang='lat' dir='ltr'><strong>illo</strong></span> <span class='ocrx_word' id='word_1_76' title='bbox 779 1174 886 1214; x_wconf 92' lang='lat' dir='ltr'><strong>non</strong></span> <span class='ocrx_word' id='word_1_77' title='bbox 931 1160 1305 1225; x_wconf 88' lang='lat' dir='ltr'><strong>commisceri;</strong></span> <span class='ocrx_word' id='word_1_78' title='bbox 1336 1170 1391 1217; x_wconf 92' lang='lat' dir='ltr'><strong>et</strong></span> <span class='ocrx_word' id='word_1_79' title='bbox 1432 1172 1609 1219; x_wconf 91' lang='lat' dir='ltr'><strong>tamen</strong></span> <span class='ocrx_word' id='word_1_80' title='bbox 1650 1163 1766 1218; x_wconf 69' lang='lat' dir='ltr'><strong>hmo</strong></span> <span class='ocrx_word' id='word_1_81' title='bbox 1807 1164 1927 1218; x_wconf 88' lang='lat' dir='ltr'><strong>ﬁeri</strong></span> <span class='ocrx_word' id='word_1_82' title='bbox 1957 1178 2066 1218; x_wconf 94' lang='lat' dir='ltr'><strong>non</strong></span> 
     </span>
    </p>
   </div>
   <div class='ocr_carea' id='block_1_14' title="bbox 479 1248 2065 1321">
    <p class='ocr_par' dir='ltr' id='par_1_14' title="bbox 479 1248 2065 1321">
     <span class='ocr_line' id='line_1_14' title="bbox 479 1248 2065 1321; baseline 0.004 -16"><span class='ocrx_word' id='word_1_83' title='bbox 479 1248 588 1305; x_wconf 89' lang='lat' dir='ltr'><strong>odii</strong></span> <span class='ocrx_word' id='word_1_84' title='bbox 621 1251 751 1304; x_wconf 91' lang='lat' dir='ltr'><strong>vitio</strong></span> <span class='ocrx_word' id='word_1_85' title='bbox 780 1252 1051 1321; x_wconf 60' lang='lat' dir='ltr'><strong>praecipit,</strong></span> <span class='ocrx_word' id='word_1_86' title='bbox 1081 1254 1176 1309; x_wconf 91' lang='lat' dir='ltr'><strong>sed</strong></span> <span class='ocrx_word' id='word_1_87' title='bbox 1201 1252 1453 1310; x_wconf 61' lang='lat' dir='ltr'><strong>fraternas</strong></span> <span class='ocrx_word' id='word_1_88' title='bbox 1476 1254 1781 1312; x_wconf 86' lang='lat' dir='ltr'><strong>dilectionis</strong></span> <span class='ocrx_word' id='word_1_89' title='bbox 1802 1266 1857 1311; x_wconf 90' lang='lat' dir='ltr'><strong>et</strong></span> <span class='ocrx_word' id='word_1_90' title='bbox 1877 1272 2065 1312; x_wconf 90' lang='lat' dir='ltr'><strong>eorum</strong></span> 
     </span>
    </p>
   </div>
   <div class='ocr_carea' id='block_1_15' title="bbox 481 1344 2068 1419">
    <p class='ocr_par' dir='ltr' id='par_1_15' title="bbox 481 1344 2068 1419">
     <span class='ocr_line' id='line_1_15' title="bbox 481 1344 2068 1419; baseline 0.003 -20"><span class='ocrx_word' id='word_1_91' title='bbox 481 1344 876 1401; x_wconf 90' lang='lat' dir='ltr'><strong>emendationis</strong></span> <span class='ocrx_word' id='word_1_92' title='bbox 904 1346 1124 1401; x_wconf 88' lang='lat' dir='ltr'><strong>intuitu.</strong></span> <span class='ocrx_word' id='word_1_93' title='bbox 1157 1346 1357 1413; x_wconf 83' lang='lat' dir='ltr'><strong>Nolite,</strong></span> <span class='ocrx_word' id='word_1_94' title='bbox 1389 1350 1583 1419; x_wconf 90' lang='lat' dir='ltr'><strong>inquit,</strong></span> <span class='ocrx_word' id='word_1_95' title='bbox 1607 1350 1920 1404; x_wconf 84' lang='lat' dir='ltr'><strong>commisceri</strong></span> <span class='ocrx_word' id='word_1_96' title='bbox 1950 1365 2068 1403; x_wconf 90' lang='lat' dir='ltr'><strong>cum</strong></span> 
     </span>
    </p>
   </div>
   <div class='ocr_carea' id='block_1_16' title="bbox 478 1433 2067 1510">
    <p class='ocr_par' dir='ltr' id='par_1_16' title="bbox 478 1433 2067 1510">
     <span class='ocr_line' id='line_1_16' title="bbox 478 1433 2067 1510; baseline 0.004 -21"><span class='ocrx_word' id='word_1_97' title='bbox 478 1433 596 1496; x_wconf 91' lang='lat' dir='ltr'><strong>illo,</strong></span> <span class='ocrx_word' id='word_1_98' title='bbox 628 1443 686 1488; x_wconf 89' lang='lat' dir='ltr'><strong>ut</strong></span> <span class='ocrx_word' id='word_1_99' title='bbox 714 1436 1082 1505; x_wconf 79' lang='lat' dir='ltr'><strong>confundatur,</strong></span> <span class='ocrx_word' id='word_1_100' title='bbox 1128 1447 1187 1492; x_wconf 92' lang='lat' dir='ltr'><strong>ut</strong></span> <span class='ocrx_word' id='word_1_101' title='bbox 1225 1439 1315 1508; x_wconf 89' lang='lat' dir='ltr'><strong>qui</strong></span> <span class='ocrx_word' id='word_1_102' title='bbox 1356 1455 1460 1495; x_wconf 91' lang='lat' dir='ltr'><strong>non</strong></span> <span class='ocrx_word' id='word_1_103' title='bbox 1502 1451 1585 1496; x_wconf 89' lang='lat' dir='ltr'><strong>est</strong></span> <span class='ocrx_word' id='word_1_104' title='bbox 1615 1441 1750 1496; x_wconf 91' lang='lat' dir='ltr'><strong>meis</strong></span> <span class='ocrx_word' id='word_1_105' title='bbox 1781 1442 2067 1510; x_wconf 73' lang='lat' dir='ltr'><strong>praeceptis</strong></span> 
     </span>
    </p>
   </div>
   <div class='ocr_carea' id='block_1_17' title="bbox 484 1525 2067 1602">
    <p class='ocr_par' dir='ltr' id='par_1_17' title="bbox 484 1525 2067 1602">
     <span class='ocr_line' id='line_1_17' title="bbox 484 1525 2067 1602; baseline 0.004 -21"><span class='ocrx_word' id='word_1_106' title='bbox 484 1525 709 1581; x_wconf 90' lang='lat' dir='ltr'><strong>mitibus</strong></span> <span class='ocrx_word' id='word_1_107' title='bbox 737 1527 1077 1594; x_wconf 88' lang='lat' dir='ltr'><strong>emendatus,</strong></span> <span class='ocrx_word' id='word_1_108' title='bbox 1107 1531 1297 1585; x_wconf 87' lang='lat' dir='ltr'><strong>saltem</strong></span> <span class='ocrx_word' id='word_1_109' title='bbox 1329 1532 1539 1602; x_wconf 88' lang='lat' dir='ltr'><strong>publica</strong></span> <span class='ocrx_word' id='word_1_110' title='bbox 1564 1534 1801 1588; x_wconf 91' lang='lat' dir='ltr'><strong>omnium</strong></span> <span class='ocrx_word' id='word_1_111' title='bbox 1828 1541 2067 1588; x_wconf 89' lang='lat' dir='ltr'><strong>vestrum</strong></span> 
     </span>
    </p>
   </div>
   <div class='ocr_carea' id='block_1_18' title="bbox 482 1620 2068 1696">
    <p class='ocr_par' dir='ltr' id='par_1_18' title="bbox 482 1620 2068 1696">
     <span class='ocr_line' id='line_1_18' title="bbox 482 1620 2068 1696; baseline 0.006 -24"><span class='ocrx_word' id='word_1_112' title='bbox 482 1620 863 1689; x_wconf 86' lang='lat' dir='ltr'><strong>segregatione</strong></span> <span class='ocrx_word' id='word_1_113' title='bbox 900 1622 1181 1690; x_wconf 80' lang='lat' dir='ltr'><strong>confusus,</strong></span> <span class='ocrx_word' id='word_1_114' title='bbox 1213 1624 1280 1679; x_wconf 91' lang='lat' dir='ltr'><strong>ad</strong></span> <span class='ocrx_word' id='word_1_115' title='bbox 1314 1629 1585 1681; x_wconf 83' lang='lat' dir='ltr'><strong>tramitem</strong></span> <span class='ocrx_word' id='word_1_116' title='bbox 1626 1626 1818 1681; x_wconf 89' lang='lat' dir='ltr'><strong>salutis</strong></span> <span class='ocrx_word' id='word_1_117' title='bbox 1847 1624 2068 1696; x_wconf 89' lang='lat' dir='ltr'><strong>incipiat</strong></span> 
     </span>
    </p>
   </div>
   <div class='ocr_carea' id='block_1_19' title="bbox 480 1711 1071 1788">
    <p class='ocr_par' dir='ltr' id='par_1_19' title="bbox 480 1711 1071 1788">
     <span class='ocr_line' id='line_1_19' title="bbox 480 1711 1071 1788; baseline 0.007 -23"><span class='ocrx_word' id='word_1_118' title='bbox 480 1711 772 1788; x_wconf 79' lang='lat' dir='ltr'><strong>aliquando</strong></span> <span class='ocrx_word' id='word_1_119' title='bbox 805 1715 1071 1769; x_wconf 85' lang='lat' dir='ltr'><strong>revocari.</strong></span> 
     </span>
    </p>
   </div>
   <div class='ocr_carea' id='block_1_20' title="bbox 1064 1806 1490 1864">
    <p class='ocr_par' dir='ltr' id='par_1_20' title="bbox 1064 1806 1490 1864">
     <span class='ocr_line' id='line_1_20' title="bbox 1064 1806 1490 1864; baseline 0.002 -1"><span class='ocrx_word' id='word_1_120' title='bbox 1064 1806 1290 1864; x_wconf 83' lang='lat' dir='ltr'><strong>CAPUT</strong></span> <span class='ocrx_word' id='word_1_121' title='bbox 1329 1808 1490 1864; x_wconf 85' lang='lat' dir='ltr'><strong>XVII.</strong></span> 
     </span>
    </p>
   </div>
   <div class='ocr_carea' id='block_1_21' title="bbox 482 1891 2071 1974">
    <p class='ocr_par' dir='ltr' id='par_1_21' title="bbox 482 1891 2071 1974">
     <span class='ocr_line' id='line_1_21' title="bbox 482 1891 2071 1974; baseline 0.008 -29"><span class='ocrx_word' id='word_1_122' title='bbox 482 1891 701 1974; x_wconf 70' lang='lat' dir='ltr'><strong>Diversa</strong></span> <span class='ocrx_word' id='word_1_123' title='bbox 730 1896 1043 1974; x_wconf 71' lang='lat' dir='ltr'><strong>testimonia,</strong></span> <span class='ocrx_word' id='word_1_124' title='bbox 1078 1898 1266 1974; x_wconf 78' lang='lat' dir='ltr'><strong>quibus</strong></span> <span class='ocrx_word' id='word_1_125' title='bbox 1301 1900 1578 1974; x_wconf 71' lang='lat' dir='ltr'><strong>Apostolus</strong></span> <span class='ocrx_word' id='word_1_126' title='bbox 1602 1903 1836 1973; x_wconf 72' lang='lat' dir='ltr'><strong>praecipit</strong></span> <span class='ocrx_word' id='word_1_127' title='bbox 1867 1905 2071 1974; x_wconf 89' lang='lat' dir='ltr'><strong>operari</strong></span> 
     </span>
    </p>
   </div>
   <div class='ocr_carea' id='block_1_22' title="bbox 551 1964 1998 2043">
    <p class='ocr_par' dir='ltr' id='par_1_22' title="bbox 551 1964 1998 2043">
     <span class='ocr_line' id='line_1_22' title="bbox 551 1964 1998 2043; baseline 0.008 -26"><span class='ocrx_word' id='word_1_128' title='bbox 551 1964 751 2031; x_wconf 84' lang='lat' dir='ltr'><strong>debere,</strong></span> <span class='ocrx_word' id='word_1_129' title='bbox 779 1968 857 2020; x_wconf 90' lang='lat' dir='ltr'><strong>vel</strong></span> <span class='ocrx_word' id='word_1_130' title='bbox 877 1969 1061 2038; x_wconf 90' lang='lat' dir='ltr'><strong>quibus</strong></span> <span class='ocrx_word' id='word_1_131' title='bbox 1081 1964 1189 2041; x_wconf 88' lang='lat' dir='ltr'><strong>ipse</strong></span> <span class='ocrx_word' id='word_1_132' title='bbox 1210 1964 1448 2042; x_wconf 84' lang='lat' dir='ltr'><strong>operatus</strong></span> <span class='ocrx_word' id='word_1_133' title='bbox 1474 1964 1632 2043; x_wconf 77' lang='lat' dir='ltr'><strong>fuisse</strong></span> <span class='ocrx_word' id='word_1_134' title='bbox 1658 1964 1998 2030; x_wconf 71' lang='lat' dir='ltr'><strong>monstratur.</strong></span> 
     </span>
    </p>
   </div>
   <div class='ocr_carea' id='block_1_23' title="bbox 553 2078 2070 2159">
    <p class='ocr_par' dir='ltr' id='par_1_23' title="bbox 553 2078 2070 2159">
     <span class='ocr_line' id='line_1_23' title="bbox 553 2078 2070 2159; baseline 0.007 -24"><span class='ocrx_word' id='word_1_135' title='bbox 553 2079 608 2135; x_wconf 88' lang='lat' dir='ltr'><strong>In</strong></span> <span class='ocrx_word' id='word_1_136' title='bbox 633 2078 874 2150; x_wconf 90' lang='lat' dir='ltr'><strong>Epistola</strong></span> <span class='ocrx_word' id='word_1_137' title='bbox 902 2097 1116 2155; x_wconf 82' lang='lat' dir='ltr'><strong>quoque</strong></span> <span class='ocrx_word' id='word_1_138' title='bbox 1144 2084 1211 2138; x_wconf 89' lang='lat' dir='ltr'><strong>ad</strong></span> <span class='ocrx_word' id='word_1_139' title='bbox 1243 2084 1507 2155; x_wconf 86' lang='lat' dir='ltr'><strong>Ephesios</strong></span> <span class='ocrx_word' id='word_1_140' title='bbox 1535 2085 1605 2142; x_wconf 90' lang='lat' dir='ltr'><strong>de</strong></span> <span class='ocrx_word' id='word_1_141' title='bbox 1628 2090 1730 2142; x_wconf 92' lang='lat' dir='ltr'><strong>hoc</strong></span> <span class='ocrx_word' id='word_1_142' title='bbox 1756 2087 1874 2159; x_wconf 90' lang='lat' dir='ltr'><strong>ipso</strong></span> <span class='ocrx_word' id='word_1_143' title='bbox 1902 2102 2070 2159; x_wconf 90' lang='lat' dir='ltr'><strong>opere</strong></span> 
     </span>
    </p>
   </div>
   <div class='ocr_carea' id='block_1_24' title="bbox 480 2173 2069 2254">
    <p class='ocr_par' dir='ltr' id='par_1_24' title="bbox 480 2173 2069 2254">
     <span class='ocr_line' id='line_1_24' title="bbox 480 2173 2069 2254; baseline 0.006 -25"><span class='ocrx_word' id='word_1_144' title='bbox 480 2173 556 2230; x_wconf 89' lang='lat' dir='ltr'><strong>ita</strong></span> <span class='ocrx_word' id='word_1_145' title='bbox 588 2176 836 2246; x_wconf 62' lang='lat' dir='ltr'><strong>prwcipit</strong></span> <span class='ocrx_word' id='word_1_146' title='bbox 862 2177 1048 2234; x_wconf 89' lang='lat' dir='ltr'><strong>dicens</strong></span> <span class='ocrx_word' id='word_1_147' title='bbox 1071 2195 1087 2234; x_wconf 89' lang='lat'><strong>:</strong></span> <span class='ocrx_word' id='word_1_148' title='bbox 1112 2176 1139 2216; x_wconf 69' lang='grc' dir='ltr'>δ</span> <span class='ocrx_word' id='word_1_149' title='bbox 1165 2178 1266 2245; x_wconf 81' lang='lat' dir='ltr'><strong>Qui</strong></span> <span class='ocrx_word' id='word_1_150' title='bbox 1308 2180 1604 2249; x_wconf 81' lang='lat' dir='ltr'><strong>furabatur,</strong></span> <span class='ocrx_word' id='word_1_151' title='bbox 1627 2183 1742 2253; x_wconf 88' lang='lat' dir='ltr'><strong>jam</strong></span> <span class='ocrx_word' id='word_1_152' title='bbox 1788 2198 1889 2237; x_wconf 90' lang='lat' dir='ltr'><strong>non</strong></span> <span class='ocrx_word' id='word_1_153' title='bbox 1928 2185 2069 2254; x_wconf 78' lang='lat' dir='ltr'><strong>fure-</strong></span> 
     </span>
    </p>
   </div>
   <div class='ocr_carea' id='block_1_25' title="bbox 481 2270 2069 2345">
    <p class='ocr_par' dir='ltr' id='par_1_25' title="bbox 481 2270 2069 2345">
     <span class='ocr_line' id='line_1_25' title="bbox 481 2270 2069 2345; baseline 0.005 -24"><span class='ocrx_word' id='word_1_154' title='bbox 481 2275 594 2334; x_wconf 89' lang='lat' dir='ltr'><strong>tur;</strong></span> <span class='ocrx_word' id='word_1_155' title='bbox 625 2270 791 2341; x_wconf 90' lang='lat' dir='ltr'><strong>magis</strong></span> <span class='ocrx_word' id='word_1_156' title='bbox 817 2279 988 2324; x_wconf 81' lang='lat' dir='ltr'><strong>autent</strong></span> <span class='ocrx_word' id='word_1_157' title='bbox 1016 2272 1214 2327; x_wconf 91' lang='lat' dir='ltr'><strong>laboret</strong></span> <span class='ocrx_word' id='word_1_158' title='bbox 1237 2274 1501 2341; x_wconf 83' lang='lat' dir='ltr'><strong>operando</strong></span> <span class='ocrx_word' id='word_1_159' title='bbox 1530 2275 1768 2328; x_wconf 88' lang='lat' dir='ltr'><strong>manibus</strong></span> <span class='ocrx_word' id='word_1_160' title='bbox 1794 2276 1904 2329; x_wconf 88' lang='lat' dir='ltr'><strong>suis</strong></span> <span class='ocrx_word' id='word_1_161' title='bbox 1930 2276 2069 2345; x_wconf 89' lang='lat' dir='ltr'><strong>quod</strong></span> 
     </span>
    </p>
   </div>
   <div class='ocr_carea' id='block_1_26' title="bbox 479 2361 2071 2442">
    <p class='ocr_par' dir='ltr' id='par_1_26' title="bbox 479 2361 2071 2442">
     <span class='ocr_line' id='line_1_26' title="bbox 479 2361 2071 2442; baseline 0.006 -26"><span class='ocrx_word' id='word_1_162' title='bbox 479 2361 667 2417; x_wconf 85' lang='lat' dir='ltr'><strong>bonum</strong></span> <span class='ocrx_word' id='word_1_163' title='bbox 688 2373 783 2431; x_wconf 89' lang='lat' dir='ltr'><strong>est,</strong></span> <span class='ocrx_word' id='word_1_164' title='bbox 813 2375 865 2418; x_wconf 92' lang='lat' dir='ltr'><strong>ut</strong></span> <span class='ocrx_word' id='word_1_165' title='bbox 886 2365 1067 2420; x_wconf 85' lang='lat' dir='ltr'><strong>habeat</strong></span> <span class='ocrx_word' id='word_1_166' title='bbox 1094 2369 1232 2421; x_wconf 88' lang='lat' dir='ltr'><strong>unde</strong></span> <span class='ocrx_word' id='word_1_167' title='bbox 1254 2368 1444 2422; x_wconf 82' lang='lat' dir='ltr'><strong>tribuat</strong></span> <span class='ocrx_word' id='word_1_168' title='bbox 1474 2370 1826 2425; x_wconf 88' lang='lat' dir='ltr'><strong>necessitatem</strong></span> <span class='ocrx_word' id='word_1_169' title='bbox 1853 2373 2071 2442; x_wconf 76' lang='lat' dir='ltr'><strong>patienti</strong></span> 
     </span>
    </p>
   </div>
   <div class='ocr_carea' id='block_1_27' title="bbox 480 2454 2071 2535">
    <p class='ocr_par' dir='ltr' id='par_1_27' title="bbox 480 2454 2071 2535">
     <span class='ocr_line' id='line_1_27' title="bbox 480 2454 2071 2535; baseline 0.008 -26"><span class='ocrx_word' id='word_1_170' title='bbox 480 2454 699 2527; x_wconf 85' lang='lat' dir='ltr'><strong>(Ephes.</strong></span> <span class='ocrx_word' id='word_1_171' title='bbox 732 2457 830 2528; x_wconf 81' lang='grc' dir='ltr'><strong>ιν).</strong></span> <span class='ocrx_word' id='word_1_172' title='bbox 875 2457 932 2513; x_wconf 86' lang='lat' dir='ltr'><strong>In</strong></span> <span class='ocrx_word' id='word_1_173' title='bbox 966 2460 1191 2514; x_wconf 86' lang='lat' dir='ltr'><strong>Actibus</strong></span> <span class='ocrx_word' id='word_1_174' title='bbox 1221 2462 1383 2517; x_wconf 91' lang='lat' dir='ltr'><strong>etiam</strong></span> <span class='ocrx_word' id='word_1_175' title='bbox 1426 2464 1794 2535; x_wconf 84' lang='lat' dir='ltr'><strong>apostolorum</strong></span> <span class='ocrx_word' id='word_1_176' title='bbox 1830 2466 1943 2521; x_wconf 68' lang='lat' dir='ltr'><strong>hate</strong></span> <span class='ocrx_word' id='word_1_177' title='bbox 1978 2481 2071 2521; x_wconf 89' lang='lat' dir='ltr'><strong>ea-</strong></span> 
     </span>
    </p>
   </div>
   <div class='ocr_carea' id='block_1_28' title="bbox 481 2547 2070 2628">
    <p class='ocr_par' dir='ltr' id='par_1_28' title="bbox 481 2547 2070 2628">
     <span class='ocr_line' id='line_1_28' title="bbox 481 2547 2070 2628; baseline 0.008 -27"><span class='ocrx_word' id='word_1_178' title='bbox 481 2547 606 2602; x_wconf 87' lang='lat' dir='ltr'><strong>dem</strong></span> <span class='ocrx_word' id='word_1_179' title='bbox 638 2565 745 2604; x_wconf 88' lang='lat' dir='ltr'><strong>non</strong></span> <span class='ocrx_word' id='word_1_180' title='bbox 777 2551 953 2606; x_wconf 89' lang='lat' dir='ltr'><strong>solum</strong></span> <span class='ocrx_word' id='word_1_181' title='bbox 984 2552 1237 2608; x_wconf 89' lang='lat' dir='ltr'><strong>docuisse</strong></span> <span class='ocrx_word' id='word_1_182' title='bbox 1265 2567 1409 2619; x_wconf 90' lang='lat' dir='ltr'><strong>eum,</strong></span> <span class='ocrx_word' id='word_1_183' title='bbox 1438 2556 1535 2611; x_wconf 92' lang='lat' dir='ltr'><strong>sed</strong></span> <span class='ocrx_word' id='word_1_184' title='bbox 1566 2557 1728 2612; x_wconf 91' lang='lat' dir='ltr'><strong>etiam</strong></span> <span class='ocrx_word' id='word_1_185' title='bbox 1757 2572 1923 2628; x_wconf 89' lang='lat' dir='ltr'><strong>opere</strong></span> <span class='ocrx_word' id='word_1_186' title='bbox 1947 2573 2070 2628; x_wconf 90' lang='lat' dir='ltr'><strong>per-</strong></span> 
     </span>
    </p>
   </div>
   <div class='ocr_carea' id='block_1_29' title="bbox 483 2635 2069 2706">
    <p class='ocr_par' dir='ltr' id='par_1_29' title="bbox 483 2635 2069 2706">
     <span class='ocr_line' id='line_1_29' title="bbox 483 2635 2069 2706; baseline 0.008 -15"><span class='ocrx_word' id='word_1_187' title='bbox 483 2635 701 2706; x_wconf 75' lang='lat' dir='ltr'><strong>iecisse,</strong></span> <span class='ocrx_word' id='word_1_188' title='bbox 729 2639 979 2695; x_wconf 88' lang='lat' dir='ltr'><strong>similiter</strong></span> <span class='ocrx_word' id='word_1_189' title='bbox 1008 2641 1333 2698; x_wconf 85' lang='lat' dir='ltr'><strong>invenimus.</strong></span> <span class='ocrx_word' id='word_1_190' title='bbox 1367 2643 1499 2699; x_wconf 84' lang='lat' dir='ltr'><strong>Nam</strong></span> <span class='ocrx_word' id='word_1_191' title='bbox 1540 2662 1662 2702; x_wconf 92' lang='lat' dir='ltr'><strong>cum</strong></span> <span class='ocrx_word' id='word_1_192' title='bbox 1699 2647 1938 2703; x_wconf 86' lang='lat' dir='ltr'><strong>venisset</strong></span> <span class='ocrx_word' id='word_1_193' title='bbox 1965 2648 2069 2703; x_wconf 91' lang='lat' dir='ltr'><strong>Co-</strong></span> 
     </span>
    </p>
   </div>
   <div class='ocr_carea' id='block_1_30' title="bbox 480 2732 2069 2814">
    <p class='ocr_par' dir='ltr' id='par_1_30' title="bbox 480 2732 2069 2814">
     <span class='ocr_line' id='line_1_30' title="bbox 480 2732 2069 2814; baseline 0.008 -27"><span class='ocrx_word' id='word_1_194' title='bbox 480 2732 745 2802; x_wconf 86' lang='lat' dir='ltr'><strong>rinthum,</strong></span> <span class='ocrx_word' id='word_1_195' title='bbox 796 2735 920 2790; x_wconf 83' lang='lat' dir='ltr'><strong>alibi</strong></span> <span class='ocrx_word' id='word_1_196' title='bbox 970 2750 1031 2791; x_wconf 89' lang='lat' dir='ltr'><strong>se</strong></span> <span class='ocrx_word' id='word_1_197' title='bbox 1077 2754 1304 2793; x_wconf 89' lang='lat' dir='ltr'><strong>manere</strong></span> <span class='ocrx_word' id='word_1_198' title='bbox 1356 2756 1461 2794; x_wconf 90' lang='lat' dir='ltr'><strong>non</strong></span> <span class='ocrx_word' id='word_1_199' title='bbox 1506 2742 1727 2811; x_wconf 88' lang='lat' dir='ltr'><strong>patitur,</strong></span> <span class='ocrx_word' id='word_1_200' title='bbox 1784 2744 1886 2798; x_wconf 90' lang='lat' dir='ltr'><strong>nisi</strong></span> <span class='ocrx_word' id='word_1_201' title='bbox 1927 2743 2069 2814; x_wconf 89' lang='lat' dir='ltr'><strong>apud</strong></span> 
     </span>
    </p>
   </div>
   <div class='ocr_carea' id='block_1_31' title="bbox 481 2824 2062 2905">
    <p class='ocr_par' dir='ltr' id='par_1_31' title="bbox 481 2824 2062 2905">
     <span class='ocr_line' id='line_1_31' title="bbox 481 2824 2062 2905; baseline 0.008 -24"><span class='ocrx_word' id='word_1_202' title='bbox 481 2824 725 2896; x_wconf 83' lang='lat' dir='ltr'><strong>Aquilam</strong></span> <span class='ocrx_word' id='word_1_203' title='bbox 749 2837 802 2884; x_wconf 90' lang='lat' dir='ltr'><strong>et</strong></span> <span class='ocrx_word' id='word_1_204' title='bbox 836 2828 1154 2899; x_wconf 86' lang='lat' dir='ltr'><strong>Priscillam,</strong></span> <span class='ocrx_word' id='word_1_205' title='bbox 1185 2848 1251 2888; x_wconf 88' lang='lat' dir='ltr'><strong>eo</strong></span> <span class='ocrx_word' id='word_1_206' title='bbox 1281 2834 1422 2904; x_wconf 83' lang='lat' dir='ltr'><strong>quod</strong></span> <span class='ocrx_word' id='word_1_207' title='bbox 1447 2834 1687 2905; x_wconf 88' lang='lat' dir='ltr'><strong>ejusdem</strong></span> <span class='ocrx_word' id='word_1_208' title='bbox 1718 2839 1851 2892; x_wconf 88' lang='lat' dir='ltr'><strong>artis</strong></span> <span class='ocrx_word' id='word_1_209' title='bbox 1876 2848 2062 2894; x_wconf 89' lang='lat' dir='ltr'><strong>essent</strong></span> 
     </span>
    </p>
   </div>
   <div class='ocr_carea' id='block_1_32' title="bbox 481 2920 2066 2993">
    <p class='ocr_par' dir='ltr' id='par_1_32' title="bbox 481 2920 2066 2993">
     <span class='ocr_line' id='line_1_32' title="bbox 481 2920 2066 2993; baseline 0.009 -20"><span class='ocrx_word' id='word_1_210' title='bbox 481 2920 705 2987; x_wconf 84' lang='lat' dir='ltr'><strong>Opiﬁces</strong></span> <span class='ocrx_word' id='word_1_211' title='bbox 745 2937 906 2991; x_wconf 91' lang='lat' dir='ltr'><strong>quam</strong></span> <span class='ocrx_word' id='word_1_212' title='bbox 951 2925 1067 2993; x_wconf 90' lang='lat' dir='ltr'><strong>ipse</strong></span> <span class='ocrx_word' id='word_1_213' title='bbox 1114 2934 1233 2981; x_wconf 91' lang='lat' dir='ltr'><strong>erat</strong></span> <span class='ocrx_word' id='word_1_214' title='bbox 1271 2928 1464 2983; x_wconf 89' lang='lat' dir='ltr'><strong>solitus</strong></span> <span class='ocrx_word' id='word_1_215' title='bbox 1503 2944 1783 2986; x_wconf 88' lang='lat' dir='ltr'><strong>exercere.</strong></span> <span class='ocrx_word' id='word_1_216' title='bbox 1817 2932 1892 2986; x_wconf 91' lang='lat' dir='ltr'><strong>Ita</strong></span> <span class='ocrx_word' id='word_1_217' title='bbox 1920 2932 2066 2987; x_wconf 91' lang='lat' dir='ltr'><strong>enim</strong></span> 
     </span>
    </p>
   </div>
   <div class='ocr_carea' id='block_1_33' title="bbox 481 3013 2070 3096">
    <p class='ocr_par' dir='ltr' id='par_1_33' title="bbox 481 3013 2070 3096">
     <span class='ocr_line' id='line_1_33' title="bbox 481 3013 2070 3096; baseline 0.008 -29"><span class='ocrx_word' id='word_1_218' title='bbox 481 3013 685 3069; x_wconf 87' lang='lat' dir='ltr'><strong>habes:</strong></span> <span class='ocrx_word' id='word_1_219' title='bbox 714 3013 845 3071; x_wconf 86' lang='lat' dir='ltr'><strong>Post</strong></span> <span class='ocrx_word' id='word_1_220' title='bbox 885 3016 996 3072; x_wconf 67' lang='lat' dir='ltr'><strong>haec</strong></span> <span class='ocrx_word' id='word_1_221' title='bbox 1045 3017 1247 3074; x_wconf 85' lang='lat' dir='ltr'><strong>Paulus</strong></span> <span class='ocrx_word' id='word_1_222' title='bbox 1288 3038 1519 3091; x_wconf 88' lang='lat' dir='ltr'><strong>egressus</strong></span> <span class='ocrx_word' id='word_1_223' title='bbox 1561 3024 1622 3079; x_wconf 90' lang='lat' dir='ltr'><strong>ab</strong></span> <span class='ocrx_word' id='word_1_224' title='bbox 1668 3026 1903 3096; x_wconf 83' lang='lat' dir='ltr'><strong>Athenis,</strong></span> <span class='ocrx_word' id='word_1_225' title='bbox 1936 3028 2070 3082; x_wconf 87' lang='lat' dir='ltr'><strong>venit</strong></span> 
     </span>
    </p>
   </div>
   <div class='ocr_carea' id='block_1_34' title="bbox 2164 418 3752 495">
    <p class='ocr_par' dir='ltr' id='par_1_34' title="bbox 2164 418 3752 495">
     <span class='ocr_line' id='line_1_34' title="bbox 2164 418 3752 495; baseline -0.007 -16"><span class='ocrx_word' id='word_1_226' title='bbox 2164 426 2379 480; x_wconf 89' lang='lat' dir='ltr'><strong>accessit</strong></span> <span class='ocrx_word' id='word_1_227' title='bbox 2405 424 2472 478; x_wconf 89' lang='lat' dir='ltr'><strong>ad</strong></span> <span class='ocrx_word' id='word_1_228' title='bbox 2509 440 2616 491; x_wconf 89' lang='lat' dir='ltr'><strong>eos,</strong></span> <span class='ocrx_word' id='word_1_229' title='bbox 2649 440 2708 479; x_wconf 93' lang='lat' dir='ltr'><strong>eo</strong></span> <span class='ocrx_word' id='word_1_230' title='bbox 2735 424 2873 495; x_wconf 91' lang='lat' dir='ltr'><strong>quod</strong></span> <span class='ocrx_word' id='word_1_231' title='bbox 2911 421 3137 493; x_wconf 84' lang='lat' dir='ltr'><strong>ejusdem</strong></span> <span class='ocrx_word' id='word_1_232' title='bbox 3171 428 3339 475; x_wconf 82' lang='lat' dir='ltr'><strong>essent</strong></span> <span class='ocrx_word' id='word_1_233' title='bbox 3382 418 3531 484; x_wconf 88' lang='lat' dir='ltr'><strong>artis,</strong></span> <span class='ocrx_word' id='word_1_234' title='bbox 3560 424 3607 470; x_wconf 86' lang='lat' dir='ltr'><strong>et</strong></span> <span class='ocrx_word' id='word_1_235' title='bbox 3632 431 3752 469; x_wconf 79' lang='lat' dir='ltr'><strong>ma-</strong></span> 
     </span>
    </p>
   </div>
   <div class='ocr_carea' id='block_1_35' title="bbox 2163 510 3753 581">
    <p class='ocr_par' dir='ltr' id='par_1_35' title="bbox 2163 510 3753 581">
     <span class='ocr_line' id='line_1_35' title="bbox 2163 510 3753 581; baseline -0.005 -11"><span class='ocrx_word' id='word_1_236' title='bbox 2163 516 2311 570; x_wconf 91' lang='lat' dir='ltr'><strong>nebat</strong></span> <span class='ocrx_word' id='word_1_237' title='bbox 2336 531 2453 569; x_wconf 88' lang='lat' dir='ltr'><strong>cum</strong></span> <span class='ocrx_word' id='word_1_238' title='bbox 2479 516 2572 581; x_wconf 83' lang='lat' dir='ltr'><strong>eis.</strong></span> <span class='ocrx_word' id='word_1_239' title='bbox 2598 524 2643 569; x_wconf 87' lang='lat' dir='ltr'><strong>et</strong></span> <span class='ocrx_word' id='word_1_240' title='bbox 2672 515 3002 581; x_wconf 84' lang='lat' dir='ltr'><strong>operabatur.</strong></span> <span class='ocrx_word' id='word_1_241' title='bbox 3030 522 3051 551; x_wconf 72' lang='grc' dir='ltr'><strong><em>ε</em></strong></span> <span class='ocrx_word' id='word_1_242' title='bbox 3080 510 3247 566; x_wconf 84' lang='lat' dir='ltr'><strong>Erant</strong></span> <span class='ocrx_word' id='word_1_243' title='bbox 3266 510 3405 566; x_wconf 90' lang='lat' dir='ltr'><strong>enim</strong></span> <span class='ocrx_word' id='word_1_244' title='bbox 3431 510 3753 579; x_wconf 77' lang='lat' dir='ltr'><strong>scenofacto-</strong></span> 
     </span>
    </p>
   </div>
   <div class='ocr_carea' id='block_1_36' title="bbox 2164 605 2838 679">
    <p class='ocr_par' dir='ltr' id='par_1_36' title="bbox 2164 605 2838 679">
     <span class='ocr_line' id='line_1_36' title="bbox 2164 605 2838 679; baseline -0.004 -16"><span class='ocrx_word' id='word_1_245' title='bbox 2164 610 2259 663; x_wconf 80' lang='lat' dir='ltr'><strong>ria:</strong></span> <span class='ocrx_word' id='word_1_246' title='bbox 2283 608 2408 663; x_wconf 86' lang='lat' dir='ltr'><strong>artis</strong></span> <span class='ocrx_word' id='word_1_247' title='bbox 2438 606 2635 679; x_wconf 85' lang='lat' dir='ltr'><strong>(Actor.</strong></span> <span class='ocrx_word' id='word_1_248' title='bbox 2665 605 2838 677; x_wconf 88' lang='lat' dir='ltr'><strong>xvtn).</strong></span> 
     </span>
    </p>
   </div>
   <div class='ocr_carea' id='block_1_37' title="bbox 2726 692 3166 752">
    <p class='ocr_par' dir='ltr' id='par_1_37' title="bbox 2726 692 3166 752">
     <span class='ocr_line' id='line_1_37' title="bbox 2726 692 3166 752; baseline -0.011 0"><span class='ocrx_word' id='word_1_249' title='bbox 2726 694 2955 752; x_wconf 83' lang='lat' dir='ltr'><strong>CAPUT</strong></span> <span class='ocrx_word' id='word_1_250' title='bbox 2976 692 3166 749; x_wconf 75' lang='lat' dir='ltr'><strong>XVIII.</strong></span> 
     </span>
    </p>
   </div>
   <div class='ocr_carea' id='block_1_38' title="bbox 2170 781 3758 860">
    <p class='ocr_par' dir='ltr' id='par_1_38' title="bbox 2170 781 3758 860">
     <span class='ocr_line' id='line_1_38' title="bbox 2170 781 3758 860; baseline -0.004 -17"><span class='ocrx_word' id='word_1_251' title='bbox 2170 789 2322 859; x_wconf 91' lang='lat' dir='ltr'><strong>Quod</strong></span> <span class='ocrx_word' id='word_1_252' title='bbox 2343 796 2539 843; x_wconf 81' lang='lat' dir='ltr'><strong>tantum</strong></span> <span class='ocrx_word' id='word_1_253' title='bbox 2560 797 2803 860; x_wconf 88' lang='lat' dir='ltr'><strong>operatus</strong></span> <span class='ocrx_word' id='word_1_254' title='bbox 2823 788 2891 840; x_wconf 87' lang='lat' dir='ltr'><strong>sit</strong></span> <span class='ocrx_word' id='word_1_255' title='bbox 2919 785 3217 860; x_wconf 82' lang='lat' dir='ltr'><strong>Apostolus,</strong></span> <span class='ocrx_word' id='word_1_256' title='bbox 3242 791 3497 860; x_wconf 78' lang='lat' dir='ltr'><strong>quantum</strong></span> <span class='ocrx_word' id='word_1_257' title='bbox 3511 789 3564 860; x_wconf 76' lang='lat' dir='ltr'><strong>et</strong></span> <span class='ocrx_word' id='word_1_258' title='bbox 3588 781 3686 835; x_wconf 84' lang='lat' dir='ltr'><strong>sibi</strong></span> <span class='ocrx_word' id='word_1_259' title='bbox 3706 788 3758 837; x_wconf 85' lang='lat' dir='ltr'><strong>et</strong></span> 
     </span>
    </p>
   </div>
   <div class='ocr_carea' id='block_1_39' title="bbox 2236 852 3678 928">
    <p class='ocr_par' dir='ltr' id='par_1_39' title="bbox 2236 852 3678 928">
     <span class='ocr_line' id='line_1_39' title="bbox 2236 852 3678 928; baseline -0.006 -13"><span class='ocrx_word' id='word_1_260' title='bbox 2236 861 2357 915; x_wconf 88' lang='lat' dir='ltr'><strong>aliis</strong></span> <span class='ocrx_word' id='word_1_261' title='bbox 2381 860 2467 925; x_wconf 90' lang='lat' dir='ltr'><strong>qui</strong></span> <span class='ocrx_word' id='word_1_262' title='bbox 2489 852 2603 913; x_wconf 77' lang='lat' dir='ltr'><strong>cuni</strong></span> <span class='ocrx_word' id='word_1_263' title='bbox 2631 878 2689 913; x_wconf 86' lang='lat' dir='ltr'><strong>co</strong></span> <span class='ocrx_word' id='word_1_264' title='bbox 2716 866 2859 914; x_wconf 90' lang='lat' dir='ltr'><strong>erant</strong></span> <span class='ocrx_word' id='word_1_265' title='bbox 2886 852 3124 928; x_wconf 75' lang='lat' dir='ltr'><strong>sufﬁcere</strong></span> <span class='ocrx_word' id='word_1_266' title='bbox 3143 852 3288 927; x_wconf 85' lang='lat' dir='ltr'><strong>posse</strong></span> <span class='ocrx_word' id='word_1_267' title='bbox 3310 852 3678 908; x_wconf 87' lang='lat' dir='ltr'><strong>arbitrabatur.</strong></span> 
     </span>
    </p>
   </div>
   <div class='ocr_carea' id='block_1_40' title="bbox 2239 965 3761 1040">
    <p class='ocr_par' dir='ltr' id='par_1_40' title="bbox 2239 965 3761 1040">
     <span class='ocr_line' id='line_1_40' title="bbox 2239 965 3761 1040; baseline -0.003 -13"><span class='ocrx_word' id='word_1_268' title='bbox 2239 969 2822 1040; x_wconf 69' lang='lat' dir='ltr'><strong>Deindedprocedens</strong></span> <span class='ocrx_word' id='word_1_269' title='bbox 2868 970 3132 1030; x_wconf 86' lang='lat' dir='ltr'><strong>Miletum.</strong></span> <span class='ocrx_word' id='word_1_270' title='bbox 3181 978 3236 1023; x_wconf 90' lang='lat' dir='ltr'><strong>et</strong></span> <span class='ocrx_word' id='word_1_271' title='bbox 3279 967 3482 1022; x_wconf 80' lang='lat' dir='ltr'><strong>exinde</strong></span> <span class='ocrx_word' id='word_1_272' title='bbox 3530 965 3761 1022; x_wconf 87' lang='lat' dir='ltr'><strong>mittens</strong></span> 
     </span>
    </p>
   </div>
   <div class='ocr_carea' id='block_1_41' title="bbox 2168 1060 3763 1135">
    <p class='ocr_par' dir='ltr' id='par_1_41' title="bbox 2168 1060 3763 1135">
     <span class='ocr_line' id='line_1_41' title="bbox 2168 1060 3763 1135; baseline -0.004 -14"><span class='ocrx_word' id='word_1_273' title='bbox 2168 1064 2466 1135; x_wconf 87' lang='lat' dir='ltr'><strong>Ephesum,</strong></span> <span class='ocrx_word' id='word_1_274' title='bbox 2498 1079 2911 1135; x_wconf 88' lang='lat' dir='ltr'><strong>convocansque</strong></span> <span class='ocrx_word' id='word_1_275' title='bbox 2937 1063 3004 1118; x_wconf 90' lang='lat' dir='ltr'><strong>ad</strong></span> <span class='ocrx_word' id='word_1_276' title='bbox 3028 1078 3088 1118; x_wconf 87' lang='lat' dir='ltr'><strong>se</strong></span> <span class='ocrx_word' id='word_1_277' title='bbox 3111 1062 3459 1134; x_wconf 84' lang='lat' dir='ltr'><strong>presbyteros</strong></span> <span class='ocrx_word' id='word_1_278' title='bbox 3490 1060 3763 1130; x_wconf 87' lang='lat' dir='ltr'><strong>Ephesio-</strong></span> 
     </span>
    </p>
   </div>
   <div class='ocr_carea' id='block_1_42' title="bbox 2124 1153 3757 1225">
    <p class='ocr_par' dir='ltr' id='par_1_42' title="bbox 2124 1153 3757 1225">
     <span class='ocr_line' id='line_1_42' title="bbox 2124 1153 3757 1225; baseline 0 -16"><span class='ocrx_word' id='word_1_279' title='bbox 2124 1204 2131 1209; x_wconf 85' lang='lat'><strong>.</strong></span> <span class='ocrx_word' id='word_1_280' title='bbox 2168 1173 2285 1213; x_wconf 88' lang='lat' dir='ltr'><strong>rum</strong></span> <span class='ocrx_word' id='word_1_281' title='bbox 2317 1157 2593 1225; x_wconf 73' lang='lat' dir='ltr'><strong>Ecclesiae,</strong></span> <span class='ocrx_word' id='word_1_282' title='bbox 2624 1167 2680 1213; x_wconf 90' lang='lat' dir='ltr'><strong>et</strong></span> <span class='ocrx_word' id='word_1_283' title='bbox 2716 1157 2849 1211; x_wconf 89' lang='lat' dir='ltr'><strong>dans</strong></span> <span class='ocrx_word' id='word_1_284' title='bbox 2889 1156 2969 1211; x_wconf 92' lang='lat' dir='ltr'><strong>eis</strong></span> <span class='ocrx_word' id='word_1_285' title='bbox 3003 1163 3269 1224; x_wconf 67' lang='lat' dir='ltr'><strong>praecepta</strong></span> <span class='ocrx_word' id='word_1_286' title='bbox 3296 1153 3757 1223; x_wconf 85' lang='lat' dir='ltr'><strong>quemadmodum</strong></span> 
     </span>
    </p>
   </div>
   <div class='ocr_carea' id='block_1_43' title="bbox 2167 1246 3762 1323">
    <p class='ocr_par' dir='ltr' id='par_1_43' title="bbox 2167 1246 3762 1323">
     <span class='ocr_line' id='line_1_43' title="bbox 2167 1246 3762 1323; baseline -0.006 -15"><span class='ocrx_word' id='word_1_287' title='bbox 2167 1268 2358 1323; x_wconf 83' lang='lat' dir='ltr'><strong>regere</strong></span> <span class='ocrx_word' id='word_1_288' title='bbox 2384 1252 2683 1308; x_wconf 88' lang='lat' dir='ltr'><strong>Ecclesiam</strong></span> <span class='ocrx_word' id='word_1_289' title='bbox 2718 1250 2815 1306; x_wconf 90' lang='lat' dir='ltr'><strong>Dei</strong></span> <span class='ocrx_word' id='word_1_290' title='bbox 2846 1266 2905 1306; x_wconf 90' lang='lat' dir='ltr'><strong>se</strong></span> <span class='ocrx_word' id='word_1_291' title='bbox 2928 1250 3153 1305; x_wconf 88' lang='lat' dir='ltr'><strong>absente</strong></span> <span class='ocrx_word' id='word_1_292' title='bbox 3177 1248 3464 1314; x_wconf 86' lang='lat' dir='ltr'><strong>deberent,</strong></span> <span class='ocrx_word' id='word_1_293' title='bbox 3495 1247 3571 1302; x_wconf 89' lang='lat' dir='ltr'><strong>ait</strong></span> <span class='ocrx_word' id='word_1_294' title='bbox 3597 1264 3610 1299; x_wconf 91' lang='lat'>:</span> <span class='ocrx_word' id='word_1_295' title='bbox 3646 1246 3762 1300; x_wconf 88' lang='lat' dir='ltr'><strong>Au-</strong></span> 
     </span>
    </p>
   </div>
   <div class='ocr_carea' id='block_1_44' title="bbox 2166 1340 3761 1415">
    <p class='ocr_par' dir='ltr' id='par_1_44' title="bbox 2166 1340 3761 1415">
     <span class='ocr_line' id='line_1_44' title="bbox 2166 1340 3761 1415; baseline -0.004 -18"><span class='ocrx_word' id='word_1_296' title='bbox 2166 1360 2284 1397; x_wconf 90' lang='lat' dir='ltr'><strong>rum</strong></span> <span class='ocrx_word' id='word_1_297' title='bbox 2309 1353 2356 1398; x_wconf 90' lang='lat' dir='ltr'><strong>et</strong></span> <span class='ocrx_word' id='word_1_298' title='bbox 2381 1353 2645 1415; x_wconf 84' lang='lat' dir='ltr'><strong>argentum</strong></span> <span class='ocrx_word' id='word_1_299' title='bbox 2666 1343 2858 1396; x_wconf 86' lang='lat' dir='ltr'><strong>nullius</strong></span> <span class='ocrx_word' id='word_1_300' title='bbox 2889 1341 3178 1409; x_wconf 81' lang='lat' dir='ltr'><strong>concupiui.</strong></span> <span class='ocrx_word' id='word_1_301' title='bbox 3207 1340 3306 1411; x_wconf 84' lang='lat' dir='ltr'><strong>ipsi</strong></span> <span class='ocrx_word' id='word_1_302' title='bbox 3339 1340 3480 1393; x_wconf 88' lang='lat' dir='ltr'><strong>scitis</strong></span> <span class='ocrx_word' id='word_1_303' title='bbox 3509 1340 3761 1408; x_wconf 87' lang='lat' dir='ltr'><strong>quoniam</strong></span> 
     </span>
    </p>
   </div>
   <div class='ocr_carea' id='block_1_45' title="bbox 2168 1431 3761 1506">
    <p class='ocr_par' dir='ltr' id='par_1_45' title="bbox 2168 1431 3761 1506">
     <span class='ocr_line' id='line_1_45' title="bbox 2168 1431 3761 1506; baseline -0.006 -16"><span class='ocrx_word' id='word_1_304' title='bbox 2168 1438 2237 1490; x_wconf 89' lang='lat' dir='ltr'><strong>ad</strong></span> <span class='ocrx_word' id='word_1_305' title='bbox 2264 1438 2437 1490; x_wconf 87' lang='lat' dir='ltr'><strong>omnia</strong></span> <span class='ocrx_word' id='word_1_306' title='bbox 2464 1452 2581 1506; x_wconf 69' lang='lat' dir='ltr'><strong>qua:</strong></span> <span class='ocrx_word' id='word_1_307' title='bbox 2604 1435 2729 1489; x_wconf 90' lang='lat' dir='ltr'><strong>mihi</strong></span> <span class='ocrx_word' id='word_1_308' title='bbox 2751 1450 2881 1504; x_wconf 90' lang='lat' dir='ltr'><strong>opus</strong></span> <span class='ocrx_word' id='word_1_309' title='bbox 2902 1443 3066 1497; x_wconf 89' lang='lat' dir='ltr'><strong>erant,</strong></span> <span class='ocrx_word' id='word_1_310' title='bbox 3098 1442 3144 1485; x_wconf 89' lang='lat' dir='ltr'><strong>et</strong></span> <span class='ocrx_word' id='word_1_311' title='bbox 3171 1431 3250 1485; x_wconf 86' lang='lat' dir='ltr'><strong>his</strong></span> <span class='ocrx_word' id='word_1_312' title='bbox 3279 1432 3365 1501; x_wconf 85' lang='lat' dir='ltr'><strong>qui</strong></span> <span class='ocrx_word' id='word_1_313' title='bbox 3392 1446 3592 1484; x_wconf 89' lang='lat' dir='ltr'><strong>mecum</strong></span> <span class='ocrx_word' id='word_1_314' title='bbox 3611 1440 3761 1496; x_wconf 79' lang='lat' dir='ltr'><strong>sunt,</strong></span> 
     </span>
    </p>
   </div>
   <div class='ocr_carea' id='block_1_46' title="bbox 2167 1524 3764 1592">
    <p class='ocr_par' dir='ltr' id='par_1_46' title="bbox 2167 1524 3764 1592">
     <span class='ocr_line' id='line_1_46' title="bbox 2167 1524 3764 1592; baseline -0.003 -9"><span class='ocrx_word' id='word_1_315' title='bbox 2167 1530 2585 1585; x_wconf 84' lang='lat' dir='ltr'><strong>ministraverunt</strong></span> <span class='ocrx_word' id='word_1_316' title='bbox 2615 1546 2797 1583; x_wconf 87' lang='lat' dir='ltr'><strong>manus</strong></span> <span class='ocrx_word' id='word_1_317' title='bbox 2823 1529 2953 1582; x_wconf 61' lang='lat' dir='ltr'><strong>istae.</strong></span> <span class='ocrx_word' id='word_1_318' title='bbox 2990 1527 3183 1582; x_wconf 84' lang='lat' dir='ltr'><strong>Omnia</strong></span> <span class='ocrx_word' id='word_1_319' title='bbox 3207 1526 3409 1580; x_wconf 87' lang='lat' dir='ltr'><strong>ostendi</strong></span> <span class='ocrx_word' id='word_1_320' title='bbox 3448 1524 3607 1588; x_wconf 81' lang='lat' dir='ltr'><strong>vobis,</strong></span> <span class='ocrx_word' id='word_1_321' title='bbox 3634 1525 3764 1592; x_wconf 78' lang='lat' dir='ltr'><strong>quia</strong></span> 
     </span>
    </p>
   </div>
   <div class='ocr_carea' id='block_1_47' title="bbox 2169 1619 3765 1694">
    <p class='ocr_par' dir='ltr' id='par_1_47' title="bbox 2169 1619 3765 1694">
     <span class='ocr_line' id='line_1_47' title="bbox 2169 1619 3765 1694; baseline -0.004 -15"><span class='ocrx_word' id='word_1_322' title='bbox 2169 1625 2243 1679; x_wconf 91' lang='lat' dir='ltr'><strong>sic</strong></span> <span class='ocrx_word' id='word_1_323' title='bbox 2269 1624 2560 1678; x_wconf 86' lang='lat' dir='ltr'><strong>laborantes</strong></span> <span class='ocrx_word' id='word_1_324' title='bbox 2580 1633 2776 1694; x_wconf 89' lang='lat' dir='ltr'><strong>oportet</strong></span> <span class='ocrx_word' id='word_1_325' title='bbox 2796 1623 3054 1691; x_wconf 88' lang='lat' dir='ltr'><strong>suscipere</strong></span> <span class='ocrx_word' id='word_1_326' title='bbox 3084 1620 3338 1689; x_wconf 79' lang='lat' dir='ltr'><strong>inﬁmos,</strong></span> <span class='ocrx_word' id='word_1_327' title='bbox 3373 1635 3433 1673; x_wconf 87' lang='lat' dir='ltr'><strong>ac</strong></span> <span class='ocrx_word' id='word_1_328' title='bbox 3465 1619 3765 1673; x_wconf 84' lang='lat' dir='ltr'><strong>meminisse</strong></span> 
     </span>
    </p>
   </div>
   <div class='ocr_carea' id='block_1_48' title="bbox 2100 1709 3767 1784">
    <p class='ocr_par' dir='ltr' id='par_1_48' title="bbox 2100 1709 3767 1784">
     <span class='ocr_line' id='line_1_48' title="bbox 2100 1709 3767 1784; baseline -0.005 -13"><span class='ocrx_word' id='word_1_329' title='bbox 2100 1710 2150 1771; x_wconf 87' lang='lat' dir='ltr'><strong>B</strong></span> <span class='ocrx_word' id='word_1_330' title='bbox 2175 1718 2309 1773; x_wconf 88' lang='lat' dir='ltr'><strong>verbi</strong></span> <span class='ocrx_word' id='word_1_331' title='bbox 2358 1716 2564 1771; x_wconf 89' lang='lat' dir='ltr'><strong>Domini</strong></span> <span class='ocrx_word' id='word_1_332' title='bbox 2602 1715 2749 1781; x_wconf 77' lang='lat' dir='ltr'><strong>Iesu,</strong></span> <span class='ocrx_word' id='word_1_333' title='bbox 2783 1716 3027 1784; x_wconf 87' lang='lat' dir='ltr'><strong>quoniam</strong></span> <span class='ocrx_word' id='word_1_334' title='bbox 3074 1714 3185 1781; x_wconf 90' lang='lat' dir='ltr'><strong>ipse</strong></span> <span class='ocrx_word' id='word_1_335' title='bbox 3231 1712 3363 1766; x_wconf 73' lang='lat' dir='ltr'><strong>dixit</strong></span> <span class='ocrx_word' id='word_1_336' title='bbox 3386 1727 3405 1765; x_wconf 90' lang='lat'><strong><em>:</em></strong></span> <span class='ocrx_word' id='word_1_337' title='bbox 3432 1709 3647 1765; x_wconf 88' lang='lat' dir='ltr'><strong>Beatius</strong></span> <span class='ocrx_word' id='word_1_338' title='bbox 3688 1719 3767 1764; x_wconf 85' lang='lat' dir='ltr'><strong>est</strong></span> 
     </span>
    </p>
   </div>
   <div class='ocr_carea' id='block_1_49' title="bbox 2171 1800 3766 1882">
    <p class='ocr_par' dir='ltr' id='par_1_49' title="bbox 2171 1800 3766 1882">
     <span class='ocr_line' id='line_1_49' title="bbox 2171 1800 3766 1882; baseline -0.004 -18"><span class='ocrx_word' id='word_1_339' title='bbox 2171 1811 2335 1882; x_wconf 88' lang='lat' dir='ltr'><strong>magis</strong></span> <span class='ocrx_word' id='word_1_340' title='bbox 2351 1809 2495 1877; x_wconf 89' lang='lat' dir='ltr'><strong>dare,</strong></span> <span class='ocrx_word' id='word_1_341' title='bbox 2512 1825 2668 1880; x_wconf 87' lang='lat' dir='ltr'><strong>quam</strong></span> <span class='ocrx_word' id='word_1_342' title='bbox 2687 1807 3129 1879; x_wconf 87' lang='lat' dir='ltr'><strong>accipere(Actor.</strong></span> <span class='ocrx_word' id='word_1_343' title='bbox 3156 1804 3277 1875; x_wconf 84' lang='lat' dir='ltr'><strong>xx).</strong></span> <span class='ocrx_word' id='word_1_344' title='bbox 3295 1803 3474 1860; x_wconf 83' lang='lat' dir='ltr'><strong>Grave</strong></span> <span class='ocrx_word' id='word_1_345' title='bbox 3504 1800 3766 1875; x_wconf 63' lang='lat' dir='ltr'><strong>lgrande]</strong></span> 
     </span>
    </p>
   </div>
   <div class='ocr_carea' id='block_1_50' title="bbox 2172 1897 3768 1970">
    <p class='ocr_par' dir='ltr' id='par_1_50' title="bbox 2172 1897 3768 1970">
     <span class='ocr_line' id='line_1_50' title="bbox 2172 1897 3768 1970; baseline -0.007 -10"><span class='ocrx_word' id='word_1_346' title='bbox 2172 1904 2331 1960; x_wconf 91' lang='lat' dir='ltr'><strong>nobis</strong></span> <span class='ocrx_word' id='word_1_347' title='bbox 2374 1918 2487 1958; x_wconf 69' lang='lat' dir='ltr'><strong>sua:</strong></span> <span class='ocrx_word' id='word_1_348' title='bbox 2532 1902 2965 1957; x_wconf 87' lang='lat' dir='ltr'><strong>conversationis</strong></span> <span class='ocrx_word' id='word_1_349' title='bbox 3004 1900 3226 1970; x_wconf 89' lang='lat' dir='ltr'><strong>reliquit</strong></span> <span class='ocrx_word' id='word_1_350' title='bbox 3268 1897 3601 1966; x_wconf 83' lang='lat' dir='ltr'><strong>exemplum,</strong></span> <span class='ocrx_word' id='word_1_351' title='bbox 3636 1911 3768 1950; x_wconf 88' lang='lat' dir='ltr'><strong>cum</strong></span> 
     </span>
    </p>
   </div>
   <div class='ocr_carea' id='block_1_51' title="bbox 2168 1987 3766 2064">
    <p class='ocr_par' dir='ltr' id='par_1_51' title="bbox 2168 1987 3766 2064">
     <span class='ocr_line' id='line_1_51' title="bbox 2168 1987 3766 2064; baseline -0.008 -11"><span class='ocrx_word' id='word_1_352' title='bbox 2168 2010 2229 2053; x_wconf 85' lang='lat' dir='ltr'><strong>se</strong></span> <span class='ocrx_word' id='word_1_353' title='bbox 2254 2011 2361 2051; x_wconf 89' lang='lat' dir='ltr'><strong>non</strong></span> <span class='ocrx_word' id='word_1_354' title='bbox 2386 1994 2562 2049; x_wconf 91' lang='lat' dir='ltr'><strong>solum</strong></span> <span class='ocrx_word' id='word_1_355' title='bbox 2590 1994 2644 2048; x_wconf 93' lang='lat' dir='ltr'><strong>id</strong></span> <span class='ocrx_word' id='word_1_356' title='bbox 2670 2002 2954 2064; x_wconf 89' lang='lat' dir='ltr'><strong>operatum</strong></span> <span class='ocrx_word' id='word_1_357' title='bbox 2979 2005 3100 2047; x_wconf 89' lang='lat' dir='ltr'><strong>esse</strong></span> <span class='ocrx_word' id='word_1_358' title='bbox 3124 1998 3377 2054; x_wconf 88' lang='lat' dir='ltr'><strong>testatur,</strong></span> <span class='ocrx_word' id='word_1_359' title='bbox 3399 1987 3544 2059; x_wconf 90' lang='lat' dir='ltr'><strong>quod</strong></span> <span class='ocrx_word' id='word_1_360' title='bbox 3565 2000 3766 2042; x_wconf 82' lang='lat' dir='ltr'><strong>neces-</strong></span> 
     </span>
    </p>
   </div>
   <div class='ocr_carea' id='block_1_52' title="bbox 2170 2077 3766 2154">
    <p class='ocr_par' dir='ltr' id='par_1_52' title="bbox 2170 2077 3766 2154">
     <span class='ocr_line' id='line_1_52' title="bbox 2170 2077 3766 2154; baseline -0.008 -9"><span class='ocrx_word' id='word_1_361' title='bbox 2170 2088 2315 2145; x_wconf 89' lang='lat' dir='ltr'><strong>sitati</strong></span> <span class='ocrx_word' id='word_1_362' title='bbox 2374 2084 2752 2141; x_wconf 89' lang='lat' dir='ltr'><strong>tantummodo</strong></span> <span class='ocrx_word' id='word_1_363' title='bbox 2807 2084 2892 2139; x_wconf 88' lang='lat' dir='ltr'><strong>sui</strong></span> <span class='ocrx_word' id='word_1_364' title='bbox 2944 2081 3189 2154; x_wconf 90' lang='lat' dir='ltr'><strong>corporis</strong></span> <span class='ocrx_word' id='word_1_365' title='bbox 3239 2079 3554 2151; x_wconf 87' lang='lat' dir='ltr'><strong>expediret,</strong></span> <span class='ocrx_word' id='word_1_366' title='bbox 3594 2088 3618 2115; x_wconf 69' lang='grc' dir='ltr'><strong>υ</strong></span> <span class='ocrx_word' id='word_1_367' title='bbox 3663 2077 3766 2134; x_wconf 88' lang='lat' dir='ltr'><strong>sed</strong></span> 
     </span>
    </p>
   </div>
   <div class='ocr_carea' id='block_1_53' title="bbox 2169 2176 3772 2252">
    <p class='ocr_par' dir='ltr' id='par_1_53' title="bbox 2169 2176 3772 2252">
     <span class='ocr_line' id='line_1_53' title="bbox 2169 2176 3772 2252; baseline -0.007 -15"><span class='ocrx_word' id='word_1_368' title='bbox 2169 2183 2331 2238; x_wconf 90' lang='lat' dir='ltr'><strong>etiam</strong></span> <span class='ocrx_word' id='word_1_369' title='bbox 2372 2179 2516 2252; x_wconf 85' lang='lat' dir='ltr'><strong>quod</strong></span> <span class='ocrx_word' id='word_1_370' title='bbox 2558 2179 2747 2233; x_wconf 87' lang='lat' dir='ltr'><strong>usibus</strong></span> <span class='ocrx_word' id='word_1_371' title='bbox 2788 2192 2979 2232; x_wconf 89' lang='lat' dir='ltr'><strong>eorum</strong></span> <span class='ocrx_word' id='word_1_372' title='bbox 3018 2176 3109 2247; x_wconf 91' lang='lat' dir='ltr'><strong>qui</strong></span> <span class='ocrx_word' id='word_1_373' title='bbox 3145 2189 3331 2230; x_wconf 86' lang='lat' dir='ltr'><strong>secum</strong></span> <span class='ocrx_word' id='word_1_374' title='bbox 3370 2180 3531 2228; x_wconf 89' lang='lat' dir='ltr'><strong>erant</strong></span> <span class='ocrx_word' id='word_1_375' title='bbox 3574 2180 3772 2242; x_wconf 87' lang='lat' dir='ltr'><strong>posset</strong></span> 
     </span>
    </p>
   </div>
   <div class='ocr_carea' id='block_1_54' title="bbox 2169 2263 3773 2340">
    <p class='ocr_par' dir='ltr' id='par_1_54' title="bbox 2169 2263 3773 2340">
     <span class='ocr_line' id='line_1_54' title="bbox 2169 2263 3773 2340; baseline -0.009 -9"><span class='ocrx_word' id='word_1_376' title='bbox 2169 2275 2419 2331; x_wconf 80' lang='lat' dir='ltr'><strong>sufﬁcere</strong></span> <span class='ocrx_word' id='word_1_377' title='bbox 2447 2291 2461 2329; x_wconf 87' lang='lat'><strong>:</strong></span> <span class='ocrx_word' id='word_1_378' title='bbox 2494 2272 2578 2327; x_wconf 87' lang='lat' dir='ltr'><strong>his</strong></span> <span class='ocrx_word' id='word_1_379' title='bbox 2611 2270 2868 2326; x_wconf 90' lang='lat' dir='ltr'><strong>videlicet</strong></span> <span class='ocrx_word' id='word_1_380' title='bbox 2896 2270 2987 2340; x_wconf 92' lang='lat' dir='ltr'><strong>qui</strong></span> <span class='ocrx_word' id='word_1_381' title='bbox 3018 2267 3261 2337; x_wconf 88' lang='lat' dir='ltr'><strong>quotidie</strong></span> <span class='ocrx_word' id='word_1_382' title='bbox 3301 2263 3628 2320; x_wconf 85' lang='lat' dir='ltr'><strong>necessariis</strong></span> <span class='ocrx_word' id='word_1_383' title='bbox 3662 2263 3773 2318; x_wconf 82' lang='lat' dir='ltr'><strong>mi-</strong></span> 
     </span>
    </p>
   </div>
   <div class='ocr_carea' id='block_1_55' title="bbox 2169 2359 3775 2438">
    <p class='ocr_par' dir='ltr' id='par_1_55' title="bbox 2169 2359 3775 2438">
     <span class='ocr_line' id='line_1_55' title="bbox 2169 2359 3775 2438; baseline -0.009 -10"><span class='ocrx_word' id='word_1_384' title='bbox 2169 2370 2412 2429; x_wconf 88' lang='lat' dir='ltr'><strong>nisteriis</strong></span> <span class='ocrx_word' id='word_1_385' title='bbox 2439 2368 2713 2438; x_wconf 90' lang='lat' dir='ltr'><strong>occupati,</strong></span> <span class='ocrx_word' id='word_1_386' title='bbox 2749 2379 3084 2437; x_wconf 88' lang='lat' dir='ltr'><strong>nequaquam</strong></span> <span class='ocrx_word' id='word_1_387' title='bbox 3129 2362 3232 2418; x_wconf 90' lang='lat' dir='ltr'><strong>sibi</strong></span> <span class='ocrx_word' id='word_1_388' title='bbox 3272 2376 3467 2431; x_wconf 89' lang='lat' dir='ltr'><strong>parare</strong></span> <span class='ocrx_word' id='word_1_389' title='bbox 3510 2359 3775 2414; x_wconf 85' lang='lat' dir='ltr'><strong>similiter</strong></span> 
     </span>
    </p>
   </div>
   <div class='ocr_carea' id='block_1_56' title="bbox 2168 2451 3776 2522">
    <p class='ocr_par' dir='ltr' id='par_1_56' title="bbox 2168 2451 3776 2522">
     <span class='ocr_line' id='line_1_56' title="bbox 2168 2451 3776 2522; baseline -0.011 0"><span class='ocrx_word' id='word_1_390' title='bbox 2168 2467 2369 2522; x_wconf 90' lang='lat' dir='ltr'><strong>victum</strong></span> <span class='ocrx_word' id='word_1_391' title='bbox 2402 2464 2517 2520; x_wconf 91' lang='lat' dir='ltr'><strong>suis</strong></span> <span class='ocrx_word' id='word_1_392' title='bbox 2552 2461 2800 2518; x_wconf 90' lang='lat' dir='ltr'><strong>manibus</strong></span> <span class='ocrx_word' id='word_1_393' title='bbox 2830 2456 3208 2514; x_wconf 89' lang='lat' dir='ltr'><strong>occurrebant.</strong></span> <span class='ocrx_word' id='word_1_394' title='bbox 3241 2454 3311 2510; x_wconf 91' lang='lat' dir='ltr'><strong>Et</strong></span> <span class='ocrx_word' id='word_1_395' title='bbox 3338 2455 3479 2509; x_wconf 90' lang='lat' dir='ltr'><strong>sicut</strong></span> <span class='ocrx_word' id='word_1_396' title='bbox 3501 2452 3569 2506; x_wconf 90' lang='lat' dir='ltr'><strong>ad</strong></span> <span class='ocrx_word' id='word_1_397' title='bbox 3590 2451 3776 2506; x_wconf 73' lang='lat' dir='ltr'><strong>Thes.</strong></span> 
     </span>
    </p>
   </div>
   <div class='ocr_carea' id='block_1_57' title="bbox 2168 2546 3774 2625">
    <p class='ocr_par' dir='ltr' id='par_1_57' title="bbox 2168 2546 3774 2625">
     <span class='ocr_line' id='line_1_57' title="bbox 2168 2546 3774 2625; baseline -0.012 -9"><span class='ocrx_word' id='word_1_398' title='bbox 2168 2559 2543 2617; x_wconf 88' lang='lat' dir='ltr'><strong>salonicenses</strong></span> <span class='ocrx_word' id='word_1_399' title='bbox 2581 2562 2862 2625; x_wconf 90' lang='lat' dir='ltr'><strong>operatum</strong></span> <span class='ocrx_word' id='word_1_400' title='bbox 2904 2567 3027 2608; x_wconf 88' lang='lat' dir='ltr'><strong>sese</strong></span> <span class='ocrx_word' id='word_1_401' title='bbox 3062 2550 3227 2615; x_wconf 82' lang='lat' dir='ltr'><strong>dixit,</strong></span> <span class='ocrx_word' id='word_1_402' title='bbox 3269 2557 3329 2603; x_wconf 92' lang='lat' dir='ltr'><strong>ut</strong></span> <span class='ocrx_word' id='word_1_403' title='bbox 3369 2547 3478 2603; x_wconf 91' lang='lat' dir='ltr'><strong>illis</strong></span> <span class='ocrx_word' id='word_1_404' title='bbox 3529 2546 3774 2600; x_wconf 74' lang='lat' dir='ltr'><strong>formam</strong></span> 
     </span>
    </p>
   </div>
   <div class='ocr_carea' id='block_1_58' title="bbox 2170 2641 3778 2720">
    <p class='ocr_par' dir='ltr' id='par_1_58' title="bbox 2170 2641 3778 2720">
     <span class='ocr_line' id='line_1_58' title="bbox 2170 2641 3778 2720; baseline -0.008 -10"><span class='ocrx_word' id='word_1_405' title='bbox 2170 2654 2346 2720; x_wconf 88' lang='lat' dir='ltr'><strong>daret,</strong></span> <span class='ocrx_word' id='word_1_406' title='bbox 2395 2652 2461 2707; x_wconf 90' lang='lat' dir='ltr'><strong>ad</strong></span> <span class='ocrx_word' id='word_1_407' title='bbox 2499 2649 2817 2707; x_wconf 89' lang='lat' dir='ltr'><strong>imitandum</strong></span> <span class='ocrx_word' id='word_1_408' title='bbox 2861 2663 2987 2703; x_wconf 91' lang='lat' dir='ltr'><strong>eum</strong></span> <span class='ocrx_word' id='word_1_409' title='bbox 3033 2644 3102 2718; x_wconf 91' lang='lat' dir='ltr'><strong>(ll</strong></span> <span class='ocrx_word' id='word_1_410' title='bbox 3131 2643 3313 2699; x_wconf 87' lang='lat' dir='ltr'><strong>Thess.</strong></span> <span class='ocrx_word' id='word_1_411' title='bbox 3341 2641 3432 2715; x_wconf 87' lang='lat' dir='ltr'><strong>tt);</strong></span> <span class='ocrx_word' id='word_1_412' title='bbox 3470 2642 3544 2697; x_wconf 89' lang='lat' dir='ltr'><strong>ita</strong></span> <span class='ocrx_word' id='word_1_413' title='bbox 3586 2649 3645 2696; x_wconf 88' lang='lat' dir='ltr'><strong>et</strong></span> <span class='ocrx_word' id='word_1_414' title='bbox 3680 2641 3778 2697; x_wconf 89' lang='lat' dir='ltr'><strong>hic</strong></span> 
     </span>
    </p>
   </div>
   <div class='ocr_carea' id='block_1_59' title="bbox 2172 2733 3779 2817">
    <p class='ocr_par' dir='ltr' id='par_1_59' title="bbox 2172 2733 3779 2817">
     <span class='ocr_line' id='line_1_59' title="bbox 2172 2733 3779 2817; baseline -0.009 -16"><span class='ocrx_word' id='word_1_415' title='bbox 2172 2746 2278 2801; x_wconf 88' lang='lat' dir='ltr'><strong>tale</strong></span> <span class='ocrx_word' id='word_1_416' title='bbox 2319 2743 2447 2817; x_wconf 91' lang='lat' dir='ltr'><strong>quid</strong></span> <span class='ocrx_word' id='word_1_417' title='bbox 2486 2742 2692 2809; x_wconf 91' lang='lat' dir='ltr'><strong>intulit,</strong></span> <span class='ocrx_word' id='word_1_418' title='bbox 2729 2740 2918 2796; x_wconf 90' lang='lat' dir='ltr'><strong>dicens</strong></span> <span class='ocrx_word' id='word_1_419' title='bbox 2947 2756 2960 2792; x_wconf 89' lang='lat'>:</span> <span class='ocrx_word' id='word_1_420' title='bbox 2993 2736 3181 2793; x_wconf 85' lang='lat' dir='ltr'><strong>Omnia</strong></span> <span class='ocrx_word' id='word_1_421' title='bbox 3214 2735 3411 2791; x_wconf 86' lang='lat' dir='ltr'><strong>ostendi</strong></span> <span class='ocrx_word' id='word_1_422' title='bbox 3448 2733 3606 2797; x_wconf 85' lang='lat' dir='ltr'><strong>vobis,</strong></span> <span class='ocrx_word' id='word_1_423' title='bbox 3641 2735 3779 2803; x_wconf 83' lang='lat' dir='ltr'><strong>quia</strong></span> 
     </span>
    </p>
   </div>
   <div class='ocr_carea' id='block_1_60' title="bbox 2170 2826 3777 2907">
    <p class='ocr_par' dir='ltr' id='par_1_60' title="bbox 2170 2826 3777 2907">
     <span class='ocr_line' id='line_1_60' title="bbox 2170 2826 3777 2907; baseline -0.007 -14"><span class='ocrx_word' id='word_1_424' title='bbox 2170 2839 2243 2894; x_wconf 87' lang='lat' dir='ltr'><strong>sic</strong></span> <span class='ocrx_word' id='word_1_425' title='bbox 2286 2838 2578 2892; x_wconf 84' lang='lat' dir='ltr'><strong>laborantes</strong></span> <span class='ocrx_word' id='word_1_426' title='bbox 2619 2843 2814 2907; x_wconf 77' lang='lat' dir='ltr'><strong>Oportet</strong></span> <span class='ocrx_word' id='word_1_427' title='bbox 2862 2834 3119 2903; x_wconf 86' lang='lat' dir='ltr'><strong>suscipere</strong></span> <span class='ocrx_word' id='word_1_428' title='bbox 3153 2829 3409 2898; x_wconf 76' lang='lat' dir='ltr'><strong>inﬁrmos;</strong></span> <span class='ocrx_word' id='word_1_429' title='bbox 3440 2827 3653 2882; x_wconf 88' lang='lat' dir='ltr'><strong>scilicet</strong></span> <span class='ocrx_word' id='word_1_430' title='bbox 3684 2826 3777 2882; x_wconf 90' lang='lat' dir='ltr'><strong>vel</strong></span> 
     </span>
    </p>
   </div>
   <div class='ocr_carea' id='block_1_61' title="bbox 2172 2919 3780 2997">
    <p class='ocr_par' dir='ltr' id='par_1_61' title="bbox 2172 2919 3780 2997">
     <span class='ocr_line' id='line_1_61' title="bbox 2172 2919 3780 2997; baseline -0.005 -12"><span class='ocrx_word' id='word_1_431' title='bbox 2172 2928 2355 2985; x_wconf 75' lang='lat' dir='ltr'><strong>ménte</strong></span> <span class='ocrx_word' id='word_1_432' title='bbox 2387 2928 2472 2983; x_wconf 87' lang='lat' dir='ltr'><strong>vel</strong></span> <span class='ocrx_word' id='word_1_433' title='bbox 2514 2941 2767 2997; x_wconf 84' lang='lat' dir='ltr'><strong>corpore,</strong></span> <span class='ocrx_word' id='word_1_434' title='bbox 2796 2924 2851 2980; x_wconf 92' lang='lat' dir='ltr'><strong>id</strong></span> <span class='ocrx_word' id='word_1_435' title='bbox 2880 2931 2984 2987; x_wconf 87' lang='lat' dir='ltr'><strong>est,</strong></span> <span class='ocrx_word' id='word_1_436' title='bbox 3019 2932 3078 2977; x_wconf 90' lang='lat' dir='ltr'><strong>ut</strong></span> <span class='ocrx_word' id='word_1_437' title='bbox 3108 2931 3298 2976; x_wconf 90' lang='lat' dir='ltr'><strong>nostro</strong></span> <span class='ocrx_word' id='word_1_438' title='bbox 3348 2920 3529 2991; x_wconf 87' lang='lat' dir='ltr'><strong>potius</strong></span> <span class='ocrx_word' id='word_1_439' title='bbox 3576 2919 3780 2977; x_wconf 85' lang='lat' dir='ltr'><strong>labore</strong></span> 
     </span>
    </p>
   </div>
   <div class='ocr_carea' id='block_1_62' title="bbox 2172 3012 3779 3095">
    <p class='ocr_par' dir='ltr' id='par_1_62' title="bbox 2172 3012 3779 3095">
     <span class='ocr_line' id='line_1_62' title="bbox 2172 3012 3779 3095; baseline -0.006 -16"><span class='ocrx_word' id='word_1_440' title='bbox 2172 3033 2497 3095; x_wconf 85' lang='lat' dir='ltr'><strong>sumptoque</strong></span> <span class='ocrx_word' id='word_1_441' title='bbox 2526 3020 2714 3092; x_wconf 90' lang='lat' dir='ltr'><strong>operis</strong></span> <span class='ocrx_word' id='word_1_442' title='bbox 2740 3019 2940 3073; x_wconf 89' lang='lat' dir='ltr'><strong>sudore</strong></span> <span class='ocrx_word' id='word_1_443' title='bbox 2968 3016 3222 3087; x_wconf 66' lang='lat' dir='ltr'><strong>quaesito,</strong></span> <span class='ocrx_word' id='word_1_444' title='bbox 3250 3024 3307 3068; x_wconf 92' lang='lat' dir='ltr'><strong>et</strong></span> <span class='ocrx_word' id='word_1_445' title='bbox 3343 3028 3449 3068; x_wconf 92' lang='lat' dir='ltr'><strong>non</strong></span> <span class='ocrx_word' id='word_1_446' title='bbox 3485 3012 3555 3068; x_wconf 91' lang='lat' dir='ltr'><strong>de</strong></span> <span class='ocrx_word' id='word_1_447' title='bbox 3589 3013 3779 3070; x_wconf 85' lang='lat' dir='ltr'><strong>abun-</strong></span> 
     </span>
    </p>
   </div>
   <div class='ocr_carea' id='block_1_63' title="bbox 482 3105 3780 3185">
    <p class='ocr_par' dir='ltr' id='par_1_63' title="bbox 482 3105 3780 3185">
     <span class='ocr_line' id='line_1_63' title="bbox 482 3105 3780 3185; baseline 0.001 -21"><span class='ocrx_word' id='word_1_448' title='bbox 482 3105 816 3179; x_wconf 86' lang='lat' dir='ltr'><strong>Corinthum,</strong></span> <span class='ocrx_word' id='word_1_449' title='bbox 857 3120 906 3166; x_wconf 87' lang='lat' dir='ltr'><strong>et</strong></span> <span class='ocrx_word' id='word_1_450' title='bbox 948 3111 1213 3169; x_wconf 88' lang='lat' dir='ltr'><strong>inveniens</strong></span> <span class='ocrx_word' id='word_1_451' title='bbox 1258 3114 1532 3184; x_wconf 88' lang='lat' dir='ltr'><strong>quemdam</strong></span> <span class='ocrx_word' id='word_1_452' title='bbox 1574 3116 1821 3174; x_wconf 75' lang='lat' dir='ltr'><strong>Judwum</strong></span> <span class='ocrx_word' id='word_1_453' title='bbox 1867 3119 2073 3174; x_wconf 89' lang='lat' dir='ltr'><strong>nomine</strong></span> <span class='ocrx_word' id='word_1_454' title='bbox 2101 3110 2147 3174; x_wconf 92' lang='lat' dir='ltr'><strong>C</strong></span> <span class='ocrx_word' id='word_1_455' title='bbox 2177 3119 2378 3175; x_wconf 63' lang='lat' dir='ltr'><strong>dantiae</strong></span> <span class='ocrx_word' id='word_1_456' title='bbox 2421 3117 2670 3182; x_wconf 86' lang='lat' dir='ltr'><strong>cumulo,</strong></span> <span class='ocrx_word' id='word_1_457' title='bbox 2716 3130 2813 3173; x_wconf 88' lang='lat' dir='ltr'><strong>seu</strong></span> <span class='ocrx_word' id='word_1_458' title='bbox 2852 3114 3091 3185; x_wconf 89' lang='lat' dir='ltr'><strong>reposita</strong></span> <span class='ocrx_word' id='word_1_459' title='bbox 3140 3110 3391 3183; x_wconf 89' lang='lat' dir='ltr'><strong>pecunia,</strong></span> <span class='ocrx_word' id='word_1_460' title='bbox 3431 3108 3527 3166; x_wconf 82' lang='lat' dir='ltr'><strong>sed</strong></span> <span class='ocrx_word' id='word_1_461' title='bbox 3574 3124 3650 3165; x_wconf 91' lang='lat' dir='ltr'><strong>ne</strong></span> <span class='ocrx_word' id='word_1_462' title='bbox 3705 3110 3780 3168; x_wconf 86' lang='lat' dir='ltr'><strong>de</strong></span> 
     </span>
    </p>
   </div>
   <div class='ocr_carea' id='block_1_64' title="bbox 1573 3246 2708 3306">
    <p class='ocr_par' dir='ltr' id='par_1_64' title="bbox 1573 3246 2708 3306">
     <span class='ocr_line' id='line_1_64' title="bbox 1573 3246 2708 3306; baseline 0.004 -5"><span class='ocrx_word' id='word_1_463' title='bbox 1573 3246 1830 3302; x_wconf 78' lang='lat' dir='ltr'><strong>ALARDI</strong></span> <span class='ocrx_word' id='word_1_464' title='bbox 1867 3248 2103 3304; x_wconf 67' lang='lat' dir='ltr'><strong>GAZIEI</strong></span> <span class='ocrx_word' id='word_1_465' title='bbox 2137 3247 2708 3306; x_wconf 79' lang='lat' dir='ltr'><strong>COMMENTARIUS.</strong></span> 
     </span>
    </p>
   </div>
   <div class='ocr_carea' id='block_1_65' title="bbox 552 3352 2067 3434">
    <p class='ocr_par' dir='ltr' id='par_1_65' title="bbox 552 3352 2067 3434">
     <span class='ocr_line' id='line_1_65' title="bbox 552 3352 2067 3434; baseline 0.006 -24"><span class='ocrx_word' id='word_1_466' title='bbox 552 3364 579 3393; x_wconf 73' lang='grc' dir='ltr'>α</span> <span class='ocrx_word' id='word_1_467' title='bbox 615 3352 839 3426; x_wconf 77' lang='lat' dir='ltr'><strong>Colligit</strong></span> <span class='ocrx_word' id='word_1_468' title='bbox 869 3356 994 3434; x_wconf 88' lang='lat' dir='ltr'><strong>hinc</strong></span> <span class='ocrx_word' id='word_1_469' title='bbox 1020 3358 1336 3430; x_wconf 90' lang='lat' dir='ltr'><strong>Cajetanus,</strong></span> <span class='ocrx_word' id='word_1_470' title='bbox 1364 3363 1507 3434; x_wconf 92' lang='lat' dir='ltr'><strong>quod</strong></span> <span class='ocrx_word' id='word_1_471' title='bbox 1539 3362 1746 3419; x_wconf 87' lang='lat' dir='ltr'><strong>licitum</strong></span> <span class='ocrx_word' id='word_1_472' title='bbox 1778 3364 1850 3419; x_wconf 89' lang='lat' dir='ltr'><strong>sit</strong></span> <span class='ocrx_word' id='word_1_473' title='bbox 1879 3364 2067 3419; x_wconf 79' lang='lat' dir='ltr'><strong>admo-</strong></span> 
     </span>
    </p>
   </div>
   <div class='ocr_carea' id='block_1_66' title="bbox 479 3432 2067 3495">
    <p class='ocr_par' dir='ltr' id='par_1_66' title="bbox 479 3432 2067 3495">
     <span class='ocr_line' id='line_1_66' title="bbox 479 3432 2067 3495; baseline 0.006 -12"><span class='ocrx_word' id='word_1_474' title='bbox 479 3442 611 3483; x_wconf 89' lang='lat' dir='ltr'><strong>nere</strong></span> <span class='ocrx_word' id='word_1_475' title='bbox 653 3432 1168 3493; x_wconf 80' lang='lat' dir='ltr'><strong>excommunicatos.</strong></span> <span class='ocrx_word' id='word_1_476' title='bbox 1203 3443 1260 3487; x_wconf 88' lang='lat' dir='ltr'><strong>et</strong></span> <span class='ocrx_word' id='word_1_477' title='bbox 1306 3432 1595 3495; x_wconf 80' lang='lat' dir='ltr'><strong>instruere.</strong></span> <span class='ocrx_word' id='word_1_478' title='bbox 1636 3444 1693 3490; x_wconf 90' lang='lat' dir='ltr'><strong>et</strong></span> <span class='ocrx_word' id='word_1_479' title='bbox 1744 3436 1949 3490; x_wconf 87' lang='lat' dir='ltr'><strong>hortari</strong></span> <span class='ocrx_word' id='word_1_480' title='bbox 1996 3436 2067 3492; x_wconf 90' lang='lat' dir='ltr'><strong>ad</strong></span> 
     </span>
    </p>
   </div>
   <div class='ocr_carea' id='block_1_67' title="bbox 478 3502 2067 3569">
    <p class='ocr_par' dir='ltr' id='par_1_67' title="bbox 478 3502 2067 3569">
     <span class='ocr_line' id='line_1_67' title="bbox 478 3502 2067 3569; baseline 0.006 -15"><span class='ocrx_word' id='word_1_481' title='bbox 478 3515 539 3554; x_wconf 91' lang='lat' dir='ltr'><strong>ea</strong></span> <span class='ocrx_word' id='word_1_482' title='bbox 572 3515 691 3569; x_wconf 72' lang='lat' dir='ltr'><strong>qua:</strong></span> <span class='ocrx_word' id='word_1_483' title='bbox 734 3502 862 3555; x_wconf 89' lang='lat' dir='ltr'><strong>sunt</strong></span> <span class='ocrx_word' id='word_1_484' title='bbox 890 3502 1106 3558; x_wconf 89' lang='lat' dir='ltr'><strong>salutis.</strong></span> <span class='ocrx_word' id='word_1_485' title='bbox 1141 3504 1295 3560; x_wconf 88' lang='lat' dir='ltr'><strong>Unde</strong></span> <span class='ocrx_word' id='word_1_486' title='bbox 1325 3519 1375 3560; x_wconf 87' lang='lat' dir='ltr'><strong>et</strong></span> <span class='ocrx_word' id='word_1_487' title='bbox 1421 3506 1486 3560; x_wconf 87' lang='grc' dir='ltr'><strong>ι).</strong></span> <span class='ocrx_word' id='word_1_488' title='bbox 1518 3507 1844 3563; x_wconf 88' lang='lat' dir='ltr'><strong>Benedictus</strong></span> <span class='ocrx_word' id='word_1_489' title='bbox 1877 3507 2067 3563; x_wconf 89' lang='lat' dir='ltr'><strong>sedulo</strong></span> 
     </span>
    </p>
   </div>
   <div class='ocr_carea' id='block_1_68' title="bbox 478 3570 2066 3643">
    <p class='ocr_par' dir='ltr' id='par_1_68' title="bbox 478 3570 2066 3643">
     <span class='ocr_line' id='line_1_68' title="bbox 478 3570 2066 3643; baseline 0.006 -19"><span class='ocrx_word' id='word_1_490' title='bbox 478 3570 734 3628; x_wconf 87' lang='lat' dir='ltr'><strong>admonet</strong></span> <span class='ocrx_word' id='word_1_491' title='bbox 781 3581 835 3627; x_wconf 92' lang='lat' dir='ltr'><strong>et</strong></span> <span class='ocrx_word' id='word_1_492' title='bbox 866 3574 1119 3643; x_wconf 88' lang='lat' dir='ltr'><strong>inculcat,</strong></span> <span class='ocrx_word' id='word_1_493' title='bbox 1154 3576 1387 3642; x_wconf 79' lang='lat' dir='ltr'><strong>Qualiter</strong></span> <span class='ocrx_word' id='word_1_494' title='bbox 1436 3579 1691 3633; x_wconf 88' lang='lat' dir='ltr'><strong>sollicitus</strong></span> <span class='ocrx_word' id='word_1_495' title='bbox 1729 3595 1840 3632; x_wconf 88' lang='lat' dir='ltr'><strong>esse</strong></span> <span class='ocrx_word' id='word_1_496' title='bbox 1885 3579 2066 3633; x_wconf 87' lang='lat' dir='ltr'><strong>debeat</strong></span> 
     </span>
    </p>
   </div>
   <div class='ocr_carea' id='block_1_69' title="bbox 478 3642 2067 3722">
    <p class='ocr_par' dir='ltr' id='par_1_69' title="bbox 478 3642 2067 3722">
     <span class='ocr_line' id='line_1_69' title="bbox 478 3642 2067 3722; baseline 0.006 -27"><span class='ocrx_word' id='word_1_497' title='bbox 478 3642 630 3696; x_wconf 88' lang='lat' dir='ltr'><strong>abbas</strong></span> <span class='ocrx_word' id='word_1_498' title='bbox 645 3644 796 3722; x_wconf 84' lang='lat' dir='ltr'><strong>_circa</strong></span> <span class='ocrx_word' id='word_1_499' title='bbox 824 3642 1318 3722; x_wconf 55' lang='lat' dir='ltr'><strong>eacommunicatos,</strong></span> <span class='ocrx_word' id='word_1_500' title='bbox 1351 3659 1400 3705; x_wconf 89' lang='lat' dir='ltr'><strong>et</strong></span> <span class='ocrx_word' id='word_1_501' title='bbox 1434 3652 1652 3706; x_wconf 71' lang='lat' dir='ltr'><strong>seniores</strong></span> <span class='ocrx_word' id='word_1_502' title='bbox 1680 3651 1953 3704; x_wconf 78' lang='lat' dir='ltr'><strong>immittere</strong></span> <span class='ocrx_word' id='word_1_503' title='bbox 1975 3651 2067 3722; x_wconf 89' lang='lat' dir='ltr'><strong>qui</strong></span> 
     </span>
    </p>
   </div>
   <div class='ocr_carea' id='block_1_70' title="bbox 478 3714 2067 3791">
    <p class='ocr_par' dir='ltr' id='par_1_70' title="bbox 478 3714 2067 3791">
     <span class='ocr_line' id='line_1_70' title="bbox 478 3714 2067 3791; baseline 0.006 -25"><span class='ocrx_word' id='word_1_504' title='bbox 478 3714 808 3791; x_wconf 72' lang='lat' dir='ltr'><strong>consolentur</strong></span> <span class='ocrx_word' id='word_1_505' title='bbox 830 3716 1065 3791; x_wconf 74' lang='lat' dir='ltr'><strong>fratrem</strong></span> <span class='ocrx_word' id='word_1_506' title='bbox 1095 3721 1453 3789; x_wconf 83' lang='lat' dir='ltr'><strong>fluctuantem,</strong></span> <span class='ocrx_word' id='word_1_507' title='bbox 1478 3731 1527 3777; x_wconf 91' lang='lat' dir='ltr'><strong>et</strong></span> <span class='ocrx_word' id='word_1_508' title='bbox 1553 3732 1828 3791; x_wconf 87' lang='lat' dir='ltr'><strong>provocent</strong></span> <span class='ocrx_word' id='word_1_509' title='bbox 1869 3724 1939 3776; x_wconf 90' lang='lat' dir='ltr'><strong>ad</strong></span> <span class='ocrx_word' id='word_1_510' title='bbox 1968 3714 2067 3776; x_wconf 84' lang='lat' dir='ltr'><strong>hu-</strong></span> 
     </span>
    </p>
   </div>
   <div class='ocr_carea' id='block_1_71' title="bbox 477 3786 2067 3866">
    <p class='ocr_par' dir='ltr' id='par_1_71' title="bbox 477 3786 2067 3866">
     <span class='ocr_line' id='line_1_71' title="bbox 477 3786 2067 3866; baseline 0.009 -29"><span class='ocrx_word' id='word_1_511' title='bbox 477 3786 721 3866; x_wconf 71' lang='lat' dir='ltr'><strong>utilitatis</strong></span> <span class='ocrx_word' id='word_1_512' title='bbox 733 3786 1143 3866; x_wconf 77' lang='lat' dir='ltr'><strong>satisfactionem</strong></span> <span class='ocrx_word' id='word_1_513' title='bbox 1172 3791 1325 3861; x_wconf 89' lang='lat' dir='ltr'><strong>(Cap.</strong></span> <span class='ocrx_word' id='word_1_514' title='bbox 1353 3792 1468 3863; x_wconf 72' lang='grc'><strong>27),</strong></span> <span class='ocrx_word' id='word_1_515' title='bbox 1492 3786 1624 3861; x_wconf 84' lang='lat' dir='ltr'><strong>etc.,</strong></span> <span class='ocrx_word' id='word_1_516' title='bbox 1647 3795 1790 3866; x_wconf 88' lang='lat' dir='ltr'><strong>quod</strong></span> <span class='ocrx_word' id='word_1_517' title='bbox 1816 3796 2067 3865; x_wconf 88' lang='lat' dir='ltr'><strong>superius</strong></span> 
     </span>
    </p>
   </div>
   <div class='ocr_carea' id='block_1_72' title="bbox 481 3857 1447 3922">
    <p class='ocr_par' dir='ltr' id='par_1_72' title="bbox 481 3857 1447 3922">
     <span class='ocr_line' id='line_1_72' title="bbox 481 3857 1447 3922; baseline 0.012 -12"><span class='ocrx_word' id='word_1_518' title='bbox 481 3857 647 3911; x_wconf 87' lang='lat' dir='ltr'><strong>etiam</strong></span> <span class='ocrx_word' id='word_1_519' title='bbox 675 3859 779 3911; x_wconf 85' lang='lat' dir='ltr'><strong>alia</strong></span> <span class='ocrx_word' id='word_1_520' title='bbox 803 3863 1089 3916; x_wconf 84' lang='lat' dir='ltr'><strong>occasione</strong></span> <span class='ocrx_word' id='word_1_521' title='bbox 1118 3857 1447 3922; x_wconf 43' lang='lat' dir='ltr'><strong>nutavimns&#39;.</strong></span> 
     </span>
    </p>
   </div>
   <div class='ocr_carea' id='block_1_73' title="bbox 549 3927 2060 4008">
    <p class='ocr_par' dir='ltr' id='par_1_73' title="bbox 549 3927 2060 4008">
     <span class='ocr_line' id='line_1_73' title="bbox 549 3927 2060 4008; baseline 0.007 -28"><span class='ocrx_word' id='word_1_522' title='bbox 549 3927 681 4008; x_wconf 39' lang='grc' dir='ltr'><strong>ξὀῐ).</strong></span> <span class='ocrx_word' id='word_1_523' title='bbox 710 3927 1148 4008; x_wconf 55' lang='lat' dir='ltr'><strong>llieronymus’in</strong></span> <span class='ocrx_word' id='word_1_524' title='bbox 1179 3935 1323 4008; x_wconf 89' lang='lat' dir='ltr'><strong>hunc</strong></span> <span class='ocrx_word' id='word_1_525' title='bbox 1345 3936 1520 3990; x_wconf 86' lang='lat' dir='ltr'><strong>locum</strong></span> <span class='ocrx_word' id='word_1_526' title='bbox 1551 3954 1563 3989; x_wconf 90' lang='lat'><strong>:</strong></span> <span class='ocrx_word' id='word_1_527' title='bbox 1600 3936 1735 4004; x_wconf 89' lang='lat' dir='ltr'><strong>Quia</strong></span> <span class='ocrx_word' id='word_1_528' title='bbox 1763 3936 1840 4000; x_wconf 87' lang='lat' dir='ltr'><strong>hi,</strong></span> <span class='ocrx_word' id='word_1_529' title='bbox 1870 3936 2060 4008; x_wconf 89' lang='lat' dir='ltr'><strong>inquit,</strong></span> 
     </span>
    </p>
   </div>
   <div class='ocr_carea' id='block_1_74' title="bbox 476 3998 2068 4079">
    <p class='ocr_par' dir='ltr' id='par_1_74' title="bbox 476 3998 2068 4079">
     <span class='ocr_line' id='line_1_74' title="bbox 476 3998 2068 4079; baseline 0.008 -31"><span class='ocrx_word' id='word_1_530' title='bbox 476 3998 563 4065; x_wconf 89' lang='lat' dir='ltr'><strong>qui</strong></span> <span class='ocrx_word' id='word_1_531' title='bbox 590 3998 643 4050; x_wconf 89' lang='lat' dir='ltr'><strong>in</strong></span> <span class='ocrx_word' id='word_1_532' title='bbox 673 3999 791 4079; x_wconf 68' lang='lat' dir='ltr'><strong>vitta</strong></span> <span class='ocrx_word' id='word_1_533' title='bbox 831 3998 980 4055; x_wconf 78' lang='lat' dir='ltr'><strong>istius</strong></span> <span class='ocrx_word' id='word_1_534' title='bbox 1015 4007 1232 4079; x_wconf 85' lang='lat' dir='ltr'><strong>negotiis</strong></span> <span class='ocrx_word' id='word_1_535' title='bbox 1280 3998 1667 4079; x_wconf 64' lang='lat' dir='ltr'><strong>conversantuif,</strong></span> <span class='ocrx_word' id='word_1_536' title='bbox 1716 3998 2068 4079; x_wconf 45' lang='lat' dir='ltr'><strong>propter-ali:-</strong></span> 
     </span>
    </p>
   </div>
   <div class='ocr_carea' id='block_1_75' title="bbox 478 4075 2062 4147">
    <p class='ocr_par' dir='ltr' id='par_1_75' title="bbox 478 4075 2062 4147">
     <span class='ocr_line' id='line_1_75' title="bbox 478 4075 2062 4147; baseline 0.007 -27"><span class='ocrx_word' id='word_1_537' title='bbox 478 4078 650 4147; x_wconf 79' lang='lat' dir='ltr'><strong>menta</strong></span> <span class='ocrx_word' id='word_1_538' title='bbox 685 4078 733 4147; x_wconf 75' lang='lat' dir='ltr'><strong>et</strong></span> <span class='ocrx_word' id='word_1_539' title='bbox 773 4087 899 4124; x_wconf 87' lang='lat' dir='ltr'><strong>usus</strong></span> <span class='ocrx_word' id='word_1_540' title='bbox 918 4078 1251 4147; x_wconf 63' lang='lat' dir='ltr'><strong>necessarios</strong></span> <span class='ocrx_word' id='word_1_541' title='bbox 1290 4087 1543 4145; x_wconf 90' lang='lat' dir='ltr'><strong>coguntur</strong></span> <span class='ocrx_word' id='word_1_542' title='bbox 1568 4075 1743 4147; x_wconf 86' lang='lat' dir='ltr'><strong>aliqua</strong></span> <span class='ocrx_word' id='word_1_543' title='bbox 1772 4075 1848 4129; x_wconf 84' lang='lat' dir='ltr'><strong>vel</strong></span> <span class='ocrx_word' id='word_1_544' title='bbox 1878 4093 2062 4141; x_wconf 87' lang='lat' dir='ltr'><strong>emere,</strong></span> 
     </span>
    </p>
   </div>
   <div class='ocr_carea' id='block_1_76' title="bbox 478 4139 2067 4216">
    <p class='ocr_par' dir='ltr' id='par_1_76' title="bbox 478 4139 2067 4216">
     <span class='ocr_line' id='line_1_76' title="bbox 478 4139 2067 4216; baseline 0.008 -26"><span class='ocrx_word' id='word_1_545' title='bbox 478 4139 555 4191; x_wconf 84' lang='lat' dir='ltr'><strong>vel</strong></span> <span class='ocrx_word' id='word_1_546' title='bbox 581 4140 816 4216; x_wconf 74' lang='lat' dir='ltr'><strong>vendere,</strong></span> <span class='ocrx_word' id='word_1_547' title='bbox 842 4149 889 4194; x_wconf 90' lang='lat' dir='ltr'><strong>et</strong></span> <span class='ocrx_word' id='word_1_548' title='bbox 909 4142 1056 4197; x_wconf 87' lang='lat' dir='ltr'><strong>lucra</strong></span> <span class='ocrx_word' id='word_1_549' title='bbox 1086 4144 1150 4196; x_wconf 86' lang='lat' dir='ltr'><strong>de</strong></span> <span class='ocrx_word' id='word_1_550' title='bbox 1170 4139 1513 4215; x_wconf 71' lang='lat' dir='ltr'><strong>negotiatione</strong></span> <span class='ocrx_word' id='word_1_551' title='bbox 1540 4139 1758 4213; x_wconf 78' lang='lat' dir='ltr'><strong>sectari;</strong></span> <span class='ocrx_word' id='word_1_552' title='bbox 1788 4157 1834 4200; x_wconf 91' lang='lat' dir='ltr'><strong>et</strong></span> <span class='ocrx_word' id='word_1_553' title='bbox 1863 4139 2067 4216; x_wconf 73' lang='lat' dir='ltr'><strong>difﬁcile</strong></span> 
     </span>
    </p>
   </div>
   <div class='ocr_carea' id='block_1_77' title="bbox 478 4212 2065 4286">
    <p class='ocr_par' dir='ltr' id='par_1_77' title="bbox 478 4212 2065 4286">
     <span class='ocr_line' id='line_1_77' title="bbox 478 4212 2065 4286; baseline 0.007 -24"><span class='ocrx_word' id='word_1_554' title='bbox 478 4221 551 4286; x_wconf 72' lang='lat' dir='ltr'><strong>est</strong></span> <span class='ocrx_word' id='word_1_555' title='bbox 580 4212 737 4286; x_wconf 76' lang='lat' dir='ltr'><strong>etiam</strong></span> <span class='ocrx_word' id='word_1_556' title='bbox 765 4226 851 4286; x_wconf 81' lang='lat' dir='ltr'><strong>eos</strong></span> <span class='ocrx_word' id='word_1_557' title='bbox 876 4218 964 4286; x_wconf 86' lang='lat' dir='ltr'><strong>qui</strong></span> <span class='ocrx_word' id='word_1_558' title='bbox 993 4232 1026 4267; x_wconf 83' lang='grc' dir='ltr'><em>α</em></span> <span class='ocrx_word' id='word_1_559' title='bbox 1056 4212 1252 4270; x_wconf 65' lang='lat' dir='ltr'><strong>ceteris</strong></span> <span class='ocrx_word' id='word_1_560' title='bbox 1282 4218 1602 4282; x_wconf 88' lang='lat' dir='ltr'><strong>passionibus</strong></span> <span class='ocrx_word' id='word_1_561' title='bbox 1624 4218 1766 4272; x_wconf 89' lang='lat' dir='ltr'><strong>liberi</strong></span> <span class='ocrx_word' id='word_1_562' title='bbox 1790 4212 1940 4279; x_wconf 49' lang='lat' dir='ltr'><strong>sunt:</strong></span> <span class='ocrx_word' id='word_1_563' title='bbox 1957 4219 2065 4286; x_wconf 77' lang='lat' dir='ltr'><strong>for-</strong></span> 
     </span>
    </p>
   </div>
   <div class='ocr_carea' id='block_1_78' title="bbox 478 4281 2060 4357">
    <p class='ocr_par' dir='ltr' id='par_1_78' title="bbox 478 4281 2060 4357">
     <span class='ocr_line' id='line_1_78' title="bbox 478 4281 2060 4357; baseline 0.006 -25"><span class='ocrx_word' id='word_1_564' title='bbox 478 4281 735 4357; x_wconf 77' lang='lat' dir='ltr'><strong>nicatione</strong></span> <span class='ocrx_word' id='word_1_565' title='bbox 762 4281 1022 4345; x_wconf 80' lang='lat' dir='ltr'><strong>videlicet.</strong></span> <span class='ocrx_word' id='word_1_566' title='bbox 1043 4281 1367 4351; x_wconf 87' lang='lat' dir='ltr'><strong>idololatria,</strong></span> <span class='ocrx_word' id='word_1_567' title='bbox 1396 4288 1654 4342; x_wconf 86' lang='lat' dir='ltr'><strong>adulterio</strong></span> <span class='ocrx_word' id='word_1_568' title='bbox 1676 4297 1723 4341; x_wconf 89' lang='lat' dir='ltr'><strong>et</strong></span> <span class='ocrx_word' id='word_1_569' title='bbox 1758 4281 2060 4357; x_wconf 80' lang='lat' dir='ltr'><strong>homicidio,</strong></span> 
     </span>
    </p>
   </div>
   <div class='ocr_carea' id='block_1_79' title="bbox 478 4350 2060 4431">
    <p class='ocr_par' dir='ltr' id='par_1_79' title="bbox 478 4350 2060 4431">
     <span class='ocr_line' id='line_1_79' title="bbox 478 4350 2060 4431; baseline 0.007 -27"><span class='ocrx_word' id='word_1_570' title='bbox 478 4350 574 4405; x_wconf 89' lang='lat' dir='ltr'><strong>hoc</strong></span> <span class='ocrx_word' id='word_1_571' title='bbox 600 4352 721 4431; x_wconf 81' lang='lat' dir='ltr'><strong>vitio</strong></span> <span class='ocrx_word' id='word_1_572' title='bbox 741 4368 843 4407; x_wconf 89' lang='lat' dir='ltr'><strong>non</strong></span> <span class='ocrx_word' id='word_1_573' title='bbox 861 4358 1061 4431; x_wconf 87' lang='lat' dir='ltr'><strong>_teneri;</strong></span> <span class='ocrx_word' id='word_1_574' title='bbox 1088 4350 1363 4431; x_wconf 83' lang='lat' dir='ltr'><strong>propterea</strong></span> <span class='ocrx_word' id='word_1_575' title='bbox 1394 4376 1527 4413; x_wconf 90' lang='lat' dir='ltr'><strong>nunc</strong></span> <span class='ocrx_word' id='word_1_576' title='bbox 1573 4358 1824 4429; x_wconf 82' lang='lat' dir='ltr'><strong>Ephesios</strong></span> <span class='ocrx_word' id='word_1_577' title='bbox 1869 4350 2060 4428; x_wconf 71' lang='lat' dir='ltr'><strong>monet,</strong></span> 
     </span>
    </p>
   </div>
   <div class='ocr_carea' id='block_1_80' title="bbox 479 4424 2063 4500">
    <p class='ocr_par' dir='ltr' id='par_1_80' title="bbox 479 4424 2063 4500">
     <span class='ocr_line' id='line_1_80' title="bbox 479 4424 2063 4500; baseline 0.006 -24"><span class='ocrx_word' id='word_1_578' title='bbox 479 4440 561 4500; x_wconf 81' lang='lat' dir='ltr'><strong>ne,</strong></span> <span class='ocrx_word' id='word_1_579' title='bbox 586 4424 677 4477; x_wconf 90' lang='lat' dir='ltr'><strong>sub</strong></span> <span class='ocrx_word' id='word_1_580' title='bbox 706 4426 970 4500; x_wconf 77' lang='lat' dir='ltr'><strong>occasione</strong></span> <span class='ocrx_word' id='word_1_581' title='bbox 1003 4424 1353 4495; x_wconf 81' lang='lat' dir='ltr'><strong>emolumenti,</strong></span> <span class='ocrx_word' id='word_1_582' title='bbox 1384 4431 1509 4500; x_wconf 84' lang='lat' dir='ltr'><strong>furti</strong></span> <span class='ocrx_word' id='word_1_583' title='bbox 1538 4424 1730 4485; x_wconf 83' lang='lat' dir='ltr'><strong>crimen</strong></span> <span class='ocrx_word' id='word_1_584' title='bbox 1754 4424 2063 4499; x_wconf 53' lang='lat' dir='ltr'><strong>incurrant}</strong></span> 
     </span>
    </p>
   </div>
   <div class='ocr_carea' id='block_1_81' title="bbox 478 4495 2060 4573">
    <p class='ocr_par' dir='ltr' id='par_1_81' title="bbox 478 4495 2060 4573">
     <span class='ocr_line' id='line_1_81' title="bbox 478 4495 2060 4573; baseline 0.008 -26"><span class='ocrx_word' id='word_1_585' title='bbox 478 4495 677 4573; x_wconf 63' lang='lat' dir='ltr'><strong>[artum</strong></span> <span class='ocrx_word' id='word_1_586' title='bbox 696 4497 969 4573; x_wconf 81' lang='lat' dir='ltr'><strong>nominans</strong></span> <span class='ocrx_word' id='word_1_587' title='bbox 986 4515 1146 4573; x_wconf 63' lang='lat' dir='ltr'><strong>omne</strong></span> <span class='ocrx_word' id='word_1_588' title='bbox 1174 4503 1313 4565; x_wconf 86' lang='lat' dir='ltr'><strong>quod</strong></span> <span class='ocrx_word' id='word_1_589' title='bbox 1340 4495 1553 4556; x_wconf 84' lang='lat' dir='ltr'><strong>alterius</strong></span> <span class='ocrx_word' id='word_1_590' title='bbox 1577 4502 1763 4558; x_wconf 87' lang='lat' dir='ltr'><strong>damno</strong></span> <span class='ocrx_word' id='word_1_591' title='bbox 1791 4495 2060 4573; x_wconf 61' lang='lat' dir='ltr'><strong>quaeritur.</strong></span> 
     </span>
    </p>
   </div>
   <div class='ocr_carea' id='block_1_82' title="bbox 480 4565 2062 4641">
    <p class='ocr_par' dir='ltr' id='par_1_82' title="bbox 480 4565 2062 4641">
     <span class='ocr_line' id='line_1_82' title="bbox 480 4565 2062 4641; baseline 0.006 -23"><span class='ocrx_word' id='word_1_592' title='bbox 480 4565 663 4641; x_wconf 60' lang='lat' dir='ltr'><strong>Neque</strong></span> <span class='ocrx_word' id='word_1_593' title='bbox 685 4583 807 4641; x_wconf 79' lang='lat' dir='ltr'><strong>vero</strong></span> <span class='ocrx_word' id='word_1_594' title='bbox 829 4569 944 4641; x_wconf 79' lang='lat' dir='ltr'><strong>ait;</strong></span> <span class='ocrx_word' id='word_1_595' title='bbox 976 4568 1146 4641; x_wconf 76' lang='lat' dir='ltr'><strong>Magis</strong></span> <span class='ocrx_word' id='word_1_596' title='bbox 1177 4584 1349 4627; x_wconf 91' lang='lat' dir='ltr'><strong>autem</strong></span> <span class='ocrx_word' id='word_1_597' title='bbox 1379 4575 1572 4626; x_wconf 90' lang='lat' dir='ltr'><strong>laboret</strong></span> <span class='ocrx_word' id='word_1_598' title='bbox 1599 4565 1860 4639; x_wconf 80' lang='lat' dir='ltr'><strong>aperando</strong></span> <span class='ocrx_word' id='word_1_599' title='bbox 1890 4577 2062 4629; x_wconf 90' lang='lat' dir='ltr'><strong>mani-</strong></span> 
     </span>
    </p>
   </div>
   <div class='ocr_carea' id='block_1_83' title="bbox 479 4637 2063 4713">
    <p class='ocr_par' dir='ltr' id='par_1_83' title="bbox 479 4637 2063 4713">
     <span class='ocr_line' id='line_1_83' title="bbox 479 4637 2063 4713; baseline 0.007 -23"><span class='ocrx_word' id='word_1_600' title='bbox 479 4637 570 4713; x_wconf 83' lang='lat' dir='ltr'><strong>bus</strong></span> <span class='ocrx_word' id='word_1_601' title='bbox 615 4639 721 4690; x_wconf 88' lang='lat' dir='ltr'><strong>suis</strong></span> <span class='ocrx_word' id='word_1_602' title='bbox 750 4637 1104 4713; x_wconf 12' lang='lat' dir='ltr'><strong>quodqbonum</strong></span> <span class='ocrx_word' id='word_1_603' title='bbox 1148 4654 1245 4709; x_wconf 81' lang='lat' dir='ltr'><strong>est,</strong></span> <span class='ocrx_word' id='word_1_604' title='bbox 1282 4653 1335 4698; x_wconf 89' lang='lat' dir='ltr'><strong>ut</strong></span> <span class='ocrx_word' id='word_1_605' title='bbox 1381 4658 1483 4696; x_wconf 88' lang='lat' dir='ltr'><strong>non</strong></span> <span class='ocrx_word' id='word_1_606' title='bbox 1514 4637 1766 4713; x_wconf 84' lang='lat' dir='ltr'><strong>indigeat,</strong></span> <span class='ocrx_word' id='word_1_607' title='bbox 1795 4654 1842 4698; x_wconf 88' lang='lat' dir='ltr'><strong>et</strong></span> <span class='ocrx_word' id='word_1_608' title='bbox 1874 4644 2063 4701; x_wconf 88' lang='lat' dir='ltr'><strong>habeat</strong></span> 
     </span>
    </p>
   </div>
   <div class='ocr_carea' id='block_1_84' title="bbox 478 4710 2061 4782">
    <p class='ocr_par' dir='ltr' id='par_1_84' title="bbox 478 4710 2061 4782">
     <span class='ocr_line' id='line_1_84' title="bbox 478 4710 2061 4782; baseline 0.006 -21"><span class='ocrx_word' id='word_1_609' title='bbox 478 4710 687 4773; x_wconf 85' lang='lat' dir='ltr'><strong>victum,</strong></span> <span class='ocrx_word' id='word_1_610' title='bbox 727 4721 775 4763; x_wconf 91' lang='lat' dir='ltr'><strong>et</strong></span> <span class='ocrx_word' id='word_1_611' title='bbox 813 4710 945 4765; x_wconf 90' lang='lat' dir='ltr'><strong>nulli</strong></span> <span class='ocrx_word' id='word_1_612' title='bbox 973 4712 1264 4768; x_wconf 87' lang='lat' dir='ltr'><strong>molestiam</strong></span> <span class='ocrx_word' id='word_1_613' title='bbox 1292 4715 1545 4778; x_wconf 74' lang='lat' dir='ltr'><strong>exhibeat,</strong></span> <span class='ocrx_word' id='word_1_614' title='bbox 1577 4710 1667 4769; x_wconf 73' lang='lat' dir='ltr'><strong>sed</strong></span> <span class='ocrx_word' id='word_1_615' title='bbox 1697 4715 1942 4782; x_wconf 85' lang='lat' dir='ltr'><strong>Laboret,</strong></span> <span class='ocrx_word' id='word_1_616' title='bbox 1976 4719 2061 4771; x_wconf 88' lang='lat' dir='ltr'><strong>in-</strong></span> 
     </span>
    </p>
   </div>
   <div class='ocr_carea' id='block_1_85' title="bbox 476 4782 2064 4852">
    <p class='ocr_par' dir='ltr' id='par_1_85' title="bbox 476 4782 2064 4852">
     <span class='ocr_line' id='line_1_85' title="bbox 476 4782 2064 4852; baseline 0.008 -21"><span class='ocrx_word' id='word_1_617' title='bbox 476 4782 608 4851; x_wconf 84' lang='lat' dir='ltr'><strong>quit,</strong></span> <span class='ocrx_word' id='word_1_618' title='bbox 656 4783 890 4834; x_wconf 88' lang='lat' dir='ltr'><strong>manibus</strong></span> <span class='ocrx_word' id='word_1_619' title='bbox 917 4786 1024 4837; x_wconf 89' lang='lat' dir='ltr'><strong>suis</strong></span> <span class='ocrx_word' id='word_1_620' title='bbox 1050 4788 1186 4852; x_wconf 90' lang='lat' dir='ltr'><strong>quod</strong></span> <span class='ocrx_word' id='word_1_621' title='bbox 1231 4786 1419 4840; x_wconf 88' lang='lat' dir='ltr'><strong>bonum</strong></span> <span class='ocrx_word' id='word_1_622' title='bbox 1460 4796 1557 4851; x_wconf 87' lang='lat' dir='ltr'><strong>est,</strong></span> <span class='ocrx_word' id='word_1_623' title='bbox 1606 4796 1660 4839; x_wconf 91' lang='lat' dir='ltr'><strong>ut</strong></span> <span class='ocrx_word' id='word_1_624' title='bbox 1702 4786 1883 4840; x_wconf 89' lang='lat' dir='ltr'><strong>habeat</strong></span> <span class='ocrx_word' id='word_1_625' title='bbox 1928 4791 2064 4843; x_wconf 88' lang='lat' dir='ltr'><strong>unde</strong></span> 
     </span>
    </p>
   </div>
   <div class='ocr_carea' id='block_1_86' title="bbox 477 4853 2063 4927">
    <p class='ocr_par' dir='ltr' id='par_1_86' title="bbox 477 4853 2063 4927">
     <span class='ocr_line' id='line_1_86' title="bbox 477 4853 2063 4927; baseline 0.005 -23"><span class='ocrx_word' id='word_1_626' title='bbox 477 4853 825 4927; x_wconf 76' lang='lat' dir='ltr'><strong>communicet</strong></span> <span class='ocrx_word' id='word_1_627' title='bbox 858 4854 1221 4925; x_wconf 89' lang='lat' dir='ltr'><strong>indigentibus.</strong></span> <span class='ocrx_word' id='word_1_628' title='bbox 1263 4858 1367 4923; x_wconf 89' lang='lat' dir='ltr'><strong>Qui</strong></span> <span class='ocrx_word' id='word_1_629' title='bbox 1411 4858 1570 4927; x_wconf 87' lang='lat' dir='ltr'><strong>igitur</strong></span> <span class='ocrx_word' id='word_1_630' title='bbox 1610 4859 1678 4911; x_wconf 91' lang='lat' dir='ltr'><strong>ad</strong></span> <span class='ocrx_word' id='word_1_631' title='bbox 1725 4860 1820 4911; x_wconf 86' lang='lat' dir='ltr'><strong>hoc</strong></span> <span class='ocrx_word' id='word_1_632' title='bbox 1863 4867 2063 4912; x_wconf 89' lang='lat' dir='ltr'><strong>tantum</strong></span> 
     </span>
    </p>
   </div>
   <div class='ocr_carea' id='block_1_87' title="bbox 477 4924 2062 5001">
    <p class='ocr_par' dir='ltr' id='par_1_87' title="bbox 477 4924 2062 5001">
     <span class='ocr_line' id='line_1_87' title="bbox 477 4924 2062 5001; baseline 0.005 -25"><span class='ocrx_word' id='word_1_633' title='bbox 477 4924 677 4977; x_wconf 85' lang='lat' dir='ltr'><strong>laborat</strong></span> <span class='ocrx_word' id='word_1_634' title='bbox 715 4935 771 4977; x_wconf 90' lang='lat' dir='ltr'><strong>ut</strong></span> <span class='ocrx_word' id='word_1_635' title='bbox 812 4926 922 5001; x_wconf 75' lang='lat' dir='ltr'><strong>ipse</strong></span> <span class='ocrx_word' id='word_1_636' title='bbox 958 4924 1081 5001; x_wconf 76' lang='lat' dir='ltr'><strong>non</strong></span> <span class='ocrx_word' id='word_1_637' title='bbox 1107 4940 1269 5001; x_wconf 81' lang='lat' dir='ltr'><strong>egeat,</strong></span> <span class='ocrx_word' id='word_1_638' title='bbox 1299 4941 1347 4983; x_wconf 84' lang='lat' dir='ltr'><strong>et</strong></span> <span class='ocrx_word' id='word_1_639' title='bbox 1374 4947 1407 4983; x_wconf 91' lang='lat' dir='ltr'><strong>a</strong></span> <span class='ocrx_word' id='word_1_640' title='bbox 1430 4924 1628 4983; x_wconf 66' lang='lat' dir='ltr'><strong>caeteris</strong></span> <span class='ocrx_word' id='word_1_641' title='bbox 1655 4930 1908 4983; x_wconf 85' lang='lat' dir='ltr'><strong>contrahit</strong></span> <span class='ocrx_word' id='word_1_642' title='bbox 1951 4947 2062 4983; x_wconf 91' lang='lat' dir='ltr'><strong>ma-</strong></span> 
     </span>
    </p>
   </div>
   <div class='ocr_carea' id='block_1_88' title="bbox 477 4997 2061 5071">
    <p class='ocr_par' dir='ltr' id='par_1_88' title="bbox 477 4997 2061 5071">
     <span class='ocr_line' id='line_1_88' title="bbox 477 4997 2061 5071; baseline 0.006 -24"><span class='ocrx_word' id='word_1_643' title='bbox 477 5011 617 5059; x_wconf 88' lang='lat' dir='ltr'><strong>num,</strong></span> <span class='ocrx_word' id='word_1_644' title='bbox 671 4997 902 5065; x_wconf 88' lang='lat' dir='ltr'><strong>quamvis</strong></span> <span class='ocrx_word' id='word_1_645' title='bbox 956 4997 1397 5068; x_wconf 49' lang='lat' dir='ltr'><strong>applau‘dat&#39;sibi,</strong></span> <span class='ocrx_word' id='word_1_646' title='bbox 1445 5010 1612 5055; x_wconf 88' lang='lat' dir='ltr'><strong>tamen</strong></span> <span class='ocrx_word' id='word_1_647' title='bbox 1652 5002 1888 5068; x_wconf 88' lang='lat' dir='ltr'><strong>Apostoli</strong></span> <span class='ocrx_word' id='word_1_648' title='bbox 1929 5018 2061 5071; x_wconf 79' lang='lat' dir='ltr'><strong>prte-</strong></span> 
     </span>
    </p>
   </div>
   <div class='ocr_carea' id='block_1_89' title="bbox 477 5071 2056 5143">
    <p class='ocr_par' dir='ltr' id='par_1_89' title="bbox 477 5071 2056 5143">
     <span class='ocr_line' id='line_1_89' title="bbox 477 5071 2056 5143; baseline 0.006 -25"><span class='ocrx_word' id='word_1_649' title='bbox 477 5078 677 5143; x_wconf 70' lang='lat' dir='ltr'><strong>ceptum</strong></span> <span class='ocrx_word' id='word_1_650' title='bbox 724 5084 828 5121; x_wconf 84' lang='lat' dir='ltr'><strong>non</strong></span> <span class='ocrx_word' id='word_1_651' title='bbox 880 5071 1022 5143; x_wconf 74' lang='lat' dir='ltr'><strong>fecit.</strong></span> <span class='ocrx_word' id='word_1_652' title='bbox 1071 5072 1196 5126; x_wconf 60' lang='lat' dir='ltr'><strong>Haec</strong></span> <span class='ocrx_word' id='word_1_653' title='bbox 1246 5072 1627 5143; x_wconf 83' lang='lat' dir='ltr'><strong>Hieronymus.</strong></span> <span class='ocrx_word' id='word_1_654' title='bbox 1686 5074 1820 5129; x_wconf 89' lang='lat' dir='ltr'><strong>Illud</strong></span> <span class='ocrx_word' id='word_1_655' title='bbox 1860 5071 2056 5128; x_wconf 64' lang='lat' dir='ltr'><strong>&quot;autem</strong></span> 
     </span>
    </p>
   </div>
   <div class='ocr_carea' id='block_1_90' title="bbox 476 5139 2058 5214">
    <p class='ocr_par' dir='ltr' id='par_1_90' title="bbox 476 5139 2058 5214">
     <span class='ocr_line' id='line_1_90' title="bbox 476 5139 2058 5214; baseline 0.008 -25"><span class='ocrx_word' id='word_1_656' title='bbox 476 5139 838 5214; x_wconf 12' lang='lat' dir='ltr'><strong>quodbonumq</strong></span> <span class='ocrx_word' id='word_1_657' title='bbox 869 5151 944 5195; x_wconf 88' lang='lat' dir='ltr'><strong>est</strong></span> <span class='ocrx_word' id='word_1_658' title='bbox 993 5141 1152 5198; x_wconf 77' lang='lat' dir='ltr'><strong>docet</strong></span> <span class='ocrx_word' id='word_1_659' title='bbox 1198 5145 1255 5197; x_wconf 91' lang='lat' dir='ltr'><strong>S.</strong></span> <span class='ocrx_word' id='word_1_660' title='bbox 1289 5139 1527 5197; x_wconf 64' lang='lat' dir='ltr'><strong>Thom&#39;as</strong></span> <span class='ocrx_word' id='word_1_661' title='bbox 1569 5145 1856 5213; x_wconf 84' lang='lat' dir='ltr'><strong>dupliciter</strong></span> <span class='ocrx_word' id='word_1_662' title='bbox 1903 5160 2058 5214; x_wconf 88' lang='lat' dir='ltr'><strong>posse</strong></span> 
     </span>
    </p>
   </div>
   <div class='ocr_carea' id='block_1_91' title="bbox 479 5210 2106 5286">
    <p class='ocr_par' dir='ltr' id='par_1_91' title="bbox 479 5210 2106 5286">
     <span class='ocr_line' id='line_1_91' title="bbox 479 5210 2106 5286; baseline 0.005 -24"><span class='ocrx_word' id='word_1_663' title='bbox 479 5210 728 5286; x_wconf 78' lang='lat' dir='ltr'><strong>intelligi,</strong></span> <span class='ocrx_word' id='word_1_664' title='bbox 762 5212 1061 5286; x_wconf 85' lang='lat' dir='ltr'><strong>primopcr</strong></span> <span class='ocrx_word' id='word_1_665' title='bbox 1089 5210 1692 5286; x_wconf 11' lang='lat' dir='ltr'><strong>tnodumqnominativi,</strong></span> <span class='ocrx_word' id='word_1_666' title='bbox 1743 5226 1801 5269; x_wconf 89' lang='lat' dir='ltr'><strong>ut</strong></span> <span class='ocrx_word' id='word_1_667' title='bbox 1845 5210 1915 5270; x_wconf 77' lang='lat' dir='ltr'><strong>sit</strong></span> <span class='ocrx_word' id='word_1_668' title='bbox 1961 5233 2056 5286; x_wconf 79' lang='lat' dir='ltr'><strong>pa-</strong></span> <span class='ocrx_word' id='word_1_669' title='bbox 2101 5212 2106 5219; x_wconf 79' lang='grc'><em>”</em></span> 
     </span>
    </p>
   </div>
   <div class='ocr_carea' id='block_1_92' title="bbox 475 5280 2056 5355">
    <p class='ocr_par' dir='ltr' id='par_1_92' title="bbox 475 5280 2056 5355">
     <span class='ocr_line' id='line_1_92' title="bbox 475 5280 2056 5355; baseline 0.004 -19"><span class='ocrx_word' id='word_1_670' title='bbox 475 5280 748 5355; x_wconf 81' lang='lat' dir='ltr'><strong>renthesis</strong></span> <span class='ocrx_word' id='word_1_671' title='bbox 766 5280 910 5353; x_wconf 86' lang='lat' dir='ltr'><strong>quod</strong></span> <span class='ocrx_word' id='word_1_672' title='bbox 940 5280 1131 5339; x_wconf 84' lang='lat' dir='ltr'><strong>bonum</strong></span> <span class='ocrx_word' id='word_1_673' title='bbox 1157 5295 1248 5351; x_wconf 88' lang='lat' dir='ltr'><strong>est,</strong></span> <span class='ocrx_word' id='word_1_674' title='bbox 1285 5284 1335 5339; x_wconf 92' lang='lat' dir='ltr'><strong>id</strong></span> <span class='ocrx_word' id='word_1_675' title='bbox 1365 5295 1470 5351; x_wconf 90' lang='lat' dir='ltr'><strong>est,</strong></span> <span class='ocrx_word' id='word_1_676' title='bbox 1501 5300 1619 5355; x_wconf 68' lang='lat' dir='ltr'><strong>quae</strong></span> <span class='ocrx_word' id='word_1_677' title='bbox 1664 5303 1749 5341; x_wconf 87' lang='lat' dir='ltr'><strong>res</strong></span> <span class='ocrx_word' id='word_1_678' title='bbox 1797 5288 1933 5340; x_wconf 83' lang='lat' dir='ltr'><strong>bona</strong></span> <span class='ocrx_word' id='word_1_679' title='bbox 1961 5280 2056 5342; x_wconf 47' lang='lat' dir='ltr'><strong>&#39;est</strong></span> 
     </span>
    </p>
   </div>
   <div class='ocr_carea' id='block_1_93' title="bbox 479 5353 2056 5425">
    <p class='ocr_par' dir='ltr' id='par_1_93' title="bbox 479 5353 2056 5425">
     <span class='ocr_line' id='line_1_93' title="bbox 479 5353 2056 5425; baseline 0.004 -21"><span class='ocrx_word' id='word_1_680' title='bbox 479 5362 532 5425; x_wconf 75' lang='lat' dir='ltr'><strong>et</strong></span> <span class='ocrx_word' id='word_1_681' title='bbox 576 5353 836 5417; x_wconf 86' lang='lat' dir='ltr'><strong>honesta;</strong></span> <span class='ocrx_word' id='word_1_682' title='bbox 865 5356 1103 5411; x_wconf 81' lang='lat' dir='ltr'><strong>secundo</strong></span> <span class='ocrx_word' id='word_1_683' title='bbox 1139 5359 1343 5424; x_wconf 82' lang='lat' dir='ltr'><strong>absque</strong></span> <span class='ocrx_word' id='word_1_684' title='bbox 1382 5353 1692 5424; x_wconf 85' lang='lat' dir='ltr'><strong>parenthesi</strong></span> <span class='ocrx_word' id='word_1_685' title='bbox 1723 5366 1778 5410; x_wconf 90' lang='lat' dir='ltr'><strong>ct</strong></span> <span class='ocrx_word' id='word_1_686' title='bbox 1811 5372 1907 5425; x_wconf 86' lang='lat' dir='ltr'><strong>per</strong></span> <span class='ocrx_word' id='word_1_687' title='bbox 1938 5374 2056 5411; x_wconf 85' lang='lat' dir='ltr'><strong>mo-</strong></span> 
     </span>
    </p>
   </div>
   <div class='ocr_carea' id='block_1_94' title="bbox 478 5422 2057 5495">
    <p class='ocr_par' dir='ltr' id='par_1_94' title="bbox 478 5422 2057 5495">
     <span class='ocr_line' id='line_1_94' title="bbox 478 5422 2057 5495; baseline 0.005 -20"><span class='ocrx_word' id='word_1_688' title='bbox 478 5422 603 5475; x_wconf 89' lang='lat' dir='ltr'><strong>dum</strong></span> <span class='ocrx_word' id='word_1_689' title='bbox 632 5427 969 5495; x_wconf 1' lang='lat' dir='ltr'><strong>(accusativi,</strong></span> <span class='ocrx_word' id='word_1_690' title='bbox 1018 5440 1073 5481; x_wconf 91' lang='lat' dir='ltr'><strong>ut</strong></span> <span class='ocrx_word' id='word_1_691' title='bbox 1123 5422 1317 5483; x_wconf 85' lang='lat' dir='ltr'><strong>sensus</strong></span> <span class='ocrx_word' id='word_1_692' title='bbox 1366 5422 1434 5482; x_wconf 82' lang='lat' dir='ltr'><strong>sit</strong></span> <span class='ocrx_word' id='word_1_693' title='bbox 1462 5445 1477 5486; x_wconf 86' lang='lat'><strong>:</strong></span> <span class='ocrx_word' id='word_1_694' title='bbox 1510 5427 1743 5483; x_wconf 88' lang='lat' dir='ltr'><strong>Laboret</strong></span> <span class='ocrx_word' id='word_1_695' title='bbox 1786 5422 2057 5495; x_wconf 80' lang='lat' dir='ltr'><strong>operando</strong></span> 
     </span>
    </p>
   </div>
   <div class='ocr_carea' id='block_1_95' title="bbox 478 5494 2058 5569">
    <p class='ocr_par' dir='ltr' id='par_1_95' title="bbox 478 5494 2058 5569">
     <span class='ocr_line' id='line_1_95' title="bbox 478 5494 2058 5569; baseline 0.006 -25"><span class='ocrx_word' id='word_1_696' title='bbox 478 5494 746 5569; x_wconf 75' lang='lat' dir='ltr'><strong>inanibus,</strong></span> <span class='ocrx_word' id='word_1_697' title='bbox 788 5507 843 5550; x_wconf 89' lang='lat' dir='ltr'><strong>et</strong></span> <span class='ocrx_word' id='word_1_698' title='bbox 878 5498 1093 5567; x_wconf 87' lang='lat' dir='ltr'><strong>quidem</strong></span> <span class='ocrx_word' id='word_1_699' title='bbox 1134 5515 1243 5555; x_wconf 87' lang='lat' dir='ltr'><strong>non</strong></span> <span class='ocrx_word' id='word_1_700' title='bbox 1284 5500 1491 5563; x_wconf 85' lang='lat' dir='ltr'><strong>illicita,</strong></span> <span class='ocrx_word' id='word_1_701' title='bbox 1523 5498 1618 5553; x_wconf 89' lang='lat' dir='ltr'><strong>sed</strong></span> <span class='ocrx_word' id='word_1_702' title='bbox 1664 5494 1833 5569; x_wconf 90' lang='lat' dir='ltr'><strong>quod</strong></span> <span class='ocrx_word' id='word_1_703' title='bbox 1858 5499 2058 5553; x_wconf 89' lang='lat' dir='ltr'><strong>bonum</strong></span> 
     </span>
    </p>
   </div>
   <div class='ocr_carea' id='block_1_96' title="bbox 479 5565 2058 5640">
    <p class='ocr_par' dir='ltr' id='par_1_96' title="bbox 479 5565 2058 5640">
     <span class='ocr_line' id='line_1_96' title="bbox 479 5565 2058 5640; baseline 0.006 -24"><span class='ocrx_word' id='word_1_704' title='bbox 479 5565 665 5640; x_wconf 26' lang='lat' dir='ltr'><strong>estnid</strong></span> <span class='ocrx_word' id='word_1_705' title='bbox 695 5576 800 5640; x_wconf 82' lang='lat' dir='ltr'><strong>est,</strong></span> <span class='ocrx_word' id='word_1_706' title='bbox 832 5565 1089 5636; x_wconf 72' lang='lat' dir='ltr'><strong>operetur</strong></span> <span class='ocrx_word' id='word_1_707' title='bbox 1131 5586 1244 5626; x_wconf 90' lang='lat' dir='ltr'><strong>rem</strong></span> <span class='ocrx_word' id='word_1_708' title='bbox 1288 5573 1504 5637; x_wconf 89' lang='lat' dir='ltr'><strong>bonam,</strong></span> <span class='ocrx_word' id='word_1_709' title='bbox 1551 5579 1606 5625; x_wconf 89' lang='lat' dir='ltr'><strong>et</strong></span> <span class='ocrx_word' id='word_1_710' title='bbox 1654 5565 1762 5626; x_wconf 81' lang='lat' dir='ltr'><strong>non</strong></span> <span class='ocrx_word' id='word_1_711' title='bbox 1809 5585 1875 5626; x_wconf 84' lang='lat' dir='ltr'><strong>ex</strong></span> <span class='ocrx_word' id='word_1_712' title='bbox 1917 5570 2058 5640; x_wconf 89' lang='lat' dir='ltr'><strong>turpi</strong></span> 
     </span>
    </p>
   </div>
   <div class='ocr_carea' id='block_1_97' title="bbox 479 5635 1590 5706">
    <p class='ocr_par' dir='ltr' id='par_1_97' title="bbox 479 5635 1590 5706">
     <span class='ocr_line' id='line_1_97' title="bbox 479 5635 1590 5706; baseline 0.007 -18"><span class='ocrx_word' id='word_1_713' title='bbox 479 5635 695 5706; x_wconf 70' lang='lat' dir='ltr'><strong>Opiﬁcjo</strong></span> <span class='ocrx_word' id='word_1_714' title='bbox 720 5635 918 5706; x_wconf 87' lang='lat' dir='ltr'><strong>victum</strong></span> <span class='ocrx_word' id='word_1_715' title='bbox 952 5650 1182 5706; x_wconf 64' lang='lat' dir='ltr'><strong>quaerat,</strong></span> <span class='ocrx_word' id='word_1_716' title='bbox 1214 5641 1307 5696; x_wconf 91' lang='lat' dir='ltr'><strong>sed</strong></span> <span class='ocrx_word' id='word_1_717' title='bbox 1342 5635 1590 5697; x_wconf 87' lang='lat' dir='ltr'><strong>honesto.</strong></span> 
     </span>
    </p>
   </div>
   <div class='ocr_carea' id='block_1_98' title="bbox 555 5704 2060 5773">
    <p class='ocr_par' dir='ltr' id='par_1_98' title="bbox 555 5704 2060 5773">
     <span class='ocr_line' id='line_1_98' title="bbox 555 5704 2060 5773; baseline 0.009 -15"><span class='ocrx_word' id='word_1_718' title='bbox 555 5714 579 5743; x_wconf 73' lang='grc' dir='ltr'><strong>ε</strong></span> <span class='ocrx_word' id='word_1_719' title='bbox 616 5704 1046 5767; x_wconf 82' lang='lat' dir='ltr'><strong>Scenotactoria.</strong></span> <span class='ocrx_word' id='word_1_720' title='bbox 1088 5704 1177 5770; x_wconf 90' lang='lat' dir='ltr'><strong>vel</strong></span> <span class='ocrx_word' id='word_1_721' title='bbox 1219 5713 1643 5773; x_wconf 83' lang='lat' dir='ltr'><strong>scenelactoria.</strong></span> <span class='ocrx_word' id='word_1_722' title='bbox 1693 5727 1794 5770; x_wconf 88' lang='lat' dir='ltr'><strong>vox</strong></span> <span class='ocrx_word' id='word_1_723' title='bbox 1841 5712 2060 5771; x_wconf 64' lang='lat' dir='ltr'><strong>Graeco—</strong></span> 
     </span>
    </p>
   </div>
   <div class='ocr_carea' id='block_1_99' title="bbox 2167 3361 3775 3431">
    <p class='ocr_par' dir='ltr' id='par_1_99' title="bbox 2167 3361 3775 3431">
     <span class='ocr_line' id='line_1_99' title="bbox 2167 3361 3775 3431; baseline -0.002 -10"><span class='ocrx_word' id='word_1_724' title='bbox 2167 3366 2377 3421; x_wconf 88' lang='lat' dir='ltr'><strong>Latina.</strong></span> <span class='ocrx_word' id='word_1_725' title='bbox 2408 3365 2538 3418; x_wconf 87' lang='lat' dir='ltr'><strong>Nam</strong></span> <span class='ocrx_word' id='word_1_726' title='bbox 2565 3369 2743 3431; x_wconf 80' lang='grc' dir='ltr'><strong>σκήνη,</strong></span> <span class='ocrx_word' id='word_1_727' title='bbox 2776 3376 2959 3428; x_wconf 90' lang='lat' dir='ltr'><strong>scena,</strong></span> <span class='ocrx_word' id='word_1_728' title='bbox 2992 3361 3211 3431; x_wconf 87' lang='lat' dir='ltr'><strong>proprie</strong></span> <span class='ocrx_word' id='word_1_729' title='bbox 3244 3361 3652 3417; x_wconf 88' lang='lat' dir='ltr'><strong>tabernaculum</strong></span> <span class='ocrx_word' id='word_1_730' title='bbox 3680 3363 3775 3418; x_wconf 88' lang='lat' dir='ltr'><strong>di-</strong></span> 
     </span>
    </p>
   </div>
   <div class='ocr_carea' id='block_1_100' title="bbox 2167 3432 3777 3504">
    <p class='ocr_par' dir='ltr' id='par_1_100' title="bbox 2167 3432 3777 3504">
     <span class='ocr_line' id='line_1_100' title="bbox 2167 3432 3777 3504; baseline -0.001 -12"><span class='ocrx_word' id='word_1_731' title='bbox 2167 3440 2344 3493; x_wconf 89' lang='lat' dir='ltr'><strong>citur:</strong></span> <span class='ocrx_word' id='word_1_732' title='bbox 2376 3436 2518 3490; x_wconf 91' lang='lat' dir='ltr'><strong>unde</strong></span> <span class='ocrx_word' id='word_1_733' title='bbox 2539 3436 2676 3504; x_wconf 84' lang='lat' dir='ltr'><strong>apud</strong></span> <span class='ocrx_word' id='word_1_734' title='bbox 2709 3434 2966 3489; x_wconf 82' lang='lat' dir='ltr'><strong>Hebraeos</strong></span> <span class='ocrx_word' id='word_1_735' title='bbox 2991 3432 3468 3488; x_wconf 88' lang='lat' dir='ltr'><strong>tabernaculorum</strong></span> <span class='ocrx_word' id='word_1_736' title='bbox 3494 3433 3777 3490; x_wconf 87' lang='lat' dir='ltr'><strong>dedicatio</strong></span> 
     </span>
    </p>
   </div>
   <div class='ocr_carea' id='block_1_101' title="bbox 2167 3506 3776 3577">
    <p class='ocr_par' dir='ltr' id='par_1_101' title="bbox 2167 3506 3776 3577">
     <span class='ocr_line' id='line_1_101' title="bbox 2167 3506 3776 3577; baseline -0.002 -14"><span class='ocrx_word' id='word_1_737' title='bbox 2167 3526 2197 3563; x_wconf 87' lang='lat' dir='ltr'><strong>a</strong></span> <span class='ocrx_word' id='word_1_738' title='bbox 2229 3507 2585 3563; x_wconf 89' lang='lat' dir='ltr'><strong>similitudine</strong></span> <span class='ocrx_word' id='word_1_739' title='bbox 2631 3506 3029 3577; x_wconf 87' lang='lat' dir='ltr'><strong>domiciliorum</strong></span> <span class='ocrx_word' id='word_1_740' title='bbox 3087 3508 3405 3577; x_wconf 51' lang='grc' dir='ltr'><strong>σκηνοπηγίᾳ</strong></span> <span class='ocrx_word' id='word_1_741' title='bbox 3447 3506 3776 3575; x_wconf 87' lang='lat' dir='ltr'><strong>appellaba-</strong></span> 
     </span>
    </p>
   </div>
   <div class='ocr_carea' id='block_1_102' title="bbox 2168 3575 3777 3648">
    <p class='ocr_par' dir='ltr' id='par_1_102' title="bbox 2168 3575 3777 3648">
     <span class='ocr_line' id='line_1_102' title="bbox 2168 3575 3777 3648; baseline -0.002 -11"><span class='ocrx_word' id='word_1_742' title='bbox 2168 3591 2274 3648; x_wconf 90' lang='lat' dir='ltr'><strong>tur,</strong></span> <span class='ocrx_word' id='word_1_743' title='bbox 2306 3583 2381 3634; x_wconf 89' lang='lat' dir='ltr'><strong>ait</strong></span> <span class='ocrx_word' id='word_1_744' title='bbox 2422 3579 2663 3634; x_wconf 81' lang='lat' dir='ltr'><strong>Isidorus</strong></span> <span class='ocrx_word' id='word_1_745' title='bbox 2710 3576 2945 3647; x_wconf 85' lang='lat' dir='ltr'><strong>(Etymo.</strong></span> <span class='ocrx_word' id='word_1_746' title='bbox 2988 3592 3117 3632; x_wconf 86' lang='lat' dir='ltr'><strong>xvut</strong></span> <span class='ocrx_word' id='word_1_747' title='bbox 3165 3593 3283 3646; x_wconf 90' lang='lat' dir='ltr'><strong>cap.</strong></span> <span class='ocrx_word' id='word_1_748' title='bbox 3318 3575 3431 3647; x_wconf 56' lang='lat' dir='ltr'><strong>A9).</strong></span> <span class='ocrx_word' id='word_1_749' title='bbox 3485 3580 3602 3648; x_wconf 80' lang='lat' dir='ltr'><strong>Ars_</strong></span> <span class='ocrx_word' id='word_1_750' title='bbox 3632 3592 3777 3648; x_wconf 86' lang='lat' dir='ltr'><strong>ergo</strong></span> 
     </span>
    </p>
   </div>
   <div class='ocr_carea' id='block_1_103' title="bbox 2167 3646 3774 3717">
    <p class='ocr_par' dir='ltr' id='par_1_103' title="bbox 2167 3646 3774 3717">
     <span class='ocr_line' id='line_1_103' title="bbox 2167 3646 3774 3717; baseline -0.003 -9"><span class='ocrx_word' id='word_1_751' title='bbox 2167 3646 2563 3709; x_wconf 82' lang='lat' dir='ltr'><strong>scenol‘actoria</strong></span> <span class='ocrx_word' id='word_1_752' title='bbox 2586 3646 2889 3714; x_wconf 88' lang='lat' dir='ltr'><strong>dicebatur,</strong></span> <span class='ocrx_word' id='word_1_753' title='bbox 2920 3648 3214 3704; x_wconf 90' lang='lat' dir='ltr'><strong>secundum</strong></span> <span class='ocrx_word' id='word_1_754' title='bbox 3245 3648 3505 3717; x_wconf 90' lang='lat' dir='ltr'><strong>quosdam</strong></span> <span class='ocrx_word' id='word_1_755' title='bbox 3537 3646 3774 3714; x_wconf 75' lang='lat' dir='ltr'><strong>(Caelius</strong></span> 
     </span>
    </p>
   </div>
   <div class='ocr_carea' id='block_1_104' title="bbox 2168 3719 3773 3792">
    <p class='ocr_par' dir='ltr' id='par_1_104' title="bbox 2168 3719 3773 3792">
     <span class='ocr_line' id='line_1_104' title="bbox 2168 3719 3773 3792; baseline -0.004 -12"><span class='ocrx_word' id='word_1_756' title='bbox 2168 3723 2397 3792; x_wconf 84' lang='lat' dir='ltr'><strong>Rhodig.</strong></span> <span class='ocrx_word' id='word_1_757' title='bbox 2423 3722 2543 3777; x_wconf 90' lang='lat' dir='ltr'><strong>lect.</strong></span> <span class='ocrx_word' id='word_1_758' title='bbox 2567 3722 2730 3792; x_wconf 87' lang='lat' dir='ltr'><strong>antiq.</strong></span> <span class='ocrx_word' id='word_1_759' title='bbox 2756 3720 2846 3776; x_wconf 89' lang='lat' dir='ltr'><strong>lib.</strong></span> <span class='ocrx_word' id='word_1_760' title='bbox 2865 3736 2959 3776; x_wconf 83' lang='lat' dir='ltr'><strong>vnt</strong></span> <span class='ocrx_word' id='word_1_761' title='bbox 2980 3736 3026 3773; x_wconf 90' lang='lat' dir='ltr'><strong>c.</strong></span> <span class='ocrx_word' id='word_1_762' title='bbox 3052 3722 3115 3785; x_wconf 89' lang='lat'><strong>8;</strong></span> <span class='ocrx_word' id='word_1_763' title='bbox 3135 3719 3279 3773; x_wconf 90' lang='lat' dir='ltr'><strong>Beda</strong></span> <span class='ocrx_word' id='word_1_764' title='bbox 3300 3720 3352 3772; x_wconf 87' lang='lat' dir='ltr'><strong>in</strong></span> <span class='ocrx_word' id='word_1_765' title='bbox 3376 3724 3773 3792; x_wconf 74' lang='lat' dir='ltr'><strong>cqmmentar.),</strong></span> 
     </span>
    </p>
   </div>
   <div class='ocr_carea' id='block_1_105' title="bbox 2166 3784 3774 3858">
    <p class='ocr_par' dir='ltr' id='par_1_105' title="bbox 2166 3784 3774 3858">
     <span class='ocr_line' id='line_1_105' title="bbox 2166 3784 3774 3858; baseline -0.004 -6"><span class='ocrx_word' id='word_1_766' title='bbox 2166 3811 2256 3852; x_wconf 90' lang='lat' dir='ltr'><strong>ars</strong></span> <span class='ocrx_word' id='word_1_767' title='bbox 2287 3784 2454 3850; x_wconf 61' lang='lat' dir='ltr'><strong>aulaea</strong></span> <span class='ocrx_word' id='word_1_768' title='bbox 2498 3784 2745 3858; x_wconf 82' lang='lat' dir='ltr'><strong>texendi;</strong></span> <span class='ocrx_word' id='word_1_769' title='bbox 2774 3793 2867 3847; x_wconf 86' lang='lat' dir='ltr'><strong>sed</strong></span> <span class='ocrx_word' id='word_1_770' title='bbox 2897 3793 3075 3845; x_wconf 89' lang='lat' dir='ltr'><strong>verius</strong></span> <span class='ocrx_word' id='word_1_771' title='bbox 3103 3784 3461 3845; x_wconf 78' lang='lat' dir='ltr'><strong>tabernacula</strong></span> <span class='ocrx_word' id='word_1_772' title='bbox 3495 3793 3612 3845; x_wconf 86' lang='lat' dir='ltr'><strong>sive</strong></span> <span class='ocrx_word' id='word_1_773' title='bbox 3640 3784 3774 3846; x_wconf 61' lang='lat' dir='ltr'><strong>ten-1</strong></span> 
     </span>
    </p>
   </div>
   <div class='ocr_carea' id='block_1_106' title="bbox 2168 3861 3774 3936">
    <p class='ocr_par' dir='ltr' id='par_1_106' title="bbox 2168 3861 3774 3936">
     <span class='ocr_line' id='line_1_106' title="bbox 2168 3861 3774 3936; baseline -0.002 -13"><span class='ocrx_word' id='word_1_774' title='bbox 2168 3870 2305 3923; x_wconf 85' lang='lat' dir='ltr'><strong>toria</strong></span> <span class='ocrx_word' id='word_1_775' title='bbox 2334 3882 2399 3922; x_wconf 83' lang='lat' dir='ltr'><strong>ex</strong></span> <span class='ocrx_word' id='word_1_776' title='bbox 2423 3866 2655 3936; x_wconf 87' lang='lat' dir='ltr'><strong>pellibus</strong></span> <span class='ocrx_word' id='word_1_777' title='bbox 2677 3861 3224 3936; x_wconf 12' lang='lat' dir='ltr'><strong>consuendi,rquibus</strong></span> <span class='ocrx_word' id='word_1_778' title='bbox 3248 3861 3451 3916; x_wconf 88' lang='lat' dir='ltr'><strong>milites</strong></span> <span class='ocrx_word' id='word_1_779' title='bbox 3476 3873 3774 3919; x_wconf 84' lang='lat' dir='ltr'><strong>uterentur</strong></span> 
     </span>
    </p>
   </div>
   <div class='ocr_carea' id='block_1_107' title="bbox 2166 3932 3773 4008">
    <p class='ocr_par' dir='ltr' id='par_1_107' title="bbox 2166 3932 3773 4008">
     <span class='ocr_line' id='line_1_107' title="bbox 2166 3932 3773 4008; baseline -0.002 -16"><span class='ocrx_word' id='word_1_780' title='bbox 2166 3940 2225 3993; x_wconf 90' lang='lat' dir='ltr'><strong>in</strong></span> <span class='ocrx_word' id='word_1_781' title='bbox 2269 3932 2483 4001; x_wconf 77' lang='lat' dir='ltr'><strong>castris,</strong></span> <span class='ocrx_word' id='word_1_782' title='bbox 2528 3938 2596 3991; x_wconf 89' lang='lat' dir='ltr'><strong>de</strong></span> <span class='ocrx_word' id='word_1_783' title='bbox 2647 3936 2842 4008; x_wconf 87' lang='lat' dir='ltr'><strong>quibus</strong></span> <span class='ocrx_word' id='word_1_784' title='bbox 2893 3935 3154 4008; x_wconf 62' lang='lat' dir='ltr'><strong>Tacitus;</strong></span> <span class='ocrx_word' id='word_1_785' title='bbox 3183 3932 3430 4008; x_wconf 74' lang='lat' dir='ltr'><strong>Retentus</strong></span> <span class='ocrx_word' id='word_1_786' title='bbox 3477 3944 3551 3987; x_wconf 89' lang='lat' dir='ltr'><strong>est</strong></span> <span class='ocrx_word' id='word_1_787' title='bbox 3598 3937 3773 3989; x_wconf 86' lang='lat' dir='ltr'><strong>omnis</strong></span> 
     </span>
    </p>
   </div>
   <div class='ocr_carea' id='block_1_108' title="bbox 2165 4004 3775 4078">
    <p class='ocr_par' dir='ltr' id='par_1_108' title="bbox 2165 4004 3775 4078">
     <span class='ocr_line' id='line_1_108' title="bbox 2165 4004 3775 4078; baseline -0.001 -16"><span class='ocrx_word' id='word_1_788' title='bbox 2165 4012 2421 4063; x_wconf 76' lang='lat' dir='ltr'><strong>exercitus</strong></span> <span class='ocrx_word' id='word_1_789' title='bbox 2450 4008 2542 4062; x_wconf 89' lang='lat' dir='ltr'><strong>sub</strong></span> <span class='ocrx_word' id='word_1_790' title='bbox 2572 4004 2829 4078; x_wconf 84' lang='lat' dir='ltr'><strong>pellibus;</strong></span> <span class='ocrx_word' id='word_1_791' title='bbox 2860 4014 2914 4060; x_wconf 88' lang='lat' dir='ltr'><strong>et</strong></span> <span class='ocrx_word' id='word_1_792' title='bbox 2941 4006 3031 4073; x_wconf 90' lang='lat' dir='ltr'><strong>qui</strong></span> <span class='ocrx_word' id='word_1_793' title='bbox 3067 4004 3377 4078; x_wconf 76' lang='lat' dir='ltr'><strong>hujusmodi</strong></span> <span class='ocrx_word' id='word_1_794' title='bbox 3415 4014 3590 4059; x_wconf 89' lang='lat' dir='ltr'><strong>artem</strong></span> <span class='ocrx_word' id='word_1_795' title='bbox 3636 4019 3775 4073; x_wconf 84' lang='lat' dir='ltr'><strong>pro-</strong></span> 
     </span>
    </p>
   </div>
   <div class='ocr_carea' id='block_1_109' title="bbox 2166 4074 3774 4145">
    <p class='ocr_par' dir='ltr' id='par_1_109' title="bbox 2166 4074 3774 4145">
     <span class='ocr_line' id='line_1_109' title="bbox 2166 4074 3774 4145; baseline -0.001 -12"><span class='ocrx_word' id='word_1_796' title='bbox 2166 4080 2478 4143; x_wconf 72' lang='lat' dir='ltr'><strong>litehrmttir,</strong></span> <span class='ocrx_word' id='word_1_797' title='bbox 2509 4074 2818 4137; x_wconf 66' lang='grc' dir='ltr'><strong>σκὴνοποιοὶ,</strong></span> <span class='ocrx_word' id='word_1_798' title='bbox 2849 4076 3146 4145; x_wconf 73' lang='grc' dir='ltr'><strong>εεεηορωί,</strong></span> <span class='ocrx_word' id='word_1_799' title='bbox 3189 4074 3530 4137; x_wconf 82' lang='lat' dir='ltr'><strong>dicebantur,</strong></span> <span class='ocrx_word' id='word_1_800' title='bbox 3579 4077 3774 4131; x_wconf 84' lang='lat' dir='ltr'><strong>taber-</strong></span> 
     </span>
    </p>
   </div>
   <div class='ocr_carea' id='block_1_110' title="bbox 2143 4146 3766 4213">
    <p class='ocr_par' dir='ltr' id='par_1_110' title="bbox 2143 4146 3766 4213">
     <span class='ocr_line' id='line_1_110' title="bbox 2143 4146 3766 4213; baseline 0 -10"><span class='ocrx_word' id='word_1_801' title='bbox 2143 4154 2503 4213; x_wconf 75' lang='lat' dir='ltr'><strong>naculorum,</strong></span> <span class='ocrx_word' id='word_1_802' title='bbox 2530 4151 2647 4204; x_wconf 90' lang='lat' dir='ltr'><strong>sive</strong></span> <span class='ocrx_word' id='word_1_803' title='bbox 2678 4147 3034 4201; x_wconf 88' lang='lat' dir='ltr'><strong>tentoriorum</strong></span> <span class='ocrx_word' id='word_1_804' title='bbox 3066 4148 3311 4208; x_wconf 87' lang='lat' dir='ltr'><strong>opiﬁces.</strong></span> <span class='ocrx_word' id='word_1_805' title='bbox 3348 4147 3421 4199; x_wconf 88' lang='lat' dir='ltr'><strong>De</strong></span> <span class='ocrx_word' id='word_1_806' title='bbox 3455 4146 3559 4200; x_wconf 84' lang='lat' dir='ltr'><strong>hoc</strong></span> <span class='ocrx_word' id='word_1_807' title='bbox 3589 4162 3766 4210; x_wconf 84' lang='lat' dir='ltr'><strong>porro</strong></span> 
     </span>
    </p>
   </div>
   <div class='ocr_carea' id='block_1_111' title="bbox 2166 4214 3773 4289">
    <p class='ocr_par' dir='ltr' id='par_1_111' title="bbox 2166 4214 3773 4289">
     <span class='ocr_line' id='line_1_111' title="bbox 2166 4214 3773 4289; baseline 0 -15"><span class='ocrx_word' id='word_1_808' title='bbox 2166 4222 2398 4289; x_wconf 85' lang='lat' dir='ltr'><strong>apostoli</strong></span> <span class='ocrx_word' id='word_1_809' title='bbox 2443 4218 2596 4274; x_wconf 83' lang='lat' dir='ltr'><strong>Pauli</strong></span> <span class='ocrx_word' id='word_1_810' title='bbox 2638 4218 2853 4287; x_wconf 83' lang='lat' dir='ltr'><strong>opiﬁcio</strong></span> <span class='ocrx_word' id='word_1_811' title='bbox 2904 4217 3333 4289; x_wconf 70' lang='lat' dir='ltr'><strong>hzec_0rigenes</strong></span> <span class='ocrx_word' id='word_1_812' title='bbox 3359 4233 3373 4271; x_wconf 89' lang='lat'><strong>:</strong></span> <span class='ocrx_word' id='word_1_813' title='bbox 3402 4214 3606 4289; x_wconf 59' lang='lat' dir='ltr'><strong>Baulus</strong></span> <span class='ocrx_word' id='word_1_814' title='bbox 3647 4233 3773 4275; x_wconf 85' lang='lat' dir='ltr'><strong>arte</strong></span> 
     </span>
    </p>
   </div>
   <div class='ocr_carea' id='block_1_112' title="bbox 2166 4273 3774 4363">
    <p class='ocr_par' dir='ltr' id='par_1_112' title="bbox 2166 4273 3774 4363">
     <span class='ocr_line' id='line_1_112' title="bbox 2166 4273 3774 4363; baseline 0.001 -19"><span class='ocrx_word' id='word_1_815' title='bbox 2166 4273 2465 4363; x_wconf 42' lang='lat' dir='ltr'><strong>filiaiam</strong></span> <span class='ocrx_word' id='word_1_816' title='bbox 2499 4273 2958 4363; x_wconf 63' lang='lat' dir='ltr'><strong>tabernaculorum</strong></span> <span class='ocrx_word' id='word_1_817' title='bbox 2987 4273 3273 4363; x_wconf 35' lang='lat' dir='ltr'><strong>(Homfﬂ</strong></span> <span class='ocrx_word' id='word_1_818' title='bbox 3307 4289 3362 4341; x_wconf 89' lang='lat' dir='ltr'><strong>in</strong></span> <span class='ocrx_word' id='word_1_819' title='bbox 3391 4285 3660 4363; x_wconf 66' lang='lat' dir='ltr'><strong>Numen).</strong></span> 
     </span>
    </p>
   </div>
   <div class='ocr_carea' id='block_1_113' title="bbox 2166 4358 3845 4432">
    <p class='ocr_par' dir='ltr' id='par_1_113' title="bbox 2166 4358 3845 4432">
     <span class='ocr_line' id='line_1_113' title="bbox 2166 4358 3845 4432; baseline -0.004 -14"><span class='ocrx_word' id='word_1_820' title='bbox 2166 4358 2327 4432; x_wconf 80' lang='lat' dir='ltr'><strong>paulo</strong></span> <span class='ocrx_word' id='word_1_821' title='bbox 2357 4361 2579 4417; x_wconf 78' lang='lat' dir='ltr'><strong>inferius</strong></span> <span class='ocrx_word' id='word_1_822' title='bbox 2604 4379 2617 4414; x_wconf 89' lang='lat'><strong>:</strong></span> <span class='ocrx_word' id='word_1_823' title='bbox 2648 4358 2794 4415; x_wconf 86' lang='lat' dir='ltr'><strong>Sicut</strong></span> <span class='ocrx_word' id='word_1_824' title='bbox 2820 4359 2902 4413; x_wconf 89' lang='lat' dir='ltr'><strong>illi</strong></span> <span class='ocrx_word' id='word_1_825' title='bbox 2936 4358 3005 4414; x_wconf 72' lang='lat' dir='ltr'><strong>ea:</strong></span> <span class='ocrx_word' id='word_1_826' title='bbox 3039 4360 3323 4432; x_wconf 84' lang='lat' dir='ltr'><strong>piscatione</strong></span> <span class='ocrx_word' id='word_1_827' title='bbox 3347 4360 3563 4432; x_wconf 86' lang='lat' dir='ltr'><strong>piscium</strong></span> <span class='ocrx_word' id='word_1_828' title='bbox 3590 4362 3774 4428; x_wconf 87' lang='lat' dir='ltr'><strong>pisca-</strong></span> <span class='ocrx_word' id='word_1_829' title='bbox 3842 4404 3845 4411; x_wconf 77' lang='grc'>,</span> 
     </span>
    </p>
   </div>
   <div class='ocr_carea' id='block_1_114' title="bbox 2167 4430 3771 4502">
    <p class='ocr_par' dir='ltr' id='par_1_114' title="bbox 2167 4430 3771 4502">
     <span class='ocr_line' id='line_1_114' title="bbox 2167 4430 3771 4502; baseline -0.004 -15"><span class='ocrx_word' id='word_1_830' title='bbox 2167 4430 2299 4489; x_wconf 77' lang='lat' dir='ltr'><strong>tores</strong></span> <span class='ocrx_word' id='word_1_831' title='bbox 2322 4434 2592 4487; x_wconf 87' lang='lat' dir='ltr'><strong>hominum</strong></span> <span class='ocrx_word' id='word_1_832' title='bbox 2625 4432 2747 4502; x_wconf 79' lang='lat' dir='ltr'><strong>facti</strong></span> <span class='ocrx_word' id='word_1_833' title='bbox 2776 4439 2917 4495; x_wconf 87' lang='lat' dir='ltr'><strong>sunt,</strong></span> <span class='ocrx_word' id='word_1_834' title='bbox 2947 4434 3021 4484; x_wconf 90' lang='lat' dir='ltr'><strong>ita</strong></span> <span class='ocrx_word' id='word_1_835' title='bbox 3049 4438 3099 4484; x_wconf 89' lang='lat' dir='ltr'><strong>et</strong></span> <span class='ocrx_word' id='word_1_836' title='bbox 3128 4431 3222 4484; x_wconf 87' lang='lat' dir='ltr'><strong>iste</strong></span> <span class='ocrx_word' id='word_1_837' title='bbox 3243 4448 3274 4481; x_wconf 92' lang='lat' dir='ltr'><strong>a</strong></span> <span class='ocrx_word' id='word_1_838' title='bbox 3303 4430 3551 4500; x_wconf 78' lang='lat' dir='ltr'><strong>faciendis</strong></span> <span class='ocrx_word' id='word_1_839' title='bbox 3580 4432 3771 4485; x_wconf 81' lang='lat' dir='ltr'><strong>tuber-</strong></span> 
     </span>
    </p>
   </div>
   <div class='ocr_carea' id='block_1_115' title="bbox 2166 4502 3771 4559">
    <p class='ocr_par' dir='ltr' id='par_1_115' title="bbox 2166 4502 3771 4559">
     <span class='ocr_line' id='line_1_115' title="bbox 2166 4502 3771 4559; baseline -0.001 0"><span class='ocrx_word' id='word_1_840' title='bbox 2166 4506 2366 4559; x_wconf 87' lang='lat' dir='ltr'><strong>naculis</strong></span> <span class='ocrx_word' id='word_1_841' title='bbox 2397 4504 2608 4558; x_wconf 88' lang='lat' dir='ltr'><strong>terrenis</strong></span> <span class='ocrx_word' id='word_1_842' title='bbox 2651 4503 2718 4557; x_wconf 87' lang='lat' dir='ltr'><strong>ad</strong></span> <span class='ocrx_word' id='word_1_843' title='bbox 2761 4503 2987 4556; x_wconf 83' lang='lat' dir='ltr'><strong>coelestia</strong></span> <span class='ocrx_word' id='word_1_844' title='bbox 3034 4502 3373 4555; x_wconf 79' lang='lat' dir='ltr'><strong>tabernacula</strong></span> <span class='ocrx_word' id='word_1_845' title='bbox 3411 4504 3771 4557; x_wconf 79' lang='lat' dir='ltr'><strong>construenda</strong></span> 
     </span>
    </p>
   </div>
   <div class='ocr_carea' id='block_1_116' title="bbox 2165 4573 3772 4642">
    <p class='ocr_par' dir='ltr' id='par_1_116' title="bbox 2165 4573 3772 4642">
     <span class='ocr_line' id='line_1_116' title="bbox 2165 4573 3772 4642; baseline -0.001 -11"><span class='ocrx_word' id='word_1_846' title='bbox 2165 4577 2451 4631; x_wconf 84' lang='lat' dir='ltr'><strong>translatus</strong></span> <span class='ocrx_word' id='word_1_847' title='bbox 2487 4584 2580 4627; x_wconf 85' lang='lat' dir='ltr'><strong>est.</strong></span> <span class='ocrx_word' id='word_1_848' title='bbox 2618 4576 2693 4628; x_wconf 88' lang='lat' dir='ltr'><strong>De</strong></span> <span class='ocrx_word' id='word_1_849' title='bbox 2723 4573 2914 4628; x_wconf 81' lang='lat' dir='ltr'><strong>eodem</strong></span> <span class='ocrx_word' id='word_1_850' title='bbox 2953 4573 3017 4628; x_wconf 92' lang='lat' dir='ltr'><strong>D.</strong></span> <span class='ocrx_word' id='word_1_851' title='bbox 3049 4573 3472 4642; x_wconf 66' lang='lat' dir='ltr'><strong>Chrysostomus</strong></span> <span class='ocrx_word' id='word_1_852' title='bbox 3503 4573 3612 4627; x_wconf 66' lang='lat' dir='ltr'><strong>hac</strong></span> <span class='ocrx_word' id='word_1_853' title='bbox 3638 4573 3772 4630; x_wconf 84' lang='lat' dir='ltr'><strong>ele-</strong></span> 
     </span>
    </p>
   </div>
   <div class='ocr_carea' id='block_1_117' title="bbox 2200 4644 3772 4713">
    <p class='ocr_par' dir='ltr' id='par_1_117' title="bbox 2200 4644 3772 4713">
     <span class='ocr_line' id='line_1_117' title="bbox 2200 4644 3772 4713; baseline -0.004 -12"><span class='ocrx_word' id='word_1_854' title='bbox 2200 4659 2352 4703; x_wconf 91' lang='lat' dir='ltr'><strong>anter</strong></span> <span class='ocrx_word' id='word_1_855' title='bbox 2382 4664 2397 4701; x_wconf 89' lang='lat'><strong>:</strong></span> <span class='ocrx_word' id='word_1_856' title='bbox 2429 4644 2924 4711; x_wconf 86' lang='lat' dir='ltr'><strong>Tabernaculorum,</strong></span> <span class='ocrx_word' id='word_1_857' title='bbox 2963 4645 3154 4713; x_wconf 88' lang='lat' dir='ltr'><strong>inquit,</strong></span> <span class='ocrx_word' id='word_1_858' title='bbox 3199 4644 3535 4698; x_wconf 79' lang='lat' dir='ltr'><strong>texendorum</strong></span> <span class='ocrx_word' id='word_1_859' title='bbox 3564 4645 3772 4712; x_wconf 72' lang='lat' dir='ltr'><strong>artifex</strong></span> 
     </span>
    </p>
   </div>
   <div class='ocr_carea' id='block_1_118' title="bbox 2182 4715 3767 4786">
    <p class='ocr_par' dir='ltr' id='par_1_118' title="bbox 2182 4715 3767 4786">
     <span class='ocr_line' id='line_1_118' title="bbox 2182 4715 3767 4786; baseline -0.001 -15"><span class='ocrx_word' id='word_1_860' title='bbox 2182 4715 2250 4772; x_wconf 66' lang='lat' dir='ltr'><strong>lic</strong></span> <span class='ocrx_word' id='word_1_861' title='bbox 2281 4735 2385 4773; x_wconf 90' lang='lat' dir='ltr'><strong>non</strong></span> <span class='ocrx_word' id='word_1_862' title='bbox 2411 4717 2654 4773; x_wconf 87' lang='lat' dir='ltr'><strong>Siciliam</strong></span> <span class='ocrx_word' id='word_1_863' title='bbox 2696 4715 2848 4768; x_wconf 86' lang='lat' dir='ltr'><strong>modo</strong></span> <span class='ocrx_word' id='word_1_864' title='bbox 2891 4726 3046 4786; x_wconf 81' lang='lat' dir='ltr'><strong>atque</strong></span> <span class='ocrx_word' id='word_1_865' title='bbox 3072 4716 3315 4786; x_wconf 82' lang='lat' dir='ltr'><strong>_llaliam,</strong></span> <span class='ocrx_word' id='word_1_866' title='bbox 3345 4731 3523 4769; x_wconf 87' lang='lat' dir='ltr'><strong>verum</strong></span> <span class='ocrx_word' id='word_1_867' title='bbox 3550 4718 3767 4770; x_wconf 83' lang='lat' dir='ltr'><strong>univer-</strong></span> 
     </span>
    </p>
   </div>
   <div class='ocr_carea' id='block_1_119' title="bbox 2163 4784 3767 4857">
    <p class='ocr_par' dir='ltr' id='par_1_119' title="bbox 2163 4784 3767 4857">
     <span class='ocr_line' id='line_1_119' title="bbox 2163 4784 3767 4857; baseline -0.002 -14"><span class='ocrx_word' id='word_1_868' title='bbox 2163 4806 2278 4844; x_wconf 90' lang='lat' dir='ltr'><strong>sum</strong></span> <span class='ocrx_word' id='word_1_869' title='bbox 2308 4800 2566 4843; x_wconf 88' lang='lat' dir='ltr'><strong>terrarum</strong></span> <span class='ocrx_word' id='word_1_870' title='bbox 2595 4788 2787 4851; x_wconf 87' lang='lat' dir='ltr'><strong>orbem,</strong></span> <span class='ocrx_word' id='word_1_871' title='bbox 2818 4784 3027 4841; x_wconf 82' lang='lat' dir='ltr'><strong>verbum</strong></span> <span class='ocrx_word' id='word_1_872' title='bbox 3060 4784 3157 4840; x_wconf 88' lang='lat' dir='ltr'><strong>Dei</strong></span> <span class='ocrx_word' id='word_1_873' title='bbox 3189 4788 3481 4855; x_wconf 75' lang='lat' dir='ltr'><strong>prtzdicans</strong></span> <span class='ocrx_word' id='word_1_874' title='bbox 3510 4802 3767 4857; x_wconf 85' lang='lat' dir='ltr'><strong>peragra-</strong></span> 
     </span>
    </p>
   </div>
   <div class='ocr_carea' id='block_1_120' title="bbox 2161 4858 3765 4922">
    <p class='ocr_par' dir='ltr' id='par_1_120' title="bbox 2161 4858 3765 4922">
     <span class='ocr_line' id='line_1_120' title="bbox 2161 4858 3765 4922; baseline -0.001 -9"><span class='ocrx_word' id='word_1_875' title='bbox 2161 4862 2270 4922; x_wconf 86' lang='lat' dir='ltr'><strong>vit;</strong></span> <span class='ocrx_word' id='word_1_876' title='bbox 2299 4878 2417 4915; x_wconf 89' lang='lat' dir='ltr'><strong>cum</strong></span> <span class='ocrx_word' id='word_1_877' title='bbox 2445 4860 2655 4914; x_wconf 85' lang='lat' dir='ltr'><strong>interim</strong></span> <span class='ocrx_word' id='word_1_878' title='bbox 2679 4870 2841 4912; x_wconf 82' lang='lat' dir='ltr'><strong>artem</strong></span> <span class='ocrx_word' id='word_1_879' title='bbox 2879 4875 2981 4911; x_wconf 88' lang='lat' dir='ltr'><strong>non</strong></span> <span class='ocrx_word' id='word_1_880' title='bbox 3012 4858 3387 4919; x_wconf 83' lang='lat' dir='ltr'><strong>intermitteret.</strong></span> <span class='ocrx_word' id='word_1_881' title='bbox 3422 4859 3511 4910; x_wconf 87' lang='lat' dir='ltr'><strong>sed</strong></span> <span class='ocrx_word' id='word_1_882' title='bbox 3537 4858 3615 4910; x_wconf 76' lang='lat' dir='ltr'><strong>vel</strong></span> <span class='ocrx_word' id='word_1_883' title='bbox 3647 4872 3765 4913; x_wconf 86' lang='lat' dir='ltr'><strong>tum</strong></span> 
     </span>
    </p>
   </div>
   <div class='ocr_carea' id='block_1_121' title="bbox 2164 4928 3765 5002">
    <p class='ocr_par' dir='ltr' id='par_1_121' title="bbox 2164 4928 3765 5002">
     <span class='ocr_line' id='line_1_121' title="bbox 2164 4928 3765 5002; baseline -0.001 -18"><span class='ocrx_word' id='word_1_884' title='bbox 2164 4948 2368 5002; x_wconf 82' lang='lat' dir='ltr'><strong>quoque</strong></span> <span class='ocrx_word' id='word_1_885' title='bbox 2394 4932 2549 4998; x_wconf 84' lang='lat' dir='ltr'><strong>pelles</strong></span> <span class='ocrx_word' id='word_1_886' title='bbox 2578 4940 2845 4984; x_wconf 87' lang='lat' dir='ltr'><strong>consueret</strong></span> <span class='ocrx_word' id='word_1_887' title='bbox 2883 4939 2930 5002; x_wconf 86' lang='lat' dir='ltr'><strong>et</strong></span> <span class='ocrx_word' id='word_1_888' title='bbox 2971 4928 3184 4998; x_wconf 73' lang='lat' dir='ltr'><strong>oﬂicinw</strong></span> <span class='ocrx_word' id='word_1_889' title='bbox 3213 4944 3321 4980; x_wconf 72' lang='lat' dir='ltr'><strong>sum</strong></span> <span class='ocrx_word' id='word_1_890' title='bbox 3351 4938 3612 5002; x_wconf 69' lang='lat' dir='ltr'><strong>praeesset.</strong></span> <span class='ocrx_word' id='word_1_891' title='bbox 3648 4928 3765 5002; x_wconf 80' lang='lat' dir='ltr'><strong>e-</strong></span> 
     </span>
    </p>
   </div>
   <div class='ocr_carea' id='block_1_122' title="bbox 2161 4998 3761 5073">
    <p class='ocr_par' dir='ltr' id='par_1_122' title="bbox 2161 4998 3761 5073">
     <span class='ocr_line' id='line_1_122' title="bbox 2161 4998 3761 5073; baseline -0.001 -18"><span class='ocrx_word' id='word_1_892' title='bbox 2161 4998 2444 5073; x_wconf 54' lang='lat' dir='ltr'><strong>qne&#39;enim</strong></span> <span class='ocrx_word' id='word_1_893' title='bbox 2486 5018 2544 5073; x_wconf 76' lang='lat' dir='ltr'><strong>ea</strong></span> <span class='ocrx_word' id='word_1_894' title='bbox 2595 5018 2673 5054; x_wconf 85' lang='lat' dir='ltr'><strong>res</strong></span> <span class='ocrx_word' id='word_1_895' title='bbox 2705 5001 2960 5073; x_wconf 70' lang='lat' dir='ltr'><strong>patricios</strong></span> <span class='ocrx_word' id='word_1_896' title='bbox 2995 5008 3086 5052; x_wconf 91' lang='lat' dir='ltr'><strong>aut</strong></span> <span class='ocrx_word' id='word_1_897' title='bbox 3128 4998 3761 5073; x_wconf 27' lang='lat' dir='ltr'><strong>magnatesho/I&#39;endrbat,</strong></span> 
     </span>
    </p>
   </div>
   <div class='ocr_carea' id='block_1_123' title="bbox 2161 5069 3766 5143">
    <p class='ocr_par' dir='ltr' id='par_1_123' title="bbox 2161 5069 3766 5143">
     <span class='ocr_line' id='line_1_123' title="bbox 2161 5069 3766 5143; baseline -0.002 -17"><span class='ocrx_word' id='word_1_898' title='bbox 2161 5069 2318 5141; x_wconf 82' lang='lat' dir='ltr'><strong>idque</strong></span> <span class='ocrx_word' id='word_1_899' title='bbox 2340 5074 2458 5143; x_wconf 86' lang='lat' dir='ltr'><strong>jure</strong></span> <span class='ocrx_word' id='word_1_900' title='bbox 2485 5069 2699 5139; x_wconf 78' lang='lat' dir='ltr'><strong>optimo.</strong></span> <span class='ocrx_word' id='word_1_901' title='bbox 2728 5071 2851 5125; x_wconf 84' lang='lat' dir='ltr'><strong>Non</strong></span> <span class='ocrx_word' id='word_1_902' title='bbox 2880 5071 3016 5124; x_wconf 88' lang='lat' dir='ltr'><strong>enim</strong></span> <span class='ocrx_word' id='word_1_903' title='bbox 3033 5079 3176 5143; x_wconf 77' lang='lat' dir='ltr'><strong>artes</strong></span> <span class='ocrx_word' id='word_1_904' title='bbox 3202 5069 3484 5143; x_wconf 10' lang='lat' dir='ltr'><strong>acqsludia,</strong></span> <span class='ocrx_word' id='word_1_905' title='bbox 3520 5072 3609 5121; x_wconf 90' lang='lat' dir='ltr'><strong>sed</strong></span> <span class='ocrx_word' id='word_1_906' title='bbox 3632 5086 3766 5123; x_wconf 71' lang='lat' dir='ltr'><strong>con.</strong></span> 
     </span>
    </p>
   </div>
   <div class='ocr_carea' id='block_1_124' title="bbox 2166 5140 3759 5213">
    <p class='ocr_par' dir='ltr' id='par_1_124' title="bbox 2166 5140 3759 5213">
     <span class='ocr_line' id='line_1_124' title="bbox 2166 5140 3759 5213; baseline -0.001 -16"><span class='ocrx_word' id='word_1_907' title='bbox 2166 5140 2286 5213; x_wconf 81' lang='lat' dir='ltr'><strong>ﬁcta</strong></span> <span class='ocrx_word' id='word_1_908' title='bbox 2310 5140 2553 5213; x_wconf 74' lang='lat' dir='ltr'><strong>dogmata</strong></span> <span class='ocrx_word' id='word_1_909' title='bbox 2582 5143 2915 5213; x_wconf 76' lang='lat' dir='ltr'><strong>despicabiles</strong></span> <span class='ocrx_word' id='word_1_910' title='bbox 2950 5140 3363 5213; x_wconf 85' lang='lat' dir='ltr'><strong>reddere_solent</strong></span> <span class='ocrx_word' id='word_1_911' title='bbox 3390 5151 3759 5213; x_wconf 66' lang='lat' dir='ltr'><strong>praeceptores.</strong></span> 
     </span>
    </p>
   </div>
   <div class='ocr_carea' id='block_1_125' title="bbox 2164 5210 3639 5285">
    <p class='ocr_par' dir='ltr' id='par_1_125' title="bbox 2164 5210 3639 5285">
     <span class='ocr_line' id='line_1_125' title="bbox 2164 5210 3639 5285; baseline -0.005 -14"><span class='ocrx_word' id='word_1_912' title='bbox 2164 5210 2291 5270; x_wconf 62' lang='lat' dir='ltr'><strong>Haec</strong></span> <span class='ocrx_word' id='word_1_913' title='bbox 2317 5210 2729 5285; x_wconf 81' lang='lat' dir='ltr'><strong>Chrysnstomus</strong></span> <span class='ocrx_word' id='word_1_914' title='bbox 2759 5211 2984 5285; x_wconf 73' lang='lat' dir='ltr'><strong>(Homil.</strong></span> <span class='ocrx_word' id='word_1_915' title='bbox 3002 5212 3043 5285; x_wconf 70' lang='lat'><strong>2</strong></span> <span class='ocrx_word' id='word_1_916' title='bbox 3067 5213 3120 5265; x_wconf 86' lang='lat' dir='ltr'><strong>in</strong></span> <span class='ocrx_word' id='word_1_917' title='bbox 3150 5210 3320 5285; x_wconf 64' lang='lat' dir='ltr'><strong>Epist.</strong></span> <span class='ocrx_word' id='word_1_918' title='bbox 3344 5212 3413 5265; x_wconf 84' lang='lat' dir='ltr'><strong>ad</strong></span> <span class='ocrx_word' id='word_1_919' title='bbox 3439 5210 3639 5285; x_wconf 13' lang='lat' dir='ltr'><strong>Roqnt_.).</strong></span> 
     </span>
    </p>
   </div>
   <div class='ocr_carea' id='block_1_126' title="bbox 2236 5281 3757 5355">
    <p class='ocr_par' dir='ltr' id='par_1_126' title="bbox 2236 5281 3757 5355">
     <span class='ocr_line' id='line_1_126' title="bbox 2236 5281 3757 5355; baseline -0.003 -15"><span class='ocrx_word' id='word_1_920' title='bbox 2236 5287 2260 5323; x_wconf 73' lang='grc' dir='ltr'>α</span> <span class='ocrx_word' id='word_1_921' title='bbox 2307 5281 2594 5355; x_wconf 75' lang='lat' dir='ltr'><strong>Dionysius</strong></span> <span class='ocrx_word' id='word_1_922' title='bbox 2630 5287 2756 5353; x_wconf 87' lang='lat' dir='ltr'><strong>legit</strong></span> <span class='ocrx_word' id='word_1_923' title='bbox 2782 5302 2799 5355; x_wconf 15' lang='grc' dir='ltr'><strong>τί</strong></span> <span class='ocrx_word' id='word_1_924' title='bbox 2829 5286 2879 5355; x_wconf 82' lang='grc' dir='ltr'><strong><em>Α</em></strong></span> <span class='ocrx_word' id='word_1_925' title='bbox 2912 5281 3247 5355; x_wconf 79' lang='lat' dir='ltr'><strong>Mileto._E_st</strong></span> <span class='ocrx_word' id='word_1_926' title='bbox 3287 5294 3466 5355; x_wconf 86' lang='lat' dir='ltr'><strong>autem</strong></span> <span class='ocrx_word' id='word_1_927' title='bbox 3511 5282 3757 5355; x_wconf 82' lang='lat' dir='ltr'><strong>Miletus,</strong></span> 
     </span>
    </p>
   </div>
   <div class='ocr_carea' id='block_1_127' title="bbox 2164 5353 3751 5419">
    <p class='ocr_par' dir='ltr' id='par_1_127' title="bbox 2164 5353 3751 5419">
     <span class='ocr_line' id='line_1_127' title="bbox 2164 5353 3751 5419; baseline -0.002 -7"><span class='ocrx_word' id='word_1_928' title='bbox 2164 5358 2246 5412; x_wconf 90' lang='lat' dir='ltr'><strong>vel</strong></span> <span class='ocrx_word' id='word_1_929' title='bbox 2270 5353 2529 5416; x_wconf 81' lang='lat' dir='ltr'><strong>Miletum.</strong></span> <span class='ocrx_word' id='word_1_930' title='bbox 2556 5358 2744 5412; x_wconf 83' lang='lat' dir='ltr'><strong>civitas</strong></span> <span class='ocrx_word' id='word_1_931' title='bbox 2764 5354 2936 5408; x_wconf 77' lang='lat' dir='ltr'><strong>Cariae</strong></span> <span class='ocrx_word' id='word_1_932' title='bbox 2967 5353 3324 5419; x_wconf 88' lang='lat' dir='ltr'><strong>nobilissima,</strong></span> <span class='ocrx_word' id='word_1_933' title='bbox 3349 5354 3415 5408; x_wconf 89' lang='lat' dir='ltr'><strong>ad</strong></span> <span class='ocrx_word' id='word_1_934' title='bbox 3441 5367 3592 5408; x_wconf 87' lang='lat' dir='ltr'><strong>mare</strong></span> <span class='ocrx_word' id='word_1_935' title='bbox 3616 5354 3751 5409; x_wconf 84' lang='lat' dir='ltr'><strong>sita.</strong></span> 
     </span>
    </p>
   </div>
   <div class='ocr_carea' id='block_1_128' title="bbox 2166 5424 3646 5506">
    <p class='ocr_par' dir='ltr' id='par_1_128' title="bbox 2166 5424 3646 5506">
     <span class='ocr_line' id='line_1_128' title="bbox 2166 5424 3646 5506; baseline 0.02 -29"><span class='ocrx_word' id='word_1_936' title='bbox 2166 5429 2243 5483; x_wconf 88' lang='lat' dir='ltr'><strong>De</strong></span> <span class='ocrx_word' id='word_1_937' title='bbox 2268 5444 2369 5506; x_wconf 70' lang='lat' dir='ltr'><strong>qua</strong></span> <span class='ocrx_word' id='word_1_938' title='bbox 2388 5426 2724 5506; x_wconf 69' lang='lat' dir='ltr'><strong>_I’linius__lib.</strong></span> <span class='ocrx_word' id='word_1_939' title='bbox 2750 5442 2789 5506; x_wconf 42' lang='grc' dir='ltr'><strong>,ν</strong></span> <span class='ocrx_word' id='word_1_940' title='bbox 2820 5439 2941 5506; x_wconf 58' lang='grc' dir='ltr'><strong>φρ·</strong></span> <span class='ocrx_word' id='word_1_941' title='bbox 2972 5424 3063 5479; x_wconf 64' lang='lat'><strong>29-</strong></span> <span class='ocrx_word' id='word_1_942' title='bbox 3244 5495 3276 5506; x_wconf 85' lang='lat'><strong>__</strong></span> <span class='ocrx_word' id='word_1_943' title='bbox 3633 5496 3646 5506; x_wconf 94' lang='lat'><strong>.</strong></span> 
     </span>
    </p>
   </div>
   <div class='ocr_carea' id='block_1_129' title="bbox 2238 5495 3752 5567">
    <p class='ocr_par' dir='ltr' id='par_1_129' title="bbox 2238 5495 3752 5567">
     <span class='ocr_line' id='line_1_129' title="bbox 2238 5495 3752 5567; baseline -0.002 -14"><span class='ocrx_word' id='word_1_944' title='bbox 2238 5510 2262 5537; x_wconf 75' lang='grc' dir='ltr'>θ</span> <span class='ocrx_word' id='word_1_945' title='bbox 2287 5495 2548 5567; x_wconf 74' lang='lat' dir='ltr'><strong>Ephesus</strong></span> <span class='ocrx_word' id='word_1_946' title='bbox 2580 5496 2795 5551; x_wconf 80' lang='lat' dir='ltr'><strong>Minoris</strong></span> <span class='ocrx_word' id='word_1_947' title='bbox 2825 5500 2966 5550; x_wconf 81' lang='lat' dir='ltr'><strong>Asiae</strong></span> <span class='ocrx_word' id='word_1_948' title='bbox 2992 5495 3331 5567; x_wconf 71' lang='lat' dir='ltr'><strong>metropolis,</strong></span> <span class='ocrx_word' id='word_1_949' title='bbox 3360 5506 3414 5549; x_wconf 88' lang='lat' dir='ltr'><strong>et</strong></span> <span class='ocrx_word' id='word_1_950' title='bbox 3440 5496 3752 5567; x_wconf 87' lang='lat' dir='ltr'><strong>emporium</strong></span> 
     </span>
    </p>
   </div>
   <div class='ocr_carea' id='block_1_130' title="bbox 2164 5566 3758 5636">
    <p class='ocr_par' dir='ltr' id='par_1_130' title="bbox 2164 5566 3758 5636">
     <span class='ocr_line' id='line_1_130' title="bbox 2164 5566 3758 5636; baseline -0.003 -11"><span class='ocrx_word' id='word_1_951' title='bbox 2164 5571 2294 5627; x_wconf 91' lang='lat' dir='ltr'><strong>olim</strong></span> <span class='ocrx_word' id='word_1_952' title='bbox 2341 5566 2776 5630; x_wconf 81' lang='lat' dir='ltr'><strong>celeberrimum,</strong></span> <span class='ocrx_word' id='word_1_953' title='bbox 2812 5567 2903 5620; x_wconf 90' lang='lat' dir='ltr'><strong>ubi</strong></span> <span class='ocrx_word' id='word_1_954' title='bbox 2936 5567 3194 5636; x_wconf 90' lang='lat' dir='ltr'><strong>templum</strong></span> <span class='ocrx_word' id='word_1_955' title='bbox 3224 5566 3407 5623; x_wconf 71' lang='lat' dir='ltr'><strong>Dianae</strong></span> <span class='ocrx_word' id='word_1_956' title='bbox 3449 5566 3758 5621; x_wconf 84' lang='lat' dir='ltr'><strong>iatnosissi-</strong></span> 
     </span>
    </p>
   </div>
   <div class='ocr_carea' id='block_1_131' title="bbox 2166 5636 3756 5712">
    <p class='ocr_par' dir='ltr' id='par_1_131' title="bbox 2166 5636 3756 5712">
     <span class='ocr_line' id='line_1_131' title="bbox 2166 5636 3756 5712; baseline -0.001 -15"><span class='ocrx_word' id='word_1_957' title='bbox 2166 5658 2337 5708; x_wconf 89' lang='lat' dir='ltr'><strong>mum,</strong></span> <span class='ocrx_word' id='word_1_958' title='bbox 2385 5641 2540 5712; x_wconf 86' lang='lat' dir='ltr'><strong>cujus</strong></span> <span class='ocrx_word' id='word_1_959' title='bbox 2579 5638 2824 5697; x_wconf 88' lang='lat' dir='ltr'><strong>meminit</strong></span> <span class='ocrx_word' id='word_1_960' title='bbox 2870 5636 3047 5694; x_wconf 90' lang='lat' dir='ltr'><strong>Lucas</strong></span> <span class='ocrx_word' id='word_1_961' title='bbox 3094 5640 3213 5694; x_wconf 81' lang='lat' dir='ltr'><strong>Act.</strong></span> <span class='ocrx_word' id='word_1_962' title='bbox 3251 5652 3345 5693; x_wconf 87' lang='lat' dir='ltr'><strong>xx.</strong></span> <span class='ocrx_word' id='word_1_963' title='bbox 3385 5636 3619 5707; x_wconf 88' lang='lat' dir='ltr'><strong>Plinius,</strong></span> <span class='ocrx_word' id='word_1_964' title='bbox 3653 5637 3756 5696; x_wconf 88' lang='lat' dir='ltr'><strong>ubi</strong></span> 
     </span>
    </p>
   </div>
   <div class='ocr_carea' id='block_1_132' title="bbox 2162 5728 2347 5776">
    <p class='ocr_par' dir='ltr' id='par_1_132' title="bbox 2162 5728 2347 5776">
     <span class='ocr_line' id='line_1_132' title="bbox 2162 5728 2347 5776; baseline -0.027 -5"><span class='ocrx_word' id='word_1_965' title='bbox 2162 5728 2347 5776; x_wconf 76' lang='lat' dir='ltr'><strong>supra.</strong></span> 
     </span>
    </p>
   </div>
  </div>
