4014 6200
272 226 393 284 585-

894 224 982 280 DE
1017 222 1492 282 C(ENOBIORUM
1531 218 1783 278 INSTIT.
1826 221 1954 279 LIB.
1998 222 2063 277 Χ.
2087 251 2160 265 -
2187 220 2277 278 DE
2316 220 2583 279 SPIBITU
2622 221 2911 279 ΛϐΕοΙῶ

3437 224 3540 283 336

274 340 454 398 aliena
484 340 704 409 quidem
748 341 1000 412 largitate
1044 356 1108 396 ac
1152 341 1448 395 substantia
1496 353 1593 393 eos
1644 342 1869 393 reticere
1896 343 1947 400 Α
1972 338 2155 393 multis
2186 353 2253 394 ex
2284 339 2464 394 causis
2492 338 2757 395 oll'ensum
2799 333 3136 410 confingensi
3190 339 3327 396 vene
3361 340 3542 398 disce-

274 436 626 491 festinemus.

864 525 1094 584 CAPUT
1136 525 1280 582 XIX.

280 620 725 692 Quemadmodum
772 618 994 692 intelligi
1043 619 1226 692 debeat
1269 636 1288 674 :
1332 617 1543 674 Bestius
1586 627 1663 675 est
1700 618 1866 691 magis

780 692 903 746 dare
930 691 1086 763 quam
1117 691 1373 761 accipere.

348 807 422 863 Et
451 807 555 863 hoc
577 806 751 877 ipsum
784 805 998 861 Domini
1029 804 1163 860 dicit
1192 819 1313 860 esse
1340 804 1654 860 mandatum
1679 820 1694 862 :
1728 806 1867 873 Quo-

274 901 420 954 niam
444 901 577 971 ipse,
597 900 788 970 inquit,
815 898 971 965 dixit,
992 897 1042 953 id
1065 908 1168 965 est,
1200 898 1464 953 Dominus
1485 898 1645 954 .lesus
1670 896 1867 953 :aBea-

271 994 378 1047 tius
411 1001 487 1048 est
520 999 684 1066 magis
718 993 845 1047 dare
884 1009 1043 1064 quam
1079 992 1317 1061 accipere
1350 990 1553 1064 (Actor.
1592 993 1715 1060 xx).
1754 991 1866 1046 Hoc

269 1093 377 1149 est,
422 1086 784 1157 impartientis
832 1085 1044 1141 beatior
1089 1085 1315 1153 largitas
1345 1100 1506 1154 quam
1549 1085 1866 1154 accipientis

268 1180 521 1251 penuria,
558 1194 684 1251 quae
724 1194 831 1234 non
869 1178 939 1234 de
979 1178 1207 1248 pecunia
1238 1192 1338 1249 per
1368 1177 1744 1233 infidelitatem
1777 1177 1866 1233 vel

272 1276 630 1333 difﬁdentiam
683 1282 983 1339 reservata,
1033 1288 1135 1328 nec
1176 1272 1244 1327 de
1287 1271 1585 1329 reconditis
1622 1270 1864 1326 avaritia:

271 1368 547 1425 thesauris
566 1365 923 1437 impenditur,
956 1365 1195 1435 sed/quae
1221 1364 1288 1419 de
1319 1364 1500 1419 fructu
1532 1363 1713 1434 operis
1744 1377 1866 1433 pro-

266 1460 373 1532 prii
402 1469 459 1516 et
489 1459 578 1529 pio
602 1458 809 1515 sudore
839 1458 1137 1528 profertur.
1165 1456 1235 1511 Et
1266 1455 1393 1511 ideo
1421 1455 1621 1509 beatius
1649 1463 1722 1510 est
1747 1471 1862 1510 ma-

264 1553 352 1627 gis
391 1552 522 1608 dare
558 1568 716 1619 quam
761 1553 1018 1621 accipere,
1056 1551 1180 1619 quia
1218 1564 1342 1604 cum
1373 1549 1517 1603 illius
1550 1549 1638 1619 qui
1670 1548 1866 1617 accipit

262 1644 299 1685 δ
330 1646 379 1701 is
402 1646 494 1716 qui
523 1643 713 1700 tribuit
748 1644 944 1697 habeat
968 1649 1363 1713 paupertatem,
1387 1639 1736 1695 nihilominus
1776 1639 1861 1695 la-

1965 431 2133 499 dere,
2180 432 2225 487 si
2270 432 2526 487 solatium
2575 432 2787 488 itineris
2833 432 2920 487 vel
2970 432 3183 487 cornitis
3225 443 3538 502 repensset.

1965 523 2209 596 Cumque
2230 540 2352 581 eum
2373 524 2442 580 ad
2467 540 2793 583 consensum
2815 524 3045 581 occultis
3063 525 3544 582 obtrectationibus

1965 620 2286 675 monasterii
2315 620 2658 690 pellexisset,
2688 620 2983 677 condicens
3019 620 3070 676 ei
3106 620 3319 688 horam,
3348 634 3450 690 qua
3477 620 3546 675 de

1965 712 2296 768 monasterio
2325 711 2555 769 deberet
2580 713 2755 781 exire,
2784 712 2868 768 vel
2898 713 3079 768 locum
3107 728 3213 783 quo
3251 727 3311 768 se
3339 727 3548 783 praeve-

1966 804 2122 859 niens
2143 812 2506 874 exspectaret,
2534 805 2651 876 ipse
2678 805 2827 869 velut
2855 804 3005 861 illico
3032 804 3423 861 subsecuturus
3444 806 3546 862 ibi-

1964 896 2090 950 dem
2116 896 2469 965 subsistebat.
2502 897 2706 967 Illoque
2733 900 2866 968 jam,
2900 914 3000 969 pro
3027 899 3299 956 discessus
3325 899 3410 955 sui
3446 915 3546 957 ve-

1964 988 2248 1058 recundia,
2277 1003 2385 1046 non
2423 991 2660 1047 audente
2685 992 2750 1046 ad
2790 994 3182 1049 monasterium
3223 992 3291 1049 de
3319 1008 3425 1064 quo
3450 1008 3546 1048 au.

1966 1076 2176 1150 fugerat
2201 1081 2433 1138 ulterius
2457 1085 2761 1155 aggregari,
2790 1084 2977 1140 infelix
3003 1096 3026 1123 ο
3051 1084 3189 1156 fugae
3215 1085 3331 1156 ejus
3359 1094 3548 1142 auctor

1966 1173 2020 1227 in
2042 1173 2295 1229 cmnobio
2319 1173 2614 1231 residebat.
2638 1176 2749 1231 Hoc
2775 1191 2940 1231 unum
2969 1177 3275 1247 exemplum
3298 1177 3365 1234 de
3387 1178 3544 1234 istius

1966 1266 2110 1321 modi
2164 1282 2367 1337 genere
2408 1267 2689 1330 hominum
2740 1283 2837 1339 pro
2879 1268 3248 1339 incipientium
3295 1269 3545 1325 cautione

1966 1360 2169 1418 dixisse
2194 1360 2449 1426 sufliciat,
2471 1376 2580 1433 quo
2608 1371 2794 1431 pateat
2824 1361 3149 1429 evidentius,
3179 1372 3374 1431 quanta
3406 1362 3543 1417 mala

1965 1452 2239 1521 otiositas,
2287 1453 2585 1508 secundum
2628 1453 2925 1524 Scripturaa
2954 1454 3276 1509 sententiam
3307 1452 3541 1526 (Eccles.

1964 1545 2186 1617 χχχιιι),
2210 1546 2263 1600 in
2286 1546 2536 1601 monachi
2564 1554 2746 1602 mente
2766 1546 3057 1618 parturiat,
3080 1546 3166 1602 vel
3196 1546 3547 1617 quemadmo-

1965 1640 2093 1694 dum
2146 1647 2493 1711 corrumpant
2530 1639 2704 1696 bonos
2748 1654 2930 1696 mores
2988 1639 3261 1711 colloquia
3310 1638 3447 1695 mala
3490 1638 3546 1710 (l

267 1736 413 1793 bore
440 1737 665 1808 proprio
703 1750 812 1790 non
850 1734 1029 1790 solum
1060 1748 1172 1789 suae
1212 1731 1552 1789 necessitatis
1582 1731 1861 1788 suflicien-
1891 1721 1939 1783 Β
1968 1731 2087 1789 Cor.
2116 1733 2237 1804 xv).

264 1829 434 1893 tiam,
463 1842 653 1883 verum
684 1832 849 1881 etiam
879 1825 1024 1894 quod
1067 1824 1266 1880 tribuat
1300 1824 1583 1894 indigenti,
1618 1824 1709 1895 pia
1748 1824 1861 1878 sol-

260 1919 592 1987 licitudine,
640 1934 835 1989 parare
875 1917 1096 1973 festinat
1138 1935 1151 1970 :
1184 1917 1385 1987 duplici
1431 1917 1605 1986 gratia
1641 1917 1864 1972 decora-

258 2022 383 2078 tus,
404 2010 547 2081 quod
568 2018 621 2065 et
636 2009 932 2080 perfectam
949 2009 1243 2065 nuditatem
1264 2008 1465 2064 Christi
1482 2010 1863 2065 universarum

256 2118 450 2160 rerum
493 2118 715 2159 suarum
753 2102 1064 2173 abjectione
1103 2102 1395 2172 possideat,
1439 2112 1495 2157 et
1542 2102 1864 2157 muniﬁcen-

260 2199 402 2253 tiam
432 2195 627 2251 divitis
656 2195 843 2251 labore
874 2210 975 2250 suo
1002 2195 1334 2251 exhibeatet
1358 2194 1553 2250 aﬂ‘ectu
1580 2212 1595 2249 :
1627 2194 1715 2251 hic
1742 2196 1863 2265 qui-

258 2290 391 2345 dem
440 2290 719 2345 honorans
769 2290 938 2345 Deum
984 2290 1052 2346 de
1094 2290 1208 2345 suis
1260 2290 1421 2361 jus1is
1468 2289 1768 2357 laboribus,
1814 2300 1868 2347 et

259 2381 512 2438 delibans
552 2383 603 2439 ei
642 2382 711 2437 de
750 2382 1021 2438 fructibus
1046 2383 1275 2451 justitize
1305 2398 1459 2439 suat:
1492 2383 1584 2438 ille
1612 2397 1745 2439 vero
1773 2383 1867 2439 otii

264 2484 498 2545 torpore
527 2486 583 2533 et
610 2478 802 2532 inertia
833 2477 1132 2546 resolutus,
1162 2476 1443 2548 indignum
1475 2492 1535 2532 se
1555 2490 1677 2532 esse
1704 2478 1866 2533 etiam

258 2569 398 2624 cibo
427 2570 599 2639 panis,
646 2569 888 2639 Apostoli
920 2569 1115 2640 probat
1149 2570 1418 2625 sententia
1449 2569 1517 2641 (ll
1546 2567 1732 2631 Thess.
1762 2570 1866 2640 ιιι),

258 2671 460 2717 contra
482 2661 600 2733 ejus
621 2662 835 2717 scilicet
861 2662 1211 2718 interdictum
1235 2663 1445 2719 otiosus
1468 2678 1589 2718 eum
1622 2678 1725 2717 non
1748 2663 1869 2718 sine

256 2764 427 2812 reatu
457 2755 663 2811 neccati
694 2756 1161 2825 contumaciaeque
1190 2771 1561 2835 praesumens.

886 2869 1115 2927 CAPUT
1153 2869 1274 2925 XX.

2545 1826 2774 1884 CAPUT
2812 1824 2953 1882 XXI.

2038 1916 2250 1974 Diversa
2280 1936 2342 1975 ea:
2371 1919 2651 1976 Salomone
2681 1928 2864 1974 contra
2889 1919 3127 1973 acediam
3155 1920 3495 1974 testimonia;

2036 2012 2194 2079 Quod
2224 2013 2520 2069 otiositatis
2560 2014 2747 2067 vitium
2785 2013 2948 2067 etiam
2990 2012 3419 2082 sapientissimus
3451 2013 3549 2069 Sa-

1970 2104 2151 2163 lomon
2172 2105 2583 2187 evidentissime
2606 2114 2757 2161 notat
2778 2104 2833 2160 in
2870 2106 3073 2173 multis,
3102 2106 3175 2161 ita
3196 2107 3380 2161 dicens
3405 2124 3419 2160 :
3446 2108 3549 2171 Qui

1963 2208 2189 2254 sectatur
2218 2201 2399 2267 otium,
2436 2199 2718 2272 replebitur
2747 2208 3048 2272 paupertate
3070 2197 3340 2271 (Proverb.
3373 2201 3546 2272 xvm),

1966 2291 2052 2345 vel
2082 2289 2283 2346 visibili
2324 2291 2565 2359 scilicet,
2610 2292 2695 2347 vel
2736 2290 3030 2358 invisibili,
3062 2306 3163 2361 qua
3208 2305 3431 2347 necesse
3468 2302 3553 2348 est

1965 2382 2198 2440 otiosum
2229 2399 2498 2456 quemque
2514 2390 2571 2442 et
2590 2383 2826 2440 diversis
2847 2384 2995 2440 vitiis
3022 2383 3318 2440 involutum
3353 2385 3551 2453 teneri,

1966 2482 2022 2531 et
2046 2474 2281 2532 alienum
2321 2490 2538 2547 semper
2593 2475 2831 2533 existere
2874 2491 2907 2532 a
2952 2476 3415 2547 contemplatione
3454 2476 3553 2533 Dei

1966 2569 2052 2623 vel
2078 2570 2281 2625 divitiis
2312 2570 2672 2640 spiritalibus,
2697 2570 2766 2626 de
2787 2571 2980 2639 quibus
3008 2573 3199 2627 beatus
3218 2570 3545 2641 Apostolus:

1970 2660 2109 2727 Quia
2136 2663 2192 2716 in
2235 2662 2490 2730 amnibus,
2524 2662 2731 2733 inquit,
2761 2664 2941 2718 divites
2969 2664 3096 2735 facti
3123 2666 3245 2719 estis
3272 2665 3327 2718 in
3351 2664 3467 2731 illo,
3496 2665 3553 2719 in

1968 2757 2107 2810 omni
2133 2755 2284 2811 verbo
2313 2765 2364 2812 et
2385 2758 2439 2810 in
2465 2756 2606 2811 omni
2628 2756 2842 2811 scientia
2873 2757 2931 2827 (ι
2958 2755 3079 2812 Cor.
3111 2756 3175 2830 ι).
3206 2757 3284 2814 De
3322 2757 3422 2813 hac
3446 2773 3547 2813 au-

1970 2855 2077 2903 tem
2127 2849 2285 2904 otiosi
2332 2856 2650 2919 paupertate
2694 2847 2819 2904 alibi
2868 2864 3083 2920 quoque
3132 2851 3202 2906 ita
3252 2850 3551 2906 scribitur:

266 2960 365 3015 De
424 2964 585 3030 {mm
641 2961 939 3026 den-diosa,
991 2962 1082 3031 qui
1137 2963 1268 3016 alio,
1309 2962 1484 3035 egredi
1531 2964 1595 3018 de
1641 2964 1869 3021 εωηοωο
1974 2940 1994 2981 ἲ
2030 2940 2099 2995 Ει
2128 2944 2370 2997 vestietur
2394 2943 2656 2997 conscissa
2682 2954 2817 2998 veste
2839 2952 2885 2997 et
2914 2959 3145 3015 pannosa
3172 2945 3335 2998 omnis
3361 2945 3555 2999 somni-

909 3033 1245 3087 sollicitabat.
1341 3033 1354 3035 ’
1899 3100 1934 3108 _
1972 3038 2181 3093 culosus
2206 3036 2399 3107 (Prov.
2431 3036 2611 3108 χχιιι).
2645 3035 2774 3093 Sine
2811 3036 2975 3093 dubio
3004 3037 3147 3094 enim
3181 3052 3285 3093 non
3318 3038 3555 3094 merebi-

344 3126 604 3182 Novimus
635 3126 883 3193 fratrem,
908 3127 1067 3197 cujus
1096 3128 1262 3183 etiam
1294 3143 1513 3196 nomen,
1547 3128 1595 3185 si
1626 3129 1865 3201 amplius
1891 3100 1936 3162 C
1972 3141 2061 3189 tur
2093 3132 2187 3187 illo
2238 3131 2658 3203 incorruptionis
2705 3133 3032 3188 vestimento
3071 3132 3283 3200 ornari,
3323 3133 3393 3189 de
3447 3148 3557 3204 quo

258 3220 486 3290 aliquid
514 3235 584 3276 ex
611 3220 1122 3276 hocinstructionis
1145 3221 1453 3287 accederet,
1482 3221 1860 3291 proderemus,
1968 3224 2261 3295 Apostolus
2299 3223 2546 3295 praecipit
2587 3239 2603 3278 :
2651 3221 2869 3279 Induite
2914 3240 3002 3279 vos
3051 3224 3333 3279 Dominum
3375 3222 3559 3279 Iesum

261 3312 373 3385 qui
406 3326 527 3367 cum
567 3312 621 3366 in
648 3311 905 3367 coenobio
936 3322 1268 3382 moraretur,
1300 3328 1537 3384 eumque
1569 3314 1870 3370 necessitas
1972 3319 2234 3377 Christum
2265 3319 2443 3391 (Rom.
2475 3317 2617 3391 xm);
2648 3329 2703 3375 et
2728 3320 2926 3375 iterum
2954 3335 2968 3372 :
2996 3317 3182 3373 Induti
3209 3318 3372 3373 lorica
3389 3319 3557 3390 justi-

260 3413 552 3464 coactaret
602 3416 626 3446 ο
676 3414 735 3461 ut
787 3415 1051 3463 statutum
1104 3409 1287 3477 operis
1339 3423 1570 3478 pensum
1622 3406 1870 3479 quotidie
1971 3414 2056 3467 tite
2079 3421 2130 3467 et
2158 3411 2505 3484 charitatis(l
2537 3410 2927 3482 Thess.v);et
2950 3411 3018 3466 de
3043 3427 3152 3482 quo
3174 3411 3336 3466 etiam
3367 3410 3560 3466 Domi-

262 3512 570 3560 oeconomo
597 3498 863 3563 traderet.
908 3514 976 3556 ne
1013 3500 1069 3554 in
1112 3499 1379 3577 maiorem
1422 3500 1608 3570 operis
1651 3499 1870 3556 modum
1972 3522 2075 3564 nus
2099 3507 2166 3563 ad
2186 3507 2494 3564 Jerusalem
2526 3506 2764 3577 loquitur
2783 3519 2880 3575 per
2903 3504 3224 3574 prophetam
3253 3522 3267 3558 :
3294 3502 3555 3574 Exsurge,

261 3595 514 3664 alicujus
554 3594 878 3666 propensius
915 3594 1219 3649 laborantis
1252 3595 1569 3650 tenderetur
1610 3593 1694 3649 vel
1732 3608 1866 3650 con-

262 3689 608 3746 funderetur
659 3688 932 3758 exemplo,
986 3703 1110 3742 cum
1158 3687 1213 3742 in
1260 3687 1517 3744 coenobio
1558 3685 1867 3757 quempiam

266 3785 516 3839 fratrum
544 3782 773 3837 vidisset
801 3783 1133 3852 ingressum,
1168 3779 1259 3847 qui
1301 3780 1496 3835 ardore
1537 3780 1662 3835 fidei
1701 3780 1873 3836 vellet

265 3874 490 3944 aliquid
538 3875 775 3945 amplius
813 3876 999 3945 operis
1027 3873 1380 3944 consignare,
1425 3875 1470 3928 si
1516 3874 1872 3931 clandestinis

266 3982 408 4024 eum
440 3966 897 4037 persuasionibus
929 3980 1195 4022 revocare
1225 3966 1295 4021 ab
1337 3966 1647 4036 huiusmodi
1690 3967 1870 4023 inten-

266 4062 441 4117 tione
476 4059 697 4116 minime
734 4061 1023 4129 potuisset,
1057 4057 1085 4096 ἀ
1112 4058 1357 4115 consiliis
1381 4059 1557 4129 pravis
1593 4075 1656 4117 ac
1686 4074 1872 4116 susur-

271 4151 588 4209 rationibus
616 4153 683 4207 ad
718 4152 1215 4223 transmigrandum
1255 4154 1452 4209 exinde
1485 4155 1867 4224 persuadebat.

274 4247 357 4304 Et
388 4261 497 4316 quo
518 4262 640 4303 eum
663 4247 871 4303 facilius
898 4256 1223 4317 asportaret,
1254 4262 1316 4304 se
1349 4262 1564 4319 quoque
1587 4250 1699 4319 jam
1738 4250 1868 4305 olim

1969 3616 2221 3672 exsurge,
2268 3598 2560 3653 Jerusalem
2582 3640 2597 3665 ,
2645 3598 2865 3651 induere
2892 3596 3205 3650 vestimentis
3237 3594 3415 3664 glorite
3459 3603 3561 3650 tua

1973 3691 2166 3765 (Isaia:
2192 3690 2311 3761 LII).
2343 3690 2599 3759 Quisquis
2627 3703 2819 3743 somno
2850 3686 2946 3740 otii
2975 3686 3062 3741 vel
3102 3685 3305 3741 acedia:
3331 3700 3561 3755 supera-

1977 3793 2064 3839 tus
2084 3826 2099 3847 ,
2144 3798 2250 3837 non
2283 3776 2565 3836 industriae
2591 3795 2703 3835 sua:
2734 3779 2922 3834 labore
2942 3818 2957 3843 ,
2997 3779 3092 3833 sed
3124 3778 3339 3833 inertia:
3369 3779 3562 3848 pannis

1971 3874 2177 3948 operiri
2201 3874 2478 3942 maluerit,
2511 3886 2647 3943 quos
2675 3870 3007 3927 abscindens
3022 3871 3100 3928 ‘de
3126 3872 3365 3943 perfecta
3392 3872 3562 3941 pleni-

1977 3970 2163 4027 tudine
2201 3976 2259 4023 et
2298 3980 2536 4036 corpore
2565 3965 3000 4036 Scripturarum,
3040 3981 3149 4022 non
3180 3966 3559 4022 vestimentum

1975 4064 2171 4135 gloriae
2197 4076 2297 4118 nec
2325 4060 2576 4130 decoris,
2608 4060 2702 4117 sed
2736 4060 3162 4130 ignominiosum
3194 4061 3562 4117 excusationis

1976 4159 2226 4214 velamen
2249 4170 2362 4212 sua:
2392 4154 2666 4224 coaptabit
2700 4154 2953 4225 ignaviae,
2989 4154 3181 4210 Solent
3209 4154 3353 4211 enim
3383 4154 3435 4209 hi
3469 4155 3562 4224 qui

1977 4258 2104 4305 sunt
2133 4249 2234 4305 hac
2264 4248 2497 4317 segnitie
2520 4247 2792 4317 dissoluti,
2828 4248 3077 4331 nolentes
3107 4264 3276 4319 opere
3306 4264 3561 4304 manuum

1374 4366 1630 4423 ALARDI
1667 4366 1902 4425 GAZIEI
1939 4365 2506 4424 COMMENTARIUS.

362 4466 392 4534 ἦ
422 4456 569 4534 Hanc
591 4460 923 4534 sententiam
950 4459 1086 4534 alias
1106 4460 1461 4534 exposuimus
1484 4460 1505 4531 (
1518 4459 1632 4534 Lib.
1656 4475 1732 4534 vu
1754 4477 1873 4534 cap.
1901 4461 1954 4521 D
1980 4460 2155 4534 tudine
2175 4460 2348 4514 omnia
2377 4461 2725 4534 disponentes,
2756 4469 2806 4514 et
2835 4470 3025 4528 prasto
3048 4460 3292 4534 facientes
3316 4460 3567 4534 quidquid

280 4530 417 4601 16).
456 4532 582 4584 Eam
614 4546 744 4587 vero
772 4532 905 4586 scite
934 4543 989 4587 et
1028 4532 1299 4599 eleganter
1327 4530 1547 4600 adaptat
1579 4530 1873 4586 Cassianus

282 4601 565 4674 monacho
593 4618 721 4658 vere
746 4603 993 4674 pauperi,
1018 4612 1073 4658 et
1103 4602 1453 4674 nihilominus
1480 4601 1549 4656 de
1577 4617 1676 4674 suo
1705 4616 1873 4670 opere

280 4674 416 4728 aliis
448 4673 697 4744 laz'gieltli
726 4672 932 4744 {quem
984 4674 1192 4730 idcirco
1229 4673 1429 4742 duplici
1479 4672 1877 4744 nomineibea-

283 4756 409 4814 turn
439 4743 714 4814 praedicat,
749 4743 1106 4814 paupertatis,
1136 4745 1377 4812 inquam,
1414 4754 1470 4799 et
1496 4743 1795 4814 largitatis-

360 4813 391 4852 δ
425 4813 628 4888 Nempe
669 4813 987 4878 monachus,
1020 4818 1109 4885 qui
1148 4819 1268 4871 aliis
1309 4817 1520 4872 laborat
1548 4813 1603 4871 et
1631 4816 1869 4888 largitur,

283 4886 515 4958 cum_sit
543 4885 657 4954 ipse
689 4890 1087 4958 pauperrimus,
1112 4900 1170 4943 ut
1199 4888 1429 4943 inferius
1454 4885 1762 4956 exponitur.

366 4967 391 4995 ε
426 4956 500 5031 Ita
538 4956 823 5031 monachis
864 4959 1132 5031 [Egyptiis
1168 4971 1486 5015 consuetum
1523 4974 1587 5015 ac
1627 4961 1879 5029 praescri-

286 5036 446 5101 ptum
463 5027 645 5101 fuisse
660 5039 901 5101 testatur
924 5027 986 5085 D.
1011 5027 1384 5101 Hieronymus
1407 5032 1459 5084 in
1486 5027 1644 5099 epist.
1678 5033 1745 5087 ad
1770 5031 1880 5085 Eu-

288 5098 571 5173 stochium
592 5115 619 5173 ςΔ
645 5100 809 5168 Opus,
834 5104 1039 5173 inquit,
1069 5103 1169 5156 diei
1196 5098 1391 5155 statum
1414 5112 1505 5165 est,
1520 5098 1668 5170 quod
1685 5104 1881 5156 decano

291 5169 567 5244 traditum,
591 5171 754 5244 fertur
782 5175 849 5226 ad
876 5169 1190 5228 aieonontum
1210 5215 1223 5237 ,
1253 5174 1340 5241 qui
1362 5182 1407 5225 et
1446 5169 1556 5240 ipse
1586 5190 1675 5241 per
1698 5175 1883 5244 singu-

292 5240 377 5295 los
408 5258 604 5295 menses
631 5241 792 5314 Patri
828 5246 1054 5299 omnium
1093 5260 1207 5297 cum
1252 5260 1437 5314 magno
1471 5240 1687 5299 tremore
1715 5240 1886 5299 reddit

290 5313 558 5386 rationem
580 5313 783 5386 ngist.
825 5316 981 5386 χχιι).
1031 5318 1094 5369 Et
1142 5317 1200 5368 D.
1250 5316 1574 5384 Augustinus
1619 5316 1709 5369 lib.
1752 5332 1789 5371 ιι
1819 5316 1886 5369 de

297 5383 545 5439 Moribus
577 5384 836 5439 Ecclesia:
868 5383 1021 5459 (Cap.
1050 5388 1200 5459 xxxi)
1237 5404 1248 5437 :
1283 5387 1573 5459 Operantur
1613 5402 1673 5439 ea
1704 5389 1885 5454 quibus

296 5463 347 5509 et
388 5472 576 5527 corpus
612 5461 753 5527 pasci
794 5458 992 5526 possit,
1026 5469 1071 5513 et
1099 5476 1132 5512 a
1161 5458 1269 5511 Deo
1309 5473 1451 5509 mens
1507 5458 1746 5526 impediri
1785 5475 1888 5511 non

299 5528 485 5593 possit.
531 5527 677 5599 Opus
725 5538 900 5582 autem
942 5546 1089 5584 suum
1140 5530 1346 5582 tradunt
1387 5530 1462 5581 eis
1501 5543 1626 5599 quos
1669 5528 1887 5582 decanos

298 5609 511 5661 vocant,
542 5614 605 5653 eo
632 5603 771 5669 quod
797 5602 901 5653 sint
923 5602 1068 5654 denis
1096 5600 1378 5671 prwpositi,
1407 5609 1461 5652 ut
1490 5598 1742 5671 neminem
1769 5600 1888 5652 illo-

292 5682 567 5742 rum‘cura
594 5672 675 5722 sui
718 5674 944 5742 corporis
972 5680 1178 5742 tangat,
1211 5686 1373 5736 neque
1392 5672 1446 5723 in
1477 5670 1619 5734 cibo,
1655 5684 1815 5742 neque
1833 5672 1888 5723 in

298 5740 628 5805 vestimento,
652 5749 759 5797 etc.
808 5738 905 5797 ’Illi
937 5738 1105 5798 autem
1128 5742 1307 5797 decani
1335 5757 1450 5797 cum
1480 5757 1669 5808 magna
1693 5738 1891 5797 sollici-

1978 4531 2071 4585 illa
2093 4532 2195 4585 vita
2216 4541 2424 4603 prapter
2460 4532 2858 4587 imbecillitatem
2888 4532 3116 4602 corporis
3158 4531 3418 4600 postulat,
3462 4544 3569 4587 tra-
3634 4576 3637 4577 ν

1977 4603 2228 4657 ditionem
2258 4602 2426 4659 tamen
2464 4606 2620 4659 etiam
2658 4605 2757 4675 ipsi
2785 4602 3008 4658 reddunt
3038 4604 3151 4670 uni,
3176 4621 3323 4675 quem
3353 4603 3569 4660 Patrem

1978 4682 2183 4729 vocant.

2050 4742 2077 4782 ἀ
2108 4744 2298 4800 Mirum
2347 4746 2517 4801 videri
2564 4753 2741 4817 potest
2801 4746 2987 4817 talem,
3021 4745 3329 4816 quempiam
3383 4761 3572 4802 mona-

1977 4817 2136 4874 chum
2188 4817 2330 4873 inter
2372 4815 2744 4873 sanctissimos
2791 4828 2844 4871 et
2894 4815 3336 4886 religiosissimos
3383 4833 3572 4873 mona-

1979 4891 2112 4944 chus
2141 4897 2195 4941 et
2220 4887 2577 4942 anachoretas
2606 4888 2830 4954 reperiri
2861 4887 3104 4957 potuisse
3128 4930 3142 4954 ,
3177 4890 3267 4958 qui
3292 4888 3426 4942 alios
3456 4891 3571 4944 suis

1982 4959 2227 5025 malignis
2256 4959 2602 5012 suasionibus
2642 4970 2697 5013 et
2741 4958 2982 5013 consiliis
3010 4961 3079 5012 ita
3112 4967 3484 5027 perverteret,
3518 4968 3574 5013 et

1984 5044 2016 5084 e
2048 5027 2379 5081 monasterio
2423 5028 2696 5098 abigeret,
2753 5037 2957 5093 tantum
2999 5038 3053 5081 ut
3089 5042 3201 5083 sua:
3232 5029 3574 5098 negligentia:

1986 5098 2320 5155 Consulerct.
2356 5098 2428 5152 At
2456 5097 2581 5168 quid
2623 5098 2842 5165 mirum,
2872 5098 3090 5168 quando
3122 5100 3263 5153 inter
3292 5097 3568 5167 apestolos

1987 5179 2242 5238 repet-Ius
2271 5176 2356 5223 est
2383 5167 2547 5224 Judas
2576 5167 2817 5236 proditor
2841 5211 2855 5234 ,
2887 5167 2977 5239 Qui
3024 5178 3079 5222 et
3117 5169 3391 5223 Christum
3423 5184 3570 5223 com-

1989 5241 2127 5312 pulit
2154 5239 2371 5313 dicere:
2416 5239 2721 5313 Nonneego
2758 5254 2845 5293 vos
2873 5240 3146 5313 duodecim
3175 5239 3330 5313 elegi,
3360 5251 3574 5313 et‘unus

1992 5309 2055 5367 ea:
2080 5313 2216 5366 vobis
2241 5312 2476 5366 diabolus
2506 5322 2575 5364 est
2602 5309 2781 5380 (Joan.
2819 5309 2931 5383 v1)?
2950 5327 3067 5383 non
3093 5309 3310 5383 natura,
3340 5311 3434 5366 sed
3462 5327 3575 5383 ma-

1987 5385 2123 5438 litia.
2159 5383 2472 5453 Vide'plura
2506 5385 2555 5436 in
2590 5380 2963 5453 luincrrem'ad
3001 5380 3186 5437 collat.
3219 5382 3288 5438 18
3330 5397 3451 5452 cap.
3484 5382 3574 5439 l6.

2064 5467 2086 5492 ε
2115 5454 2192 5510 lta
2221 5455 2273 5509 in
2299 5452 2540 5510 editione
2569 5452 2929 5510 Plautiniana.
2979 5454 3084 5508 Pro
3114 5466 3220 5518 quo
3249 5453 3578 5510 Basileensis

1989 5535 2044 5584 et
2091 5527 2178 5581 alii
2232 5527 2468 5582 habent:
2522 5524 2661 5579 Ille:
2709 5524 3073 5597 fugte,quod
3123 5523 3265 5580 idem
3297 5536 3401 5580 est.
3442 5525 3576 5582 lllex

1990 5599 2134 5655 enim
2164 5596 2381 5665 dicitur,
2410 5597 2502 5663 qui
2534 5596 2710 5663 illicit,
2743 5612 2836 5650 seu
2867 5596 3058 5652 allicit.

2068 5669 2086 5708 ί
2132 5669 2256 5723 Hinc
2288 5684 2352 5723 ex
2381 5670 2634 5724 versione
2657 5668 3032 5738 Septuaginta.
3069 5667 3199 5723 Nam
3233 5669 3447 5740 vulgata
3471 5668 3576 5726 hoc

1993 5750 2202 5797 tantum
2227 5740 2390 5797 habet
2424 5760 2437 5795 :
2479 5740 2727 5796 Vcstietur
2749 5743 2936 5807 pannis
2962 5742 3281 5797 dormitatio.
