4014 6200
247 217 359 287 889

872 221 961 286 DE
993 227 1479 287 C(ENOBIORUM
1517 226 1770 286 INS‘I'I'I'.
1810 228 1938 285 LIB.
1981 227 2051 284 Χ.
2079 256 2150 271 -
2175 223 2267 287 DE
2306 228 2574 287 SPIRI'I‘U
2615 219 2951 304 ACEDIE.,

3428 226 3533 297 390

1326 356 1579 415 ALARDI
1613 356 1851 416 G‘AZEI
1885 359 2454 421 COMMENTARIUS.

254 476 721 553 interprzecipua,
745 489 808 530 ac
827 474 1078 553 primaria
1099 475 1225 531 vitae
1251 477 1564 553 monasticae
1587 476 1830 553 instituta
1858 479 1908 542 Α
1938 479 2224 553 plurimum
2268 495 2334 535 ex
2370 480 2610 552 operibus
2650 498 2898 538 manuum
2922 523 2937 549 ,
2985 491 3032 538 et
3071 483 3310 553 epularia
3345 490 3530 544 restri-

256 547 523 602 habuisse
545 547 855 602 videantur:
875 546 945 601 ita
969 556 1172 611 tamen,
1195 557 1368 603 utnec
1393 547 1602 601 divinas
1619 547 1829 613 laudes,

257 633 365 674 nec.
396 619 502 672 alia
545 617 841 686 spiritualia
884 619 1146 672 exercitia
1189 617 1687 687 praetermitterent.
1720 617 1835 686 Qua

261 691 333 744 de
361 705 424 745 re
455 689 623 743 multa
649 697 866 744 exstant
889 687 987 744 SS.
1019 689 1237 744 Patrum
1262 691 1591 755 testimonia,
1610 703 1834 757 quorum

263 760 527 816 nonnulla
570 759 637 814 ad
685 759 1053 815 illustrandum
1092 758 1340 814 Cassiani
1380 761 1702 814 sententiam
1748 759 1838 817 hic

263 833 542 888 ascribere
571 844 676 885 non
707 831 812 885 erit
841 831 1098 892 alienum,
1124 845 1301 899 neque
1332 830 1545 896 lectori,
1572 842 1628 884 ut
1654 845 1834 901 spero,

263 901 634 973 iniucundum.
684 901 1015 970 Epiphanius
1061 902 1130 956 de
1160 901 1444 973 monachis
1486 904 1740 958 omnibus
1784 903 1835 957 id

263 971 438 1042 ipsum
485 971 854 1028 factitantibus
885 975 999 1028 haec
1028 974 1217 1027 scribit
1255 990 1267 1024 :
1309 972 1571 1026 Laborant
1611 974 1837 1042 prapriis

257 1044 496 1116 manibus
525 1043 596 1097 ad
624 1044 1028 1116 impartiendum
1054 1044 1208 1116 etiam
1235 1042 1619 1115 indigentibus;
1660 1060 1836 1114 quem-

256 1115 539 1171 admodum
588 1115 746 1170 etiain
813 1119 864 1169 in
931 1115 1150 1186 singulis
1215 1115 1569 1179 monasteriis,
1621 1125 1728 1169 tum
1782 1116 1835 1169 in

262 1186 333 1244 1E
340 1188 481 1259 gypti
507 1189 748 1258 regione,
773 1197 882 1242 tum
920 1188 975 1241 in
997 1185 1121 1239 aliis
1145 1186 1376 1259 omnibus
1403 1186 1743 1259 sic‘laborant
1768 1187 1837 1239 ad

255 1255 536 1334 justitiam,
551 1255 684 1312 uelut
702 1275 844 1329 apes,
859 1258 912 1311 in
926 1259 1169 1334 manibus
1179 1257 1390 1334 quidem
1409 1255 1652 1334 habentes
1668 1273 1836 1334 ceram

259 1326 475 1401 'opiﬁcii,
506 1329 562 1383 iu
589 1345 675 1382 ore
698 1326 816 1384 uero
845 1337 1018 1401 guttas
1048 1329 1214 1401 mellis
1243 1344 1359 1381 cum
1388 1329 1612 1401 prapria,
1632 1326 1834 1398 hymni-

259 1400 370 1470 fera
399 1415 516 1456 uoce
548 1401 905 1454 uniuersorum
940 1400 1235 1470 Dominum,
1256 1403 1407 1463 iuxta
1439 1400 1706 1466 proprium
1725 1416 1838 1454 sen-

254 1469 371 1526 sum
395 1471 630 1525 laudant.
657 1471 714 1525 D.
745 1471 978 1526 Basilius
995 1472 1047 1525 in
1069 1472 1184 1525 suis
1202 1469 1494 1524 COIISlIlIIl.
1522 1471 1837 1525 monasticis

257 1558 377 1611 cap.
409 1541 443 1595 5
470 1551 526 1596 et
551 1542 586 1597 6
619 1542 734 1596 suis
763 1541 1042 1596 monachis
1066 1555 1204 1609 Opus
1229 1555 1484 1594 manuum
1512 1543 1657 1595 serio
1685 1555 1833 1595 coin-

255 1613 502 1679 mendat,
535 1614 802 1682 docetque
835 1627 896 1667 se
926 1613 1012 1666 his
1040 1612 1299 1680 operibus
1332 1611 1648 1666 iuonachum
1681 1627 1833 1667 exer-

254 1699 384 1740 cere
424 1685 659 1749 debere,
692 1699 808 1753 quae
858 1683 1054 1738 ordinis
1094 1685 1258 1754 ipsius
1285 1683 1456 1736 decori
1498 1684 1830 1754 com-eniam.

253 1757 407 1825 cujus
441 1755 612 1816 modi,
644 1756 849 1824 inquit,
882 1770 944 1807 ea
971 1765 1088 1808 sunt
1117 1753 1314 1815 Omnia,
1348 1770 1379 1806 a
1422 1753 1603 1820 quibus
1642 1770 1832 1823 caupo-

252 1827 426 1880 narite
443 1827 574 1882 artis
599 1834 646 1879 et
667 1826 966 1890 impostura:
994 1827 1156 1878 omnis
1187 1825 1316 1878 absit
1344 1827 1585 1895 suspicio,
1617 1841 1834 1895 quisque

256 1871 424 1952 ἓξῖιὶὶὲ
444 1871 904 1966 ῖὸὶᾦιᾶἑέζᾶὗξιὶῆ
923 1871 1314 1959 astuastu;
1334 1871 1832 1965 nomen;st
1868 1871 1911 1930 Β

252 1979 372 2022 stus
397 1978 712 2038 sequantur;
755 1968 954 2036 sintque
982 1967 1253 2037 ejusmodi,
1283 1978 1337 2020 ut
1363 1968 1682 2020 manentibus
1709 1969 1834 2037 ipsis

251 2039 397 2092 intra
427 2039 790 2092 monasterium
812 2038 990 2108 perﬁci
1015 2042 1234 2109 possint;
1261 2054 1324 2092 ne
1343 2053 1553 2108 operum
1573 2038 1835 2091 laboribus

253 2110 566 2170 contentius,
589 2125 743 2176 quant
770 2125 861 2174 par
886 2119 950 2162 sit
977 2111 1350 2174 consectanriis,
1381 2109 1536 2160 animi
1557 2109 1612 2162 iu
1634 2109 1834 2162 uirtutis

255 2181 686 2235 commentatione
723 2195 932 2242 nervos,
988 2180 1394 2245 industriamque
1436 2181 1690 2232 elidamus
1731 2196 1749 2233 :
1781 2182 1833 2233 in

253 2269 358 2320 quo
401 2251 534 2305 illud
582 2249 952 2305 observandum
981 2292 993 2312 ,
1047 2263 1112 2303 ut-
1146 2261 1193 2304 et
1236 2267 1365 2320 opus
1396 2251 1732 2313 absolvatur;
1788 2261 1836 2304 et

256 2340 292 2375 a
317 2324 481 2393 quiete
501 2334 670 2376 tamen
693 2339 794 2395 non
811 2322 1102 2395 discedatur
1125 2321 1288 2395 (Vide
1312 2320 1545 2395 eumdem
1566 2322 1618 2374 in
1645 2320 1832 2391 Regul.

255 2392 366 2464 fus.
397 2395 565 2462 dispu.
595 2411 641 2446 c.
679 2392 743 2446 4-1
795 2402 842 2447 et
871 2392 962 2464 42.
1001 2392 1144 2448 Vide
1160 2395 1310 2446 etiam
1336 2392 1604 2464 Chrysosl.
1649 2396 1830 2449 Ιιοίιιίι.

253 2467 333 2521 57
359 2476 406 2519 et
435 2465 502 2521 59
525 2467 590 2518 de
615 2464 740 2518 Vita
762 2463 963 2534 mana.)
993 2464 1138 2519 Idem
1165 2465 1451 2519 conﬁrmat
1475 2463 1536 2519 D.
1571 2463 1835 2534 Hierony-

251 2553 384 2591 mus
420 2537 488 2591 de
531 2537 812 2590 monachis
846 2535 1442 2607 Egyptiisugeneratim
1481 2535 1551 2607 ita
1592 2536 1835 2590 scribens

250 2608 328 2663 ad
382 2609 657 2679 Rusticum
708 2605 1033 2660 monachum
1075 2605 1272 2679 (Epist.
1319 2607 1376 2674 4)
1418 2605 1834 2679 :1Egyptiorum

252 2680 568 2733 monasteria
587 2678 724 2730 hunc
741 2693 930 2731 morem
950 2677 1115 2732 tenent
1135 2723 1148 2744 ,
1174 2688 1224 2731 ut
1239 2679 1437 2730 nullum
1459 2677 1645 2745 absque
1665 2695 1835 2744 operis

251 2751 435 2806 labore
459 2751 763 2821 suscipiant;
793 2766 895 2802 non
917 2759 1019 2801 tam
1050 2759 1256 2817 propter
1282 2751 1438 2801 victus
1460 2759 1831 2813 necessitatem,

249 2839 415 2892 quam
468 2833 672 2892 propter
696 2825 881 2874 animm
909 2825 1160 2884 salutem;
1188 2839 1249 2873 ne
1280 2834 1489 2888 rogetur
1513 2822 1834 2892 perniciosis

249 2891 656 2966 cogitationibus
679 2909 836 2966 meus.
858 2903 962 2946 etc.
983 2893 1047 2946 Et
1069 2897 1123 2966 in
1144 2894 1368 2960 epistola
1392 2892 1456 2943 ad
1483 2891 1831 2966 Eustochium

253 2964 460 3038 (Epist.
488 2965 608 3036 Ἡ),
636 2964 728 3038 ubi
754 2965 822 3038 de
866 2964 1154 3038 coenobitis
1182 2978 1474 3038 eorumque
1503 2964 1834 3038 quotidianis

249 3033 519 3105 operibus
563 3033 675 3103 agit
709 3053 720 3088 :
754 3033 900 3098 Opus
922 3077 936 3097 ,
981 3037 1182 3102 inquit,
1216 3033 1315 3088 diei
1346 3045 1533 3086 statum
1561 3045 1665 3094 est,
1697 3034 1834 3104 quod

249 3108 456 3161 decano
483 3105 739 3160 redditum
767 3107 932 3176 fertur
951 3108 1017 3161 ad
1047 3121 1388 3162 teconomum.
1421 3106 1508 3172 qui
1535 3115 1582 3159 et
1609 3106 1719 3176 ipse
1745 3122 1836 3177 per

246 3179 487 3250 singulos
541 3194 737 3231 menses
775 3178 911 3250 patri
952 3179 1176 3232 omnium
1216 3192 1570 3250 cum_rnagno
1618 3189 1835 3250 tremore

1940 549 2139 626 ctione)
2170 567 2184 604 :
2218 562 2362 626 tanta
2391 549 2517 626 cura
2546 555 2811 623 egentibus
2833 549 3184 623 distribuitur,
3215 569 3407 626 quanta
3432 577 3532 616 non

1940 623 2006 675 ab
2036 621 2167 692 ipsis
2192 624 2283 693 qui
2317 621 2635 678 distribuunt
2662 636 3022 694 comparatum
3052 634 3146 682 est.
3172 621 3352 682 Nullo
3380 633 3533 686 modo

1941 708 2167 767 namque
2208 703 2479 767 satagunt,
2522 705 2577 750 ut
2618 695 2730 751 hinc
2760 699 2859 751 sibi
2902 699 3210 754 abundent:
3243 700 3332 752 sed
3373 705 3532 756 omni-

1939 762 2094 838 modo
2124 762 2398 838 aguutfut
2427 784 2526 821 non
2547 768 2693 835 apud
2716 784 2771 821 se
2797 779 3092 832 remaneat,
3127 771 3268 838 quod
3297 770 3534 826 abunda-

1937 835 2104 900 verit;
2147 853 2305 904 usque
2331 837 2463 890 adeo
2487 848 2542 891 ut
2567 849 2807 893 oneratas
2835 842 2991 894 etiam
3033 835 3188 894 naues
3218 843 3272 895 in
3318 859 3378 898 ea
3417 845 3532 898 loca

1938 906 2148 983 mittant
2171 909 2814 983 ,_quteiinopes_incolunt.
2850 910 2970 964 Non
3001 927 3130 983 opus
3177 923 3254 966 est
3286 911 3443 983 plura
3467 917 3531 970 de

1938 993 1994 1052 re
2018 977 2285 1052 notissima
2315 977 2502 1052 dicere.
2533 979 2624 1036 Sic
2651 981 2707 1034 S.
2735 977 3083 1052 Augustinus,
3111 985 3200 1052 qui
3225 977 3432 1038 et'alibi
3463 987 3529 1042 de

1939 1048 2042 1101 hoc
2065 1050 2452 1104 inunachorum
2476 1051 2726 1105 instituto
2749 1048 3096 1108 itavtneminit
3119 1048 3141 1105 ε’
3163 1051 3325 1108 Deum
3357 1064 3528 1111 testem

1937 1118 2120 1194 invoco
2143 1136 2303 1194 super
2332 1125 2563 1194 animum
2592 1139 2775 1185 meam,
2801 1125 3045 1192 quoniam
3075 1125 3288 1182 mallem
3309 1142 3400 1194 per
3421 1127 3531 1181 sin-

1937 1190 2088 1261 gulos
2119 1190 2232 1244 dies
2283 1194 2433 1246 certis
2478 1192 2650 1257 Itoris,
2693 1190 2942 1261 quantum
2986 1197 3039 1249 in
3078 1195 3203 1250 bene
3250 1190 3530 1254 moderatis

1938 1263 2267 1336 monasteriis
2297 1265 2632 1336 constitutum
2651 1276 2750 1325 est,
2779 1264 2980 1335 aliquid
3005 1266 3245 1322 manibus
3285 1269 3524 1336 operari,

1938 1340 1986 1384 et
2006 1339 2172 1409 certas
2198 1333 2354 1409 horas
2377 1335 2561 1388 habere
2584 1336 2652 1409 ad
2675 1333 2969 1409 legendum,
2992 1347 3040 1394 et
3059 1333 3342 1403 orandum,
3368 1333 3525 1409 quam

1939 1403 2428 1457 tumultuosissimas
2483 1403 2849 1474 perplexitates
2911 1424 3184 1462 causarum
3236 1403 3526 1464 alienorum

1938 1475 2065 1542 pati,
2100 1483 2201 1527 etc.
2228 1475 2403 1549 Multa
2433 1477 2537 1549 alia
2567 1483 2820 1545 exempta
2853 1488 2906 1532 et
2939 1479 3248 1536 testimonia
3285 1481 3524 1549 reperies

1940 1552 2050 1620 tum
2098 1546 2255 1620 apud”
2275 1546 2570 1620 Palladium
2599 1590 2613 1610 ,
2648 1562 2756 1603 tum
2809 1549 2860 1604 in
2915 1551 3074 1604 Prata
3112 1546 3377 1620 spirituali
3426 1552 3526 1608 So-

1939 1615 2431 1692 phronii.__Quibus
2489 1619 2747 1692 omnibus
2792 1615 3156 1692 itizitiifestitm‘
3206 1621 3528 1692 relinquitur

1938 1690 2153 1766 yeter‘es
2183 1687 2308 1766 illos
2340 1689 2665 1766 monachus:
2697 1699 2808 1744 tum
2830 1691 3157 1766 _1Egyptios.
3186 1692 3282 1766 ide
3311 1687 3526 1766 quibus

1939 1754 2025 1810 hic
2068 1756 2396 1832 (lassianus,
2457 1769 2568 1816 tum
2627 1754 3004 1830 Cappadoces,
3053 1779 3150 1819 seu
3180 1754 3524 1832 Basili'anos,

1942 1837 2051 1880 tum
2089 1829 2227 1881 alios
2258 1831 2498 1885 laborem
2526 1829 2779 1887 manuum
2807 1875 2821 1896 ,
2852 1850 2943 1890 seu
2967 1850 3104 1898 opus
3138 1837 3386 1890 inanuale
3412 1829 3520 1892 non

1939 1902 2158 1952 omnino
2187 1901 2352 1971 libere
2391 1913 2445 1956 et
2493 1919 2586 1970 pro
2619 1905 2770 1958 lihito
2797 1907 3109 1961 exercuisse
3133 1923 3147 1971 ;
3175 1908 3267 1960 sed
3303 1918 3357 1960 nt
3389 1907 3526 1962 alias

1938 1971 2248 2050 monuimus
2275 1970 2416 2038 (Lib.
2451 1989 2520 2050 tt.
2547 1975 2690 2050 ⁸αὖ)
2723 1978 2958 2044 propriis
2984 1970 3204 2046 Regalis
3233 1988 3285 2033 et
3309 1978 3526 2033 Institu-

1939 2041 2007 2093 tis
2034 2040 2134 2118 SS.
2164 2041 2385 2118 Patrum
2411 2045 2476 2098 ad
2509 2047 2560 2100 id
2612 2040 2780 2101 fuisse
2809 2040 3086 2102 astrictos“
3111 2061 3166 2102 et
3211 2050 3482 2118 obligatos
3504 2091 3520 2116 ,

1939 2121 2049 2164 tum
2077 2115 2144 2168 ob
2170 2114 2366 2168 victum
2400 2125 2456 2170 et
2497 2133 2682 2171 rerum
2713 2119 3146 2172 necchariurum
3199 2114 3521 2185 penuriam,

1938 2185 2154 2256 tumqui]
2200 2185 2366 2238 otium
2398 2199 2450 2240 et
2480 2192 2670 2242 noxias
2723 2191 3076 2256 cogitationes
3134 2190 3416 2254 vitandus,
3461 2199 3519 2244 ut

1939 2253 2002 2306 D.
2038 2254 2393 2326 Hieronymus
2424 2265 2710 2325 exposuit,
2742 2253 2852 2312 tu'm
2882 2261 2952 2313 oh
2980 2261 3110 2312 ultas
3134 2269 3369 2316 rationes
3396 2253 3522 2316 alibi

1935 2337 2242 2391 expreSsas.
2280 2327 2432 2382 Unde
2465 2330 2658 2382 mirum
2705 2345 2811 2385 nOn
2853 2342 2932 2386 cst
2975 2328 3290 2386 Cassmnuin
3340 2342 3517 2386 tanto-

1937 2409 2066 2476 pere
2093 2411 2284 2459 urgere
2316 2414 2450 2476 opus
2482 2417 2735 2476 manuum
2755 2442 2771 2468 ,
2802 2413 2863 2476 ut
2901 2417 3016 2457 rem
3063 2402 3524 2476 omninouneces-

1935 2471 2135 2522 sariam
2161 2477 2216 2521 et
2237 2471 2582 2526 monachatui
2609 2473 2981 2537 essentialem,
3014 2490 3132 2527 rum
3174 2474 3239 2527 de
3271 2473 3375 2528 illis
3397 2482 3522 2537 auat

1937 2541 2337 2610 mmmchisqni
2368 2544 2470 2596 huc
2518 2543 2636 2610 lege
2663 2555 2712 2598 et
2742 2546 3053 2599 conditione
3092 2547 3142 2599 in
3192 2546 3520 2600 monasteria

1935 2617 1990 2663 et
2021 2609 2410 2665 mon-chorum
2434 2627 2631 2668 emtum
2663 2617 3108 2681 admittebantur,
3141 2626 3198 2670 ιιι
3229 2619 3368 2671 inter
3391 2616 3524 2672 alias

1939 2682 2251 2735 monasticae
2300 2684 2598 2748 disciplinae.
2653 2688 3104 2746 creteitntiunes.
3154 2690 3316 2741 etiam
3369 2690 3521 2756 operi

1939 2767 2189 2826 manuum
2224 2764 2505 2815 vaca-ent,
2535 2770 2584 2809 et
2613 2759 2803 2810 bonnn
2826 2766 3032 2826 partem
3059 2766 3316 2825 temporis
3343 2763 3518 2812 eidem

1937 2823 2330 2888 impenderent.
2371 2826 2540 2893 Viguit
2595 2839 2772 2883 autem
2823 2823 2934 2880 haec
2988 2823 3258 2883 institutio
3286 2838 3342 2882 et
3385 2831 3524 2884 obli-

1935 2896 2081 2962 gatio
2111 2907 2276 2969 nmtto
2323 2905 2593 2963 tempore,
2643 2910 2696 2953 et
2749 2898 2800 2952 in
2835 2903 3107 2966 plerisque
3167 2901 3521 2969 religionibus

1935 2979 2031 3019 seu
2061 2966 2341 3038 ori'hnibus
2374 2969 2784 3034 nionachorum,
2820 2981 3116 3037 praesertim
3144 2966 3522 3038 Orientalium,

1937 3048 1994 3089 ut
2027 3038 2109 3110 h_ic
2143 3037 2317 3110 innuit
2345 3038 2581 3104 Auctor,
2609 3044 2863 3110 quamdiu
2921 3047 3169 3097 Illlllll'llﬂl
3226 3046 3296 3098 ita
3351 3037 3519 3098 visum

1937 3116 2021 3161 est
2047 3106 2295 3162 Patribns
2327 3112 2584 3176 expedire
2604 3106 2764 3181 {tum
2797 3113 2863 3167 ad
2892 3116 3091 3167 victum
3124 3116 3473 3180 «(haerendum
3504 3157 3516 3176 .

1940 3189 2052 3254 tum
2082 3183 2146 3231 ad
2195 3181 2389 3254 otium,
2420 3183 2762 3252 fugiendum,
2822 3196 3108 3254 antequam
3163 3187 3410 3241 videlicet
3454 3187 3520 3240 ad

246 3247 430 3325 reddit
451 3252 721 3325 rationem.
749 3247 1034 3325 Inltegula
1057 3249 1225 3325 sancti
1247 3247 1516 3325 Pachumii
1548 3249 1689 3325 apud
1715 3249 1835 3302 Pal-
1862 3259 1904 3318 ί)
1938 3250 2161 3325 ordines
2194 3247 2596 3308 ecclesiasticos
2623 3270 2672 3311 et
2707 3247 2884 3311 OIIICIa
2913 3247 3095 3310 divina
3129 3257 3341 3325 publice
3379 3261 3521 3313 cele-

247 3321 460 3392 Iadium
484 3319 751 3392 (Lausiac.
776 3321 866 3390 38)
884 3321 1184 3388 praescribit
1203 3320 1562 3392 angelusrjus
1583 3319 1832 3383 dictator,

248 3391 477 3464 fartibus
522 3392 680 3462 fortia
730 3393 971 3444 mandari
1019 3407 1208 3461 opera;
1262 3391 1515 3464 imbecilla
1563 3399 1734 3444 autem
1789 3401 1837 3444 et

249 3462 394 3519 levia
423 3465 488 3516 iis
518 3464 606 3532 qui
645 3479 699 3515 se
730 3479 891 3533 magis
938 3473 1170 3517 exercent
1201 3462 1438 3533 (scilicet
1467 3463 1518 3516 in
1545 3465 1838 3530 spirituali-

249 3534 389 3605 bus)
421 3545 604 3605 etsunt
626 3533 1007 3587 imbecilliores.
1033 3533 1176 3587 Idem
1205 3533 1473 3605 Palladius
1495 3533 1563 3587 de
1588 3534 1698 3587 alio
1723 3551 1836 3588 mo-

248 3606 502 3677 nasterio
554 3604 782 3673 loquens
813 3604 971 3677 (Vide
1000 3617 1100 3658 art.
1135 3606 1204 3660 55
1234 3615 1279 3657 et
1310 3604 1416 3677 409
1452 3605 1684 3677 ejusdem
1730 3605 1833 3658 Re-

245 3675 461 3750 gula),
490 3677 545 3731 in
583 3692 688 3746 quo
725 3674 876 3730 erant
924 3678 1150 3732 trecenti
1198 3674 1501 3750 monachi,”
1523 3675 1716 3750 scribit
1753 3693 1836 3730 eos

245 3745 548 3805 ἕπει-ἐπίθες
586 3745 785 3820 omnem
824 3760 1016 3811 artem,
1058 3757 1215 3820 atque
1249 3746 1377 3820 adeo
1403 3745 1688 3820 mdificasse
1721 3763 1834 3801 mo-

247 3820 485 3874 nasteria
511 3834 531 3882 ;
555 3828 607 3873 et
651 3818 812 3872 alium
835 3822 1042 3889 quidem
1066 3817 1327 3871 laborasse
1357 3817 1410 3870 in
1436 3833 1563 3889 agro
1584 3819 1798 3870 colendo
1816 3861 1832 3887 ,

245 3891 422 3944 alium
451 3891 506 3962 in
539 3891 707 3962 horto,
732 3892 892 3943 alium
921 3892 978 3962 in
1009 3890 1249 3962 pistrino,
1276 3889 1434 3941 altum
1475 3892 1526 3942 in
1556 3891 1674 3942 teris
1699 3891 1835 3962 ofﬁ-

248 3963 398 4028 cina,
430 3960 592 4016 alium
614 3961 667 4013 in
688 3960 1019 4030 fabricando,
1039 3962 1201 4014 alium
1217 3961 1270 4012 in
1292 3961 1596 4014 consuendis
1624 3960 1832 4027 calceis,

248 4034 425 4088 alii.
459 4034 512 4086 in
557 4033 770 4102 pulchre
806 4034 1098 4100 scribendo,
1131 4032 1295 4085 alium
1322 4046 1590 4086 contexere
1617 4047 1834 4100 magnas

247 4115 502 4174 sportas,
550 4105 711 4157 altum
753 4105 1029 4171 canistros,
1077 4114 1123 4157 et
1162 4104 1438 4174 sportulas.
1483 4103 1585 4157 Sed
1639 4102 1830 4158 mirum

250 4177 422 4246 plane
454 4187 537 4230 est
575 4189 640 4229 ac
671 4189 806 4245 pene
834 4175 1147 4230 incredibile
1169 4175 1318 4246 quod
1349 4175 1398 4227 in
1438 4175 1569 4228 Vilis
1604 4177 1830 4246 (Patrum

253 4245 668 4317 deSerapione
708 4247 930 4317 ejusque
971 4245 1250 4299 inOnachis
1288 4251 1518 4317 retertur
1562 4245 1828 4317 (Lausiac.

252 4315 709 4389 39),_Sosoineno
737 4315 968 4386 idipsum
996 4325 1281 4389 attestante
1321 4316 1461 4389 (Lib.
1507 4315 1734 4371 erist.
1780 4334 1828 4370 c.

247 4388 378 4457 28).
402 4387 474 4442 lii
495 4389 637 4442 enim
661 4387 779 4443 hate
806 4390 1071 4444 habentur
1095 4407 1107 4440 :
1135 4387 1390 4458 Serapitm
1413 4394 1585 4442 decem
1608 4389 1831 4442 millium

249 4461 629 4514 monachorum
658 4470 823 4528 pater,
856 4462 942 4530 qui
973 4476 1144 4515 omnes
1166 4476 1230 4512 ex
1258 4459 1516 4513 laboribus
1563 4461 1787 4530 proptiis
1811 4501 1827 4526 ,

249 4547 385 4602 quos
428 4533 687 4600 nracipue
725 4533 902 4586 messis
931 4543 1160 4600 tempore
1187 4547 1279 4601 pro
1320 4533 1552 4585 mercede
1585 4548 1831 4584 manuum

250 4605 644 4673 conquirebant,
676 4614 875 4675 partem
901 4603 1178 4672 plurimam
1203 4603 1268 4654 ad
1304 4603 1609 4675 prtrdietum
1635 4614 1830 4675 patrem

249 4676 599 4742 conferentes,
626 4674 883 4740 reliquum
909 4676 965 4728 in
1004 4691 1129 4728 usus
1161 4674 1442 4741 pauperum
1480 4674 1828 4728 destinabant.

250 4747 375 4803 Hoc
397 4759 569 4800 autem
600 4747 760 4800 moris
782 4757 887 4800 erat
906 4762 1007 4799 non
1026 4748 1194 4798 solum
1217 4746 1364 4817 ipsis,
1395 4746 1484 4798 sed
1511 4756 1558 4798 et
1598 4745 1832 4799 omnibus

249 4836 382 4891 pene
408 4817 674 4904 Eggutiis
707 4818 1000 4904 monac/iis,
1042 4825 1097 4870 ut
1130 4820 1308 4871 messis
1345 4828 1569 4904 tempore
1606 4818 1832 4904 mercede

248 4889 498 4946 conducti
529 4891 702 4959 fruges
741 4889 1081 4952 demeterent,
1115 4899 1267 4956 atque
1301 4905 1366 4942 ea:
1393 4891 1570 4943 eadem
1606 4889 1833 4944 mercede

248 4975 527 5033 octogenos
557 4963 904 5034 unusquisque
936 4960 1134 5034 modios
1170 4961 1411 5030 frumenti
1443 4964 1560 5034 plus
1607 4961 1832 5034 minusve

247 5029 619 5105 conquiratlet
640 5029 823 5084 horum
843 5039 1040 5105 partem
1060 5029 1336 5105 plurimam
1357 5029 1633 5105 pauperum
1657 5033 1829 5084 usibus

249 5105 494 5172 offerant.
538 5101 686 5157 Unde
723 5119 824 5155 non
845 5101 1022 5156 solum
1062 5103 1288 5171 regionis
1337 5101 1495 5168 ipsius
1543 5105 1832 5174 indigentes

249 5176 496 5242 alantur,
542 5175 631 5229 sed
658 5182 702 5227 et
749 5174 1122 5228 Alexandriam
1159 5189 1308 5226 naves
1348 5175 1604 5244 frumento
1634 5183 1833 5228 onusta:

249 5249 575 5320 dirigantur,
598 5246 675 5300 vel
694 5249 747 5298 in
771 5260 1027 5320 carcerem
1049 5246 1327 5320 conclusis.
1353 5246 1430 5298 vel
1450 5246 1662 5320 reliquis
1684 5262 1834 5320 pere-

248 5317 451 5390 grinis.
495 5329 656 5390 atque
672 5318 936 5390 egentibus
981 5318 1288 5390 erogandae;
1331 5331 1488 5390 neque
1523 5317 1655 5390 enim
1700 5318 1836 5370 intra

251 5387 544 5462 Egyptum
560 5387 1132 5462 sufficiuntpauperes,
1158 5388 1245 5454 qui
1258 5387 1456 5462 possint
1470 5387 1836 5462 misericordia:

251 5405 544 5462 mgyptum
566 5405 854 5458 ειιηιειιυιι,
895 5405 1132 5453 auperes,
1158 5405 1836 5457 quipossmimisericoraitz

250 5477 431 5516 eorum
468 5470 516 5512 et
549 5459 810 5533 largitatis
832 5405 1056 5533 fructus
1082 5459 1363 5533 absumere.
1394 5456 1520 5533 Haec
1566 5456 1672 5533 ibi,
1717 5473 1837 5526 quae

289 5534 466 5587 uidem
503 5525 662 5601 plane
693 5525 1089 5601 consonantuiis
1121 5544 1240 5599 quae
1271 5528 1358 5601 hic
1378 5541 1415 5601 Δτι
1443 5525 1700 5601 Cassiano
1729 5525 1839 5582 tra-

291 5619 472 5658 uniur.
503 5596 710 5670 Quibus
735 5600 898 5654 etiam
921 5596 1248 5670 suﬁ‘ragatur
1279 5597 1335 5670 _D.
1361 5596 1835 5670 Augustinttstqui

253 5676 393 5729 inter
441 5667 548 5726 alni
580 5671 976 5728 ccenobitarum
1005 5667 1250 5725 Insiituta
1279 5667 1392 5723 haec
1436 5667 1624 5724 scribit
1654 5686 1666 5720 :
1700 5667 1840 5724 Sane

251 5742 512 5814 quidquid
556 5743 846 5800 necessario
887 5741 1048 5798 uictui
1093 5740 1354 5798 redundat
1392 5742 1538 5809 (nam
1581 5738 1838 5795 redundat

1939 3321 2173 3386 branda,
2229 3332 2284 3376 et
2329 3325 2396 3378 ad
2449 3343 2627 3381 IIlllllla
2673 3329 3044 3383 ecclesiastica
3091 3321 3516 3384 assumerentnr.

1937 3390 2204 3470 Caeterum
2257 3411 2363 3448 non
2418 3411 2500 3450 est
2555 3399 2969 3453 existimandum
3028 3416 3216 3454 omnes
3269 3400 3520 3470 antiquos

1938 3464 2231 3518 monachos
2254 3507 2270 3532 ,
2306 3479 2422 3519 aut.
2454 3470 2738 3538 religiosos
2793 3472 3039 3525 [inanibus
3069 3474 3374 3537 laborasse,
3401 3464 3524 3526 'hoc

1935 3543 2056 3600 est,
2083 3551 2247 3603 opera
2295 3539 2605 3610 mechanica
2653 3542 2998 3606 exercuisse,
3041 3554 3202 3610 atque
3227 3543 3290 3596 iis
3320 3544 3518 3596 victum

1935 3610 2275 3679 quaeritaSse.
2306 3606 2438 3661 Nam
2465 3625 2638 3679 neque
2664 3612 2823 3678 primi
2853 3606 3234 3665 monachi-sub
3261 3613 3523 3676 aposmlis

1937 3677 1989 3730 in
2031 3677 2362 3749 Hierusalem
2391 3721 2405 3744 ,
2448 3677 2621 3749 neque
2667 3682 3017 3735 Alexandrini
3065 3683 3194 3737 illia
3244 3681 3304 3737 S.
3344 3682 3523 3736 Marco

1936 3748 2263 3820 evangelista
2297 3748 2623 3804 inStituti’de
2649 3766 2817 3820 opere
2865 3766 3119 3804 manuum
3151 3753 3328 3820 legem
3360 3767 3521 3806 acce-

1937 3819 2082 3888 piSsc
2113 3820 2392 3887 leguntur,
2440 3831 2494 3872 ut
2523 3831 2668 3888 patet
2693 3825 2816 3876 Act.
2845 3837 2881 3874 ιι
2910 3831 2963 3875 et
2985 3838 3067 3884 IV,
3095 3834 3148 3875 et
3176 3819 3242 3876 ei
3291 3822 3520 3878 Philoae

1937 3892 2164 3964 ιιι-1η)ιο
2199 3891 2268 3944 de
2303 3891 2863 3964 Yitacontemplativa
2895 3935 2910 3958 ,
2959 3902 3012 3947 et
3041 3892 3276 3947 EuSebio
3306 3892 3445 3964 (Lib.
3487 3910 3522 3949 It

1936 3959 2083 4033 Hist.
2115 3978 2230 4033 cap.
2264 3961 2382 4032 I6).
2424 3961 2625 4017 Scribit
2653 3965 2816 4017 etiam
2845 3964 2912 4018 de
2944 3964 3272 4019 monasterio
3297 3959 3358 4019 S.
3385 3965 3527 4018 Mar-

1937 4034 2033 4086 tini
2062 4032 2323 4102 Sulpitius
2355 4038 2407 4086 in
2430 4033 2546 4088 Vita
2576 4035 2817 4103 ejusdem
2844 4050 2962 4105 cap.
2993 4037 3022 4086 7
3049 4052 3062 4088 :
3088 4035 3258 4091 Nemo
3277 4036 3350 4091 ibi
3376 4038 3524 4104 quid-

1935 4121 2088 4173 quam
2119 4106 2391 4174 proprium
2422 4106 2636 4160 habebat
2667 4123 2684 4159 :
2717 4109 2887 4161 omnia
2915 4113 2968 4161 in
2999 4110 3166 4161 medio
3187 4109 3518 4176 confereban-

1936 4185 2020 4229 tur
2043 4191 2062 4227 :
2102 4192 2203 4228 non
2230 4193 2393 4231 emere
2417 4218 2432 4240 ,
2462 4188 2552 4231 aut
2582 4179 2824 4244 vendere,
2871 4191 2927 4232 ut
2955 4179 3208 4248 plerisque
3249 4181 3516 4234 monachis

1936 4249 2096 4319 moris
2141 4257 2212 4299 est
2235 4291 2249 4313 ,
2295 4249 2578 4319 quidquam
2607 4248 2833 4316 licebat;
2872 4267 2956 4306 ars
3002 4251 3104 4314 ibi,
3140 4249 3362 4319 exceptis
3391 4253 3526 4303 scri-

1936 4317 2196 4394 ptoribus,
2219 4318 2364 4373 nulla
2394 4317 2711 4388 habebatur;
2741 4326 2825 4376 cui
2849 4333 3017 4376 tamen
3043 4325 3178 4394 operi
3205 4317 3372 4394 minor
3393 4331 3524 4394 tetas

1936 4389 2315 4462 deputabatur,
2370 4396 2596 4462 majores
2628 4394 2852 4447 orationi
2891 4389 3162 4448 uacabant.
3217 4392 3344 4448 Haec
3389 4393 3520 4447 ille:

1937 4461 2028 4513 ubi
2051 4461 2198 4514 vides
2227 4462 2373 4516 solos
2397 4461 2641 4531 juniores
2676 4465 2950 4521 laborasse
2981 4464 3305 4530 scribendo,
3359 4464 3525 4533 idque

1937 4533 2131 4608 nonad
2161 4533 2368 4608 victum
2393 4536 2743 4608 quterendum
2801 4537 2968 4608 (nam
3016 4536 3146 4589 nihil
3170 4535 3257 4608 eis
3285 4537 3520 4591 vendere

1938 4601 2163 4677 licebat,
2198 4605 2290 4658 sed
2320 4605 2572 4677 vivebant
2599 4623 2661 4661 ex
2691 4601 2864 4673 bonis,
2895 4623 3014 4677 quae
3053 4606 3400 4677 attulerant),
3427 4607 3522 4661 sed

1938 4673 2004 4748 ad
2027 4678 2194 4728 otium
2227 4676 2559 4746 lugiendum.
2593 4678 2730 4745 Quin
2773 4673 2933 4734 etiam
2990 4677 3053 4732 D.
3106 4673 3437 4748 Augustinus
3465 4677 3520 4733 in

1939 4744 2324 4820 illoiopusculo
2345 4794 2359 4817 ,
2391 4751 2533 4820 quod
2561 4744 2820 4805 adversus
2846 4749 3104 4820 quosdam
3149 4744 3375 4818 ignavos
3405 4765 3521 4803 mo-

1939 4819 2143 4873 nachos
2169 4819 2523 4891 conscripsit,
2557 4821 2647 4889 qui
2671 4819 2936 4891 negabant
2965 4821 3212 4876 manibus
3235 4835 3354 4876 esse
3383 4835 3519 4888 ope-

1939 4891 2203 4961 Italidum,
2257 4889 2416 4961 (locet
2442 4902 2674 4959 quatuor
2708 4889 2830 4947 esse
2867 4893 3256 4946 monachorum
3289 4905 3485 4961 genera
3506 4933 3522 4956 ,

1937 4961 2131 5024 quibus
2152 4960 2278 5027 jure
2302 4960 2626 5029 Evangelico
2652 4962 2810 5016 liceat
2831 4964 2947 5017 sine
2971 4979 3225 5018 manuum
3251 4960 3525 5017 laboribus

1938 5029 2101 5082 vitam
2133 5029 2362 5094 ducere,
2395 5039 2450 5083 et
2478 5030 2708 5084 aliorum
2745 5033 3003 5088 subsidiis
3052 5043 3106 5087 et
3159 5033 3523 5087 oblatiunihns

1939 5099 2051 5171 uti:
2083 5113 2147 5150 ac
2170 5099 2346 5166 primo
2378 5102 2495 5153 loco
2523 5104 2804 5168 poniteos,
2839 5099 2928 5168 qui
2959 5103 3326 5171 praedicationi
3353 5104 3525 5156 Evan-

1935 5170 2122 5239 gelicm
2151 5170 2419 5224 doctrina:
2448 5171 2782 5237 incumbunt,
2812 5184 2903 5227 aut
2931 5170 3156 5227 verbum
3184 5173 3274 5226 Dei
3304 5173 3521 5227 docent.

1941 5239 2037 5294 llis
2061 5241 2219 5306 enim,
2243 5249 2381 5296 teste
2403 5241 2682 5310 Apostolo,
2707 5242 2962 5298 ordinavit
2985 5243 3238 5297 Dominus
3264 5245 3328 5296 de
3352 5241 3500 5296 Euan

1937 5313 2069 5382 gelio
2112 5313 2278 5366 vivere
2308 5312 2363 5384 (l
2388 5313 2505 5368 Cor.
2535 5314 2667 5384 1x),
2700 5315 2802 5367 hoc
2849 5322 2934 5370 est
2957 5355 2974 5380 ,
3023 5315 3224 5368 victum
3254 5329 3284 5367 a
3328 5316 3526 5383 pupulo

1941 5392 2148 5452 petere.
2205 5386 2262 5439 In
2307 5387 2548 5440 secundo
2598 5385 2786 5440 ordine
2839 5386 3030 5440 statuit
3076 5399 3174 5439 eos
3224 5387 3312 5455 qui
3371 5385 3526 5438 altari

1939 5460 2222 5521 serviunt,
2252 5457 2303 5510 id
2332 5466 2448 5524 est,
2482 5468 2817 5512 sacramenta
2847 5455 3260 5519 administrant,
3294 5455 3378 5510 vel
3423 5457 3527 5510 alia

1939 5527 2312 5583 ecclesiastica
2365 5529 2662 5584 ministeria
2716 5539 3008 5594 exercent;
3061 5526 3184 5598 quia
3232 5526 3301 5598 de
3345 5527 3430 5579 his
3475 5527 3527 5582 in

1937 5600 2126 5669 eadem
2175 5600 2240 5652 ad
2296 5598 2605 5655 Corinthios
2652 5598 2891 5669 Epistula
2934 5597 3234 5669 scripserat
3285 5597 3526 5652 Paulus:

1940 5667 2166 5722 Nescitis
2187 5672 2428 5740 quoniam
2465 5673 2554 5742 qui
2582 5674 2636 5726 in
2683 5667 2913 5726 sacrario
2965 5667 3269 5739 aperantur,
3301 5685 3416 5742 quae
3466 5671 3528 5722 de

1937 5742 2168 5796 sacrario
2211 5751 2351 5812 sunt,
2388 5743 2584 5811 edunt,
2637 5753 2685 5802 et
2710 5743 2797 5813 qui
2843 5743 3031 5803 altario
3078 5743 3392 5812 deserviunt,
3419 5755 3527 5798 cum
