  <div class='ocr_page' id='page_1' title='image "/cluster/home/n/w/nwhite01/storage/ocr_20150623/49/uva.x000827093/204.png"; bbox 0 0 4014 6200; ppageno 0'>
   <div class='ocr_carea' id='block_1_1' title="bbox 220 310 330 376">
    <p class='ocr_par' dir='ltr' id='par_1_1' title="bbox 220 310 330 376">
     <span class='ocr_line' id='line_1_1' title="bbox 220 310 330 376; baseline 0 -1"><span class='ocrx_word' id='word_1_1' title='bbox 220 310 330 376; x_wconf 75' lang='lat'><strong>393</strong></span> 
     </span>
    </p>
   </div>
   <div class='ocr_carea' id='block_1_2' title="bbox 865 308 2892 385">
    <p class='ocr_par' dir='ltr' id='par_1_2' title="bbox 865 308 2892 385">
     <span class='ocr_line' id='line_1_2' title="bbox 865 308 2892 385; baseline 0.005 -12"><span class='ocrx_word' id='word_1_2' title='bbox 865 316 952 373; x_wconf 86' lang='lat' dir='ltr'><strong>DE</strong></span> <span class='ocrx_word' id='word_1_3' title='bbox 990 316 1463 375; x_wconf 81' lang='lat' dir='ltr'><strong>COENOBIORUM</strong></span> <span class='ocrx_word' id='word_1_4' title='bbox 1505 315 1749 373; x_wconf 86' lang='lat' dir='ltr'><strong>INSTIT.</strong></span> <span class='ocrx_word' id='word_1_5' title='bbox 1791 308 1921 374; x_wconf 86' lang='lat' dir='ltr'><strong>LIB.</strong></span> <span class='ocrx_word' id='word_1_6' title='bbox 1963 321 2032 377; x_wconf 83' lang='lat' dir='ltr'><strong>X.</strong></span> <span class='ocrx_word' id='word_1_7' title='bbox 2071 352 2131 366; x_wconf 73' lang='grc' dir='ltr'><strong>υ-</strong></span> <span class='ocrx_word' id='word_1_8' title='bbox 2158 320 2247 379; x_wconf 82' lang='lat' dir='ltr'><strong>DE</strong></span> <span class='ocrx_word' id='word_1_9' title='bbox 2287 324 2558 380; x_wconf 82' lang='lat' dir='ltr'><strong>SPIBITU</strong></span> <span class='ocrx_word' id='word_1_10' title='bbox 2598 326 2892 385; x_wconf 72' lang='lat' dir='ltr'><strong>ACEDLE.</strong></span> 
     </span>
    </p>
   </div>
   <div class='ocr_carea' id='block_1_3' title="bbox 3404 340 3513 400">
    <p class='ocr_par' dir='ltr' id='par_1_3' title="bbox 3404 340 3513 400">
     <span class='ocr_line' id='line_1_3' title="bbox 3404 340 3513 400; baseline 0.009 -1"><span class='ocrx_word' id='word_1_11' title='bbox 3404 340 3513 400; x_wconf 59' lang='lat'><strong>594</strong></span> 
     </span>
    </p>
   </div>
   <div class='ocr_carea' id='block_1_4' title="bbox 215 436 3512 525">
    <p class='ocr_par' dir='ltr' id='par_1_4' title="bbox 215 436 3512 525">
     <span class='ocr_line' id='line_1_4' title="bbox 215 436 3512 525; baseline 0.006 -34"><span class='ocrx_word' id='word_1_12' title='bbox 215 436 480 506; x_wconf 86' lang='lat' dir='ltr'><strong>juvenes,</strong></span> <span class='ocrx_word' id='word_1_13' title='bbox 512 438 719 504; x_wconf 85' lang='lat' dir='ltr'><strong>sinunt,</strong></span> <span class='ocrx_word' id='word_1_14' title='bbox 746 446 771 475; x_wconf 78' lang='grc' dir='ltr'><strong>ι</strong></span> <span class='ocrx_word' id='word_1_15' title='bbox 795 446 966 492; x_wconf 91' lang='lat' dir='ltr'><strong>actum</strong></span> <span class='ocrx_word' id='word_1_16' title='bbox 991 438 1172 491; x_wconf 86' lang='lat' dir='ltr'><strong>cordis</strong></span> <span class='ocrx_word' id='word_1_17' title='bbox 1193 453 1257 493; x_wconf 91' lang='lat' dir='ltr'><strong>ac</strong></span> <span class='ocrx_word' id='word_1_18' title='bbox 1289 436 1582 505; x_wconf 81' lang='lat' dir='ltr'><strong>profectum</strong></span> <span class='ocrx_word' id='word_1_19' title='bbox 1612 438 1819 507; x_wconf 90' lang='lat' dir='ltr'><strong>patien-</strong></span> <span class='ocrx_word' id='word_1_20' title='bbox 1846 456 1899 515; x_wconf 72' lang='grc' dir='ltr'>Α</span> <span class='ocrx_word' id='word_1_21' title='bbox 1922 443 2249 497; x_wconf 85' lang='lat' dir='ltr'><strong>monasteria</strong></span> <span class='ocrx_word' id='word_1_22' title='bbox 2280 450 2427 498; x_wconf 86' lang='lat' dir='ltr'><strong>tanta</strong></span> <span class='ocrx_word' id='word_1_23' title='bbox 2460 443 2683 499; x_wconf 91' lang='lat' dir='ltr'><strong>fratrum</strong></span> <span class='ocrx_word' id='word_1_24' title='bbox 2733 447 3045 503; x_wconf 87' lang='lat' dir='ltr'><strong>celebritate</strong></span> <span class='ocrx_word' id='word_1_25' title='bbox 3085 448 3303 508; x_wconf 81' lang='lat' dir='ltr'><strong>fundata</strong></span> <span class='ocrx_word' id='word_1_26' title='bbox 3386 462 3512 525; x_wconf 87' lang='lat' dir='ltr'><strong>quia</strong></span> 
     </span>
    </p>
   </div>
   <div class='ocr_carea' id='block_1_5' title="bbox 223 530 1818 599">
    <p class='ocr_par' dir='ltr' id='par_1_5' title="bbox 223 530 1818 599">
     <span class='ocr_line' id='line_1_5' title="bbox 223 530 1818 599; baseline 0.003 -15"><span class='ocrx_word' id='word_1_27' title='bbox 223 530 316 584; x_wconf 67' lang='lat' dir='ltr'><strong>tia:</strong></span> <span class='ocrx_word' id='word_1_28' title='bbox 342 540 401 584; x_wconf 90' lang='lat' dir='ltr'><strong>et</strong></span> <span class='ocrx_word' id='word_1_29' title='bbox 424 532 741 584; x_wconf 76' lang='lat' dir='ltr'><strong>humilitatis</strong></span> <span class='ocrx_word' id='word_1_30' title='bbox 763 530 1046 585; x_wconf 90' lang='lat' dir='ltr'><strong>sedulitate</strong></span> <span class='ocrx_word' id='word_1_31' title='bbox 1070 532 1256 599; x_wconf 89' lang='lat' dir='ltr'><strong>operis</strong></span> <span class='ocrx_word' id='word_1_32' title='bbox 1283 532 1562 587; x_wconf 76' lang='lat' dir='ltr'><strong>metientes</strong></span> <span class='ocrx_word' id='word_1_33' title='bbox 1592 549 1605 585; x_wconf 90' lang='lat'><strong>:</strong></span> <span class='ocrx_word' id='word_1_34' title='bbox 1636 540 1691 586; x_wconf 91' lang='lat' dir='ltr'><strong>et</strong></span> <span class='ocrx_word' id='word_1_35' title='bbox 1714 547 1818 587; x_wconf 93' lang='lat' dir='ltr'><strong>non</strong></span> 
     </span>
    </p>
   </div>
   <div class='ocr_carea' id='block_1_6' title="bbox 224 622 1819 693">
    <p class='ocr_par' dir='ltr' id='par_1_6' title="bbox 224 622 1819 693">
     <span class='ocr_line' id='line_1_6' title="bbox 224 622 1819 693; baseline 0.004 -19"><span class='ocrx_word' id='word_1_36' title='bbox 224 622 408 675; x_wconf 88' lang='lat' dir='ltr'><strong>solum</strong></span> <span class='ocrx_word' id='word_1_37' title='bbox 434 638 463 676; x_wconf 90' lang='lat' dir='ltr'><strong>a</strong></span> <span class='ocrx_word' id='word_1_38' title='bbox 496 624 647 677; x_wconf 91' lang='lat' dir='ltr'><strong>nullo</strong></span> <span class='ocrx_word' id='word_1_39' title='bbox 669 623 953 693; x_wconf 85' lang='lat' dir='ltr'><strong>quidquam</strong></span> <span class='ocrx_word' id='word_1_40' title='bbox 978 623 1045 677; x_wconf 89' lang='lat' dir='ltr'><strong>ad</strong></span> <span class='ocrx_word' id='word_1_41' title='bbox 1071 638 1230 677; x_wconf 91' lang='lat' dir='ltr'><strong>usum</strong></span> <span class='ocrx_word' id='word_1_42' title='bbox 1262 625 1432 678; x_wconf 89' lang='lat' dir='ltr'><strong>victus</strong></span> <span class='ocrx_word' id='word_1_43' title='bbox 1458 625 1539 678; x_wconf 90' lang='lat' dir='ltr'><strong>sui</strong></span> <span class='ocrx_word' id='word_1_44' title='bbox 1569 624 1819 688; x_wconf 86' lang='lat' dir='ltr'><strong>accipere</strong></span> 
     </span>
    </p>
   </div>
   <div class='ocr_carea' id='block_1_7' title="bbox 228 713 1817 783">
    <p class='ocr_par' dir='ltr' id='par_1_7' title="bbox 228 713 1817 783">
     <span class='ocr_line' id='line_1_7' title="bbox 228 713 1817 783; baseline 0.003 -16"><span class='ocrx_word' id='word_1_45' title='bbox 228 713 535 783; x_wconf 84' lang='lat' dir='ltr'><strong>patiuntur,</strong></span> <span class='ocrx_word' id='word_1_46' title='bbox 571 716 662 770; x_wconf 92' lang='lat' dir='ltr'><strong>sed</strong></span> <span class='ocrx_word' id='word_1_47' title='bbox 710 716 866 770; x_wconf 87' lang='lat' dir='ltr'><strong>etiam</strong></span> <span class='ocrx_word' id='word_1_48' title='bbox 908 715 975 770; x_wconf 90' lang='lat' dir='ltr'><strong>de</strong></span> <span class='ocrx_word' id='word_1_49' title='bbox 1017 715 1297 770; x_wconf 83' lang='lat' dir='ltr'><strong>laboribus</strong></span> <span class='ocrx_word' id='word_1_50' title='bbox 1331 718 1442 771; x_wconf 88' lang='lat' dir='ltr'><strong>suis</strong></span> <span class='ocrx_word' id='word_1_51' title='bbox 1472 731 1575 771; x_wconf 92' lang='lat' dir='ltr'><strong>non</strong></span> <span class='ocrx_word' id='word_1_52' title='bbox 1608 726 1817 772; x_wconf 72' lang='lat' dir='ltr'><strong>tantum</strong></span> 
     </span>
    </p>
   </div>
   <div class='ocr_carea' id='block_1_8' title="bbox 225 807 1815 876">
    <p class='ocr_par' dir='ltr' id='par_1_8' title="bbox 225 807 1815 876">
     <span class='ocr_line' id='line_1_8' title="bbox 225 807 1815 876; baseline 0.005 -18"><span class='ocrx_word' id='word_1_53' title='bbox 225 807 673 872; x_wconf 88' lang='lat' dir='ltr'><strong>sopervenientes</strong></span> <span class='ocrx_word' id='word_1_54' title='bbox 695 821 756 861; x_wconf 91' lang='lat' dir='ltr'><strong>ac</strong></span> <span class='ocrx_word' id='word_1_55' title='bbox 780 809 1091 876; x_wconf 89' lang='lat' dir='ltr'><strong>peregrinos</strong></span> <span class='ocrx_word' id='word_1_56' title='bbox 1114 808 1373 862; x_wconf 85' lang='lat' dir='ltr'><strong>reficiunt</strong></span> <span class='ocrx_word' id='word_1_57' title='bbox 1395 810 1607 875; x_wconf 80' lang='lat' dir='ltr'><strong>fratres,</strong></span> <span class='ocrx_word' id='word_1_58' title='bbox 1628 826 1815 866; x_wconf 87' lang='lat' dir='ltr'><strong>verum</strong></span> 
     </span>
    </p>
   </div>
   <div class='ocr_carea' id='block_1_9' title="bbox 226 898 1809 969">
    <p class='ocr_par' dir='ltr' id='par_1_9' title="bbox 226 898 1809 969">
     <span class='ocr_line' id='line_1_9' title="bbox 226 898 1809 969; baseline 0.004 -19"><span class='ocrx_word' id='word_1_59' title='bbox 226 899 389 952; x_wconf 87' lang='lat' dir='ltr'><strong>etiam</strong></span> <span class='ocrx_word' id='word_1_60' title='bbox 423 915 515 965; x_wconf 88' lang='lat' dir='ltr'><strong>per</strong></span> <span class='ocrx_word' id='word_1_61' title='bbox 535 898 561 936; x_wconf 72' lang='grc' dir='ltr'>δ</span> <span class='ocrx_word' id='word_1_62' title='bbox 586 900 699 954; x_wconf 94' lang='lat' dir='ltr'><strong>loca</strong></span> <span class='ocrx_word' id='word_1_63' title='bbox 722 899 929 969; x_wconf 70' lang='lat' dir='ltr'><strong>Libym,</strong></span> <span class='ocrx_word' id='word_1_64' title='bbox 951 915 1070 968; x_wconf 69' lang='lat' dir='ltr'><strong>quae</strong></span> <span class='ocrx_word' id='word_1_65' title='bbox 1091 901 1380 956; x_wconf 81' lang='lat' dir='ltr'><strong>sterilitate</strong></span> <span class='ocrx_word' id='word_1_66' title='bbox 1406 917 1469 957; x_wconf 91' lang='lat' dir='ltr'><strong>ac</strong></span> <span class='ocrx_word' id='word_1_67' title='bbox 1493 901 1635 956; x_wconf 90' lang='lat' dir='ltr'><strong>fame</strong></span> <span class='ocrx_word' id='word_1_68' title='bbox 1662 903 1809 957; x_wconf 80' lang='lat' dir='ltr'><strong>labo-</strong></span> 
     </span>
    </p>
   </div>
   <div class='ocr_carea' id='block_1_10' title="bbox 220 991 1808 1064">
    <p class='ocr_par' dir='ltr' id='par_1_10' title="bbox 220 991 1808 1064">
     <span class='ocr_line' id='line_1_10' title="bbox 220 991 1808 1064; baseline 0.006 -23"><span class='ocrx_word' id='word_1_69' title='bbox 220 998 363 1056; x_wconf 90' lang='lat' dir='ltr'><strong>rant,</strong></span> <span class='ocrx_word' id='word_1_70' title='bbox 396 1005 493 1044; x_wconf 92' lang='lat' dir='ltr'><strong>nec</strong></span> <span class='ocrx_word' id='word_1_71' title='bbox 535 1006 642 1044; x_wconf 93' lang='lat' dir='ltr'><strong>non</strong></span> <span class='ocrx_word' id='word_1_72' title='bbox 673 991 835 1046; x_wconf 90' lang='lat' dir='ltr'><strong>etiam</strong></span> <span class='ocrx_word' id='word_1_73' title='bbox 869 1007 966 1060; x_wconf 92' lang='lat' dir='ltr'><strong>per</strong></span> <span class='ocrx_word' id='word_1_74' title='bbox 996 992 1245 1047; x_wconf 84' lang='lat' dir='ltr'><strong>civitates</strong></span> <span class='ocrx_word' id='word_1_75' title='bbox 1286 993 1376 1047; x_wconf 88' lang='lat' dir='ltr'><strong>his</strong></span> <span class='ocrx_word' id='word_1_76' title='bbox 1421 995 1511 1063; x_wconf 91' lang='lat' dir='ltr'><strong>qui</strong></span> <span class='ocrx_word' id='word_1_77' title='bbox 1557 994 1808 1064; x_wconf 87' lang='lat' dir='ltr'><strong>squalore</strong></span> 
     </span>
    </p>
   </div>
   <div class='ocr_carea' id='block_1_11' title="bbox 215 1084 1809 1151">
    <p class='ocr_par' dir='ltr' id='par_1_11' title="bbox 215 1084 1809 1151">
     <span class='ocr_line' id='line_1_11' title="bbox 215 1084 1809 1151; baseline 0.007 -17"><span class='ocrx_word' id='word_1_78' title='bbox 215 1095 499 1136; x_wconf 86' lang='lat' dir='ltr'><strong>carcerum</strong></span> <span class='ocrx_word' id='word_1_79' title='bbox 532 1084 951 1151; x_wconf 86' lang='lat' dir='ltr'><strong>contabescunt,</strong></span> <span class='ocrx_word' id='word_1_80' title='bbox 987 1084 1277 1141; x_wconf 81' lang='lat' dir='ltr'><strong>immanem</strong></span> <span class='ocrx_word' id='word_1_81' title='bbox 1309 1088 1653 1148; x_wconf 84' lang='lat' dir='ltr'><strong>conferentes</strong></span> <span class='ocrx_word' id='word_1_82' title='bbox 1681 1090 1809 1145; x_wconf 88' lang='lat' dir='ltr'><strong>diri-</strong></span> 
     </span>
    </p>
   </div>
   <div class='ocr_carea' id='block_1_12' title="bbox 212 1174 1806 1245">
    <p class='ocr_par' dir='ltr' id='par_1_12' title="bbox 212 1174 1806 1245">
     <span class='ocr_line' id='line_1_12' title="bbox 212 1174 1806 1245; baseline 0.006 -20"><span class='ocrx_word' id='word_1_83' title='bbox 212 1183 345 1241; x_wconf 86' lang='lat' dir='ltr'><strong>gunt</strong></span> <span class='ocrx_word' id='word_1_84' title='bbox 390 1174 661 1229; x_wconf 64' lang='lat' dir='ltr'><strong>alimonia:</strong></span> <span class='ocrx_word' id='word_1_85' title='bbox 715 1176 999 1245; x_wconf 88' lang='lat' dir='ltr'><strong>victusque</strong></span> <span class='ocrx_word' id='word_1_86' title='bbox 1058 1178 1440 1243; x_wconf 88' lang='lat' dir='ltr'><strong>substantiam,</strong></span> <span class='ocrx_word' id='word_1_87' title='bbox 1498 1180 1569 1235; x_wconf 89' lang='lat' dir='ltr'><strong>de</strong></span> <span class='ocrx_word' id='word_1_88' title='bbox 1623 1180 1806 1235; x_wconf 90' lang='lat' dir='ltr'><strong>fructu</strong></span> 
     </span>
    </p>
   </div>
   <div class='ocr_carea' id='block_1_13' title="bbox 213 1268 1804 1328">
    <p class='ocr_par' dir='ltr' id='par_1_13' title="bbox 213 1268 1804 1328">
     <span class='ocr_line' id='line_1_13' title="bbox 213 1268 1804 1328; baseline 0.006 -11"><span class='ocrx_word' id='word_1_89' title='bbox 213 1280 472 1319; x_wconf 89' lang='lat' dir='ltr'><strong>manuum</strong></span> <span class='ocrx_word' id='word_1_90' title='bbox 507 1280 725 1321; x_wconf 90' lang='lat' dir='ltr'><strong>suarum</strong></span> <span class='ocrx_word' id='word_1_91' title='bbox 774 1268 1097 1324; x_wconf 88' lang='lat' dir='ltr'><strong>rationabile</strong></span> <span class='ocrx_word' id='word_1_92' title='bbox 1136 1284 1200 1325; x_wconf 89' lang='lat' dir='ltr'><strong>ac</strong></span> <span class='ocrx_word' id='word_1_93' title='bbox 1247 1286 1434 1325; x_wconf 89' lang='lat' dir='ltr'><strong>verum</strong></span> <span class='ocrx_word' id='word_1_94' title='bbox 1482 1273 1804 1328; x_wconf 80' lang='lat' dir='ltr'><strong>sacrificium</strong></span> 
     </span>
    </p>
   </div>
   <div class='ocr_carea' id='block_1_14' title="bbox 212 1354 1523 1418">
    <p class='ocr_par' dir='ltr' id='par_1_14' title="bbox 212 1354 1523 1418">
     <span class='ocr_line' id='line_1_14' title="bbox 212 1354 1523 1418; baseline 0.006 -10"><span class='ocrx_word' id='word_1_95' title='bbox 212 1354 443 1411; x_wconf 92' lang='lat' dir='ltr'><strong>Domino</strong></span> <span class='ocrx_word' id='word_1_96' title='bbox 471 1358 563 1411; x_wconf 90' lang='lat' dir='ltr'><strong>tali</strong></span> <span class='ocrx_word' id='word_1_97' title='bbox 594 1359 870 1414; x_wconf 85' lang='lat' dir='ltr'><strong>oblatione</strong></span> <span class='ocrx_word' id='word_1_98' title='bbox 898 1374 957 1414; x_wconf 91' lang='lat' dir='ltr'><strong>se</strong></span> <span class='ocrx_word' id='word_1_99' title='bbox 988 1360 1187 1417; x_wconf 79' lang='lat' dir='ltr'><strong>oll‘erre</strong></span> <span class='ocrx_word' id='word_1_100' title='bbox 1213 1362 1523 1418; x_wconf 85' lang='lat' dir='ltr'><strong>credentes.</strong></span> 
     </span>
    </p>
   </div>
   <div class='ocr_carea' id='block_1_15' title="bbox 785 1469 1245 1527">
    <p class='ocr_par' dir='ltr' id='par_1_15' title="bbox 785 1469 1245 1527">
     <span class='ocr_line' id='line_1_15' title="bbox 785 1469 1245 1527; baseline 0.004 -3"><span class='ocrx_word' id='word_1_101' title='bbox 785 1469 1019 1527; x_wconf 86' lang='lat' dir='ltr'><strong>CAPUT</strong></span> <span class='ocrx_word' id='word_1_102' title='bbox 1051 1471 1245 1527; x_wconf 79' lang='lat' dir='ltr'><strong>XXIII.</strong></span> 
     </span>
    </p>
   </div>
   <div class='ocr_carea' id='block_1_16' title="bbox 210 1559 1808 1636">
    <p class='ocr_par' dir='ltr' id='par_1_16' title="bbox 210 1559 1808 1636">
     <span class='ocr_line' id='line_1_16' title="bbox 210 1559 1808 1636; baseline 0.007 -24"><span class='ocrx_word' id='word_1_103' title='bbox 210 1559 364 1626; x_wconf 84' lang='lat' dir='ltr'><strong>Quod</strong></span> <span class='ocrx_word' id='word_1_104' title='bbox 398 1562 489 1615; x_wconf 88' lang='lat' dir='ltr'><strong>otii</strong></span> <span class='ocrx_word' id='word_1_105' title='bbox 519 1578 680 1615; x_wconf 86' lang='lat' dir='ltr'><strong>causa</strong></span> <span class='ocrx_word' id='word_1_106' title='bbox 710 1563 868 1636; x_wconf 81' lang='lat' dir='ltr'><strong>faciat</strong></span> <span class='ocrx_word' id='word_1_107' title='bbox 899 1565 952 1616; x_wconf 86' lang='lat' dir='ltr'><strong>in</strong></span> <span class='ocrx_word' id='word_1_108' title='bbox 984 1567 1217 1636; x_wconf 85' lang='lat' dir='ltr'><strong>partibus</strong></span> <span class='ocrx_word' id='word_1_109' title='bbox 1252 1566 1546 1621; x_wconf 78' lang='lat' dir='ltr'><strong>Occidentis</strong></span> <span class='ocrx_word' id='word_1_110' title='bbox 1576 1584 1674 1623; x_wconf 85' lang='lat' dir='ltr'><strong>non</strong></span> <span class='ocrx_word' id='word_1_111' title='bbox 1702 1586 1808 1625; x_wconf 84' lang='lat' dir='ltr'><strong>esse</strong></span> 
     </span>
    </p>
   </div>
   <div class='ocr_carea' id='block_1_17' title="bbox 676 1634 1328 1697">
    <p class='ocr_par' dir='ltr' id='par_1_17' title="bbox 676 1634 1328 1697">
     <span class='ocr_line' id='line_1_17' title="bbox 676 1634 1328 1697; baseline 0.005 -11"><span class='ocrx_word' id='word_1_112' title='bbox 676 1634 910 1687; x_wconf 60' lang='lat' dir='ltr'><strong>coenobio</strong></span> <span class='ocrx_word' id='word_1_113' title='bbox 939 1634 1328 1697; x_wconf 77' lang='lat' dir='ltr'><strong>monachorum.</strong></span> 
     </span>
    </p>
   </div>
   <div class='ocr_carea' id='block_1_18' title="bbox 279 1725 1806 1800">
    <p class='ocr_par' dir='ltr' id='par_1_18' title="bbox 279 1725 1806 1800">
     <span class='ocr_line' id='line_1_18' title="bbox 279 1725 1806 1800; baseline 0.006 -21"><span class='ocrx_word' id='word_1_114' title='bbox 279 1725 413 1781; x_wconf 83' lang='lat' dir='ltr'><strong>Hinc</strong></span> <span class='ocrx_word' id='word_1_115' title='bbox 467 1738 554 1783; x_wconf 90' lang='lat' dir='ltr'><strong>est</strong></span> <span class='ocrx_word' id='word_1_116' title='bbox 600 1728 743 1797; x_wconf 91' lang='lat' dir='ltr'><strong>quod</strong></span> <span class='ocrx_word' id='word_1_117' title='bbox 794 1728 846 1782; x_wconf 92' lang='lat' dir='ltr'><strong>in</strong></span> <span class='ocrx_word' id='word_1_118' title='bbox 897 1728 981 1783; x_wconf 91' lang='lat' dir='ltr'><strong>his</strong></span> <span class='ocrx_word' id='word_1_119' title='bbox 1028 1731 1334 1800; x_wconf 81' lang='lat' dir='ltr'><strong>regionibus</strong></span> <span class='ocrx_word' id='word_1_120' title='bbox 1384 1731 1524 1786; x_wconf 90' lang='lat' dir='ltr'><strong>nulla</strong></span> <span class='ocrx_word' id='word_1_121' title='bbox 1569 1733 1806 1788; x_wconf 82' lang='lat' dir='ltr'><strong>videmus</strong></span> 
     </span>
    </p>
   </div>
   <div class='ocr_carea' id='block_1_19' title="bbox 1924 530 3549 616">
    <p class='ocr_par' dir='ltr' id='par_1_19' title="bbox 1924 530 3549 616">
     <span class='ocr_line' id='line_1_19' title="bbox 1924 530 3549 616; baseline 0.01 -29"><span class='ocrx_word' id='word_1_122' title='bbox 1924 548 2024 589; x_wconf 93' lang='lat' dir='ltr'><strong>nec</strong></span> <span class='ocrx_word' id='word_1_123' title='bbox 2054 549 2277 604; x_wconf 89' lang='lat' dir='ltr'><strong>operum</strong></span> <span class='ocrx_word' id='word_1_124' title='bbox 2307 550 2525 590; x_wconf 87' lang='lat' dir='ltr'><strong>suorunt</strong></span> <span class='ocrx_word' id='word_1_125' title='bbox 2560 538 2901 593; x_wconf 83' lang='lat' dir='ltr'><strong>facultatibus</strong></span> <span class='ocrx_word' id='word_1_126' title='bbox 2944 540 3257 608; x_wconf 83' lang='lat' dir='ltr'><strong>fulcmntur,</strong></span> <span class='ocrx_word' id='word_1_127' title='bbox 3298 555 3353 599; x_wconf 91' lang='lat' dir='ltr'><strong>ut</strong></span> <span class='ocrx_word' id='word_1_128' title='bbox 3380 562 3509 616; x_wconf 87' lang='lat' dir='ltr'><strong>pos-</strong></span> <span class='ocrx_word' id='word_1_129' title='bbox 3544 530 3549 533; x_wconf 12' lang='grc' dir='ltr'><strong>η</strong></span> 
     </span>
    </p>
   </div>
   <div class='ocr_carea' id='block_1_20' title="bbox 1920 629 3513 707">
    <p class='ocr_par' dir='ltr' id='par_1_20' title="bbox 1920 629 3513 707">
     <span class='ocr_line' id='line_1_20' title="bbox 1920 629 3513 707; baseline 0.009 -24"><span class='ocrx_word' id='word_1_130' title='bbox 1920 629 2031 683; x_wconf 86' lang='lat' dir='ltr'><strong>sint</strong></span> <span class='ocrx_word' id='word_1_131' title='bbox 2069 629 2121 683; x_wconf 93' lang='lat' dir='ltr'><strong>in</strong></span> <span class='ocrx_word' id='word_1_132' title='bbox 2168 631 2246 684; x_wconf 89' lang='lat' dir='ltr'><strong>eis</strong></span> <span class='ocrx_word' id='word_1_133' title='bbox 2287 629 2487 699; x_wconf 86' lang='lat' dir='ltr'><strong>jugiter</strong></span> <span class='ocrx_word' id='word_1_134' title='bbox 2516 632 2843 701; x_wconf 86' lang='lat' dir='ltr'><strong>perdurare,</strong></span> <span class='ocrx_word' id='word_1_135' title='bbox 2882 643 2937 689; x_wconf 90' lang='lat' dir='ltr'><strong>et</strong></span> <span class='ocrx_word' id='word_1_136' title='bbox 2974 636 3019 688; x_wconf 89' lang='lat' dir='ltr'><strong>si</strong></span> <span class='ocrx_word' id='word_1_137' title='bbox 3058 635 3138 690; x_wconf 93' lang='lat' dir='ltr'><strong>eis</strong></span> <span class='ocrx_word' id='word_1_138' title='bbox 3168 640 3513 707; x_wconf 81' lang='lat' dir='ltr'><strong>suppeditare</strong></span> 
     </span>
    </p>
   </div>
   <div class='ocr_carea' id='block_1_21' title="bbox 1918 722 3515 804">
    <p class='ocr_par' dir='ltr' id='par_1_21' title="bbox 1918 722 3515 804">
     <span class='ocr_line' id='line_1_21' title="bbox 1918 722 3515 804; baseline 0.008 -30"><span class='ocrx_word' id='word_1_139' title='bbox 1918 736 2135 790; x_wconf 94' lang='lat' dir='ltr'><strong>quoquo</strong></span> <span class='ocrx_word' id='word_1_140' title='bbox 2161 722 2322 777; x_wconf 88' lang='lat' dir='ltr'><strong>modo</strong></span> <span class='ocrx_word' id='word_1_141' title='bbox 2349 723 2519 777; x_wconf 87' lang='lat' dir='ltr'><strong>valeat</strong></span> <span class='ocrx_word' id='word_1_142' title='bbox 2550 725 2873 781; x_wconf 84' lang='lat' dir='ltr'><strong>sufficientia</strong></span> <span class='ocrx_word' id='word_1_143' title='bbox 2898 726 3071 782; x_wconf 89' lang='lat' dir='ltr'><strong>victus</strong></span> <span class='ocrx_word' id='word_1_144' title='bbox 3096 728 3322 784; x_wconf 90' lang='lat' dir='ltr'><strong>alterius</strong></span> <span class='ocrx_word' id='word_1_145' title='bbox 3348 731 3515 804; x_wconf 83' lang='lat' dir='ltr'><strong>largi-</strong></span> 
     </span>
    </p>
   </div>
   <div class='ocr_carea' id='block_1_22' title="bbox 1921 814 3513 890">
    <p class='ocr_par' dir='ltr' id='par_1_22' title="bbox 1921 814 3513 890">
     <span class='ocr_line' id='line_1_22' title="bbox 1921 814 3513 890; baseline 0.008 -23"><span class='ocrx_word' id='word_1_146' title='bbox 1921 821 2052 881; x_wconf 83' lang='lat' dir='ltr'><strong>tate,</strong></span> <span class='ocrx_word' id='word_1_147' title='bbox 2080 814 2326 882; x_wconf 88' lang='lat' dir='ltr'><strong>voluptas</strong></span> <span class='ocrx_word' id='word_1_148' title='bbox 2350 822 2528 869; x_wconf 91' lang='lat' dir='ltr'><strong>tameu</strong></span> <span class='ocrx_word' id='word_1_149' title='bbox 2555 817 2650 871; x_wconf 92' lang='lat' dir='ltr'><strong>otii</strong></span> <span class='ocrx_word' id='word_1_150' title='bbox 2674 828 2726 872; x_wconf 89' lang='lat' dir='ltr'><strong>et</strong></span> <span class='ocrx_word' id='word_1_151' title='bbox 2758 821 3071 890; x_wconf 74' lang='lat' dir='ltr'><strong>pervagzitio</strong></span> <span class='ocrx_word' id='word_1_152' title='bbox 3097 821 3277 877; x_wconf 87' lang='lat' dir='ltr'><strong>cordis</strong></span> <span class='ocrx_word' id='word_1_153' title='bbox 3308 824 3513 881; x_wconf 86' lang='lat' dir='ltr'><strong>diutius</strong></span> 
     </span>
    </p>
   </div>
   <div class='ocr_carea' id='block_1_23' title="bbox 1918 906 3513 980">
    <p class='ocr_par' dir='ltr' id='par_1_23' title="bbox 1918 906 3513 980">
     <span class='ocr_line' id='line_1_23' title="bbox 1918 906 3513 980; baseline 0.009 -22"><span class='ocrx_word' id='word_1_154' title='bbox 1918 920 2012 959; x_wconf 92' lang='lat' dir='ltr'><strong>eos</strong></span> <span class='ocrx_word' id='word_1_155' title='bbox 2045 906 2099 959; x_wconf 92' lang='lat' dir='ltr'><strong>in</strong></span> <span class='ocrx_word' id='word_1_156' title='bbox 2131 906 2249 961; x_wconf 94' lang='lat' dir='ltr'><strong>loco</strong></span> <span class='ocrx_word' id='word_1_157' title='bbox 2277 922 2625 975; x_wconf 84' lang='lat' dir='ltr'><strong>perseverare</strong></span> <span class='ocrx_word' id='word_1_158' title='bbox 2667 926 2773 964; x_wconf 92' lang='lat' dir='ltr'><strong>non</strong></span> <span class='ocrx_word' id='word_1_159' title='bbox 2820 913 3039 980; x_wconf 90' lang='lat' dir='ltr'><strong>patitur.</strong></span> <span class='ocrx_word' id='word_1_160' title='bbox 3092 911 3248 969; x_wconf 84' lang='lat' dir='ltr'><strong>Unde</strong></span> <span class='ocrx_word' id='word_1_161' title='bbox 3278 915 3394 970; x_wconf 73' lang='lat' dir='ltr'><strong>haec</strong></span> <span class='ocrx_word' id='word_1_162' title='bbox 3424 926 3513 972; x_wconf 86' lang='lat' dir='ltr'><strong>est</strong></span> 
     </span>
    </p>
   </div>
   <div class='ocr_carea' id='block_1_24' title="bbox 1916 998 3510 1071">
    <p class='ocr_par' dir='ltr' id='par_1_24' title="bbox 1916 998 3510 1071">
     <span class='ocr_line' id='line_1_24' title="bbox 1916 998 3510 1071; baseline 0.008 -20"><span class='ocrx_word' id='word_1_163' title='bbox 1916 1000 2057 1066; x_wconf 87' lang='lat' dir='ltr'><strong>apud</strong></span> <span class='ocrx_word' id='word_1_164' title='bbox 2085 998 2384 1069; x_wconf 65' lang='lat' dir='ltr'><strong>Egyptum</strong></span> <span class='ocrx_word' id='word_1_165' title='bbox 2417 1000 2484 1055; x_wconf 91' lang='lat' dir='ltr'><strong>ab</strong></span> <span class='ocrx_word' id='word_1_166' title='bbox 2516 1002 2751 1071; x_wconf 89' lang='lat' dir='ltr'><strong>antiquis</strong></span> <span class='ocrx_word' id='word_1_167' title='bbox 2778 1002 3028 1059; x_wconf 90' lang='lat' dir='ltr'><strong>Patribus</strong></span> <span class='ocrx_word' id='word_1_168' title='bbox 3052 1006 3261 1061; x_wconf 88' lang='lat' dir='ltr'><strong>sancita</strong></span> <span class='ocrx_word' id='word_1_169' title='bbox 3289 1017 3510 1063; x_wconf 87' lang='lat' dir='ltr'><strong>senten-</strong></span> 
     </span>
    </p>
   </div>
   <div class='ocr_carea' id='block_1_25' title="bbox 1918 1092 3506 1168">
    <p class='ocr_par' dir='ltr' id='par_1_25' title="bbox 1918 1092 3506 1168">
     <span class='ocr_line' id='line_1_25' title="bbox 1918 1092 3506 1168; baseline 0.006 -23"><span class='ocrx_word' id='word_1_170' title='bbox 1918 1092 1988 1146; x_wconf 89' lang='lat' dir='ltr'><strong>tia</strong></span> <span class='ocrx_word' id='word_1_171' title='bbox 2020 1110 2031 1145; x_wconf 93' lang='lat'><strong>:</strong></span> <span class='ocrx_word' id='word_1_172' title='bbox 2069 1102 2091 1130; x_wconf 73' lang='grc' dir='ltr'><em>ε</em></span> <span class='ocrx_word' id='word_1_173' title='bbox 2124 1104 2435 1161; x_wconf 85' lang='lat' dir='ltr'><strong>operantem</strong></span> <span class='ocrx_word' id='word_1_174' title='bbox 2470 1094 2791 1149; x_wconf 89' lang='lat' dir='ltr'><strong>monachum</strong></span> <span class='ocrx_word' id='word_1_175' title='bbox 2823 1096 3070 1153; x_wconf 68' lang='lat' dir='ltr'><strong>daemone</strong></span> <span class='ocrx_word' id='word_1_176' title='bbox 3112 1114 3222 1152; x_wconf 91' lang='lat' dir='ltr'><strong>uno</strong></span> <span class='ocrx_word' id='word_1_177' title='bbox 3266 1100 3506 1168; x_wconf 89' lang='lat' dir='ltr'><strong>pulsari;</strong></span> 
     </span>
    </p>
   </div>
   <div class='ocr_carea' id='block_1_26' title="bbox 1916 1183 3355 1260">
    <p class='ocr_par' dir='ltr' id='par_1_26' title="bbox 1916 1183 3355 1260">
     <span class='ocr_line' id='line_1_26' title="bbox 1916 1183 3355 1260; baseline 0.007 -21"><span class='ocrx_word' id='word_1_178' title='bbox 1916 1183 1940 1220; x_wconf 74' lang='grc' dir='ltr'>ἀ</span> <span class='ocrx_word' id='word_1_179' title='bbox 1972 1186 2204 1241; x_wconf 91' lang='lat' dir='ltr'><strong>otiosum</strong></span> <span class='ocrx_word' id='word_1_180' title='bbox 2251 1202 2382 1243; x_wconf 91' lang='lat' dir='ltr'><strong>vero</strong></span> <span class='ocrx_word' id='word_1_181' title='bbox 2422 1189 2725 1245; x_wconf 89' lang='lat' dir='ltr'><strong>innumeris</strong></span> <span class='ocrx_word' id='word_1_182' title='bbox 2753 1192 3032 1260; x_wconf 90' lang='lat' dir='ltr'><strong>spiritibus</strong></span> <span class='ocrx_word' id='word_1_183' title='bbox 3062 1193 3355 1250; x_wconf 86' lang='lat' dir='ltr'><strong>devastari.</strong></span> 
     </span>
    </p>
   </div>
   <div class='ocr_carea' id='block_1_27' title="bbox 2462 1367 2918 1425">
    <p class='ocr_par' dir='ltr' id='par_1_27' title="bbox 2462 1367 2918 1425">
     <span class='ocr_line' id='line_1_27' title="bbox 2462 1367 2918 1425; baseline 0.004 -3"><span class='ocrx_word' id='word_1_184' title='bbox 2462 1367 2688 1425; x_wconf 85' lang='lat' dir='ltr'><strong>CAPUT</strong></span> <span class='ocrx_word' id='word_1_185' title='bbox 2727 1370 2918 1424; x_wconf 83' lang='lat' dir='ltr'><strong>XXIV.</strong></span> 
     </span>
    </p>
   </div>
   <div class='ocr_carea' id='block_1_28' title="bbox 1919 1505 3510 1582">
    <p class='ocr_par' dir='ltr' id='par_1_28' title="bbox 1919 1505 3510 1582">
     <span class='ocr_line' id='line_1_28' title="bbox 1919 1505 3510 1582; baseline 0.009 -24"><span class='ocrx_word' id='word_1_186' title='bbox 1919 1505 1995 1558; x_wconf 86' lang='lat' dir='ltr'><strong>De</strong></span> <span class='ocrx_word' id='word_1_187' title='bbox 2023 1506 2202 1561; x_wconf 84' lang='lat' dir='ltr'><strong>abbate</strong></span> <span class='ocrx_word' id='word_1_188' title='bbox 2249 1506 2413 1559; x_wconf 90' lang='lat' dir='ltr'><strong>Paulo</strong></span> <span class='ocrx_word' id='word_1_189' title='bbox 2440 1547 2453 1569; x_wconf 96' lang='lat'><strong>,</strong></span> <span class='ocrx_word' id='word_1_190' title='bbox 2483 1507 2569 1582; x_wconf 71' lang='lat' dir='ltr'><strong>qui</strong></span> <span class='ocrx_word' id='word_1_191' title='bbox 2609 1507 3022 1582; x_wconf 15' lang='lat' dir='ltr'><strong>singulisrannis</strong></span> <span class='ocrx_word' id='word_1_192' title='bbox 3061 1526 3211 1565; x_wconf 89' lang='lat' dir='ltr'><strong>omne</strong></span> <span class='ocrx_word' id='word_1_193' title='bbox 3242 1531 3366 1582; x_wconf 82' lang='lat' dir='ltr'><strong>opus</strong></span> <span class='ocrx_word' id='word_1_194' title='bbox 3394 1534 3510 1572; x_wconf 77' lang='lat' dir='ltr'><strong>ma-</strong></span> 
     </span>
    </p>
   </div>
   <div class='ocr_carea' id='block_1_29' title="bbox 2085 1577 3317 1647">
    <p class='ocr_par' dir='ltr' id='par_1_29' title="bbox 2085 1577 3317 1647">
     <span class='ocr_line' id='line_1_29' title="bbox 2085 1577 3317 1647; baseline 0.006 -16"><span class='ocrx_word' id='word_1_195' title='bbox 2085 1593 2247 1631; x_wconf 86' lang='lat' dir='ltr'><strong>nuum</strong></span> <span class='ocrx_word' id='word_1_196' title='bbox 2272 1592 2480 1630; x_wconf 90' lang='lat' dir='ltr'><strong>suarum</strong></span> <span class='ocrx_word' id='word_1_197' title='bbox 2508 1577 2626 1647; x_wconf 84' lang='lat' dir='ltr'><strong>igne</strong></span> <span class='ocrx_word' id='word_1_198' title='bbox 2649 1581 2912 1647; x_wconf 84' lang='lat' dir='ltr'><strong>supposito</strong></span> <span class='ocrx_word' id='word_1_199' title='bbox 2942 1577 3317 1638; x_wconf 44' lang='lat' dir='ltr'><strong>concremaba&#39;t.</strong></span> 
     </span>
    </p>
   </div>
   <div class='ocr_carea' id='block_1_30' title="bbox 1989 1728 3496 1811">
    <p class='ocr_par' dir='ltr' id='par_1_30' title="bbox 1989 1728 3496 1811">
     <span class='ocr_line' id='line_1_30' title="bbox 1989 1728 3496 1811; baseline 0.007 -25"><span class='ocrx_word' id='word_1_200' title='bbox 1989 1733 2229 1800; x_wconf 85' lang='lat' dir='ltr'><strong>Denique</strong></span> <span class='ocrx_word' id='word_1_201' title='bbox 2272 1740 2295 1768; x_wconf 82' lang='lat'><strong><em>°</em></strong></span> <span class='ocrx_word' id='word_1_202' title='bbox 2343 1731 2508 1786; x_wconf 89' lang='lat' dir='ltr'><strong>abbas</strong></span> <span class='ocrx_word' id='word_1_203' title='bbox 2556 1728 2751 1786; x_wconf 88' lang='lat' dir='ltr'><strong>Paulus</strong></span> <span class='ocrx_word' id='word_1_204' title='bbox 2795 1733 3207 1802; x_wconf 82' lang='lat' dir='ltr'><strong>probatissimos</strong></span> <span class='ocrx_word' id='word_1_205' title='bbox 3258 1741 3496 1811; x_wconf 79' lang='lat' dir='ltr'><strong>Patrum,</strong></span> 
     </span>
    </p>
   </div>
   <div class='ocr_carea' id='block_1_31' title="bbox 1271 1867 2409 1929">
    <p class='ocr_par' dir='ltr' id='par_1_31' title="bbox 1271 1867 2409 1929">
     <span class='ocr_line' id='line_1_31' title="bbox 1271 1867 2409 1929; baseline -0.003 -5"><span class='ocrx_word' id='word_1_206' title='bbox 1271 1871 1526 1927; x_wconf 77' lang='lat' dir='ltr'><strong>ALARDI</strong></span> <span class='ocrx_word' id='word_1_207' title='bbox 1570 1872 1806 1929; x_wconf 57' lang='lat' dir='ltr'><strong>GAZIEI</strong></span> <span class='ocrx_word' id='word_1_208' title='bbox 1845 1867 2409 1928; x_wconf 80' lang='lat' dir='ltr'><strong>COMMENTARIUS.</strong></span> 
     </span>
    </p>
   </div>
   <div class='ocr_carea' id='block_1_32' title="bbox 195 1980 3498 2056">
    <p class='ocr_par' dir='ltr' id='par_1_32' title="bbox 195 1980 3498 2056">
     <span class='ocr_line' id='line_1_32' title="bbox 195 1980 3498 2056; baseline 0.002 -22"><span class='ocrx_word' id='word_1_209' title='bbox 195 1980 401 2056; x_wconf 77' lang='lat' dir='ltr'><strong>tiplicia</strong></span> <span class='ocrx_word' id='word_1_210' title='bbox 446 1997 605 2056; x_wconf 83' lang='lat' dir='ltr'><strong>apera</strong></span> <span class='ocrx_word' id='word_1_211' title='bbox 634 1982 840 2056; x_wconf 71' lang='lat' dir='ltr'><strong>aperari</strong></span> <span class='ocrx_word' id='word_1_212' title='bbox 857 2023 871 2046; x_wconf 92' lang='lat'><strong>,</strong></span> <span class='ocrx_word' id='word_1_213' title='bbox 906 1997 996 2035; x_wconf 87' lang='lat' dir='ltr'><strong>nec</strong></span> <span class='ocrx_word' id='word_1_214' title='bbox 1037 1982 1421 2056; x_wconf 73' lang='lat' dir='ltr'><strong>ipsis_mortuis</strong></span> <span class='ocrx_word' id='word_1_215' title='bbox 1450 1985 1584 2056; x_wconf 84' lang='lat' dir='ltr'><strong>_ejus</strong></span> <span class='ocrx_word' id='word_1_216' title='bbox 1634 1986 1801 2054; x_wconf 50' lang='lat' dir='ltr'><strong>preci.</strong></span> <span class='ocrx_word' id='word_1_217' title='bbox 1835 1987 1882 2045; x_wconf 90' lang='lat' dir='ltr'><strong>B</strong></span> <span class='ocrx_word' id='word_1_218' title='bbox 1910 1983 2187 2056; x_wconf 75' lang='lat' dir='ltr'><strong>monachos</strong></span> <span class='ocrx_word' id='word_1_219' title='bbox 2215 1982 2384 2056; x_wconf 73' lang='lat' dir='ltr'><strong>essesi</strong></span> <span class='ocrx_word' id='word_1_220' title='bbox 2408 1980 2581 2056; x_wconf 71' lang='lat' dir='ltr'><strong>labare</strong></span> <span class='ocrx_word' id='word_1_221' title='bbox 2608 1996 2863 2056; x_wconf 59' lang='lat' dir='ltr'><strong>manuum</strong></span> <span class='ocrx_word' id='word_1_222' title='bbox 2892 1998 3109 2037; x_wconf 87' lang='lat' dir='ltr'><strong>suarum</strong></span> <span class='ocrx_word' id='word_1_223' title='bbox 3134 1988 3302 2041; x_wconf 73' lang='lat' dir='ltr'><strong>vivant</strong></span> <span class='ocrx_word' id='word_1_224' title='bbox 3321 2031 3335 2056; x_wconf 90' lang='lat'><strong>,</strong></span> <span class='ocrx_word' id='word_1_225' title='bbox 3364 1992 3498 2045; x_wconf 86' lang='lat' dir='ltr'><strong>sicut</strong></span> 
     </span>
    </p>
   </div>
   <div class='ocr_carea' id='block_1_33' title="bbox 197 2051 1798 2121">
    <p class='ocr_par' dir='ltr' id='par_1_33' title="bbox 197 2051 1798 2121">
     <span class='ocr_line' id='line_1_33' title="bbox 197 2051 1798 2121; baseline 0.003 -16"><span class='ocrx_word' id='word_1_226' title='bbox 197 2051 294 2105; x_wconf 80' lang='lat' dir='ltr'><strong>bus</strong></span> <span class='ocrx_word' id='word_1_227' title='bbox 324 2052 482 2103; x_wconf 84' lang='lat' dir='ltr'><strong>vitam</strong></span> <span class='ocrx_word' id='word_1_228' title='bbox 514 2051 729 2104; x_wconf 76' lang='lat' dir='ltr'><strong>reddere</strong></span> <span class='ocrx_word' id='word_1_229' title='bbox 768 2052 1089 2121; x_wconf 79' lang='lat' dir='ltr'><strong>dignaretur.</strong></span> <span class='ocrx_word' id='word_1_230' title='bbox 1150 2051 1421 2107; x_wconf 78' lang='lat' dir='ltr'><strong>Hactenus</strong></span> <span class='ocrx_word' id='word_1_231' title='bbox 1450 2051 1643 2109; x_wconf 83' lang='lat' dir='ltr'><strong>Petrus</strong></span> <span class='ocrx_word' id='word_1_232' title='bbox 1673 2056 1798 2110; x_wconf 86' lang='lat' dir='ltr'><strong>Clu-</strong></span> 
     </span>
    </p>
   </div>
   <div class='ocr_carea' id='block_1_34' title="bbox 195 2121 1798 2190">
    <p class='ocr_par' dir='ltr' id='par_1_34' title="bbox 195 2121 1798 2190">
     <span class='ocr_line' id='line_1_34' title="bbox 195 2121 1798 2190; baseline 0.001 -13"><span class='ocrx_word' id='word_1_233' title='bbox 195 2124 475 2177; x_wconf 90' lang='lat' dir='ltr'><strong>niacensis</strong></span> <span class='ocrx_word' id='word_1_234' title='bbox 533 2138 546 2173; x_wconf 89' lang='lat'><strong>:</strong></span> <span class='ocrx_word' id='word_1_235' title='bbox 600 2121 794 2189; x_wconf 85' lang='lat' dir='ltr'><strong>quibus</strong></span> <span class='ocrx_word' id='word_1_236' title='bbox 842 2122 972 2175; x_wconf 86' lang='lat' dir='ltr'><strong>nihil</strong></span> <span class='ocrx_word' id='word_1_237' title='bbox 1028 2123 1271 2190; x_wconf 88' lang='lat' dir='ltr'><strong>clarius,</strong></span> <span class='ocrx_word' id='word_1_238' title='bbox 1326 2134 1381 2177; x_wconf 92' lang='lat' dir='ltr'><strong>et</strong></span> <span class='ocrx_word' id='word_1_239' title='bbox 1434 2125 1665 2178; x_wconf 87' lang='lat' dir='ltr'><strong>solidius</strong></span> <span class='ocrx_word' id='word_1_240' title='bbox 1731 2127 1798 2179; x_wconf 90' lang='lat' dir='ltr'><strong>ad</strong></span> 
     </span>
    </p>
   </div>
   <div class='ocr_carea' id='block_1_35' title="bbox 194 2191 1796 2265">
    <p class='ocr_par' dir='ltr' id='par_1_35' title="bbox 194 2191 1796 2265">
     <span class='ocr_line' id='line_1_35' title="bbox 194 2191 1796 2265; baseline 0.002 -18"><span class='ocrx_word' id='word_1_241' title='bbox 194 2195 493 2265; x_wconf 68' lang='lat' dir='ltr'><strong>proposita:</strong></span> <span class='ocrx_word' id='word_1_242' title='bbox 558 2191 880 2265; x_wconf 67' lang='lat' dir='ltr'><strong>quzestitmis</strong></span> <span class='ocrx_word' id='word_1_243' title='bbox 935 2194 1356 2248; x_wconf 87' lang='lat' dir='ltr'><strong>elucidationein</strong></span> <span class='ocrx_word' id='word_1_244' title='bbox 1441 2194 1620 2249; x_wconf 75' lang='lat' dir='ltr'><strong>afferri</strong></span> <span class='ocrx_word' id='word_1_245' title='bbox 1696 2211 1796 2265; x_wconf 91' lang='lat' dir='ltr'><strong>po-</strong></span> 
     </span>
    </p>
   </div>
   <div class='ocr_carea' id='block_1_36' title="bbox 194 2262 1798 2331">
    <p class='ocr_par' dir='ltr' id='par_1_36' title="bbox 194 2262 1798 2331">
     <span class='ocr_line' id='line_1_36' title="bbox 194 2262 1798 2331; baseline 0.002 -15"><span class='ocrx_word' id='word_1_246' title='bbox 194 2265 322 2317; x_wconf 86' lang='lat' dir='ltr'><strong>tuit.</strong></span> <span class='ocrx_word' id='word_1_247' title='bbox 352 2264 559 2329; x_wconf 81' lang='lat' dir='ltr'><strong>Quibus</strong></span> <span class='ocrx_word' id='word_1_248' title='bbox 589 2262 749 2316; x_wconf 90' lang='lat' dir='ltr'><strong>etiam</strong></span> <span class='ocrx_word' id='word_1_249' title='bbox 779 2262 1233 2331; x_wconf 87' lang='lat' dir='ltr'><strong>Turrecretuatus</strong></span> <span class='ocrx_word' id='word_1_250' title='bbox 1263 2280 1420 2317; x_wconf 92' lang='lat' dir='ltr'><strong>suum</strong></span> <span class='ocrx_word' id='word_1_251' title='bbox 1450 2267 1657 2320; x_wconf 86' lang='lat' dir='ltr'><strong>addens</strong></span> <span class='ocrx_word' id='word_1_252' title='bbox 1686 2262 1798 2320; x_wconf 80' lang='lat' dir='ltr'><strong>cal-</strong></span> 
     </span>
    </p>
   </div>
   <div class='ocr_carea' id='block_1_37' title="bbox 192 2333 1793 2404">
    <p class='ocr_par' dir='ltr' id='par_1_37' title="bbox 192 2333 1793 2404">
     <span class='ocr_line' id='line_1_37' title="bbox 192 2333 1793 2404; baseline 0.001 -15"><span class='ocrx_word' id='word_1_253' title='bbox 192 2333 513 2395; x_wconf 82' lang='lat' dir='ltr'><strong>enlum.ubi</strong></span> <span class='ocrx_word' id='word_1_254' title='bbox 541 2348 700 2399; x_wconf 88' lang='lat' dir='ltr'><strong>supra</strong></span> <span class='ocrx_word' id='word_1_255' title='bbox 722 2375 735 2395; x_wconf 89' lang='lat'><strong>,</strong></span> <span class='ocrx_word' id='word_1_256' title='bbox 762 2334 1017 2388; x_wconf 84' lang='lat' dir='ltr'><strong>admonet</strong></span> <span class='ocrx_word' id='word_1_257' title='bbox 1046 2335 1174 2388; x_wconf 91' lang='lat' dir='ltr'><strong>illud</strong></span> <span class='ocrx_word' id='word_1_258' title='bbox 1205 2334 1345 2404; x_wconf 88' lang='lat' dir='ltr'><strong>quod</strong></span> <span class='ocrx_word' id='word_1_259' title='bbox 1374 2336 1501 2389; x_wconf 90' lang='lat' dir='ltr'><strong>dicit</strong></span> <span class='ocrx_word' id='word_1_260' title='bbox 1526 2338 1582 2389; x_wconf 66' lang='grc' dir='ltr'><strong>ὃ.</strong></span> <span class='ocrx_word' id='word_1_261' title='bbox 1610 2337 1793 2404; x_wconf 87' lang='lat' dir='ltr'><strong>Pater,</strong></span> 
     </span>
    </p>
   </div>
   <div class='ocr_carea' id='block_1_38' title="bbox 191 2405 1794 2471">
    <p class='ocr_par' dir='ltr' id='par_1_38' title="bbox 191 2405 1794 2471">
     <span class='ocr_line' id='line_1_38' title="bbox 191 2405 1794 2471; baseline 0.002 -13"><span class='ocrx_word' id='word_1_262' title='bbox 191 2405 347 2471; x_wconf 87' lang='lat' dir='ltr'><strong>quod</strong></span> <span class='ocrx_word' id='word_1_263' title='bbox 378 2413 496 2457; x_wconf 88' lang='lat' dir='ltr'><strong>tunc</strong></span> <span class='ocrx_word' id='word_1_264' title='bbox 530 2420 639 2457; x_wconf 81' lang='lat' dir='ltr'><strong>vere</strong></span> <span class='ocrx_word' id='word_1_265' title='bbox 671 2405 909 2457; x_wconf 86' lang='lat' dir='ltr'><strong>monachi</strong></span> <span class='ocrx_word' id='word_1_266' title='bbox 946 2414 1095 2469; x_wconf 88' lang='lat' dir='ltr'><strong>sunt,</strong></span> <span class='ocrx_word' id='word_1_267' title='bbox 1124 2408 1166 2458; x_wconf 86' lang='lat' dir='ltr'><strong>si</strong></span> <span class='ocrx_word' id='word_1_268' title='bbox 1196 2407 1372 2459; x_wconf 86' lang='lat' dir='ltr'><strong>labore</strong></span> <span class='ocrx_word' id='word_1_269' title='bbox 1396 2422 1647 2460; x_wconf 89' lang='lat' dir='ltr'><strong>manuum</strong></span> <span class='ocrx_word' id='word_1_270' title='bbox 1669 2425 1794 2461; x_wconf 86' lang='lat' dir='ltr'><strong>sua-</strong></span> 
     </span>
    </p>
   </div>
   <div class='ocr_carea' id='block_1_39' title="bbox 189 2476 1797 2546">
    <p class='ocr_par' dir='ltr' id='par_1_39' title="bbox 189 2476 1797 2546">
     <span class='ocr_line' id='line_1_39' title="bbox 189 2476 1797 2546; baseline 0.003 -18"><span class='ocrx_word' id='word_1_271' title='bbox 189 2489 318 2528; x_wconf 79' lang='lat' dir='ltr'><strong>rum</strong></span> <span class='ocrx_word' id='word_1_272' title='bbox 342 2476 504 2527; x_wconf 52' lang='lat' dir='ltr'><strong>vitiant</strong></span> <span class='ocrx_word' id='word_1_273' title='bbox 534 2518 548 2540; x_wconf 91' lang='lat'><strong>,</strong></span> <span class='ocrx_word' id='word_1_274' title='bbox 581 2491 685 2546; x_wconf 81' lang='lat' dir='ltr'><strong>non</strong></span> <span class='ocrx_word' id='word_1_275' title='bbox 715 2489 836 2529; x_wconf 89' lang='lat' dir='ltr'><strong>esse</strong></span> <span class='ocrx_word' id='word_1_276' title='bbox 860 2476 939 2528; x_wconf 90' lang='lat' dir='ltr'><strong>sic</strong></span> <span class='ocrx_word' id='word_1_277' title='bbox 960 2477 1357 2543; x_wconf 86' lang='lat' dir='ltr'><strong>accipiendum,</strong></span> <span class='ocrx_word' id='word_1_278' title='bbox 1388 2478 1529 2546; x_wconf 92' lang='lat' dir='ltr'><strong>quod</strong></span> <span class='ocrx_word' id='word_1_279' title='bbox 1558 2494 1661 2532; x_wconf 94' lang='lat' dir='ltr'><strong>non</strong></span> <span class='ocrx_word' id='word_1_280' title='bbox 1686 2482 1797 2533; x_wconf 88' lang='lat' dir='ltr'><strong>sint</strong></span> 
     </span>
    </p>
   </div>
   <div class='ocr_carea' id='block_1_40' title="bbox 191 2544 1791 2615">
    <p class='ocr_par' dir='ltr' id='par_1_40' title="bbox 191 2544 1791 2615">
     <span class='ocr_line' id='line_1_40' title="bbox 191 2544 1791 2615; baseline 0.002 -15"><span class='ocrx_word' id='word_1_281' title='bbox 191 2562 331 2600; x_wconf 90' lang='lat' dir='ltr'><strong>vere</strong></span> <span class='ocrx_word' id='word_1_282' title='bbox 361 2546 608 2599; x_wconf 83' lang='lat' dir='ltr'><strong>monachi</strong></span> <span class='ocrx_word' id='word_1_283' title='bbox 635 2544 851 2599; x_wconf 84' lang='lat' dir='ltr'><strong>dicendi</strong></span> <span class='ocrx_word' id='word_1_284' title='bbox 880 2587 893 2607; x_wconf 90' lang='lat'><strong>,</strong></span> <span class='ocrx_word' id='word_1_285' title='bbox 919 2548 1006 2615; x_wconf 92' lang='lat' dir='ltr'><strong>qui</strong></span> <span class='ocrx_word' id='word_1_286' title='bbox 1034 2562 1139 2600; x_wconf 93' lang='lat' dir='ltr'><strong>non</strong></span> <span class='ocrx_word' id='word_1_287' title='bbox 1170 2547 1354 2601; x_wconf 88' lang='lat' dir='ltr'><strong>labore</strong></span> <span class='ocrx_word' id='word_1_288' title='bbox 1377 2544 1631 2602; x_wconf 87' lang='lat' dir='ltr'><strong>manuum</strong></span> <span class='ocrx_word' id='word_1_289' title='bbox 1661 2564 1759 2603; x_wconf 87' lang='lat' dir='ltr'><strong>sua</strong></span> <span class='ocrx_word' id='word_1_290' title='bbox 1778 2581 1791 2589; x_wconf 83' lang='lat'><strong>-</strong></span> 
     </span>
    </p>
   </div>
   <div class='ocr_carea' id='block_1_41' title="bbox 188 2615 1787 2684">
    <p class='ocr_par' dir='ltr' id='par_1_41' title="bbox 188 2615 1787 2684">
     <span class='ocr_line' id='line_1_41' title="bbox 188 2615 1787 2684; baseline 0.001 -12"><span class='ocrx_word' id='word_1_291' title='bbox 188 2632 342 2679; x_wconf 86' lang='lat' dir='ltr'><strong>rum,</strong></span> <span class='ocrx_word' id='word_1_292' title='bbox 373 2616 467 2669; x_wconf 91' lang='lat' dir='ltr'><strong>sed</strong></span> <span class='ocrx_word' id='word_1_293' title='bbox 495 2615 562 2669; x_wconf 89' lang='lat' dir='ltr'><strong>de</strong></span> <span class='ocrx_word' id='word_1_294' title='bbox 595 2617 772 2680; x_wconf 87' lang='lat' dir='ltr'><strong>bonis,</strong></span> <span class='ocrx_word' id='word_1_295' title='bbox 799 2628 888 2669; x_wconf 87' lang='lat' dir='ltr'><strong>aut</strong></span> <span class='ocrx_word' id='word_1_296' title='bbox 911 2618 979 2671; x_wconf 89' lang='lat' dir='ltr'><strong>de</strong></span> <span class='ocrx_word' id='word_1_297' title='bbox 1010 2618 1292 2672; x_wconf 85' lang='lat' dir='ltr'><strong>beneficiis</strong></span> <span class='ocrx_word' id='word_1_298' title='bbox 1319 2619 1547 2672; x_wconf 89' lang='lat' dir='ltr'><strong>aliorum</strong></span> <span class='ocrx_word' id='word_1_299' title='bbox 1582 2621 1787 2684; x_wconf 79' lang='lat' dir='ltr'><strong>vivunt,</strong></span> 
     </span>
    </p>
   </div>
   <div class='ocr_carea' id='block_1_42' title="bbox 187 2687 1788 2758">
    <p class='ocr_par' dir='ltr' id='par_1_42' title="bbox 187 2687 1788 2758">
     <span class='ocr_line' id='line_1_42' title="bbox 187 2687 1788 2758; baseline 0 -15"><span class='ocrx_word' id='word_1_300' title='bbox 187 2688 414 2743; x_wconf 91' lang='lat' dir='ltr'><strong>lectioni</strong></span> <span class='ocrx_word' id='word_1_301' title='bbox 448 2696 502 2739; x_wconf 88' lang='lat' dir='ltr'><strong>et</strong></span> <span class='ocrx_word' id='word_1_302' title='bbox 532 2687 974 2753; x_wconf 86' lang='lat' dir='ltr'><strong>contemplationi</strong></span> <span class='ocrx_word' id='word_1_303' title='bbox 1005 2698 1263 2743; x_wconf 89' lang='lat' dir='ltr'><strong>vacantes</strong></span> <span class='ocrx_word' id='word_1_304' title='bbox 1298 2707 1310 2741; x_wconf 85' lang='lat'><strong>:</strong></span> <span class='ocrx_word' id='word_1_305' title='bbox 1354 2690 1788 2758; x_wconf 85' lang='lat' dir='ltr'><strong>quandoquidem</strong></span> 
     </span>
    </p>
   </div>
   <div class='ocr_carea' id='block_1_43' title="bbox 189 2758 1787 2828">
    <p class='ocr_par' dir='ltr' id='par_1_43' title="bbox 189 2758 1787 2828">
     <span class='ocr_line' id='line_1_43' title="bbox 189 2758 1787 2828; baseline 0.001 -15"><span class='ocrx_word' id='word_1_306' title='bbox 189 2760 316 2828; x_wconf 91' lang='lat' dir='ltr'><strong>ipse</strong></span> <span class='ocrx_word' id='word_1_307' title='bbox 344 2758 718 2811; x_wconf 86' lang='lat' dir='ltr'><strong>sanctissimus</strong></span> <span class='ocrx_word' id='word_1_308' title='bbox 746 2768 895 2825; x_wconf 88' lang='lat' dir='ltr'><strong>pater</strong></span> <span class='ocrx_word' id='word_1_309' title='bbox 921 2759 1260 2822; x_wconf 87' lang='lat' dir='ltr'><strong>Benedictus,</strong></span> <span class='ocrx_word' id='word_1_310' title='bbox 1294 2768 1350 2813; x_wconf 91' lang='lat' dir='ltr'><strong>ut</strong></span> <span class='ocrx_word' id='word_1_311' title='bbox 1376 2759 1542 2814; x_wconf 81' lang='lat' dir='ltr'><strong>refert</strong></span> <span class='ocrx_word' id='word_1_312' title='bbox 1571 2762 1627 2813; x_wconf 81' lang='grc' dir='ltr'><strong>Β.</strong></span> <span class='ocrx_word' id='word_1_313' title='bbox 1657 2761 1787 2816; x_wconf 86' lang='lat' dir='ltr'><strong>Gre-</strong></span> 
     </span>
    </p>
   </div>
   <div class='ocr_carea' id='block_1_44' title="bbox 188 2829 1789 2899">
    <p class='ocr_par' dir='ltr' id='par_1_44' title="bbox 188 2829 1789 2899">
     <span class='ocr_line' id='line_1_44' title="bbox 188 2829 1789 2899; baseline 0.003 -18"><span class='ocrx_word' id='word_1_314' title='bbox 188 2830 382 2899; x_wconf 85' lang='lat' dir='ltr'><strong>gorius</strong></span> <span class='ocrx_word' id='word_1_315' title='bbox 404 2829 455 2881; x_wconf 90' lang='lat' dir='ltr'><strong>in</strong></span> <span class='ocrx_word' id='word_1_316' title='bbox 490 2829 730 2882; x_wconf 83' lang='lat' dir='ltr'><strong>secundo</strong></span> <span class='ocrx_word' id='word_1_317' title='bbox 764 2829 1129 2896; x_wconf 84' lang='lat' dir='ltr'><strong>Dialogorum,</strong></span> <span class='ocrx_word' id='word_1_318' title='bbox 1159 2832 1332 2884; x_wconf 90' lang='lat' dir='ltr'><strong>tribus</strong></span> <span class='ocrx_word' id='word_1_319' title='bbox 1363 2831 1515 2883; x_wconf 88' lang='lat' dir='ltr'><strong>anuis</strong></span> <span class='ocrx_word' id='word_1_320' title='bbox 1541 2832 1593 2884; x_wconf 91' lang='lat' dir='ltr'><strong>in</strong></span> <span class='ocrx_word' id='word_1_321' title='bbox 1627 2846 1789 2899; x_wconf 91' lang='lat' dir='ltr'><strong>specu</strong></span> 
     </span>
    </p>
   </div>
   <div class='ocr_carea' id='block_1_45' title="bbox 188 2898 1787 2971">
    <p class='ocr_par' dir='ltr' id='par_1_45' title="bbox 188 2898 1787 2971">
     <span class='ocr_line' id='line_1_45' title="bbox 188 2898 1787 2971; baseline 0.001 -16"><span class='ocrx_word' id='word_1_322' title='bbox 188 2898 549 2971; x_wconf 75' lang='lat' dir='ltr'><strong>permanens,</strong></span> <span class='ocrx_word' id='word_1_323' title='bbox 582 2898 766 2971; x_wconf 80' lang='lat' dir='ltr'><strong>dehis</strong></span> <span class='ocrx_word' id='word_1_324' title='bbox 795 2916 913 2967; x_wconf 69' lang='lat' dir='ltr'><strong>quae</strong></span> <span class='ocrx_word' id='word_1_325' title='bbox 963 2915 991 2952; x_wconf 92' lang='lat' dir='ltr'><strong>a</strong></span> <span class='ocrx_word' id='word_1_326' title='bbox 1038 2902 1279 2954; x_wconf 74' lang='lat' dir='ltr'><strong>Romano</strong></span> <span class='ocrx_word' id='word_1_327' title='bbox 1312 2902 1577 2955; x_wconf 87' lang='lat' dir='ltr'><strong>monacho</strong></span> <span class='ocrx_word' id='word_1_328' title='bbox 1627 2898 1787 2957; x_wconf 88' lang='lat' dir='ltr'><strong>mini-</strong></span> 
     </span>
    </p>
   </div>
   <div class='ocr_carea' id='block_1_46' title="bbox 187 2968 1785 3042">
    <p class='ocr_par' dir='ltr' id='par_1_46' title="bbox 187 2968 1785 3042">
     <span class='ocr_line' id='line_1_46' title="bbox 187 2968 1785 3042; baseline 0.002 -17"><span class='ocrx_word' id='word_1_329' title='bbox 187 2968 529 3034; x_wconf 66' lang='lat' dir='ltr'><strong>Strabantur,</strong></span> <span class='ocrx_word' id='word_1_330' title='bbox 579 2968 816 3042; x_wconf 86' lang='lat' dir='ltr'><strong>refectus</strong></span> <span class='ocrx_word' id='word_1_331' title='bbox 862 2981 976 3035; x_wconf 87' lang='lat' dir='ltr'><strong>est;</strong></span> <span class='ocrx_word' id='word_1_332' title='bbox 1009 2978 1064 3025; x_wconf 89' lang='lat' dir='ltr'><strong>et</strong></span> <span class='ocrx_word' id='word_1_333' title='bbox 1110 2982 1289 3025; x_wconf 90' lang='lat' dir='ltr'><strong>tamen</strong></span> <span class='ocrx_word' id='word_1_334' title='bbox 1318 2973 1527 3026; x_wconf 90' lang='lat' dir='ltr'><strong>validus</strong></span> <span class='ocrx_word' id='word_1_335' title='bbox 1557 2988 1785 3042; x_wconf 90' lang='lat' dir='ltr'><strong>corpore</strong></span> 
     </span>
    </p>
   </div>
   <div class='ocr_carea' id='block_1_47' title="bbox 186 3040 1783 3112">
    <p class='ocr_par' dir='ltr' id='par_1_47' title="bbox 186 3040 1783 3112">
     <span class='ocr_line' id='line_1_47' title="bbox 186 3040 1783 3112; baseline 0.001 -17"><span class='ocrx_word' id='word_1_336' title='bbox 186 3058 309 3095; x_wconf 83' lang='lat' dir='ltr'><strong>non</strong></span> <span class='ocrx_word' id='word_1_337' title='bbox 340 3042 533 3109; x_wconf 78' lang='lat' dir='ltr'><strong>legitur</strong></span> <span class='ocrx_word' id='word_1_338' title='bbox 563 3041 648 3112; x_wconf 15' lang='lat' dir='ltr'><strong>de,</strong></span> <span class='ocrx_word' id='word_1_339' title='bbox 674 3040 861 3095; x_wconf 90' lang='lat' dir='ltr'><strong>labore</strong></span> <span class='ocrx_word' id='word_1_340' title='bbox 900 3056 1151 3095; x_wconf 90' lang='lat' dir='ltr'><strong>manuum</strong></span> <span class='ocrx_word' id='word_1_341' title='bbox 1186 3044 1384 3096; x_wconf 89' lang='lat' dir='ltr'><strong>victum</strong></span> <span class='ocrx_word' id='word_1_342' title='bbox 1431 3040 1740 3112; x_wconf 59' lang='lat' dir='ltr'><strong>quasivisse</strong></span> <span class='ocrx_word' id='word_1_343' title='bbox 1771 3061 1783 3097; x_wconf 90' lang='lat'><strong>:</strong></span> 
     </span>
    </p>
   </div>
   <div class='ocr_carea' id='block_1_48' title="bbox 188 3111 1788 3169">
    <p class='ocr_par' dir='ltr' id='par_1_48' title="bbox 188 3111 1788 3169">
     <span class='ocr_line' id='line_1_48' title="bbox 188 3111 1788 3169; baseline 0.002 -3"><span class='ocrx_word' id='word_1_344' title='bbox 188 3114 292 3166; x_wconf 87' lang='lat' dir='ltr'><strong>sed</strong></span> <span class='ocrx_word' id='word_1_345' title='bbox 328 3114 567 3165; x_wconf 85' lang='lat' dir='ltr'><strong>viventes</strong></span> <span class='ocrx_word' id='word_1_346' title='bbox 621 3111 688 3165; x_wconf 90' lang='lat' dir='ltr'><strong>de</strong></span> <span class='ocrx_word' id='word_1_347' title='bbox 734 3112 920 3166; x_wconf 90' lang='lat' dir='ltr'><strong>labore</strong></span> <span class='ocrx_word' id='word_1_348' title='bbox 971 3128 1221 3166; x_wconf 91' lang='lat' dir='ltr'><strong>manuum</strong></span> <span class='ocrx_word' id='word_1_349' title='bbox 1273 3111 1492 3168; x_wconf 89' lang='lat' dir='ltr'><strong>suarum</strong></span> <span class='ocrx_word' id='word_1_350' title='bbox 1534 3115 1788 3169; x_wconf 85' lang='lat' dir='ltr'><strong>dicuntur</strong></span> 
     </span>
    </p>
   </div>
   <div class='ocr_carea' id='block_1_49' title="bbox 188 3183 1783 3252">
    <p class='ocr_par' dir='ltr' id='par_1_49' title="bbox 188 3183 1783 3252">
     <span class='ocr_line' id='line_1_49' title="bbox 188 3183 1783 3252; baseline 0.003 -16"><span class='ocrx_word' id='word_1_351' title='bbox 188 3198 333 3237; x_wconf 87' lang='lat' dir='ltr'><strong>vere</strong></span> <span class='ocrx_word' id='word_1_352' title='bbox 365 3184 636 3244; x_wconf 85' lang='lat' dir='ltr'><strong>monachi,</strong></span> <span class='ocrx_word' id='word_1_353' title='bbox 664 3183 791 3248; x_wconf 84' lang='lat' dir='ltr'><strong>quia</strong></span> <span class='ocrx_word' id='word_1_354' title='bbox 824 3183 874 3235; x_wconf 94' lang='lat' dir='ltr'><strong>in</strong></span> <span class='ocrx_word' id='word_1_355' title='bbox 902 3183 1002 3235; x_wconf 91' lang='lat' dir='ltr'><strong>hoc</strong></span> <span class='ocrx_word' id='word_1_356' title='bbox 1029 3184 1307 3237; x_wconf 87' lang='lat' dir='ltr'><strong>imitantur</strong></span> <span class='ocrx_word' id='word_1_357' title='bbox 1330 3192 1543 3239; x_wconf 83' lang='lat' dir='ltr'><strong>veteres</strong></span> <span class='ocrx_word' id='word_1_358' title='bbox 1573 3185 1783 3252; x_wconf 87' lang='lat' dir='ltr'><strong>Patres,</strong></span> 
     </span>
    </p>
   </div>
   <div class='ocr_carea' id='block_1_50' title="bbox 188 3253 1778 3323">
    <p class='ocr_par' dir='ltr' id='par_1_50' title="bbox 188 3253 1778 3323">
     <span class='ocr_line' id='line_1_50' title="bbox 188 3253 1778 3323; baseline 0.002 -16"><span class='ocrx_word' id='word_1_359' title='bbox 188 3270 217 3307; x_wconf 84' lang='lat' dir='ltr'><strong>a</strong></span> <span class='ocrx_word' id='word_1_360' title='bbox 255 3254 457 3322; x_wconf 88' lang='lat' dir='ltr'><strong>quibus</strong></span> <span class='ocrx_word' id='word_1_361' title='bbox 488 3254 772 3305; x_wconf 87' lang='lat' dir='ltr'><strong>monastici</strong></span> <span class='ocrx_word' id='word_1_362' title='bbox 822 3253 1027 3306; x_wconf 79' lang='lat' dir='ltr'><strong>ordinis</strong></span> <span class='ocrx_word' id='word_1_363' title='bbox 1068 3254 1358 3323; x_wconf 69' lang='lat' dir='ltr'><strong>disciplina</strong></span> <span class='ocrx_word' id='word_1_364' title='bbox 1393 3256 1602 3309; x_wconf 88' lang='lat' dir='ltr'><strong>videtur</strong></span> <span class='ocrx_word' id='word_1_365' title='bbox 1628 3271 1778 3310; x_wconf 88' lang='lat' dir='ltr'><strong>ema-</strong></span> 
     </span>
    </p>
   </div>
   <div class='ocr_carea' id='block_1_51' title="bbox 188 3324 1855 3415">
    <p class='ocr_par' dir='ltr' id='par_1_51' title="bbox 188 3324 1855 3415">
     <span class='ocr_line' id='line_1_51' title="bbox 188 3324 1855 3415; baseline 0.003 -38"><span class='ocrx_word' id='word_1_366' title='bbox 188 3339 382 3387; x_wconf 69' lang='lat' dir='ltr'><strong>nasse,</strong></span> <span class='ocrx_word' id='word_1_367' title='bbox 405 3324 542 3405; x_wconf 80' lang='lat' dir='ltr'><strong>apud</strong></span> <span class='ocrx_word' id='word_1_368' title='bbox 570 3336 704 3391; x_wconf 89' lang='lat' dir='ltr'><strong>quos</strong></span> <span class='ocrx_word' id='word_1_369' title='bbox 726 3324 891 3415; x_wconf 67' lang='lat' dir='ltr'><strong>Iquasi</strong></span> <span class='ocrx_word' id='word_1_370' title='bbox 922 3325 1180 3415; x_wconf 73' lang='lat' dir='ltr'><strong>regularis</strong></span> <span class='ocrx_word' id='word_1_371' title='bbox 1222 3342 1337 3380; x_wconf 90' lang='lat' dir='ltr'><strong>mos</strong></span> <span class='ocrx_word' id='word_1_372' title='bbox 1362 3326 1461 3407; x_wconf 78' lang='lat' dir='ltr'><strong>fuit</strong></span> <span class='ocrx_word' id='word_1_373' title='bbox 1485 3327 1551 3409; x_wconf 77' lang='lat' dir='ltr'><strong>de</strong></span> <span class='ocrx_word' id='word_1_374' title='bbox 1596 3326 1783 3415; x_wconf 50' lang='lat' dir='ltr'><strong>l‘abore</strong></span> <span class='ocrx_word' id='word_1_375' title='bbox 1810 3355 1855 3415; x_wconf 68' lang='grc' dir='ltr'><strong>ρ</strong></span> 
     </span>
    </p>
   </div>
   <div class='ocr_carea' id='block_1_52' title="bbox 190 3394 1783 3452">
    <p class='ocr_par' dir='ltr' id='par_1_52' title="bbox 190 3394 1783 3452">
     <span class='ocr_line' id='line_1_52' title="bbox 190 3394 1783 3452; baseline 0.003 -4"><span class='ocrx_word' id='word_1_376' title='bbox 190 3411 455 3448; x_wconf 83' lang='lat' dir='ltr'><strong>manuum</strong></span> <span class='ocrx_word' id='word_1_377' title='bbox 492 3394 693 3447; x_wconf 87' lang='lat' dir='ltr'><strong>vivere.</strong></span> <span class='ocrx_word' id='word_1_378' title='bbox 726 3394 803 3447; x_wconf 87' lang='lat' dir='ltr'><strong>Ita</strong></span> <span class='ocrx_word' id='word_1_379' title='bbox 834 3394 942 3447; x_wconf 90' lang='lat' dir='ltr'><strong>ille.</strong></span> <span class='ocrx_word' id='word_1_380' title='bbox 973 3398 1236 3449; x_wconf 69' lang='lat' dir='ltr'><strong>Caeterum</strong></span> <span class='ocrx_word' id='word_1_381' title='bbox 1272 3398 1578 3451; x_wconf 84' lang='lat' dir='ltr'><strong>meminerit</strong></span> <span class='ocrx_word' id='word_1_382' title='bbox 1611 3397 1783 3452; x_wconf 83' lang='lat' dir='ltr'><strong>lector</strong></span> 
     </span>
    </p>
   </div>
   <div class='ocr_carea' id='block_1_53' title="bbox 191 3465 1779 3539">
    <p class='ocr_par' dir='ltr' id='par_1_53' title="bbox 191 3465 1779 3539">
     <span class='ocr_line' id='line_1_53' title="bbox 191 3465 1779 3539; baseline 0.005 -24"><span class='ocrx_word' id='word_1_383' title='bbox 191 3466 406 3539; x_wconf 69' lang='lat' dir='ltr'><strong>dixisse</strong></span> <span class='ocrx_word' id='word_1_384' title='bbox 436 3480 537 3539; x_wconf 86' lang='lat' dir='ltr'><strong>me</strong></span> <span class='ocrx_word' id='word_1_385' title='bbox 586 3480 744 3539; x_wconf 70' lang='lat' dir='ltr'><strong>supra</strong></span> <span class='ocrx_word' id='word_1_386' title='bbox 775 3508 788 3530; x_wconf 90' lang='lat'><strong>,</strong></span> <span class='ocrx_word' id='word_1_387' title='bbox 824 3465 925 3517; x_wconf 84' lang='lat' dir='ltr'><strong>nisi</strong></span> <span class='ocrx_word' id='word_1_388' title='bbox 967 3483 997 3517; x_wconf 89' lang='lat' dir='ltr'><strong>a</strong></span> <span class='ocrx_word' id='word_1_389' title='bbox 1025 3468 1257 3539; x_wconf 73' lang='lat' dir='ltr'><strong>prwlatis</strong></span> <span class='ocrx_word' id='word_1_390' title='bbox 1290 3469 1779 3539; x_wconf 11' lang='lat' dir='ltr'><strong>justegimponatur.</strong></span> 
     </span>
    </p>
   </div>
   <div class='ocr_carea' id='block_1_54' title="bbox 191 3535 1783 3607">
    <p class='ocr_par' dir='ltr' id='par_1_54' title="bbox 191 3535 1783 3607">
     <span class='ocr_line' id='line_1_54' title="bbox 191 3535 1783 3607; baseline 0.002 -17"><span class='ocrx_word' id='word_1_391' title='bbox 191 3535 335 3590; x_wconf 86' lang='lat' dir='ltr'><strong>Cum</strong></span> <span class='ocrx_word' id='word_1_392' title='bbox 363 3538 503 3590; x_wconf 92' lang='lat' dir='ltr'><strong>enim</strong></span> <span class='ocrx_word' id='word_1_393' title='bbox 525 3536 811 3604; x_wconf 86' lang='lat' dir='ltr'><strong>religiosus</strong></span> <span class='ocrx_word' id='word_1_394' title='bbox 840 3535 1318 3593; x_wconf 81' lang='lat' dir='ltr'><strong>teneaturobedire</strong></span> <span class='ocrx_word' id='word_1_395' title='bbox 1343 3539 1392 3591; x_wconf 86' lang='lat' dir='ltr'><strong>iit</strong></span> <span class='ocrx_word' id='word_1_396' title='bbox 1424 3537 1489 3591; x_wconf 90' lang='lat' dir='ltr'><strong>iis</strong></span> <span class='ocrx_word' id='word_1_397' title='bbox 1517 3535 1638 3607; x_wconf 62' lang='lat' dir='ltr'><strong>quae</strong></span> <span class='ocrx_word' id='word_1_398' title='bbox 1658 3551 1783 3593; x_wconf 89' lang='lat' dir='ltr'><strong>sunt</strong></span> 
     </span>
    </p>
   </div>
   <div class='ocr_carea' id='block_1_55' title="bbox 190 3608 1783 3678">
    <p class='ocr_par' dir='ltr' id='par_1_55' title="bbox 190 3608 1783 3678">
     <span class='ocr_line' id='line_1_55' title="bbox 190 3608 1783 3678; baseline 0.003 -19"><span class='ocrx_word' id='word_1_399' title='bbox 190 3608 495 3661; x_wconf 87' lang='lat' dir='ltr'><strong>secundum</strong></span> <span class='ocrx_word' id='word_1_400' title='bbox 520 3608 800 3674; x_wconf 82' lang='lat' dir='ltr'><strong>Regulam,</strong></span> <span class='ocrx_word' id='word_1_401' title='bbox 828 3608 1151 3678; x_wconf 13' lang='lat' dir='ltr'><strong>utiomnium</strong></span> <span class='ocrx_word' id='word_1_402' title='bbox 1179 3609 1283 3663; x_wconf 90' lang='lat' dir='ltr'><strong>fert</strong></span> <span class='ocrx_word' id='word_1_403' title='bbox 1310 3613 1576 3663; x_wconf 88' lang='lat' dir='ltr'><strong>sententia</strong></span> <span class='ocrx_word' id='word_1_404' title='bbox 1611 3627 1624 3662; x_wconf 89' lang='lat'>:</span> <span class='ocrx_word' id='word_1_405' title='bbox 1648 3624 1783 3678; x_wconf 90' lang='lat' dir='ltr'><strong>opus</strong></span> 
     </span>
    </p>
   </div>
   <div class='ocr_carea' id='block_1_56' title="bbox 192 3677 1783 3745">
    <p class='ocr_par' dir='ltr' id='par_1_56' title="bbox 192 3677 1783 3745">
     <span class='ocr_line' id='line_1_56' title="bbox 192 3677 1783 3745; baseline 0.004 -16"><span class='ocrx_word' id='word_1_406' title='bbox 192 3692 333 3731; x_wconf 87' lang='lat' dir='ltr'><strong>vero</strong></span> <span class='ocrx_word' id='word_1_407' title='bbox 363 3691 615 3730; x_wconf 87' lang='lat' dir='ltr'><strong>manuum</strong></span> <span class='ocrx_word' id='word_1_408' title='bbox 650 3692 753 3729; x_wconf 91' lang='lat' dir='ltr'><strong>nou</strong></span> <span class='ocrx_word' id='word_1_409' title='bbox 789 3677 947 3731; x_wconf 87' lang='lat' dir='ltr'><strong>modo</strong></span> <span class='ocrx_word' id='word_1_410' title='bbox 977 3679 1239 3733; x_wconf 89' lang='lat' dir='ltr'><strong>iudirecte</strong></span> <span class='ocrx_word' id='word_1_411' title='bbox 1267 3692 1357 3732; x_wconf 92' lang='lat' dir='ltr'><strong>aut</strong></span> <span class='ocrx_word' id='word_1_412' title='bbox 1396 3677 1694 3745; x_wconf 86' lang='lat' dir='ltr'><strong>reduetive,</strong></span> <span class='ocrx_word' id='word_1_413' title='bbox 1724 3690 1783 3735; x_wconf 92' lang='lat' dir='ltr'><strong>ut</strong></span> 
     </span>
    </p>
   </div>
   <div class='ocr_carea' id='block_1_57' title="bbox 196 3747 1783 3818">
    <p class='ocr_par' dir='ltr' id='par_1_57' title="bbox 196 3747 1783 3818">
     <span class='ocr_line' id='line_1_57' title="bbox 196 3747 1783 3818; baseline 0.003 -17"><span class='ocrx_word' id='word_1_414' title='bbox 196 3749 516 3817; x_wconf 87' lang='lat' dir='ltr'><strong>loquuntur,</strong></span> <span class='ocrx_word' id='word_1_415' title='bbox 548 3748 613 3800; x_wconf 89' lang='lat' dir='ltr'><strong>ad</strong></span> <span class='ocrx_word' id='word_1_416' title='bbox 647 3747 903 3816; x_wconf 82' lang='lat' dir='ltr'><strong>Regulam</strong></span> <span class='ocrx_word' id='word_1_417' title='bbox 938 3748 999 3802; x_wconf 94' lang='lat' dir='ltr'><strong>D.</strong></span> <span class='ocrx_word' id='word_1_418' title='bbox 1044 3749 1317 3803; x_wconf 84' lang='lat' dir='ltr'><strong>Benedicti</strong></span> <span class='ocrx_word' id='word_1_419' title='bbox 1348 3750 1644 3818; x_wconf 89' lang='lat' dir='ltr'><strong>pertineat;</strong></span> <span class='ocrx_word' id='word_1_420' title='bbox 1690 3765 1783 3805; x_wconf 86' lang='lat' dir='ltr'><strong>ve-</strong></span> 
     </span>
    </p>
   </div>
   <div class='ocr_carea' id='block_1_58' title="bbox 195 3819 1784 3889">
    <p class='ocr_par' dir='ltr' id='par_1_58' title="bbox 195 3819 1784 3889">
     <span class='ocr_line' id='line_1_58' title="bbox 195 3819 1784 3889; baseline 0.003 -18"><span class='ocrx_word' id='word_1_421' title='bbox 195 3834 320 3872; x_wconf 87' lang='lat' dir='ltr'><strong>rum</strong></span> <span class='ocrx_word' id='word_1_422' title='bbox 351 3819 511 3873; x_wconf 89' lang='lat' dir='ltr'><strong>etiam</strong></span> <span class='ocrx_word' id='word_1_423' title='bbox 537 3833 793 3885; x_wconf 80' lang='lat' dir='ltr'><strong>expresse</strong></span> <span class='ocrx_word' id='word_1_424' title='bbox 817 3829 866 3871; x_wconf 89' lang='lat' dir='ltr'><strong>et</strong></span> <span class='ocrx_word' id='word_1_425' title='bbox 903 3819 1172 3874; x_wconf 87' lang='lat' dir='ltr'><strong>luculente</strong></span> <span class='ocrx_word' id='word_1_426' title='bbox 1203 3821 1257 3873; x_wconf 91' lang='lat' dir='ltr'><strong>in</strong></span> <span class='ocrx_word' id='word_1_427' title='bbox 1283 3820 1482 3889; x_wconf 80' lang='lat' dir='ltr'><strong>Regula</strong></span> <span class='ocrx_word' id='word_1_428' title='bbox 1513 3822 1784 3876; x_wconf 87' lang='lat' dir='ltr'><strong>continea-</strong></span> 
     </span>
    </p>
   </div>
   <div class='ocr_carea' id='block_1_59' title="bbox 195 3888 1780 3959">
    <p class='ocr_par' dir='ltr' id='par_1_59' title="bbox 195 3888 1780 3959">
     <span class='ocr_line' id='line_1_59' title="bbox 195 3888 1780 3959; baseline 0.003 -18"><span class='ocrx_word' id='word_1_429' title='bbox 195 3898 286 3941; x_wconf 89' lang='lat' dir='ltr'><strong>tur</strong></span> <span class='ocrx_word' id='word_1_430' title='bbox 321 3898 374 3942; x_wconf 91' lang='lat' dir='ltr'><strong>et</strong></span> <span class='ocrx_word' id='word_1_431' title='bbox 404 3889 783 3955; x_wconf 65' lang='lat' dir='ltr'><strong>praescribatur</strong></span> <span class='ocrx_word' id='word_1_432' title='bbox 812 3906 824 3940; x_wconf 89' lang='lat'>:</span> <span class='ocrx_word' id='word_1_433' title='bbox 858 3888 1077 3944; x_wconf 89' lang='lat' dir='ltr'><strong>dubium</strong></span> <span class='ocrx_word' id='word_1_434' title='bbox 1124 3905 1246 3944; x_wconf 88' lang='lat' dir='ltr'><strong>esse</strong></span> <span class='ocrx_word' id='word_1_435' title='bbox 1293 3906 1397 3944; x_wconf 91' lang='lat' dir='ltr'><strong>non</strong></span> <span class='ocrx_word' id='word_1_436' title='bbox 1430 3899 1605 3959; x_wconf 88' lang='lat' dir='ltr'><strong>potest</strong></span> <span class='ocrx_word' id='word_1_437' title='bbox 1655 3893 1780 3959; x_wconf 90' lang='lat' dir='ltr'><strong>quin</strong></span> 
     </span>
    </p>
   </div>
   <div class='ocr_carea' id='block_1_60' title="bbox 194 3960 1779 4030">
    <p class='ocr_par' dir='ltr' id='par_1_60' title="bbox 194 3960 1779 4030">
     <span class='ocr_line' id='line_1_60' title="bbox 194 3960 1779 4030; baseline 0.002 -17"><span class='ocrx_word' id='word_1_438' title='bbox 194 3960 456 4028; x_wconf 73' lang='lat' dir='ltr'><strong>prmlatus</strong></span> <span class='ocrx_word' id='word_1_439' title='bbox 483 3960 625 4027; x_wconf 76' lang='lat' dir='ltr'><strong>justa</strong></span> <span class='ocrx_word' id='word_1_440' title='bbox 650 3974 715 4013; x_wconf 86' lang='lat' dir='ltr'><strong>ex</strong></span> <span class='ocrx_word' id='word_1_441' title='bbox 746 3974 908 4014; x_wconf 83' lang='lat' dir='ltr'><strong>causa</strong></span> <span class='ocrx_word' id='word_1_442' title='bbox 937 3972 1025 4014; x_wconf 90' lang='lat' dir='ltr'><strong>aut</strong></span> <span class='ocrx_word' id='word_1_443' title='bbox 1050 3961 1373 4015; x_wconf 89' lang='lat' dir='ltr'><strong>necessitate</strong></span> <span class='ocrx_word' id='word_1_444' title='bbox 1416 3970 1738 4017; x_wconf 91' lang='lat' dir='ltr'><strong>occurrente</strong></span> <span class='ocrx_word' id='word_1_445' title='bbox 1763 4006 1779 4030; x_wconf 91' lang='lat'><strong>,</strong></span> 
     </span>
    </p>
   </div>
   <div class='ocr_carea' id='block_1_61' title="bbox 196 4030 1784 4099">
    <p class='ocr_par' dir='ltr' id='par_1_61' title="bbox 196 4030 1784 4099">
     <span class='ocr_line' id='line_1_61' title="bbox 196 4030 1784 4099; baseline 0.003 -17"><span class='ocrx_word' id='word_1_446' title='bbox 196 4031 375 4099; x_wconf 88' lang='lat' dir='ltr'><strong>possit</strong></span> <span class='ocrx_word' id='word_1_447' title='bbox 405 4045 531 4083; x_wconf 91' lang='lat' dir='ltr'><strong>suos</strong></span> <span class='ocrx_word' id='word_1_448' title='bbox 560 4030 945 4085; x_wconf 90' lang='lat' dir='ltr'><strong>Benedictinos</strong></span> <span class='ocrx_word' id='word_1_449' title='bbox 974 4032 1311 4097; x_wconf 76' lang='lat' dir='ltr'><strong>cmnobitas,</strong></span> <span class='ocrx_word' id='word_1_450' title='bbox 1346 4033 1577 4087; x_wconf 83' lang='lat' dir='ltr'><strong>maxime</strong></span> <span class='ocrx_word' id='word_1_451' title='bbox 1602 4035 1784 4099; x_wconf 87' lang='lat' dir='ltr'><strong>junio-</strong></span> 
     </span>
    </p>
   </div>
   <div class='ocr_carea' id='block_1_62' title="bbox 198 4101 1784 4172">
    <p class='ocr_par' dir='ltr' id='par_1_62' title="bbox 198 4101 1784 4172">
     <span class='ocr_line' id='line_1_62' title="bbox 198 4101 1784 4172; baseline 0.004 -18"><span class='ocrx_word' id='word_1_452' title='bbox 198 4116 291 4156; x_wconf 88' lang='lat' dir='ltr'><strong>res</strong></span> <span class='ocrx_word' id='word_1_453' title='bbox 332 4112 384 4153; x_wconf 88' lang='lat' dir='ltr'><strong>et</strong></span> <span class='ocrx_word' id='word_1_454' title='bbox 436 4101 645 4153; x_wconf 88' lang='lat' dir='ltr'><strong>validos</strong></span> <span class='ocrx_word' id='word_1_455' title='bbox 673 4142 689 4165; x_wconf 90' lang='lat'><strong>,</strong></span> <span class='ocrx_word' id='word_1_456' title='bbox 730 4101 987 4172; x_wconf 87' lang='lat' dir='ltr'><strong>honestis</strong></span> <span class='ocrx_word' id='word_1_457' title='bbox 1029 4104 1348 4171; x_wconf 86' lang='lat' dir='ltr'><strong>quibusdam</strong></span> <span class='ocrx_word' id='word_1_458' title='bbox 1401 4104 1632 4172; x_wconf 83' lang='lat' dir='ltr'><strong>opificiis</strong></span> <span class='ocrx_word' id='word_1_459' title='bbox 1686 4120 1784 4160; x_wconf 90' lang='lat' dir='ltr'><strong>seu</strong></span> 
     </span>
    </p>
   </div>
   <div class='ocr_carea' id='block_1_63' title="bbox 198 4171 1783 4242">
    <p class='ocr_par' dir='ltr' id='par_1_63' title="bbox 198 4171 1783 4242">
     <span class='ocr_line' id='line_1_63' title="bbox 198 4171 1783 4242; baseline 0.004 -18"><span class='ocrx_word' id='word_1_460' title='bbox 198 4172 455 4239; x_wconf 86' lang='lat' dir='ltr'><strong>operibus</strong></span> <span class='ocrx_word' id='word_1_461' title='bbox 486 4171 826 4225; x_wconf 85' lang='lat' dir='ltr'><strong>manualibus</strong></span> <span class='ocrx_word' id='word_1_462' title='bbox 857 4187 1121 4242; x_wconf 85' lang='lat' dir='ltr'><strong>occupare</strong></span> <span class='ocrx_word' id='word_1_463' title='bbox 1145 4214 1157 4233; x_wconf 85' lang='lat'><strong>,</strong></span> <span class='ocrx_word' id='word_1_464' title='bbox 1212 4171 1509 4241; x_wconf 72' lang='lat' dir='ltr'><strong>praesertim</strong></span> <span class='ocrx_word' id='word_1_465' title='bbox 1561 4190 1628 4228; x_wconf 90' lang='lat' dir='ltr'><strong>ne</strong></span> <span class='ocrx_word' id='word_1_466' title='bbox 1670 4177 1783 4230; x_wconf 89' lang='lat' dir='ltr'><strong>otio</strong></span> 
     </span>
    </p>
   </div>
   <div class='ocr_carea' id='block_1_64' title="bbox 197 4244 1784 4311">
    <p class='ocr_par' dir='ltr' id='par_1_64' title="bbox 197 4244 1784 4311">
     <span class='ocr_line' id='line_1_64' title="bbox 197 4244 1784 4311; baseline 0.004 -17"><span class='ocrx_word' id='word_1_467' title='bbox 197 4252 471 4308; x_wconf 82' lang='lat' dir='ltr'><strong>torpeant,</strong></span> <span class='ocrx_word' id='word_1_468' title='bbox 504 4254 596 4295; x_wconf 89' lang='lat' dir='ltr'><strong>aut</strong></span> <span class='ocrx_word' id='word_1_469' title='bbox 624 4251 915 4311; x_wconf 81' lang='lat' dir='ltr'><strong>vagentur,</strong></span> <span class='ocrx_word' id='word_1_470' title='bbox 942 4244 1070 4297; x_wconf 89' lang='lat' dir='ltr'><strong>dunt</strong></span> <span class='ocrx_word' id='word_1_471' title='bbox 1112 4244 1179 4297; x_wconf 91' lang='lat' dir='ltr'><strong>ab</strong></span> <span class='ocrx_word' id='word_1_472' title='bbox 1208 4244 1386 4299; x_wconf 89' lang='lat' dir='ltr'><strong>oflicio</strong></span> <span class='ocrx_word' id='word_1_473' title='bbox 1423 4245 1606 4299; x_wconf 90' lang='lat' dir='ltr'><strong>divino</strong></span> <span class='ocrx_word' id='word_1_474' title='bbox 1636 4247 1784 4300; x_wconf 88' lang='lat' dir='ltr'><strong>aliis-</strong></span> 
     </span>
    </p>
   </div>
   <div class='ocr_carea' id='block_1_65' title="bbox 196 4314 1778 4381">
    <p class='ocr_par' dir='ltr' id='par_1_65' title="bbox 196 4314 1778 4381">
     <span class='ocr_line' id='line_1_65' title="bbox 196 4314 1778 4381; baseline 0.003 -18"><span class='ocrx_word' id='word_1_475' title='bbox 196 4328 310 4381; x_wconf 89' lang='lat' dir='ltr'><strong>que</strong></span> <span class='ocrx_word' id='word_1_476' title='bbox 341 4314 707 4379; x_wconf 81' lang='lat' dir='ltr'><strong>Spiritualibus</strong></span> <span class='ocrx_word' id='word_1_477' title='bbox 733 4322 788 4366; x_wconf 89' lang='lat' dir='ltr'><strong>et</strong></span> <span class='ocrx_word' id='word_1_478' title='bbox 819 4315 1178 4368; x_wconf 88' lang='lat' dir='ltr'><strong>sanetioribus</strong></span> <span class='ocrx_word' id='word_1_479' title='bbox 1214 4317 1516 4370; x_wconf 85' lang='lat' dir='ltr'><strong>actionibus</strong></span> <span class='ocrx_word' id='word_1_480' title='bbox 1551 4326 1778 4371; x_wconf 86' lang='lat' dir='ltr'><strong>vacant:</strong></span> 
     </span>
    </p>
   </div>
   <div class='ocr_carea' id='block_1_66' title="bbox 198 4385 1785 4455">
    <p class='ocr_par' dir='ltr' id='par_1_66' title="bbox 198 4385 1785 4455">
     <span class='ocr_line' id='line_1_66' title="bbox 198 4385 1785 4455; baseline 0.004 -20"><span class='ocrx_word' id='word_1_481' title='bbox 198 4385 481 4455; x_wconf 78' lang='lat' dir='ltr'><strong>aut_etiani</strong></span> <span class='ocrx_word' id='word_1_482' title='bbox 504 4385 553 4438; x_wconf 93' lang='lat' dir='ltr'><strong>iu</strong></span> <span class='ocrx_word' id='word_1_483' title='bbox 581 4399 795 4453; x_wconf 70' lang='lat' dir='ltr'><strong>pmuatn</strong></span> <span class='ocrx_word' id='word_1_484' title='bbox 828 4394 882 4439; x_wconf 87' lang='lat' dir='ltr'><strong>et</strong></span> <span class='ocrx_word' id='word_1_485' title='bbox 923 4389 1256 4450; x_wconf 90' lang='lat' dir='ltr'><strong>punitiouem</strong></span> <span class='ocrx_word' id='word_1_486' title='bbox 1304 4387 1581 4455; x_wconf 89' lang='lat' dir='ltr'><strong>culparum</strong></span> <span class='ocrx_word' id='word_1_487' title='bbox 1616 4390 1631 4451; x_wconf 73' lang='lat' dir='ltr'><strong>l</strong></span> <span class='ocrx_word' id='word_1_488' title='bbox 1658 4386 1785 4441; x_wconf 87' lang='lat' dir='ltr'><strong>Vide</strong></span> 
     </span>
    </p>
   </div>
   <div class='ocr_carea' id='block_1_67' title="bbox 200 4452 1781 4524">
    <p class='ocr_par' dir='ltr' id='par_1_67' title="bbox 200 4452 1781 4524">
     <span class='ocr_line' id='line_1_67' title="bbox 200 4452 1781 4524; baseline 0.003 -18"><span class='ocrx_word' id='word_1_489' title='bbox 200 4453 265 4506; x_wconf 90' lang='lat' dir='ltr'><strong>S.</strong></span> <span class='ocrx_word' id='word_1_490' title='bbox 292 4452 535 4507; x_wconf 80' lang='lat' dir='ltr'><strong>Thomam</strong></span> <span class='ocrx_word' id='word_1_491' title='bbox 561 4452 739 4522; x_wconf 84' lang='lat' dir='ltr'><strong>opusc.</strong></span> <span class='ocrx_word' id='word_1_492' title='bbox 769 4456 823 4521; x_wconf 90' lang='lat'><strong>9,</strong></span> <span class='ocrx_word' id='word_1_493' title='bbox 850 4472 896 4508; x_wconf 91' lang='lat' dir='ltr'><strong>c.</strong></span> <span class='ocrx_word' id='word_1_494' title='bbox 922 4456 974 4522; x_wconf 79' lang='lat'><strong>5;</strong></span> <span class='ocrx_word' id='word_1_495' title='bbox 1000 4468 1045 4510; x_wconf 87' lang='lat' dir='ltr'><strong>et</strong></span> <span class='ocrx_word' id='word_1_496' title='bbox 1064 4457 1183 4519; x_wconf 65' lang='lat'><strong>2-2,</strong></span> <span class='ocrx_word' id='word_1_497' title='bbox 1203 4474 1251 4524; x_wconf 86' lang='lat' dir='ltr'><strong>q.</strong></span> <span class='ocrx_word' id='word_1_498' title='bbox 1281 4452 1409 4521; x_wconf 71' lang='lat'><strong>187,</strong></span> <span class='ocrx_word' id='word_1_499' title='bbox 1427 4474 1478 4510; x_wconf 92' lang='lat' dir='ltr'><strong>a.</strong></span> <span class='ocrx_word' id='word_1_500' title='bbox 1501 4460 1552 4509; x_wconf 76' lang='grc'><strong>5.</strong></span> <span class='ocrx_word' id='word_1_501' title='bbox 1581 4457 1781 4511; x_wconf 86' lang='lat' dir='ltr'><strong>Navar.</strong></span> 
     </span>
    </p>
   </div>
   <div class='ocr_carea' id='block_1_68' title="bbox 198 4526 1780 4595">
    <p class='ocr_par' dir='ltr' id='par_1_68' title="bbox 198 4526 1780 4595">
     <span class='ocr_line' id='line_1_68' title="bbox 198 4526 1780 4595; baseline 0.005 -21"><span class='ocrx_word' id='word_1_502' title='bbox 198 4536 470 4578; x_wconf 86' lang='lat' dir='ltr'><strong>comment.</strong></span> <span class='ocrx_word' id='word_1_503' title='bbox 497 4526 531 4577; x_wconf 72' lang='lat'>2</span> <span class='ocrx_word' id='word_1_504' title='bbox 557 4527 619 4579; x_wconf 89' lang='lat' dir='ltr'><strong>de</strong></span> <span class='ocrx_word' id='word_1_505' title='bbox 648 4526 831 4595; x_wconf 80' lang='lat' dir='ltr'><strong>Regul.</strong></span> <span class='ocrx_word' id='word_1_506' title='bbox 863 4543 1004 4579; x_wconf 91' lang='lat' dir='ltr'><strong>num.</strong></span> <span class='ocrx_word' id='word_1_507' title='bbox 1036 4526 1149 4595; x_wconf 69' lang='lat'><strong>97).</strong></span> <span class='ocrx_word' id='word_1_508' title='bbox 1183 4527 1470 4593; x_wconf 85' lang='lat' dir='ltr'><strong>Quomodo</strong></span> <span class='ocrx_word' id='word_1_509' title='bbox 1500 4528 1631 4582; x_wconf 91' lang='lat' dir='ltr'><strong>olim</strong></span> <span class='ocrx_word' id='word_1_510' title='bbox 1665 4543 1780 4582; x_wconf 87' lang='lat' dir='ltr'><strong>mo-</strong></span> 
     </span>
    </p>
   </div>
   <div class='ocr_carea' id='block_1_69' title="bbox 200 4596 1784 4667">
    <p class='ocr_par' dir='ltr' id='par_1_69' title="bbox 200 4596 1784 4667">
     <span class='ocr_line' id='line_1_69' title="bbox 200 4596 1784 4667; baseline 0.003 -21"><span class='ocrx_word' id='word_1_511' title='bbox 200 4596 360 4667; x_wconf 80' lang='lat' dir='ltr'><strong>nachi</strong></span> <span class='ocrx_word' id='word_1_512' title='bbox 413 4597 791 4665; x_wconf 89' lang='lat' dir='ltr'><strong>delinquentes</strong></span> <span class='ocrx_word' id='word_1_513' title='bbox 841 4598 993 4653; x_wconf 85' lang='lat' dir='ltr'><strong>libris</strong></span> <span class='ocrx_word' id='word_1_514' title='bbox 1038 4607 1090 4651; x_wconf 90' lang='lat' dir='ltr'><strong>et</strong></span> <span class='ocrx_word' id='word_1_515' title='bbox 1138 4598 1421 4651; x_wconf 89' lang='lat' dir='ltr'><strong>codicibus</strong></span> <span class='ocrx_word' id='word_1_516' title='bbox 1473 4613 1667 4667; x_wconf 86' lang='lat' dir='ltr'><strong>magno</strong></span> <span class='ocrx_word' id='word_1_517' title='bbox 1708 4600 1784 4652; x_wconf 84' lang='lat' dir='ltr'><strong>la-</strong></span> 
     </span>
    </p>
   </div>
   <div class='ocr_carea' id='block_1_70' title="bbox 200 4663 1769 4739">
    <p class='ocr_par' dir='ltr' id='par_1_70' title="bbox 200 4663 1769 4739">
     <span class='ocr_line' id='line_1_70' title="bbox 200 4663 1769 4739; baseline 0.004 -22"><span class='ocrx_word' id='word_1_518' title='bbox 200 4663 333 4739; x_wconf 83' lang='lat' dir='ltr'><strong>bore</strong></span> <span class='ocrx_word' id='word_1_519' title='bbox 362 4675 414 4719; x_wconf 90' lang='lat' dir='ltr'><strong>et</strong></span> <span class='ocrx_word' id='word_1_520' title='bbox 442 4663 672 4721; x_wconf 78' lang='lat' dir='ltr'><strong>artificio</strong></span> <span class='ocrx_word' id='word_1_521' title='bbox 698 4668 1069 4722; x_wconf 86' lang='lat' dir='ltr'><strong>describendis</strong></span> <span class='ocrx_word' id='word_1_522' title='bbox 1097 4669 1323 4737; x_wconf 81' lang='lat' dir='ltr'><strong>aliisque</strong></span> <span class='ocrx_word' id='word_1_523' title='bbox 1348 4663 1632 4722; x_wconf 75' lang='lat' dir='ltr'><strong>laboriosis</strong></span> <span class='ocrx_word' id='word_1_524' title='bbox 1654 4685 1769 4739; x_wconf 87' lang='lat' dir='ltr'><strong>ope</strong></span> 
     </span>
    </p>
   </div>
   <div class='ocr_carea' id='block_1_71' title="bbox 1911 2049 2927 2122">
    <p class='ocr_par' dir='ltr' id='par_1_71' title="bbox 1911 2049 2927 2122">
     <span class='ocr_line' id='line_1_71' title="bbox 1911 2049 2927 2122; baseline 0.001 -17"><span class='ocrx_word' id='word_1_525' title='bbox 1911 2052 2095 2107; x_wconf 86' lang='lat' dir='ltr'><strong>Patres</strong></span> <span class='ocrx_word' id='word_1_526' title='bbox 2120 2054 2281 2105; x_wconf 81' lang='lat' dir='ltr'><strong>nostri</strong></span> <span class='ocrx_word' id='word_1_527' title='bbox 2315 2050 2465 2122; x_wconf 82' lang='lat' dir='ltr'><strong>(Cap.</strong></span> <span class='ocrx_word' id='word_1_528' title='bbox 2490 2049 2558 2122; x_wconf 66' lang='lat'><strong>49</strong></span> <span class='ocrx_word' id='word_1_529' title='bbox 2602 2050 2787 2121; x_wconf 62' lang='grc' dir='ltr'><strong>Κεφ),</strong></span> <span class='ocrx_word' id='word_1_530' title='bbox 2810 2060 2927 2106; x_wconf 53' lang='grc' dir='ltr'><strong>κθιο.</strong></span> 
     </span>
    </p>
   </div>
   <div class='ocr_carea' id='block_1_72' title="bbox 1971 2120 3496 2197">
    <p class='ocr_par' dir='ltr' id='par_1_72' title="bbox 1971 2120 3496 2197">
     <span class='ocr_line' id='line_1_72' title="bbox 1971 2120 3496 2197; baseline 0.007 -21"><span class='ocrx_word' id='word_1_531' title='bbox 1971 2124 1995 2161; x_wconf 69' lang='lat' dir='ltr'><strong>h</strong></span> <span class='ocrx_word' id='word_1_532' title='bbox 2023 2125 2192 2193; x_wconf 87' lang='lat' dir='ltr'><strong>Libya</strong></span> <span class='ocrx_word' id='word_1_533' title='bbox 2216 2120 2468 2176; x_wconf 82' lang='lat' dir='ltr'><strong>Mareotis</strong></span> <span class='ocrx_word' id='word_1_534' title='bbox 2495 2120 2731 2190; x_wconf 61' lang='lat' dir='ltr'><strong>Egypto</strong></span> <span class='ocrx_word' id='word_1_535' title='bbox 2754 2124 3110 2179; x_wconf 89' lang='lat' dir='ltr'><strong>contermina.</strong></span> <span class='ocrx_word' id='word_1_536' title='bbox 3138 2130 3213 2180; x_wconf 82' lang='lat' dir='ltr'><strong>De</strong></span> <span class='ocrx_word' id='word_1_537' title='bbox 3238 2144 3337 2197; x_wconf 88' lang='lat' dir='ltr'><strong>qua</strong></span> <span class='ocrx_word' id='word_1_538' title='bbox 3363 2133 3496 2186; x_wconf 87' lang='lat' dir='ltr'><strong>alias</strong></span> 
     </span>
    </p>
   </div>
   <div class='ocr_carea' id='block_1_73' title="bbox 1898 2195 2237 2248">
    <p class='ocr_par' dir='ltr' id='par_1_73' title="bbox 1898 2195 2237 2248">
     <span class='ocr_line' id='line_1_73' title="bbox 1898 2195 2237 2248; baseline -0.003 -1"><span class='ocrx_word' id='word_1_539' title='bbox 1898 2195 2104 2247; x_wconf 89' lang='lat' dir='ltr'><strong>dictum</strong></span> <span class='ocrx_word' id='word_1_540' title='bbox 2135 2202 2237 2248; x_wconf 92' lang='lat' dir='ltr'><strong>est.</strong></span> 
     </span>
    </p>
   </div>
   <div class='ocr_carea' id='block_1_74' title="bbox 1973 2263 3496 2335">
    <p class='ocr_par' dir='ltr' id='par_1_74' title="bbox 1973 2263 3496 2335">
     <span class='ocr_line' id='line_1_74' title="bbox 1973 2263 3496 2335; baseline 0.001 -16"><span class='ocrx_word' id='word_1_541' title='bbox 1973 2276 1993 2303; x_wconf 73' lang='grc' dir='ltr'><em>ε</em></span> <span class='ocrx_word' id='word_1_542' title='bbox 2039 2265 2093 2319; x_wconf 81' lang='lat' dir='ltr'><strong>Id</strong></span> <span class='ocrx_word' id='word_1_543' title='bbox 2125 2273 2225 2327; x_wconf 80' lang='lat' dir='ltr'><strong>est.</strong></span> <span class='ocrx_word' id='word_1_544' title='bbox 2258 2280 2284 2316; x_wconf 84' lang='lat' dir='ltr'><strong>a</strong></span> <span class='ocrx_word' id='word_1_545' title='bbox 2318 2263 2710 2335; x_wconf 9' lang='lat' dir='ltr'><strong>Dremoneguno</strong></span> <span class='ocrx_word' id='word_1_546' title='bbox 2736 2263 2971 2335; x_wconf 80' lang='lat' dir='ltr'><strong>tentari,</strong></span> <span class='ocrx_word' id='word_1_547' title='bbox 3004 2274 3060 2315; x_wconf 89' lang='lat' dir='ltr'><strong>ut</strong></span> <span class='ocrx_word' id='word_1_548' title='bbox 3089 2265 3375 2335; x_wconf 84' lang='lat' dir='ltr'><strong>Dionysius</strong></span> <span class='ocrx_word' id='word_1_549' title='bbox 3403 2286 3496 2323; x_wconf 77' lang='lat' dir='ltr'><strong>ex-</strong></span> 
     </span>
    </p>
   </div>
   <div class='ocr_carea' id='block_1_75' title="bbox 1898 2332 3495 2404">
    <p class='ocr_par' dir='ltr' id='par_1_75' title="bbox 1898 2332 3495 2404">
     <span class='ocr_line' id='line_1_75' title="bbox 1898 2332 3495 2404; baseline 0.005 -17"><span class='ocrx_word' id='word_1_550' title='bbox 1898 2337 2078 2401; x_wconf 84' lang='lat' dir='ltr'><strong>posuit</strong></span> <span class='ocrx_word' id='word_1_551' title='bbox 2117 2352 2130 2390; x_wconf 89' lang='lat'><strong>:</strong></span> <span class='ocrx_word' id='word_1_552' title='bbox 2178 2349 2373 2398; x_wconf 83' lang='lat' dir='ltr'><strong>nempe</strong></span> <span class='ocrx_word' id='word_1_553' title='bbox 2411 2350 2437 2386; x_wconf 90' lang='lat' dir='ltr'><strong>a</strong></span> <span class='ocrx_word' id='word_1_554' title='bbox 2468 2333 2660 2401; x_wconf 86' lang='lat' dir='ltr'><strong>spiritu</strong></span> <span class='ocrx_word' id='word_1_555' title='bbox 2699 2332 2902 2386; x_wconf 85' lang='lat' dir='ltr'><strong>acediae</strong></span> <span class='ocrx_word' id='word_1_556' title='bbox 2950 2335 3203 2404; x_wconf 89' lang='lat' dir='ltr'><strong>(sumitur</strong></span> <span class='ocrx_word' id='word_1_557' title='bbox 3229 2332 3371 2391; x_wconf 83' lang='lat' dir='ltr'><strong>enim</strong></span> <span class='ocrx_word' id='word_1_558' title='bbox 3409 2342 3495 2395; x_wconf 83' lang='lat' dir='ltr'><strong>bit:</strong></span> 
     </span>
    </p>
   </div>
   <div class='ocr_carea' id='block_1_76' title="bbox 1896 2404 3492 2478">
    <p class='ocr_par' dir='ltr' id='par_1_76' title="bbox 1896 2404 3492 2478">
     <span class='ocr_line' id='line_1_76' title="bbox 1896 2404 3492 2478; baseline 0.003 -18"><span class='ocrx_word' id='word_1_559' title='bbox 1896 2407 2107 2460; x_wconf 68' lang='lat' dir='ltr'><strong>daimon</strong></span> <span class='ocrx_word' id='word_1_560' title='bbox 2150 2416 2203 2460; x_wconf 90' lang='lat' dir='ltr'><strong>et</strong></span> <span class='ocrx_word' id='word_1_561' title='bbox 2231 2406 2454 2475; x_wconf 89' lang='lat' dir='ltr'><strong>spiritus</strong></span> <span class='ocrx_word' id='word_1_562' title='bbox 2486 2404 2851 2478; x_wconf 84' lang='lat' dir='ltr'><strong>metonymice</strong></span> <span class='ocrx_word' id='word_1_563' title='bbox 2892 2419 2990 2472; x_wconf 89' lang='lat' dir='ltr'><strong>pro</strong></span> <span class='ocrx_word' id='word_1_564' title='bbox 3026 2408 3155 2472; x_wconf 91' lang='lat' dir='ltr'><strong>ipsis</strong></span> <span class='ocrx_word' id='word_1_565' title='bbox 3184 2409 3328 2461; x_wconf 88' lang='lat' dir='ltr'><strong>vitiis</strong></span> <span class='ocrx_word' id='word_1_566' title='bbox 3354 2426 3492 2478; x_wconf 90' lang='lat' dir='ltr'><strong>quo-</strong></span> 
     </span>
    </p>
   </div>
   <div class='ocr_carea' id='block_1_77' title="bbox 1896 2476 3494 2544">
    <p class='ocr_par' dir='ltr' id='par_1_77' title="bbox 1896 2476 3494 2544">
     <span class='ocr_line' id='line_1_77' title="bbox 1896 2476 3494 2544; baseline 0.002 -14"><span class='ocrx_word' id='word_1_567' title='bbox 1896 2494 2014 2530; x_wconf 84' lang='lat' dir='ltr'><strong>rum</strong></span> <span class='ocrx_word' id='word_1_568' title='bbox 2048 2488 2129 2532; x_wconf 88' lang='lat' dir='ltr'><strong>est</strong></span> <span class='ocrx_word' id='word_1_569' title='bbox 2166 2488 2353 2530; x_wconf 83' lang='lat' dir='ltr'><strong>anetor</strong></span> <span class='ocrx_word' id='word_1_570' title='bbox 2381 2484 2436 2529; x_wconf 92' lang='lat' dir='ltr'><strong>et</strong></span> <span class='ocrx_word' id='word_1_571' title='bbox 2473 2476 2717 2542; x_wconf 90' lang='lat' dir='ltr'><strong>suasor),</strong></span> <span class='ocrx_word' id='word_1_572' title='bbox 2753 2476 2842 2542; x_wconf 92' lang='lat' dir='ltr'><strong>qui</strong></span> <span class='ocrx_word' id='word_1_573' title='bbox 2874 2486 3188 2544; x_wconf 79' lang='lat' dir='ltr'><strong>operantem</strong></span> <span class='ocrx_word' id='word_1_574' title='bbox 3223 2494 3249 2529; x_wconf 88' lang='lat' dir='ltr'><strong>a</strong></span> <span class='ocrx_word' id='word_1_575' title='bbox 3284 2476 3383 2532; x_wconf 73' lang='lat' dir='ltr'><strong>suo</strong></span> <span class='ocrx_word' id='word_1_576' title='bbox 3416 2484 3494 2533; x_wconf 86' lang='lat' dir='ltr'><strong>ta-</strong></span> 
     </span>
    </p>
   </div>
   <div class='ocr_carea' id='block_1_78' title="bbox 1895 2544 3494 2617">
    <p class='ocr_par' dir='ltr' id='par_1_78' title="bbox 1895 2544 3494 2617">
     <span class='ocr_line' id='line_1_78' title="bbox 1895 2544 3494 2617; baseline 0.003 -16"><span class='ocrx_word' id='word_1_577' title='bbox 1895 2548 2028 2603; x_wconf 88' lang='lat' dir='ltr'><strong>bore</strong></span> <span class='ocrx_word' id='word_1_578' title='bbox 2057 2558 2111 2602; x_wconf 91' lang='lat' dir='ltr'><strong>et</strong></span> <span class='ocrx_word' id='word_1_579' title='bbox 2149 2562 2314 2617; x_wconf 91' lang='lat' dir='ltr'><strong>opere</strong></span> <span class='ocrx_word' id='word_1_580' title='bbox 2344 2554 2570 2617; x_wconf 86' lang='lat' dir='ltr'><strong>conatur</strong></span> <span class='ocrx_word' id='word_1_581' title='bbox 2600 2554 2880 2617; x_wconf 73' lang='lat' dir='ltr'><strong>avertere,</strong></span> <span class='ocrx_word' id='word_1_582' title='bbox 2915 2544 3015 2598; x_wconf 87' lang='lat' dir='ltr'><strong>nisi</strong></span> <span class='ocrx_word' id='word_1_583' title='bbox 3048 2547 3255 2602; x_wconf 76' lang='lat' dir='ltr'><strong>fortiter</strong></span> <span class='ocrx_word' id='word_1_584' title='bbox 3280 2552 3326 2603; x_wconf 92' lang='lat' dir='ltr'><strong>ei</strong></span> <span class='ocrx_word' id='word_1_585' title='bbox 3359 2556 3494 2606; x_wconf 85' lang='lat' dir='ltr'><strong>resi-</strong></span> 
     </span>
    </p>
   </div>
   <div class='ocr_carea' id='block_1_79' title="bbox 1894 2616 3492 2683">
    <p class='ocr_par' dir='ltr' id='par_1_79' title="bbox 1894 2616 3492 2683">
     <span class='ocr_line' id='line_1_79' title="bbox 1894 2616 3492 2683; baseline 0.003 -11"><span class='ocrx_word' id='word_1_586' title='bbox 1894 2628 2087 2672; x_wconf 79' lang='lat' dir='ltr'><strong>statur.</strong></span> <span class='ocrx_word' id='word_1_587' title='bbox 2139 2616 2291 2674; x_wconf 86' lang='lat' dir='ltr'><strong>Unde</strong></span> <span class='ocrx_word' id='word_1_588' title='bbox 2336 2618 2395 2669; x_wconf 80' lang='grc' dir='ltr'><strong>Ι).</strong></span> <span class='ocrx_word' id='word_1_589' title='bbox 2431 2616 2790 2683; x_wconf 86' lang='lat' dir='ltr'><strong>Hieronymus</strong></span> <span class='ocrx_word' id='word_1_590' title='bbox 2833 2616 3113 2670; x_wconf 80' lang='lat' dir='ltr'><strong>Rusticum</strong></span> <span class='ocrx_word' id='word_1_591' title='bbox 3163 2622 3492 2677; x_wconf 79' lang='lat' dir='ltr'><strong>monachum</strong></span> 
     </span>
    </p>
   </div>
   <div class='ocr_carea' id='block_1_80' title="bbox 1894 2684 3495 2762">
    <p class='ocr_par' dir='ltr' id='par_1_80' title="bbox 1894 2684 3495 2762">
     <span class='ocr_line' id='line_1_80' title="bbox 1894 2684 3495 2762; baseline 0.003 -21"><span class='ocrx_word' id='word_1_592' title='bbox 1894 2689 2084 2762; x_wconf 86' lang='lat' dir='ltr'><strong>sedulo</strong></span> <span class='ocrx_word' id='word_1_593' title='bbox 2116 2690 2372 2762; x_wconf 88' lang='lat' dir='ltr'><strong>admonet</strong></span> <span class='ocrx_word' id='word_1_594' title='bbox 2401 2704 2413 2739; x_wconf 87' lang='lat'><strong>:</strong></span> <span class='ocrx_word' id='word_1_595' title='bbox 2451 2684 2638 2737; x_wconf 87' lang='lat' dir='ltr'><strong>Facito</strong></span> <span class='ocrx_word' id='word_1_596' title='bbox 2674 2687 2874 2762; x_wconf 56' lang='lat' dir='ltr'><strong>aliquid</strong></span> <span class='ocrx_word' id='word_1_597' title='bbox 2905 2689 3104 2762; x_wconf 30' lang='lat' dir='ltr'><strong>ope-ris,</strong></span> <span class='ocrx_word' id='word_1_598' title='bbox 3139 2699 3193 2741; x_wconf 89' lang='lat' dir='ltr'><strong>ut</strong></span> <span class='ocrx_word' id='word_1_599' title='bbox 3218 2702 3265 2743; x_wconf 90' lang='lat' dir='ltr'><strong>te</strong></span> <span class='ocrx_word' id='word_1_600' title='bbox 3293 2708 3495 2762; x_wconf 82' lang='lat' dir='ltr'><strong>semper</strong></span> 
     </span>
    </p>
   </div>
   <div class='ocr_carea' id='block_1_81' title="bbox 1893 2756 3496 2827">
    <p class='ocr_par' dir='ltr' id='par_1_81' title="bbox 1893 2756 3496 2827">
     <span class='ocr_line' id='line_1_81' title="bbox 1893 2756 3496 2827; baseline 0.004 -15"><span class='ocrx_word' id='word_1_601' title='bbox 1893 2760 2127 2813; x_wconf 75' lang='lat' dir='ltr'><strong>diabolus</strong></span> <span class='ocrx_word' id='word_1_602' title='bbox 2156 2761 2380 2812; x_wconf 88' lang='lat' dir='ltr'><strong>inveniat</strong></span> <span class='ocrx_word' id='word_1_603' title='bbox 2409 2766 2711 2825; x_wconf 85' lang='lat' dir='ltr'><strong>occupatum</strong></span> <span class='ocrx_word' id='word_1_604' title='bbox 2734 2756 2932 2827; x_wconf 77' lang='lat' dir='ltr'><strong>(Epist.</strong></span> <span class='ocrx_word' id='word_1_605' title='bbox 2961 2756 3037 2827; x_wconf 74' lang='grc'><strong>4).</strong></span> <span class='ocrx_word' id='word_1_606' title='bbox 3064 2760 3241 2815; x_wconf 82' lang='lat' dir='ltr'><strong>Aurea</strong></span> <span class='ocrx_word' id='word_1_607' title='bbox 3268 2756 3496 2819; x_wconf 80' lang='lat' dir='ltr'><strong>senten-</strong></span> 
     </span>
    </p>
   </div>
   <div class='ocr_carea' id='block_1_82' title="bbox 1893 2826 2909 2900">
    <p class='ocr_par' dir='ltr' id='par_1_82' title="bbox 1893 2826 2909 2900">
     <span class='ocr_line' id='line_1_82' title="bbox 1893 2826 2909 2900; baseline -0.004 -18"><span class='ocrx_word' id='word_1_608' title='bbox 1893 2831 1990 2889; x_wconf 89' lang='lat' dir='ltr'><strong>tia.</strong></span> <span class='ocrx_word' id='word_1_609' title='bbox 2022 2845 2314 2900; x_wconf 89' lang='lat' dir='ltr'><strong>numquam</strong></span> <span class='ocrx_word' id='word_1_610' title='bbox 2341 2826 2909 2900; x_wconf 63' lang='lat' dir='ltr'><strong>oblivionitradenda.</strong></span> 
     </span>
    </p>
   </div>
   <div class='ocr_carea' id='block_1_83' title="bbox 1964 2897 3491 2970">
    <p class='ocr_par' dir='ltr' id='par_1_83' title="bbox 1964 2897 3491 2970">
     <span class='ocr_line' id='line_1_83' title="bbox 1964 2897 3491 2970; baseline 0.005 -17"><span class='ocrx_word' id='word_1_611' title='bbox 1964 2897 2185 2964; x_wconf 67' lang='lat' dir='ltr'><strong>dldest,</strong></span> <span class='ocrx_word' id='word_1_612' title='bbox 2207 2898 2504 2970; x_wconf 81' lang='lat' dir='ltr'><strong>innumeris</strong></span> <span class='ocrx_word' id='word_1_613' title='bbox 2534 2898 2816 2970; x_wconf 73' lang='lat' dir='ltr'><strong>vitiisesse</strong></span> <span class='ocrx_word' id='word_1_614' title='bbox 2845 2897 3161 2967; x_wconf 84' lang='lat' dir='ltr'><strong>obnoxium,</strong></span> <span class='ocrx_word' id='word_1_615' title='bbox 3184 2902 3333 2970; x_wconf 83' lang='lat' dir='ltr'><strong>juxta</strong></span> <span class='ocrx_word' id='word_1_616' title='bbox 3360 2906 3491 2962; x_wconf 88' lang='lat' dir='ltr'><strong>illtid</strong></span> 
     </span>
    </p>
   </div>
   <div class='ocr_carea' id='block_1_84' title="bbox 1891 2966 3507 3047">
    <p class='ocr_par' dir='ltr' id='par_1_84' title="bbox 1891 2966 3507 3047">
     <span class='ocr_line' id='line_1_84' title="bbox 1891 2966 3507 3047; baseline 0.003 -23"><span class='ocrx_word' id='word_1_617' title='bbox 1891 2971 2259 3047; x_wconf 85' lang='lat' dir='ltr'><strong>Ecclesiastici</strong></span> <span class='ocrx_word' id='word_1_618' title='bbox 2294 2966 2561 3047; x_wconf 63' lang='lat' dir='ltr'><strong>:_l)lultam</strong></span> <span class='ocrx_word' id='word_1_619' title='bbox 2590 2968 2839 3047; x_wconf 73' lang='lat' dir='ltr'><strong>malitiam</strong></span> <span class='ocrx_word' id='word_1_620' title='bbox 2876 2970 3050 3021; x_wconf 86' lang='lat' dir='ltr'><strong>docuit</strong></span> <span class='ocrx_word' id='word_1_621' title='bbox 3080 2966 3313 3047; x_wconf 76' lang='lat' dir='ltr'><strong>otiositas</strong></span> <span class='ocrx_word' id='word_1_622' title='bbox 3363 2975 3507 3047; x_wconf 53' lang='lat' dir='ltr'><strong>(Eco‘</strong></span> 
     </span>
    </p>
   </div>
   <div class='ocr_carea' id='block_1_85' title="bbox 1892 3037 3491 3111">
    <p class='ocr_par' dir='ltr' id='par_1_85' title="bbox 1892 3037 3491 3111">
     <span class='ocr_line' id='line_1_85' title="bbox 1892 3037 3491 3111; baseline -0.003 -16"><span class='ocrx_word' id='word_1_623' title='bbox 1892 3043 2017 3098; x_wconf 85' lang='lat' dir='ltr'><strong>cles.</strong></span> <span class='ocrx_word' id='word_1_624' title='bbox 2050 3041 2264 3111; x_wconf 61' lang='grc' dir='ltr'><strong>χχχιιι).</strong></span> <span class='ocrx_word' id='word_1_625' title='bbox 2312 3038 2559 3111; x_wconf 78' lang='lat' dir='ltr'><strong>Multam,</strong></span> <span class='ocrx_word' id='word_1_626' title='bbox 2594 3037 2643 3091; x_wconf 84' lang='lat' dir='ltr'><strong>id</strong></span> <span class='ocrx_word' id='word_1_627' title='bbox 2670 3048 2773 3103; x_wconf 88' lang='lat' dir='ltr'><strong>est,</strong></span> <span class='ocrx_word' id='word_1_628' title='bbox 2807 3054 3043 3111; x_wconf 89' lang='lat' dir='ltr'><strong>omnem,</strong></span> <span class='ocrx_word' id='word_1_629' title='bbox 3081 3041 3195 3096; x_wconf 88' lang='lat' dir='ltr'><strong>sive</strong></span> <span class='ocrx_word' id='word_1_630' title='bbox 3221 3037 3491 3101; x_wconf 77' lang='lat' dir='ltr'><strong>omniino.</strong></span> 
     </span>
    </p>
   </div>
   <div class='ocr_carea' id='block_1_86' title="bbox 1890 3110 3487 3183">
    <p class='ocr_par' dir='ltr' id='par_1_86' title="bbox 1890 3110 3487 3183">
     <span class='ocr_line' id='line_1_86' title="bbox 1890 3110 3487 3183; baseline 0.003 -16"><span class='ocrx_word' id='word_1_631' title='bbox 1890 3113 2035 3167; x_wconf 85' lang='lat' dir='ltr'><strong>dam.</strong></span> <span class='ocrx_word' id='word_1_632' title='bbox 2071 3110 2279 3176; x_wconf 84' lang='lat' dir='ltr'><strong>Otium,</strong></span> <span class='ocrx_word' id='word_1_633' title='bbox 2313 3112 2387 3164; x_wconf 86' lang='lat' dir='ltr'><strong>ait</strong></span> <span class='ocrx_word' id='word_1_634' title='bbox 2408 3110 2655 3183; x_wconf 83' lang='lat' dir='ltr'><strong>Basilius,</strong></span> <span class='ocrx_word' id='word_1_635' title='bbox 2686 3110 2852 3183; x_wconf 67' lang='lat' dir='ltr'><strong>omnis</strong></span> <span class='ocrx_word' id='word_1_636' title='bbox 2879 3111 3121 3183; x_wconf 80' lang='lat' dir='ltr'><strong>maleﬁcii</strong></span> <span class='ocrx_word' id='word_1_637' title='bbox 3150 3130 3259 3167; x_wconf 84' lang='lat' dir='ltr'><strong>esse</strong></span> <span class='ocrx_word' id='word_1_638' title='bbox 3289 3117 3487 3183; x_wconf 85' lang='lat' dir='ltr'><strong>princi-</strong></span> 
     </span>
    </p>
   </div>
   <div class='ocr_carea' id='block_1_87' title="bbox 1890 3180 3487 3304">
    <p class='ocr_par' dir='ltr' id='par_1_87' title="bbox 1890 3180 3487 3304">
     <span class='ocr_line' id='line_1_87' title="bbox 1890 3180 3487 3304; baseline 0.002 -67"><span class='ocrx_word' id='word_1_639' title='bbox 1890 3186 2072 3253; x_wconf 88' lang='lat' dir='ltr'><strong>pium,</strong></span> <span class='ocrx_word' id='word_1_640' title='bbox 2106 3198 2253 3237; x_wconf 86' lang='lat' dir='ltr'><strong>nemo</strong></span> <span class='ocrx_word' id='word_1_641' title='bbox 2294 3192 2366 3236; x_wconf 89' lang='lat' dir='ltr'><strong>est</strong></span> <span class='ocrx_word' id='word_1_642' title='bbox 2409 3182 2499 3304; x_wconf 55' lang='lat' dir='ltr'><strong>gini</strong></span> <span class='ocrx_word' id='word_1_643' title='bbox 2528 3181 2729 3304; x_wconf 60' lang='lat' dir='ltr'><strong>ignoret</strong></span> <span class='ocrx_word' id='word_1_644' title='bbox 2780 3180 2967 3250; x_wconf 86' lang='lat' dir='ltr'><strong>(Basil.</strong></span> <span class='ocrx_word' id='word_1_645' title='bbox 3009 3182 3064 3234; x_wconf 90' lang='lat' dir='ltr'><strong>in</strong></span> <span class='ocrx_word' id='word_1_646' title='bbox 3098 3180 3373 3255; x_wconf 78' lang='lat' dir='ltr'><strong>Hexam.).</strong></span> <span class='ocrx_word' id='word_1_647' title='bbox 3416 3189 3487 3244; x_wconf 83' lang='lat' dir='ltr'><strong>Et</strong></span> 
     </span>
     <span class='ocr_line' id='line_1_88' title="bbox 1890 3251 3480 3304; baseline 0 0"><span class='ocrx_word' id='word_1_648' title='bbox 1890 3256 2309 3304; x_wconf 72' lang='lat' dir='ltr'><strong>(Jhrvsostomus</strong></span> <span class='ocrx_word' id='word_1_649' title='bbox 2338 3253 2390 3304; x_wconf 92' lang='lat' dir='ltr'><strong>in</strong></span> <span class='ocrx_word' id='word_1_650' title='bbox 2466 3261 2539 3304; x_wconf 86' lang='lat' dir='ltr'><strong>att</strong></span> <span class='ocrx_word' id='word_1_651' title='bbox 2583 3267 2716 3304; x_wconf 67' lang='lat' dir='ltr'><strong>zeum</strong></span> <span class='ocrx_word' id='word_1_652' title='bbox 2746 3251 2988 3304; x_wconf 90' lang='lat' dir='ltr'><strong>scribens</strong></span> <span class='ocrx_word' id='word_1_653' title='bbox 3021 3265 3034 3304; x_wconf 92' lang='lat'><strong>:</strong></span> <span class='ocrx_word' id='word_1_654' title='bbox 3079 3252 3259 3304; x_wconf 82' lang='lat' dir='ltr'><strong>Valde-</strong></span> <span class='ocrx_word' id='word_1_655' title='bbox 3288 3260 3480 3304; x_wconf 80' lang='lat' dir='ltr'><strong>inmtiL</strong></span> 
     </span>
    </p>
   </div>
   <div class='ocr_carea' id='block_1_88' title="bbox 1890 3200 3484 3327">
    <p class='ocr_par' dir='ltr' id='par_1_88' title="bbox 1890 3200 3484 3327">
     <span class='ocr_line' id='line_1_89' title="bbox 1890 3200 3484 3255; baseline 0.003 -18"><span class='ocrx_word' id='word_1_656' title='bbox 1890 3202 2072 3253; x_wconf 82' lang='lat' dir='ltr'><strong>ptum,</strong></span> <span class='ocrx_word' id='word_1_657' title='bbox 2106 3200 2253 3237; x_wconf 87' lang='lat' dir='ltr'><strong>nemo</strong></span> <span class='ocrx_word' id='word_1_658' title='bbox 2294 3200 2366 3236; x_wconf 84' lang='lat' dir='ltr'><strong>est</strong></span> <span class='ocrx_word' id='word_1_659' title='bbox 2446 3200 2543 3234; x_wconf 78' lang='lat' dir='ltr'><strong>uti</strong></span> <span class='ocrx_word' id='word_1_660' title='bbox 2586 3200 2729 3234; x_wconf 80' lang='lat' dir='ltr'><strong>noret</strong></span> <span class='ocrx_word' id='word_1_661' title='bbox 2780 3200 2967 3250; x_wconf 67' lang='lat'><strong>(15118”.</strong></span> <span class='ocrx_word' id='word_1_662' title='bbox 3009 3200 3064 3234; x_wconf 80' lang='lat' dir='ltr'><strong>in</strong></span> <span class='ocrx_word' id='word_1_663' title='bbox 3098 3200 3373 3255; x_wconf 57' lang='lat' dir='ltr'><strong>nexam)</strong></span> <span class='ocrx_word' id='word_1_664' title='bbox 3416 3200 3484 3244; x_wconf 71' lang='grc' dir='ltr'><strong>ιςι</strong></span> 
     </span>
     <span class='ocr_line' id='line_1_90' title="bbox 1890 3200 3484 3327; baseline 0.004 -20"><span class='ocrx_word' id='word_1_665' title='bbox 1890 3256 2311 3327; x_wconf 76' lang='lat' dir='ltr'><strong>Chrysostomus</strong></span> <span class='ocrx_word' id='word_1_666' title='bbox 2338 3253 2390 3307; x_wconf 91' lang='lat' dir='ltr'><strong>in</strong></span> <span class='ocrx_word' id='word_1_667' title='bbox 2409 3200 2716 3327; x_wconf 58' lang='lat' dir='ltr'><strong>glauiiaeum</strong></span> <span class='ocrx_word' id='word_1_668' title='bbox 2746 3251 2988 3305; x_wconf 90' lang='lat' dir='ltr'><strong>scribens</strong></span> <span class='ocrx_word' id='word_1_669' title='bbox 3021 3265 3034 3304; x_wconf 92' lang='lat'><strong>:</strong></span> <span class='ocrx_word' id='word_1_670' title='bbox 3079 3252 3260 3321; x_wconf 87' lang='lat' dir='ltr'><strong>Valde,</strong></span> <span class='ocrx_word' id='word_1_671' title='bbox 3288 3260 3484 3327; x_wconf 89' lang='lat' dir='ltr'><strong>inquit,</strong></span> 
     </span>
    </p>
   </div>
   <div class='ocr_carea' id='block_1_89' title="bbox 1890 3324 3486 3393">
    <p class='ocr_par' dir='ltr' id='par_1_89' title="bbox 1890 3324 3486 3393">
     <span class='ocr_line' id='line_1_91' title="bbox 1890 3324 3486 3393; baseline 0.004 -15"><span class='ocrx_word' id='word_1_672' title='bbox 1890 3324 2123 3380; x_wconf 84' lang='lat' dir='ltr'><strong>desidero</strong></span> <span class='ocrx_word' id='word_1_673' title='bbox 2164 3343 2252 3379; x_wconf 87' lang='lat' dir='ltr'><strong>vos</strong></span> <span class='ocrx_word' id='word_1_674' title='bbox 2296 3325 2439 3379; x_wconf 87' lang='lat' dir='ltr'><strong>bonis</strong></span> <span class='ocrx_word' id='word_1_675' title='bbox 2488 3324 2723 3389; x_wconf 83' lang='lat' dir='ltr'><strong>aperibus</strong></span> <span class='ocrx_word' id='word_1_676' title='bbox 2752 3340 2857 3377; x_wconf 88' lang='lat' dir='ltr'><strong>esse</strong></span> <span class='ocrx_word' id='word_1_677' title='bbox 2890 3332 3162 3393; x_wconf 85' lang='lat' dir='ltr'><strong>occupatos</strong></span> <span class='ocrx_word' id='word_1_678' title='bbox 3185 3344 3204 3390; x_wconf 88' lang='lat'><strong><em>;</em></strong></span> <span class='ocrx_word' id='word_1_679' title='bbox 3254 3324 3486 3384; x_wconf 76' lang='lat' dir='ltr'><strong>omnium</strong></span> 
     </span>
    </p>
   </div>
   <div class='ocr_carea' id='block_1_90' title="bbox 1889 3396 3488 3468">
    <p class='ocr_par' dir='ltr' id='par_1_90' title="bbox 1889 3396 3488 3468">
     <span class='ocr_line' id='line_1_92' title="bbox 1889 3396 3488 3468; baseline 0.003 -19"><span class='ocrx_word' id='word_1_680' title='bbox 1889 3399 2024 3450; x_wconf 88' lang='lat' dir='ltr'><strong>enim</strong></span> <span class='ocrx_word' id='word_1_681' title='bbox 2060 3398 2301 3468; x_wconf 73' lang='lat' dir='ltr'><strong>vitiorum</strong></span> <span class='ocrx_word' id='word_1_682' title='bbox 2339 3397 2483 3465; x_wconf 85' lang='lat' dir='ltr'><strong>quasi</strong></span> <span class='ocrx_word' id='word_1_683' title='bbox 2514 3396 2754 3468; x_wconf 73' lang='lat' dir='ltr'><strong>magistra</strong></span> <span class='ocrx_word' id='word_1_684' title='bbox 2785 3396 3019 3468; x_wconf 70' lang='lat' dir='ltr'><strong>quaedam</strong></span> <span class='ocrx_word' id='word_1_685' title='bbox 3055 3405 3207 3463; x_wconf 85' lang='lat' dir='ltr'><strong>atque</strong></span> <span class='ocrx_word' id='word_1_686' title='bbox 3235 3400 3379 3468; x_wconf 84' lang='lat' dir='ltr'><strong>origo</strong></span> <span class='ocrx_word' id='word_1_687' title='bbox 3408 3411 3488 3454; x_wconf 84' lang='lat' dir='ltr'><strong>est</strong></span> 
     </span>
    </p>
   </div>
   <div class='ocr_carea' id='block_1_91' title="bbox 1887 3464 3485 3535">
    <p class='ocr_par' dir='ltr' id='par_1_91' title="bbox 1887 3464 3485 3535">
     <span class='ocr_line' id='line_1_93' title="bbox 1887 3464 3485 3535; baseline 0.004 -17"><span class='ocrx_word' id='word_1_688' title='bbox 1887 3469 2120 3521; x_wconf 85' lang='lat' dir='ltr'><strong>otiasitas</strong></span> <span class='ocrx_word' id='word_1_689' title='bbox 2151 3464 2478 3535; x_wconf 75' lang='lat' dir='ltr'><strong>(Hom.56).</strong></span> <span class='ocrx_word' id='word_1_690' title='bbox 2524 3464 2586 3517; x_wconf 86' lang='grc' dir='ltr'><strong>Ι).</strong></span> <span class='ocrx_word' id='word_1_691' title='bbox 2616 3466 2985 3535; x_wconf 76' lang='lat' dir='ltr'><strong>Augustinus,</strong></span> <span class='ocrx_word' id='word_1_692' title='bbox 3020 3479 3112 3518; x_wconf 90' lang='lat' dir='ltr'><strong>seu</strong></span> <span class='ocrx_word' id='word_1_693' title='bbox 3143 3470 3263 3535; x_wconf 89' lang='lat' dir='ltr'><strong>quis</strong></span> <span class='ocrx_word' id='word_1_694' title='bbox 3293 3464 3485 3525; x_wconf 74' lang='lat' dir='ltr'><strong>auctor</strong></span> 
     </span>
    </p>
   </div>
   <div class='ocr_carea' id='block_1_92' title="bbox 1886 3534 3480 3608">
    <p class='ocr_par' dir='ltr' id='par_1_92' title="bbox 1886 3534 3480 3608">
     <span class='ocr_line' id='line_1_94' title="bbox 1886 3534 3480 3608; baseline 0.003 -18"><span class='ocrx_word' id='word_1_695' title='bbox 1886 3552 2199 3593; x_wconf 89' lang='lat' dir='ltr'><strong>sermonum</strong></span> <span class='ocrx_word' id='word_1_696' title='bbox 2247 3538 2313 3591; x_wconf 89' lang='lat' dir='ltr'><strong>ad</strong></span> <span class='ocrx_word' id='word_1_697' title='bbox 2359 3539 2555 3590; x_wconf 84' lang='lat' dir='ltr'><strong>fratres</strong></span> <span class='ocrx_word' id='word_1_698' title='bbox 2599 3537 2650 3608; x_wconf 87' lang='lat' dir='ltr'><strong>in</strong></span> <span class='ocrx_word' id='word_1_699' title='bbox 2678 3550 2869 3608; x_wconf 80' lang='lat' dir='ltr'><strong>eremo</strong></span> <span class='ocrx_word' id='word_1_700' title='bbox 2904 3553 2915 3587; x_wconf 87' lang='lat'><strong>:</strong></span> <span class='ocrx_word' id='word_1_701' title='bbox 2954 3534 3056 3588; x_wconf 87' lang='lat' dir='ltr'><strong>Per</strong></span> <span class='ocrx_word' id='word_1_702' title='bbox 3088 3534 3240 3598; x_wconf 86' lang='lat' dir='ltr'><strong>hanc,</strong></span> <span class='ocrx_word' id='word_1_703' title='bbox 3275 3539 3480 3608; x_wconf 91' lang='lat' dir='ltr'><strong>inquit,</strong></span> 
     </span>
    </p>
   </div>
   <div class='ocr_carea' id='block_1_93' title="bbox 1888 3604 3484 3679">
    <p class='ocr_par' dir='ltr' id='par_1_93' title="bbox 1888 3604 3484 3679">
     <span class='ocr_line' id='line_1_95' title="bbox 1888 3604 3484 3679; baseline 0.003 -19"><span class='ocrx_word' id='word_1_704' title='bbox 1888 3608 2183 3679; x_wconf 88' lang='lat' dir='ltr'><strong>frequenter</strong></span> <span class='ocrx_word' id='word_1_705' title='bbox 2212 3608 2538 3661; x_wconf 86' lang='lat' dir='ltr'><strong>accendimur</strong></span> <span class='ocrx_word' id='word_1_706' title='bbox 2569 3605 2636 3679; x_wconf 83' lang='lat' dir='ltr'><strong>ad</strong></span> <span class='ocrx_word' id='word_1_707' title='bbox 2668 3604 2930 3679; x_wconf 65' lang='lat' dir='ltr'><strong>luxuriam</strong></span> <span class='ocrx_word' id='word_1_708' title='bbox 2950 3644 2964 3667; x_wconf 92' lang='lat'><strong>,</strong></span> <span class='ocrx_word' id='word_1_709' title='bbox 3007 3622 3097 3674; x_wconf 83' lang='lat' dir='ltr'><strong>per</strong></span> <span class='ocrx_word' id='word_1_710' title='bbox 3123 3609 3254 3679; x_wconf 80' lang='lat' dir='ltr'><strong>hanc</strong></span> <span class='ocrx_word' id='word_1_711' title='bbox 3279 3604 3484 3664; x_wconf 50' lang='lat' dir='ltr'><strong>animai-</strong></span> 
     </span>
    </p>
   </div>
   <div class='ocr_carea' id='block_1_94' title="bbox 1886 3674 3483 3747">
    <p class='ocr_par' dir='ltr' id='par_1_94' title="bbox 1886 3674 3483 3747">
     <span class='ocr_line' id='line_1_96' title="bbox 1886 3674 3483 3747; baseline -0.005 -16"><span class='ocrx_word' id='word_1_712' title='bbox 1886 3674 2002 3733; x_wconf 77' lang='lat' dir='ltr'><strong>mur</strong></span> <span class='ocrx_word' id='word_1_713' title='bbox 2030 3680 2098 3733; x_wconf 91' lang='lat' dir='ltr'><strong>ad</strong></span> <span class='ocrx_word' id='word_1_714' title='bbox 2128 3679 2437 3745; x_wconf 80' lang='lat' dir='ltr'><strong>superbiam,</strong></span> <span class='ocrx_word' id='word_1_715' title='bbox 2483 3691 2573 3745; x_wconf 88' lang='lat' dir='ltr'><strong>per</strong></span> <span class='ocrx_word' id='word_1_716' title='bbox 2616 3674 2750 3747; x_wconf 80' lang='lat' dir='ltr'><strong>hanc</strong></span> <span class='ocrx_word' id='word_1_717' title='bbox 2798 3675 3036 3747; x_wconf 77' lang='lat' dir='ltr'><strong>ducimur</strong></span> <span class='ocrx_word' id='word_1_718' title='bbox 3064 3676 3131 3725; x_wconf 86' lang='lat' dir='ltr'><strong>ad</strong></span> <span class='ocrx_word' id='word_1_719' title='bbox 3161 3680 3342 3730; x_wconf 88' lang='lat' dir='ltr'><strong>mundi</strong></span> <span class='ocrx_word' id='word_1_720' title='bbox 3366 3681 3483 3747; x_wconf 84' lang='lat' dir='ltr'><strong>glo.</strong></span> 
     </span>
    </p>
   </div>
   <div class='ocr_carea' id='block_1_95' title="bbox 1885 3745 3483 3820">
    <p class='ocr_par' dir='ltr' id='par_1_95' title="bbox 1885 3745 3483 3820">
     <span class='ocr_line' id='line_1_97' title="bbox 1885 3745 3483 3820; baseline -0.001 -18"><span class='ocrx_word' id='word_1_721' title='bbox 1885 3752 2038 3815; x_wconf 88' lang='lat' dir='ltr'><strong>riam,</strong></span> <span class='ocrx_word' id='word_1_722' title='bbox 2067 3766 2157 3817; x_wconf 89' lang='lat' dir='ltr'><strong>per</strong></span> <span class='ocrx_word' id='word_1_723' title='bbox 2183 3747 2317 3800; x_wconf 86' lang='lat' dir='ltr'><strong>hanc</strong></span> <span class='ocrx_word' id='word_1_724' title='bbox 2345 3755 2601 3820; x_wconf 73' lang='lat' dir='ltr'><strong>tentantur</strong></span> <span class='ocrx_word' id='word_1_725' title='bbox 2632 3745 2843 3820; x_wconf 82' lang='lat' dir='ltr'><strong>delicate</strong></span> <span class='ocrx_word' id='word_1_726' title='bbox 2881 3745 3044 3820; x_wconf 79' lang='lat' dir='ltr'><strong>pasci,</strong></span> <span class='ocrx_word' id='word_1_727' title='bbox 3077 3761 3193 3820; x_wconf 84' lang='lat' dir='ltr'><strong>per_</strong></span> <span class='ocrx_word' id='word_1_728' title='bbox 3207 3748 3340 3798; x_wconf 87' lang='lat' dir='ltr'><strong>hanc</strong></span> <span class='ocrx_word' id='word_1_729' title='bbox 3368 3745 3483 3820; x_wconf 77' lang='lat' dir='ltr'><strong>suf-</strong></span> 
     </span>
    </p>
   </div>
   <div class='ocr_carea' id='block_1_96' title="bbox 1885 3814 3483 3889">
    <p class='ocr_par' dir='ltr' id='par_1_96' title="bbox 1885 3814 3483 3889">
     <span class='ocr_line' id='line_1_98' title="bbox 1885 3814 3483 3889; baseline -0.001 -16"><span class='ocrx_word' id='word_1_730' title='bbox 1885 3814 2117 3889; x_wconf 81' lang='lat' dir='ltr'><strong>focamur</strong></span> <span class='ocrx_word' id='word_1_731' title='bbox 2144 3815 2588 3889; x_wconf 9' lang='lat' dir='ltr'><strong>pretiosegvestiti,</strong></span> <span class='ocrx_word' id='word_1_732' title='bbox 2619 3814 2869 3889; x_wconf 41' lang='lat' dir='ltr'><strong>per-lianc</strong></span> <span class='ocrx_word' id='word_1_733' title='bbox 2895 3814 2962 3889; x_wconf 82' lang='lat' dir='ltr'><strong>ad</strong></span> <span class='ocrx_word' id='word_1_734' title='bbox 3000 3817 3317 3889; x_wconf 78' lang='lat' dir='ltr'><strong>superfluam</strong></span> <span class='ocrx_word' id='word_1_735' title='bbox 3356 3814 3483 3889; x_wconf 78' lang='lat' dir='ltr'><strong>dor-</strong></span> 
     </span>
    </p>
   </div>
   <div class='ocr_carea' id='block_1_97' title="bbox 1885 3882 3481 3954">
    <p class='ocr_par' dir='ltr' id='par_1_97' title="bbox 1885 3882 3481 3954">
     <span class='ocr_line' id='line_1_99' title="bbox 1885 3882 3481 3954; baseline 0 -11"><span class='ocrx_word' id='word_1_736' title='bbox 1885 3882 2200 3944; x_wconf 68' lang='lat' dir='ltr'><strong>irritationem</strong></span> <span class='ocrx_word' id='word_1_737' title='bbox 2252 3887 2535 3948; x_wconf 84' lang='lat' dir='ltr'><strong>trahimur,</strong></span> <span class='ocrx_word' id='word_1_738' title='bbox 2583 3899 2671 3954; x_wconf 88' lang='lat' dir='ltr'><strong>per</strong></span> <span class='ocrx_word' id='word_1_739' title='bbox 2714 3882 2849 3954; x_wconf 75' lang='lat' dir='ltr'><strong>hanc</strong></span> <span class='ocrx_word' id='word_1_740' title='bbox 2890 3885 2959 3934; x_wconf 90' lang='lat' dir='ltr'><strong>ad</strong></span> <span class='ocrx_word' id='word_1_741' title='bbox 3006 3882 3160 3936; x_wconf 83' lang='lat' dir='ltr'><strong>verba</strong></span> <span class='ocrx_word' id='word_1_742' title='bbox 3205 3888 3481 3943; x_wconf 78' lang='lat' dir='ltr'><strong>steculariu</strong></span> 
     </span>
    </p>
   </div>
   <div class='ocr_carea' id='block_1_98' title="bbox 1885 3953 3480 4027">
    <p class='ocr_par' dir='ltr' id='par_1_98' title="bbox 1885 3953 3480 4027">
     <span class='ocr_line' id='line_1_100' title="bbox 1885 3953 3480 4027; baseline 0.024 -13"><span class='ocrx_word' id='word_1_743' title='bbox 1885 3962 2144 4015; x_wconf 88' lang='lat' dir='ltr'><strong>ducimur.</strong></span> <span class='ocrx_word' id='word_1_744' title='bbox 2180 3957 2231 4012; x_wconf 88' lang='grc' dir='ltr'><em>Ν</em></span> <span class='ocrx_word' id='word_1_745' title='bbox 2237 3970 2480 4027; x_wconf 73' lang='lat' dir='ltr'><strong>umquam</strong></span> <span class='ocrx_word' id='word_1_746' title='bbox 2506 3953 2777 4027; x_wconf 58' lang='grc' dir='ltr'><strong>φηξέίυίδ-</strong></span> <span class='ocrx_word' id='word_1_747' title='bbox 2793 3955 3038 4008; x_wconf 53' lang='lat' dir='ltr'><strong>caelorum</strong></span> <span class='ocrx_word' id='word_1_748' title='bbox 3074 3956 3190 4027; x_wconf 53' lang='lat' dir='ltr'><strong>eri&quot;</strong></span> <span class='ocrx_word' id='word_1_749' title='bbox 3225 3959 3269 4011; x_wconf 55' lang='lat' dir='ltr'><strong>si</strong></span> <span class='ocrx_word' id='word_1_750' title='bbox 3300 3961 3480 4015; x_wconf 51' lang='lat' dir='ltr'><strong>omni-</strong></span> 
     </span>
    </p>
   </div>
   <div class='ocr_carea' id='block_1_99' title="bbox 1886 4024 3479 4096">
    <p class='ocr_par' dir='ltr' id='par_1_99' title="bbox 1886 4024 3479 4096">
     <span class='ocr_line' id='line_1_101' title="bbox 1886 4024 3479 4096; baseline 0.001 -10"><span class='ocrx_word' id='word_1_751' title='bbox 1886 4042 2041 4087; x_wconf 89' lang='lat' dir='ltr'><strong>tatem</strong></span> <span class='ocrx_word' id='word_1_752' title='bbox 2071 4024 2548 4096; x_wconf 65' lang='lat' dir='ltr'><strong>amaverittSerm.</strong></span> <span class='ocrx_word' id='word_1_753' title='bbox 2590 4024 2699 4094; x_wconf 71' lang='grc'><strong>16).</strong></span> <span class='ocrx_word' id='word_1_754' title='bbox 2752 4025 2959 4080; x_wconf 79' lang='lat' dir='ltr'><strong>Rursus</strong></span> <span class='ocrx_word' id='word_1_755' title='bbox 3004 4026 3203 4082; x_wconf 87' lang='lat' dir='ltr'><strong>ibidem</strong></span> <span class='ocrx_word' id='word_1_756' title='bbox 3246 4045 3260 4085; x_wconf 88' lang='lat'><strong>:</strong></span> <span class='ocrx_word' id='word_1_757' title='bbox 3313 4030 3479 4096; x_wconf 83' lang='lat' dir='ltr'><strong>Quem</strong></span> 
     </span>
    </p>
   </div>
   <div class='ocr_carea' id='block_1_100' title="bbox 1886 4096 3480 4169">
    <p class='ocr_par' dir='ltr' id='par_1_100' title="bbox 1886 4096 3480 4169">
     <span class='ocr_line' id='line_1_102' title="bbox 1886 4096 3480 4169; baseline -0.003 -12"><span class='ocrx_word' id='word_1_758' title='bbox 1886 4106 2034 4159; x_wconf 69' lang='lat' dir='ltr'><strong>tardet</strong></span> <span class='ocrx_word' id='word_1_759' title='bbox 2066 4118 2213 4156; x_wconf 87' lang='lat' dir='ltr'><strong>orare</strong></span> <span class='ocrx_word' id='word_1_760' title='bbox 2235 4142 2249 4164; x_wconf 92' lang='lat'><strong>,</strong></span> <span class='ocrx_word' id='word_1_761' title='bbox 2288 4099 2365 4152; x_wconf 84' lang='lat' dir='ltr'><strong>vel</strong></span> <span class='ocrx_word' id='word_1_762' title='bbox 2396 4098 2612 4169; x_wconf 83' lang='lat' dir='ltr'><strong>psallere</strong></span> <span class='ocrx_word' id='word_1_763' title='bbox 2630 4138 2651 4169; x_wconf 16' lang='grc' dir='ltr'>,ν</span> <span class='ocrx_word' id='word_1_764' title='bbox 2674 4096 2906 4169; x_wconf 61' lang='lat' dir='ltr'><strong>laborare</strong></span> <span class='ocrx_word' id='word_1_765' title='bbox 2932 4097 3167 4151; x_wconf 86' lang='lat' dir='ltr'><strong>manibus</strong></span> <span class='ocrx_word' id='word_1_766' title='bbox 3195 4115 3295 4152; x_wconf 85' lang='lat' dir='ltr'><strong>non</strong></span> <span class='ocrx_word' id='word_1_767' title='bbox 3324 4102 3480 4168; x_wconf 70' lang='lat' dir='ltr'><strong>diffe-</strong></span> 
     </span>
    </p>
   </div>
   <div class='ocr_carea' id='block_1_101' title="bbox 1886 4165 3479 4243">
    <p class='ocr_par' dir='ltr' id='par_1_101' title="bbox 1886 4165 3479 4243">
     <span class='ocr_line' id='line_1_103' title="bbox 1886 4165 3479 4243; baseline -0.001 -15"><span class='ocrx_word' id='word_1_768' title='bbox 1886 4189 1987 4242; x_wconf 88' lang='lat' dir='ltr'><strong>rat,</strong></span> <span class='ocrx_word' id='word_1_769' title='bbox 2018 4175 2248 4243; x_wconf 88' lang='lat' dir='ltr'><strong>cogitans</strong></span> <span class='ocrx_word' id='word_1_770' title='bbox 2271 4165 2412 4243; x_wconf 77' lang='lat' dir='ltr'><strong>quod</strong></span> <span class='ocrx_word' id='word_1_771' title='bbox 2445 4168 2697 4243; x_wconf 77' lang='lat' dir='ltr'><strong>quamdiu</strong></span> <span class='ocrx_word' id='word_1_772' title='bbox 2724 4165 2895 4243; x_wconf 83' lang='lat' dir='ltr'><strong>David</strong></span> <span class='ocrx_word' id='word_1_773' title='bbox 2921 4169 3145 4221; x_wconf 72' lang='lat' dir='ltr'><strong>exercuit</strong></span> <span class='ocrx_word' id='word_1_774' title='bbox 3174 4186 3228 4223; x_wconf 90' lang='lat' dir='ltr'><strong>se</strong></span> <span class='ocrx_word' id='word_1_775' title='bbox 3253 4171 3309 4243; x_wconf 81' lang='lat' dir='ltr'><strong>in</strong></span> <span class='ocrx_word' id='word_1_776' title='bbox 3338 4165 3479 4226; x_wconf 78' lang='lat' dir='ltr'><strong>mili-</strong></span> 
     </span>
    </p>
   </div>
   <div class='ocr_carea' id='block_1_102' title="bbox 1888 4239 3479 4309">
    <p class='ocr_par' dir='ltr' id='par_1_102' title="bbox 1888 4239 3479 4309">
     <span class='ocr_line' id='line_1_104' title="bbox 1888 4239 3479 4309; baseline -0.001 -11"><span class='ocrx_word' id='word_1_777' title='bbox 1888 4239 1991 4308; x_wconf 77' lang='lat' dir='ltr'><strong>tia,</strong></span> <span class='ocrx_word' id='word_1_778' title='bbox 2022 4239 2126 4297; x_wconf 37' lang='lat' dir='ltr'><strong>na’n</strong></span> <span class='ocrx_word' id='word_1_779' title='bbox 2154 4239 2413 4295; x_wconf 20' lang='lat' dir='ltr'><strong>insul‘tavit</strong></span> <span class='ocrx_word' id='word_1_780' title='bbox 2442 4241 2488 4292; x_wconf 89' lang='lat' dir='ltr'><strong>ei</strong></span> <span class='ocrx_word' id='word_1_781' title='bbox 2520 4241 2767 4303; x_wconf 73' lang='lat' dir='ltr'><strong>luxuria;</strong></span> <span class='ocrx_word' id='word_1_782' title='bbox 2807 4239 2895 4293; x_wconf 83' lang='lat' dir='ltr'><strong>sed</strong></span> <span class='ocrx_word' id='word_1_783' title='bbox 2922 4249 3191 4309; x_wconf 86' lang='lat' dir='ltr'><strong>postquam</strong></span> <span class='ocrx_word' id='word_1_784' title='bbox 3244 4242 3296 4293; x_wconf 89' lang='lat' dir='ltr'><strong>in</strong></span> <span class='ocrx_word' id='word_1_785' title='bbox 3325 4245 3479 4296; x_wconf 89' lang='lat' dir='ltr'><strong>domo</strong></span> 
     </span>
    </p>
   </div>
   <div class='ocr_carea' id='block_1_103' title="bbox 1888 4309 3479 4375">
    <p class='ocr_par' dir='ltr' id='par_1_103' title="bbox 1888 4309 3479 4375">
     <span class='ocr_line' id='line_1_105' title="bbox 1888 4309 3479 4375; baseline -0.001 -7"><span class='ocrx_word' id='word_1_786' title='bbox 1888 4317 2079 4369; x_wconf 85' lang='lat' dir='ltr'><strong>otiosus</strong></span> <span class='ocrx_word' id='word_1_787' title='bbox 2128 4315 2408 4375; x_wconf 82' lang='lat' dir='ltr'><strong>remansit,</strong></span> <span class='ocrx_word' id='word_1_788' title='bbox 2459 4311 2712 4363; x_wconf 84' lang='lat' dir='ltr'><strong>laborauit</strong></span> <span class='ocrx_word' id='word_1_789' title='bbox 2754 4311 3037 4373; x_wconf 88' lang='lat' dir='ltr'><strong>adulterio,</strong></span> <span class='ocrx_word' id='word_1_790' title='bbox 3070 4320 3115 4362; x_wconf 79' lang='lat' dir='ltr'><strong>et</strong></span> <span class='ocrx_word' id='word_1_791' title='bbox 3141 4309 3479 4367; x_wconf 88' lang='lat' dir='ltr'><strong>homicidium</strong></span> 
     </span>
    </p>
   </div>
   <div class='ocr_carea' id='block_1_104' title="bbox 1886 4380 3480 4454">
    <p class='ocr_par' dir='ltr' id='par_1_104' title="bbox 1886 4380 3480 4454">
     <span class='ocr_line' id='line_1_106' title="bbox 1886 4380 3480 4454; baseline -0.001 -15"><span class='ocrx_word' id='word_1_792' title='bbox 1886 4386 2138 4439; x_wconf 86' lang='lat' dir='ltr'><strong>commisit</strong></span> <span class='ocrx_word' id='word_1_793' title='bbox 2192 4383 2259 4454; x_wconf 92' lang='grc' dir='ltr'><strong>(ΙΙ</strong></span> <span class='ocrx_word' id='word_1_794' title='bbox 2294 4384 2421 4452; x_wconf 82' lang='lat' dir='ltr'><strong>Reg.</strong></span> <span class='ocrx_word' id='word_1_795' title='bbox 2448 4381 2546 4454; x_wconf 76' lang='lat' dir='ltr'><strong>xi).</strong></span> <span class='ocrx_word' id='word_1_796' title='bbox 2597 4380 2818 4454; x_wconf 67' lang='lat' dir='ltr'><strong>Samson</strong></span> <span class='ocrx_word' id='word_1_797' title='bbox 2864 4381 2986 4454; x_wconf 80' lang='lat' dir='ltr'><strong>dum</strong></span> <span class='ocrx_word' id='word_1_798' title='bbox 3032 4398 3145 4433; x_wconf 89' lang='lat' dir='ltr'><strong>cum</strong></span> <span class='ocrx_word' id='word_1_799' title='bbox 3195 4381 3480 4438; x_wconf 77' lang='lat' dir='ltr'><strong>Philistwis</strong></span> 
     </span>
    </p>
   </div>
   <div class='ocr_carea' id='block_1_105' title="bbox 1889 4450 3478 4525">
    <p class='ocr_par' dir='ltr' id='par_1_105' title="bbox 1889 4450 3478 4525">
     <span class='ocr_line' id='line_1_107' title="bbox 1889 4450 3478 4525; baseline -0.001 -17"><span class='ocrx_word' id='word_1_800' title='bbox 1889 4457 2154 4524; x_wconf 82' lang='lat' dir='ltr'><strong>pugnavit,</strong></span> <span class='ocrx_word' id='word_1_801' title='bbox 2200 4450 2302 4507; x_wconf 77' lang='lat' dir='ltr'><strong>non</strong></span> <span class='ocrx_word' id='word_1_802' title='bbox 2334 4450 2641 4525; x_wconf 83' lang='lat' dir='ltr'><strong>potuitcapi</strong></span> <span class='ocrx_word' id='word_1_803' title='bbox 2668 4453 2730 4503; x_wconf 85' lang='lat' dir='ltr'><strong>ab</strong></span> <span class='ocrx_word' id='word_1_804' title='bbox 2763 4450 3035 4525; x_wconf 83' lang='lat' dir='ltr'><strong>hostibus;</strong></span> <span class='ocrx_word' id='word_1_805' title='bbox 3076 4453 3165 4503; x_wconf 88' lang='lat' dir='ltr'><strong>sed</strong></span> <span class='ocrx_word' id='word_1_806' title='bbox 3205 4465 3478 4521; x_wconf 83' lang='lat' dir='ltr'><strong>postquam</strong></span> 
     </span>
    </p>
   </div>
   <div class='ocr_carea' id='block_1_106' title="bbox 1887 4523 3478 4591">
    <p class='ocr_par' dir='ltr' id='par_1_106' title="bbox 1887 4523 3478 4591">
     <span class='ocr_line' id='line_1_108' title="bbox 1887 4523 3478 4591; baseline -0.001 -12"><span class='ocrx_word' id='word_1_807' title='bbox 1887 4523 2125 4579; x_wconf 81' lang='lat' dir='ltr'><strong>dormivit</strong></span> <span class='ocrx_word' id='word_1_808' title='bbox 2170 4526 2223 4576; x_wconf 89' lang='lat' dir='ltr'><strong>in</strong></span> <span class='ocrx_word' id='word_1_809' title='bbox 2262 4523 2377 4578; x_wconf 84' lang='lat' dir='ltr'><strong>sinu</strong></span> <span class='ocrx_word' id='word_1_810' title='bbox 2410 4524 2614 4591; x_wconf 79' lang='lat' dir='ltr'><strong>femina:</strong></span> <span class='ocrx_word' id='word_1_811' title='bbox 2636 4568 2649 4586; x_wconf 88' lang='lat'><strong>,</strong></span> <span class='ocrx_word' id='word_1_812' title='bbox 2680 4531 2728 4574; x_wconf 86' lang='lat' dir='ltr'><strong>et</strong></span> <span class='ocrx_word' id='word_1_813' title='bbox 2756 4523 2914 4574; x_wconf 86' lang='lat' dir='ltr'><strong>otiose</strong></span> <span class='ocrx_word' id='word_1_814' title='bbox 2954 4536 3067 4591; x_wconf 84' lang='lat' dir='ltr'><strong>cum</strong></span> <span class='ocrx_word' id='word_1_815' title='bbox 3110 4539 3173 4575; x_wconf 89' lang='lat' dir='ltr'><strong>ea</strong></span> <span class='ocrx_word' id='word_1_816' title='bbox 3209 4526 3478 4587; x_wconf 83' lang='lat' dir='ltr'><strong>remansit,</strong></span> 
     </span>
    </p>
   </div>
   <div class='ocr_carea' id='block_1_107' title="bbox 1889 4590 3480 4667">
    <p class='ocr_par' dir='ltr' id='par_1_107' title="bbox 1889 4590 3480 4667">
     <span class='ocr_line' id='line_1_109' title="bbox 1889 4590 3480 4667; baseline 0.001 -20"><span class='ocrx_word' id='word_1_817' title='bbox 1889 4613 2008 4650; x_wconf 74' lang='lat' dir='ltr'><strong>mox</strong></span> <span class='ocrx_word' id='word_1_818' title='bbox 2037 4597 2255 4667; x_wconf 83' lang='lat' dir='ltr'><strong>capitur,</strong></span> <span class='ocrx_word' id='word_1_819' title='bbox 2282 4606 2329 4649; x_wconf 89' lang='lat' dir='ltr'><strong>et</strong></span> <span class='ocrx_word' id='word_1_820' title='bbox 2356 4590 2576 4648; x_wconf 80' lang='lat' dir='ltr'><strong>ccecatur</strong></span> <span class='ocrx_word' id='word_1_821' title='bbox 2603 4593 2664 4645; x_wconf 87' lang='lat' dir='ltr'><strong>ab</strong></span> <span class='ocrx_word' id='word_1_822' title='bbox 2693 4591 2920 4667; x_wconf 75' lang='lat' dir='ltr'><strong>hostibus</strong></span> <span class='ocrx_word' id='word_1_823' title='bbox 2962 4590 3159 4667; x_wconf 78' lang='lat' dir='ltr'><strong>(ludic.</strong></span> <span class='ocrx_word' id='word_1_824' title='bbox 3206 4595 3338 4667; x_wconf 79' lang='lat' dir='ltr'><strong>xu).</strong></span> <span class='ocrx_word' id='word_1_825' title='bbox 3375 4595 3480 4650; x_wconf 87' lang='lat' dir='ltr'><strong>Sa-</strong></span> 
     </span>
    </p>
   </div>
   <div class='ocr_carea' id='block_1_108' title="bbox 1891 4662 3480 4735">
    <p class='ocr_par' dir='ltr' id='par_1_108' title="bbox 1891 4662 3480 4735">
     <span class='ocr_line' id='line_1_110' title="bbox 1891 4662 3480 4735; baseline 0.002 -17"><span class='ocrx_word' id='word_1_826' title='bbox 1891 4662 2228 4729; x_wconf 54' lang='lat' dir='ltr'><strong>lomon,&#39;dttm</strong></span> <span class='ocrx_word' id='word_1_827' title='bbox 2252 4676 2526 4735; x_wconf 85' lang='lat' dir='ltr'><strong>occupatus</strong></span> <span class='ocrx_word' id='word_1_828' title='bbox 2551 4674 2679 4717; x_wconf 86' lang='lat' dir='ltr'><strong>esset</strong></span> <span class='ocrx_word' id='word_1_829' title='bbox 2698 4662 2751 4715; x_wconf 90' lang='lat' dir='ltr'><strong>in</strong></span> <span class='ocrx_word' id='word_1_830' title='bbox 2781 4664 3122 4735; x_wconf 76' lang='lat' dir='ltr'><strong>wdiﬁcatione</strong></span> <span class='ocrx_word' id='word_1_831' title='bbox 3145 4662 3342 4734; x_wconf 87' lang='lat' dir='ltr'><strong>templi,</strong></span> <span class='ocrx_word' id='word_1_832' title='bbox 3362 4683 3480 4731; x_wconf 67' lang='grc' dir='ltr'><strong>,ηοη</strong></span> 
     </span>
    </p>
   </div>
   <div class='ocr_carea' id='block_1_109' title="bbox 198 4732 3481 4806">
    <p class='ocr_par' dir='ltr' id='par_1_109' title="bbox 198 4732 3481 4806">
     <span class='ocr_line' id='line_1_111' title="bbox 198 4732 3481 4806; baseline 0.001 -19"><span class='ocrx_word' id='word_1_833' title='bbox 198 4735 347 4806; x_wconf 75' lang='lat' dir='ltr'><strong>ribus</strong></span> <span class='ocrx_word' id='word_1_834' title='bbox 375 4740 614 4791; x_wconf 82' lang='lat' dir='ltr'><strong>exerceri</strong></span> <span class='ocrx_word' id='word_1_835' title='bbox 647 4753 707 4790; x_wconf 90' lang='lat' dir='ltr'><strong>ac</strong></span> <span class='ocrx_word' id='word_1_836' title='bbox 742 4739 913 4806; x_wconf 90' lang='lat' dir='ltr'><strong>puniri</strong></span> <span class='ocrx_word' id='word_1_837' title='bbox 954 4739 1163 4805; x_wconf 86' lang='lat' dir='ltr'><strong>solent,</strong></span> <span class='ocrx_word' id='word_1_838' title='bbox 1191 4732 1395 4791; x_wconf 51' lang='lat' dir='ltr'><strong>ut&#39;alibi</strong></span> <span class='ocrx_word' id='word_1_839' title='bbox 1426 4747 1510 4792; x_wconf 91' lang='lat' dir='ltr'><strong>est</strong></span> <span class='ocrx_word' id='word_1_840' title='bbox 1536 4732 1778 4794; x_wconf 71' lang='lat' dir='ltr'><strong>notatum</strong></span> <span class='ocrx_word' id='word_1_841' title='bbox 1807 4737 1860 4795; x_wconf 87' lang='lat' dir='ltr'><strong>D</strong></span> <span class='ocrx_word' id='word_1_842' title='bbox 1886 4740 2039 4791; x_wconf 82' lang='lat' dir='ltr'><strong>sensit</strong></span> <span class='ocrx_word' id='word_1_843' title='bbox 2071 4732 2511 4801; x_wconf 48' lang='lat' dir='ltr'><strong>luxuriamfsed,</strong></span> <span class='ocrx_word' id='word_1_844' title='bbox 2554 4750 2673 4806; x_wconf 75' lang='lat' dir='ltr'><strong>mox</strong></span> <span class='ocrx_word' id='word_1_845' title='bbox 2710 4734 2947 4786; x_wconf 88' lang='lat' dir='ltr'><strong>recedens</strong></span> <span class='ocrx_word' id='word_1_846' title='bbox 2985 4732 3048 4784; x_wconf 89' lang='lat' dir='ltr'><strong>ab</strong></span> <span class='ocrx_word' id='word_1_847' title='bbox 3079 4732 3278 4806; x_wconf 78' lang='lat' dir='ltr'><strong>apere,</strong></span> <span class='ocrx_word' id='word_1_848' title='bbox 3323 4738 3481 4791; x_wconf 82' lang='lat' dir='ltr'><strong>sensit</strong></span> 
     </span>
    </p>
   </div>
   <div class='ocr_carea' id='block_1_110' title="bbox 202 4804 1778 4880">
    <p class='ocr_par' dir='ltr' id='par_1_110' title="bbox 202 4804 1778 4880">
     <span class='ocr_line' id='line_1_112' title="bbox 202 4804 1778 4880; baseline 0.006 -25"><span class='ocrx_word' id='word_1_849' title='bbox 202 4804 419 4880; x_wconf 21' lang='lat' dir='ltr'><strong>(Liblv.</strong></span> <span class='ocrx_word' id='word_1_850' title='bbox 441 4824 499 4880; x_wconf 12' lang='lat' dir='ltr'><strong>7c.</strong></span> <span class='ocrx_word' id='word_1_851' title='bbox 533 4810 649 4879; x_wconf 78' lang='lat'><strong>38).</strong></span> <span class='ocrx_word' id='word_1_852' title='bbox 684 4804 787 4863; x_wconf 83' lang='lat' dir='ltr'><strong>Sed</strong></span> <span class='ocrx_word' id='word_1_853' title='bbox 819 4811 887 4862; x_wconf 88' lang='lat' dir='ltr'><strong>de</strong></span> <span class='ocrx_word' id='word_1_854' title='bbox 920 4809 1003 4863; x_wconf 93' lang='lat' dir='ltr'><strong>his</strong></span> <span class='ocrx_word' id='word_1_855' title='bbox 1033 4812 1185 4863; x_wconf 88' lang='lat' dir='ltr'><strong>satis.</strong></span> <span class='ocrx_word' id='word_1_856' title='bbox 1219 4808 1350 4863; x_wconf 86' lang='lat' dir='ltr'><strong>Vide</strong></span> <span class='ocrx_word' id='word_1_857' title='bbox 1376 4810 1539 4862; x_wconf 83' lang='lat' dir='ltr'><strong>etiam</strong></span> <span class='ocrx_word' id='word_1_858' title='bbox 1566 4825 1683 4880; x_wconf 64' lang='lat' dir='ltr'><strong>quae</strong></span> <span class='ocrx_word' id='word_1_859' title='bbox 1711 4812 1778 4865; x_wconf 88' lang='lat' dir='ltr'><strong>ad</strong></span> 
     </span>
    </p>
   </div>
   <div class='ocr_carea' id='block_1_111' title="bbox 200 4878 1794 4942">
    <p class='ocr_par' dir='ltr' id='par_1_111' title="bbox 200 4878 1794 4942">
     <span class='ocr_line' id='line_1_113' title="bbox 200 4878 1794 4942; baseline 0.008 -15"><span class='ocrx_word' id='word_1_860' title='bbox 200 4890 320 4942; x_wconf 85' lang='lat' dir='ltr'><strong>cap.</strong></span> <span class='ocrx_word' id='word_1_861' title='bbox 354 4878 386 4930; x_wconf 80' lang='grc'>5</span> <span class='ocrx_word' id='word_1_862' title='bbox 416 4879 509 4932; x_wconf 90' lang='lat' dir='ltr'><strong>lib.</strong></span> <span class='ocrx_word' id='word_1_863' title='bbox 548 4895 582 4931; x_wconf 89' lang='lat' dir='ltr'><strong>ll</strong></span> <span class='ocrx_word' id='word_1_864' title='bbox 614 4880 943 4933; x_wconf 84' lang='lat' dir='ltr'><strong>notavimus.</strong></span> <span class='ocrx_word' id='word_1_865' title='bbox 1586 4878 1596 4880; x_wconf 45' lang='grc'><strong><em>⁷</em></strong></span> <span class='ocrx_word' id='word_1_866' title='bbox 1789 4896 1794 4902; x_wconf 88' lang='grc'><em>’</em></span> 
     </span>
    </p>
   </div>
   <div class='ocr_carea' id='block_1_112' title="bbox 273 4948 1776 5019">
    <p class='ocr_par' dir='ltr' id='par_1_112' title="bbox 273 4948 1776 5019">
     <span class='ocr_line' id='line_1_114' title="bbox 273 4948 1776 5019; baseline 0.004 -19"><span class='ocrx_word' id='word_1_867' title='bbox 273 4956 299 4981; x_wconf 75' lang='grc' dir='ltr'><strong>ἰ</strong></span> <span class='ocrx_word' id='word_1_868' title='bbox 327 4948 620 5019; x_wconf 85' lang='lat' dir='ltr'><strong>Dionysius</strong></span> <span class='ocrx_word' id='word_1_869' title='bbox 650 4964 744 5002; x_wconf 87' lang='lat' dir='ltr'><strong>seu</strong></span> <span class='ocrx_word' id='word_1_870' title='bbox 774 4950 1015 5019; x_wconf 90' lang='lat' dir='ltr'><strong>quisquis</strong></span> <span class='ocrx_word' id='word_1_871' title='bbox 1042 4950 1423 5019; x_wconf 89' lang='lat' dir='ltr'><strong>paraphrastes</strong></span> <span class='ocrx_word' id='word_1_872' title='bbox 1454 4952 1776 5006; x_wconf 90' lang='lat' dir='ltr'><strong>sententiam</strong></span> 
     </span>
    </p>
   </div>
   <div class='ocr_carea' id='block_1_113' title="bbox 200 5016 1777 5079">
    <p class='ocr_par' dir='ltr' id='par_1_113' title="bbox 200 5016 1777 5079">
     <span class='ocr_line' id='line_1_115' title="bbox 200 5016 1777 5079; baseline 0.006 -13"><span class='ocrx_word' id='word_1_873' title='bbox 200 5016 439 5078; x_wconf 82' lang='lat' dir='ltr'><strong>invertit.</strong></span> <span class='ocrx_word' id='word_1_874' title='bbox 468 5016 513 5073; x_wconf 78' lang='lat' dir='ltr'><strong>si</strong></span> <span class='ocrx_word' id='word_1_875' title='bbox 548 5036 652 5072; x_wconf 86' lang='lat' dir='ltr'><strong>non</strong></span> <span class='ocrx_word' id='word_1_876' title='bbox 698 5016 929 5079; x_wconf 60' lang='lat' dir='ltr'><strong>evertit;</strong></span> <span class='ocrx_word' id='word_1_877' title='bbox 976 5016 1101 5075; x_wconf 82' lang='lat' dir='ltr'><strong>dum</strong></span> <span class='ocrx_word' id='word_1_878' title='bbox 1137 5016 1215 5074; x_wconf 83' lang='lat' dir='ltr'><strong>sic</strong></span> <span class='ocrx_word' id='word_1_879' title='bbox 1256 5023 1327 5074; x_wconf 89' lang='lat' dir='ltr'><strong>ait</strong></span> <span class='ocrx_word' id='word_1_880' title='bbox 1361 5039 1373 5072; x_wconf 88' lang='lat'><strong>:</strong></span> <span class='ocrx_word' id='word_1_881' title='bbox 1419 5020 1691 5077; x_wconf 82' lang='lat' dir='ltr'><strong>Metientes</strong></span> <span class='ocrx_word' id='word_1_882' title='bbox 1731 5035 1777 5076; x_wconf 84' lang='lat' dir='ltr'><strong>et</strong></span> 
     </span>
    </p>
   </div>
   <div class='ocr_carea' id='block_1_114' title="bbox 198 5088 1778 5157">
    <p class='ocr_par' dir='ltr' id='par_1_114' title="bbox 198 5088 1778 5157">
     <span class='ocr_line' id='line_1_116' title="bbox 198 5088 1778 5157; baseline 0.007 -22"><span class='ocrx_word' id='word_1_883' title='bbox 198 5088 515 5143; x_wconf 79' lang='lat' dir='ltr'><strong>intendentes</strong></span> <span class='ocrx_word' id='word_1_884' title='bbox 555 5092 608 5143; x_wconf 89' lang='lat' dir='ltr'><strong>in</strong></span> <span class='ocrx_word' id='word_1_885' title='bbox 642 5091 735 5143; x_wconf 88' lang='lat' dir='ltr'><strong>hoc</strong></span> <span class='ocrx_word' id='word_1_886' title='bbox 764 5093 1063 5144; x_wconf 68' lang='lat' dir='ltr'><strong>exercitium</strong></span> <span class='ocrx_word' id='word_1_887' title='bbox 1086 5093 1255 5144; x_wconf 80' lang='lat' dir='ltr'><strong>cordis</strong></span> <span class='ocrx_word' id='word_1_888' title='bbox 1276 5132 1290 5153; x_wconf 84' lang='lat'><strong>,</strong></span> <span class='ocrx_word' id='word_1_889' title='bbox 1321 5100 1369 5143; x_wconf 90' lang='lat' dir='ltr'><strong>et</strong></span> <span class='ocrx_word' id='word_1_890' title='bbox 1417 5094 1695 5157; x_wconf 63' lang='lat' dir='ltr'><strong>patientia},</strong></span> <span class='ocrx_word' id='word_1_891' title='bbox 1730 5103 1778 5146; x_wconf 88' lang='lat' dir='ltr'><strong>et</strong></span> 
     </span>
    </p>
   </div>
   <div class='ocr_carea' id='block_1_115' title="bbox 198 5156 1774 5232">
    <p class='ocr_par' dir='ltr' id='par_1_115' title="bbox 198 5156 1774 5232">
     <span class='ocr_line' id='line_1_117' title="bbox 198 5156 1774 5232; baseline 0.005 -24"><span class='ocrx_word' id='word_1_892' title='bbox 198 5156 505 5232; x_wconf 56' lang='lat' dir='ltr'><strong>humilitatis</strong></span> <span class='ocrx_word' id='word_1_893' title='bbox 538 5164 829 5231; x_wconf 87' lang='lat' dir='ltr'><strong>profectum</strong></span> <span class='ocrx_word' id='word_1_894' title='bbox 855 5163 1022 5232; x_wconf 86' lang='lat' dir='ltr'><strong>magis</strong></span> <span class='ocrx_word' id='word_1_895' title='bbox 1054 5178 1211 5232; x_wconf 88' lang='lat' dir='ltr'><strong>quam</strong></span> <span class='ocrx_word' id='word_1_896' title='bbox 1235 5161 1401 5229; x_wconf 86' lang='lat' dir='ltr'><strong>operis</strong></span> <span class='ocrx_word' id='word_1_897' title='bbox 1425 5162 1774 5216; x_wconf 79' lang='lat' dir='ltr'><strong>sedulitatem.</strong></span> 
     </span>
    </p>
   </div>
   <div class='ocr_carea' id='block_1_116' title="bbox 200 5228 1774 5302">
    <p class='ocr_par' dir='ltr' id='par_1_116' title="bbox 200 5228 1774 5302">
     <span class='ocr_line' id='line_1_118' title="bbox 200 5228 1774 5302; baseline 0.002 -21"><span class='ocrx_word' id='word_1_898' title='bbox 200 5228 298 5281; x_wconf 87' lang='lat' dir='ltr'><strong>Sic</strong></span> <span class='ocrx_word' id='word_1_899' title='bbox 319 5229 447 5297; x_wconf 87' lang='lat' dir='ltr'><strong>ipse.</strong></span> <span class='ocrx_word' id='word_1_900' title='bbox 483 5228 685 5287; x_wconf 68' lang='lat' dir='ltr'><strong>Verum</strong></span> <span class='ocrx_word' id='word_1_901' title='bbox 719 5234 919 5302; x_wconf 79' lang='lat' dir='ltr'><strong>absque</strong></span> <span class='ocrx_word' id='word_1_902' title='bbox 943 5228 1486 5300; x_wconf 33' lang='lat' dir='ltr'><strong>nlla-comparatione</strong></span> <span class='ocrx_word' id='word_1_903' title='bbox 1510 5275 1524 5296; x_wconf 87' lang='lat'><strong>,</strong></span> <span class='ocrx_word' id='word_1_904' title='bbox 1562 5235 1645 5287; x_wconf 85' lang='lat' dir='ltr'><strong>vel</strong></span> <span class='ocrx_word' id='word_1_905' title='bbox 1676 5250 1774 5297; x_wconf 87' lang='lat' dir='ltr'><strong>np-</strong></span> 
     </span>
    </p>
   </div>
   <div class='ocr_carea' id='block_1_117' title="bbox 194 5302 1777 5364">
    <p class='ocr_par' dir='ltr' id='par_1_117' title="bbox 194 5302 1777 5364">
     <span class='ocr_line' id='line_1_119' title="bbox 194 5302 1777 5364; baseline 0.004 -13"><span class='ocrx_word' id='word_1_906' title='bbox 194 5303 459 5363; x_wconf 83' lang='lat' dir='ltr'><strong>positione</strong></span> <span class='ocrx_word' id='word_1_907' title='bbox 488 5303 589 5357; x_wconf 87' lang='lat' dir='ltr'><strong>hoc</strong></span> <span class='ocrx_word' id='word_1_908' title='bbox 622 5312 824 5356; x_wconf 89' lang='lat' dir='ltr'><strong>tantum</strong></span> <span class='ocrx_word' id='word_1_909' title='bbox 857 5306 1028 5357; x_wconf 88' lang='lat' dir='ltr'><strong>innuit</strong></span> <span class='ocrx_word' id='word_1_910' title='bbox 1056 5304 1276 5364; x_wconf 84' lang='lat' dir='ltr'><strong>Auctor,</strong></span> <span class='ocrx_word' id='word_1_911' title='bbox 1303 5308 1513 5354; x_wconf 87' lang='lat' dir='ltr'><strong>veteres</strong></span> <span class='ocrx_word' id='word_1_912' title='bbox 1533 5302 1654 5356; x_wconf 89' lang='lat' dir='ltr'><strong>illos</strong></span> <span class='ocrx_word' id='word_1_913' title='bbox 1678 5303 1777 5357; x_wconf 86' lang='lat' dir='ltr'><strong>Pa-</strong></span> 
     </span>
    </p>
   </div>
   <div class='ocr_carea' id='block_1_118' title="bbox 194 5372 1776 5444">
    <p class='ocr_par' dir='ltr' id='par_1_118' title="bbox 194 5372 1776 5444">
     <span class='ocr_line' id='line_1_120' title="bbox 194 5372 1776 5444; baseline 0.001 -19"><span class='ocrx_word' id='word_1_914' title='bbox 194 5377 311 5419; x_wconf 58' lang='lat' dir='ltr'><strong>tres</strong></span> <span class='ocrx_word' id='word_1_915' title='bbox 339 5372 623 5444; x_wconf 61' lang='lat' dir='ltr'><strong>[Egyptios</strong></span> <span class='ocrx_word' id='word_1_916' title='bbox 650 5375 702 5427; x_wconf 91' lang='lat' dir='ltr'><strong>in</strong></span> <span class='ocrx_word' id='word_1_917' title='bbox 731 5375 846 5427; x_wconf 88' lang='lat' dir='ltr'><strong>suis</strong></span> <span class='ocrx_word' id='word_1_918' title='bbox 880 5375 1156 5428; x_wconf 86' lang='lat' dir='ltr'><strong>monachis</strong></span> <span class='ocrx_word' id='word_1_919' title='bbox 1177 5385 1231 5427; x_wconf 89' lang='lat' dir='ltr'><strong>et</strong></span> <span class='ocrx_word' id='word_1_920' title='bbox 1262 5372 1529 5444; x_wconf 80' lang='lat' dir='ltr'><strong>tironibus</strong></span> <span class='ocrx_word' id='word_1_921' title='bbox 1559 5388 1776 5441; x_wconf 87' lang='lat' dir='ltr'><strong>magno-</strong></span> 
     </span>
    </p>
   </div>
   <div class='ocr_carea' id='block_1_119' title="bbox 195 5439 1776 5511">
    <p class='ocr_par' dir='ltr' id='par_1_119' title="bbox 195 5439 1776 5511">
     <span class='ocr_line' id='line_1_121' title="bbox 195 5439 1776 5511; baseline 0.004 -20"><span class='ocrx_word' id='word_1_922' title='bbox 195 5456 327 5511; x_wconf 68' lang='lat' dir='ltr'><strong>pere</strong></span> <span class='ocrx_word' id='word_1_923' title='bbox 349 5439 619 5510; x_wconf 64' lang='lat' dir='ltr'><strong>spectasse</strong></span> <span class='ocrx_word' id='word_1_924' title='bbox 653 5462 775 5497; x_wconf 91' lang='lat' dir='ltr'><strong>num</strong></span> <span class='ocrx_word' id='word_1_925' title='bbox 808 5446 957 5511; x_wconf 87' lang='lat' dir='ltr'><strong>Operi</strong></span> <span class='ocrx_word' id='word_1_926' title='bbox 998 5446 1230 5498; x_wconf 87' lang='lat' dir='ltr'><strong>tnauuali</strong></span> <span class='ocrx_word' id='word_1_927' title='bbox 1274 5442 1374 5494; x_wconf 86' lang='lat' dir='ltr'><strong>sibi</strong></span> <span class='ocrx_word' id='word_1_928' title='bbox 1421 5439 1666 5509; x_wconf 81' lang='lat' dir='ltr'><strong>injttncto</strong></span> <span class='ocrx_word' id='word_1_929' title='bbox 1690 5459 1776 5498; x_wconf 89' lang='lat' dir='ltr'><strong>se-</strong></span> 
     </span>
    </p>
   </div>
   <div class='ocr_carea' id='block_1_120' title="bbox 190 5509 1778 5584">
    <p class='ocr_par' dir='ltr' id='par_1_120' title="bbox 190 5509 1778 5584">
     <span class='ocr_line' id='line_1_122' title="bbox 190 5509 1778 5584; baseline 0.004 -24"><span class='ocrx_word' id='word_1_930' title='bbox 190 5509 328 5562; x_wconf 83' lang='lat' dir='ltr'><strong>dulo</strong></span> <span class='ocrx_word' id='word_1_931' title='bbox 354 5509 745 5577; x_wconf 86' lang='lat' dir='ltr'><strong>incumberent,</strong></span> <span class='ocrx_word' id='word_1_932' title='bbox 774 5527 825 5568; x_wconf 86' lang='lat' dir='ltr'><strong>et</strong></span> <span class='ocrx_word' id='word_1_933' title='bbox 849 5509 924 5569; x_wconf 76' lang='lat' dir='ltr'><strong>ex</strong></span> <span class='ocrx_word' id='word_1_934' title='bbox 952 5530 1011 5569; x_wconf 83' lang='lat' dir='ltr'><strong>ea</strong></span> <span class='ocrx_word' id='word_1_935' title='bbox 1043 5512 1464 5584; x_wconf 87' lang='lat' dir='ltr'><strong>proinptiluditte</strong></span> <span class='ocrx_word' id='word_1_936' title='bbox 1486 5513 1778 5584; x_wconf 13' lang='lat' dir='ltr'><strong>acrseduli-</strong></span> 
     </span>
    </p>
   </div>
   <div class='ocr_carea' id='block_1_121' title="bbox 195 5583 1779 5654">
    <p class='ocr_par' dir='ltr' id='par_1_121' title="bbox 195 5583 1779 5654">
     <span class='ocr_line' id='line_1_123' title="bbox 195 5583 1779 5654; baseline 0.007 -26"><span class='ocrx_word' id='word_1_937' title='bbox 195 5589 510 5654; x_wconf 70' lang='lat' dir='ltr'><strong>talt&#39;_0pel‘is</strong></span> <span class='ocrx_word' id='word_1_938' title='bbox 538 5589 605 5637; x_wconf 83' lang='lat' dir='ltr'><strong>tle</strong></span> <span class='ocrx_word' id='word_1_939' title='bbox 636 5586 899 5654; x_wconf 88' lang='lat' dir='ltr'><strong>cujusque</strong></span> <span class='ocrx_word' id='word_1_940' title='bbox 934 5583 1060 5639; x_wconf 72' lang='lat' dir='ltr'><strong>veru</strong></span> <span class='ocrx_word' id='word_1_941' title='bbox 1104 5583 1679 5654; x_wconf 79' lang='lat' dir='ltr'><strong>eoi-dis_conversione</strong></span> <span class='ocrx_word' id='word_1_942' title='bbox 1723 5595 1779 5639; x_wconf 89' lang='lat' dir='ltr'><strong>et</strong></span> 
     </span>
    </p>
   </div>
   <div class='ocr_carea' id='block_1_122' title="bbox 195 5650 1769 5723">
    <p class='ocr_par' dir='ltr' id='par_1_122' title="bbox 195 5650 1769 5723">
     <span class='ocr_line' id='line_1_124' title="bbox 195 5650 1769 5723; baseline 0.005 -24"><span class='ocrx_word' id='word_1_943' title='bbox 195 5650 435 5723; x_wconf 83' lang='lat' dir='ltr'><strong>profectu</strong></span> <span class='ocrx_word' id='word_1_944' title='bbox 468 5650 724 5710; x_wconf 81' lang='lat' dir='ltr'><strong>virtutum</strong></span> <span class='ocrx_word' id='word_1_945' title='bbox 750 5698 762 5717; x_wconf 93' lang='lat'><strong>,</strong></span> <span class='ocrx_word' id='word_1_946' title='bbox 794 5650 1095 5723; x_wconf 66' lang='lat' dir='ltr'><strong>praesertim</strong></span> <span class='ocrx_word' id='word_1_947' title='bbox 1135 5651 1453 5707; x_wconf 87' lang='lat' dir='ltr'><strong>humilitatis</strong></span> <span class='ocrx_word' id='word_1_948' title='bbox 1479 5662 1532 5705; x_wconf 90' lang='lat' dir='ltr'><strong>et</strong></span> <span class='ocrx_word' id='word_1_949' title='bbox 1561 5654 1769 5720; x_wconf 89' lang='lat' dir='ltr'><strong>patien-</strong></span> 
     </span>
    </p>
   </div>
   <div class='ocr_carea' id='block_1_123' title="bbox 196 5721 1766 5794">
    <p class='ocr_par' dir='ltr' id='par_1_123' title="bbox 196 5721 1766 5794">
     <span class='ocr_line' id='line_1_125' title="bbox 196 5721 1766 5794; baseline 0.001 -19"><span class='ocrx_word' id='word_1_950' title='bbox 196 5721 288 5770; x_wconf 58' lang='lat' dir='ltr'><strong>tia!</strong></span> <span class='ocrx_word' id='word_1_951' title='bbox 319 5763 332 5781; x_wconf 85' lang='grc'>,</span> <span class='ocrx_word' id='word_1_952' title='bbox 361 5742 606 5794; x_wconf 76' lang='lat' dir='ltr'><strong>magnum</strong></span> <span class='ocrx_word' id='word_1_953' title='bbox 645 5721 1021 5794; x_wconf 77' lang='lat' dir='ltr'><strong>argumentum</strong></span> <span class='ocrx_word' id='word_1_954' title='bbox 1050 5737 1103 5779; x_wconf 87' lang='lat' dir='ltr'><strong>cl.</strong></span> <span class='ocrx_word' id='word_1_955' title='bbox 1140 5725 1400 5793; x_wconf 84' lang='lat' dir='ltr'><strong>judicium</strong></span> <span class='ocrx_word' id='word_1_956' title='bbox 1429 5724 1724 5794; x_wconf 81' lang='lat' dir='ltr'><strong>sumpsisse</strong></span> <span class='ocrx_word' id='word_1_957' title='bbox 1755 5743 1766 5777; x_wconf 91' lang='lat'>:</span> 
     </span>
    </p>
   </div>
   <div class='ocr_carea' id='block_1_124' title="bbox 187 5793 1773 5860">
    <p class='ocr_par' dir='ltr' id='par_1_124' title="bbox 187 5793 1773 5860">
     <span class='ocr_line' id='line_1_126' title="bbox 187 5793 1773 5860; baseline 0.004 -18"><span class='ocrx_word' id='word_1_958' title='bbox 187 5793 647 5860; x_wconf 83' lang='lat' dir='ltr'><strong>quemadmodum</strong></span> <span class='ocrx_word' id='word_1_959' title='bbox 682 5793 738 5852; x_wconf 84' lang='lat' dir='ltr'><strong>et</strong></span> <span class='ocrx_word' id='word_1_960' title='bbox 771 5798 828 5850; x_wconf 92' lang='lat' dir='ltr'><strong>D.</strong></span> <span class='ocrx_word' id='word_1_961' title='bbox 883 5798 1200 5851; x_wconf 83' lang='lat' dir='ltr'><strong>Benedictus</strong></span> <span class='ocrx_word' id='word_1_962' title='bbox 1231 5803 1411 5847; x_wconf 87' lang='lat' dir='ltr'><strong>mouet</strong></span> <span class='ocrx_word' id='word_1_963' title='bbox 1436 5833 1452 5859; x_wconf 88' lang='lat'><strong>,</strong></span> <span class='ocrx_word' id='word_1_964' title='bbox 1496 5793 1641 5846; x_wconf 85' lang='lat' dir='ltr'><strong>Tunc</strong></span> <span class='ocrx_word' id='word_1_965' title='bbox 1663 5811 1773 5848; x_wconf 80' lang='lat' dir='ltr'><strong>vere</strong></span> 
     </span>
    </p>
   </div>
   <div class='ocr_carea' id='block_1_125' title="bbox 484 5890 1032 5950">
    <p class='ocr_par' dir='ltr' id='par_1_125' title="bbox 484 5890 1032 5950">
     <span class='ocr_line' id='line_1_127' title="bbox 484 5890 1032 5950; baseline -0.007 0"><span class='ocrx_word' id='word_1_966' title='bbox 484 5890 759 5950; x_wconf 64' lang='lat' dir='ltr'><strong>Pareat.</strong></span> <span class='ocrx_word' id='word_1_967' title='bbox 816 5890 1032 5948; x_wconf 75' lang='lat' dir='ltr'><strong>XLIX.</strong></span> 
     </span>
    </p>
   </div>
   <div class='ocr_carea' id='block_1_126' title="bbox 1882 4804 3478 4873">
    <p class='ocr_par' dir='ltr' id='par_1_126' title="bbox 1882 4804 3478 4873">
     <span class='ocr_line' id='line_1_128' title="bbox 1882 4804 3478 4873; baseline -0.001 -12"><span class='ocrx_word' id='word_1_968' title='bbox 1882 4810 2132 4862; x_wconf 88' lang='lat' dir='ltr'><strong>insultum</strong></span> <span class='ocrx_word' id='word_1_969' title='bbox 2160 4807 2402 4869; x_wconf 65' lang='lat' dir='ltr'><strong>luxuries,</strong></span> <span class='ocrx_word' id='word_1_970' title='bbox 2436 4816 2484 4858; x_wconf 89' lang='lat' dir='ltr'><strong>et</strong></span> <span class='ocrx_word' id='word_1_971' title='bbox 2525 4805 2769 4873; x_wconf 77' lang='lat' dir='ltr'><strong>deﬁciens</strong></span> <span class='ocrx_word' id='word_1_972' title='bbox 2791 4844 2803 4865; x_wconf 82' lang='lat'><strong>,</strong></span> <span class='ocrx_word' id='word_1_973' title='bbox 2837 4807 3031 4873; x_wconf 78' lang='lat' dir='ltr'><strong>femina</strong></span> <span class='ocrx_word' id='word_1_974' title='bbox 3069 4804 3374 4872; x_wconf 83' lang='lat' dir='ltr'><strong>instigante,</strong></span> <span class='ocrx_word' id='word_1_975' title='bbox 3406 4808 3478 4860; x_wconf 83' lang='lat' dir='ltr'><strong>ad</strong></span> 
     </span>
    </p>
   </div>
   <div class='ocr_carea' id='block_1_127' title="bbox 1885 4875 3474 4946">
    <p class='ocr_par' dir='ltr' id='par_1_127' title="bbox 1885 4875 3474 4946">
     <span class='ocr_line' id='line_1_129' title="bbox 1885 4875 3474 4946; baseline 0.001 -16"><span class='ocrx_word' id='word_1_976' title='bbox 1885 4880 2053 4945; x_wconf 84' lang='lat' dir='ltr'><strong>idola,</strong></span> <span class='ocrx_word' id='word_1_977' title='bbox 2093 4880 2327 4932; x_wconf 87' lang='lat' dir='ltr'><strong>adoravit</strong></span> <span class='ocrx_word' id='word_1_978' title='bbox 2358 4878 2411 4928; x_wconf 89' lang='lat' dir='ltr'><strong>in</strong></span> <span class='ocrx_word' id='word_1_979' title='bbox 2452 4875 2680 4928; x_wconf 79' lang='lat' dir='ltr'><strong>thalamo</strong></span> <span class='ocrx_word' id='word_1_980' title='bbox 2718 4876 2934 4946; x_wconf 83' lang='lat' dir='ltr'><strong>vitulum</strong></span> <span class='ocrx_word' id='word_1_981' title='bbox 2971 4890 3181 4946; x_wconf 79' lang='lat' dir='ltr'><strong>aureum</strong></span> <span class='ocrx_word' id='word_1_982' title='bbox 3222 4876 3312 4946; x_wconf 93' lang='grc' dir='ltr'><strong>(ΙΙΙ</strong></span> <span class='ocrx_word' id='word_1_983' title='bbox 3344 4875 3474 4946; x_wconf 82' lang='lat' dir='ltr'><strong>Reg.</strong></span> 
     </span>
    </p>
   </div>
   <div class='ocr_carea' id='block_1_128' title="bbox 1885 4944 3478 5019">
    <p class='ocr_par' dir='ltr' id='par_1_128' title="bbox 1885 4944 3478 5019">
     <span class='ocr_line' id='line_1_130' title="bbox 1885 4944 3478 5019; baseline -0.002 -16"><span class='ocrx_word' id='word_1_984' title='bbox 1885 4952 1983 5017; x_wconf 78' lang='lat' dir='ltr'><strong>x1).</strong></span> <span class='ocrx_word' id='word_1_985' title='bbox 2028 4944 2248 5019; x_wconf 83' lang='lat' dir='ltr'><strong>Vigilate</strong></span> <span class='ocrx_word' id='word_1_986' title='bbox 2279 4962 2419 5019; x_wconf 73' lang='lat' dir='ltr'><strong>ergo,</strong></span> <span class='ocrx_word' id='word_1_987' title='bbox 2456 4950 2639 5019; x_wconf 78' lang='lat' dir='ltr'><strong>fratres</strong></span> <span class='ocrx_word' id='word_1_988' title='bbox 2670 4945 2786 5019; x_wconf 80' lang='lat' dir='ltr'><strong>mei,</strong></span> <span class='ocrx_word' id='word_1_989' title='bbox 2807 4952 2865 5019; x_wconf 76' lang='lat' dir='ltr'><strong>et</strong></span> <span class='ocrx_word' id='word_1_990' title='bbox 2895 4944 3053 5019; x_wconf 61' lang='lat' dir='ltr'><strong>nolite</strong></span> <span class='ocrx_word' id='word_1_991' title='bbox 3078 4944 3321 5013; x_wconf 83' lang='lat' dir='ltr'><strong>deﬁcere,</strong></span> <span class='ocrx_word' id='word_1_992' title='bbox 3355 4944 3478 5015; x_wconf 84' lang='lat' dir='ltr'><strong>quia</strong></span> 
     </span>
    </p>
   </div>
   <div class='ocr_carea' id='block_1_129' title="bbox 1884 5014 3549 5089">
    <p class='ocr_par' dir='ltr' id='par_1_129' title="bbox 1884 5014 3549 5089">
     <span class='ocr_line' id='line_1_131' title="bbox 1884 5014 3549 5089; baseline -0.001 -16"><span class='ocrx_word' id='word_1_993' title='bbox 1884 5014 1973 5073; x_wconf 82' lang='lat' dir='ltr'><strong>nec</strong></span> <span class='ocrx_word' id='word_1_994' title='bbox 2002 5014 2283 5071; x_wconf 64' lang='lat' dir='ltr'><strong>sanctiores</strong></span> <span class='ocrx_word' id='word_1_995' title='bbox 2325 5016 2548 5079; x_wconf 85' lang='lat' dir='ltr'><strong>Davide,</strong></span> <span class='ocrx_word' id='word_1_996' title='bbox 2583 5030 2672 5067; x_wconf 87' lang='lat' dir='ltr'><strong>nec</strong></span> <span class='ocrx_word' id='word_1_997' title='bbox 2694 5015 2932 5081; x_wconf 84' lang='lat' dir='ltr'><strong>fortiores</strong></span> <span class='ocrx_word' id='word_1_998' title='bbox 2960 5014 3481 5089; x_wconf 38' lang='lat' dir='ltr'><strong>Sanis‘one,_necsa-</strong></span> <span class='ocrx_word' id='word_1_999' title='bbox 3531 5064 3549 5089; x_wconf 41' lang='lat'><strong>3.</strong></span> 
     </span>
    </p>
   </div>
   <div class='ocr_carea' id='block_1_130' title="bbox 1884 5083 3328 5156">
    <p class='ocr_par' dir='ltr' id='par_1_130' title="bbox 1884 5083 3328 5156">
     <span class='ocr_line' id='line_1_132' title="bbox 1884 5083 3328 5156; baseline -0.003 -13"><span class='ocrx_word' id='word_1_1000' title='bbox 1884 5090 2158 5156; x_wconf 86' lang='lat' dir='ltr'><strong>pientiores</strong></span> <span class='ocrx_word' id='word_1_1001' title='bbox 2182 5086 2458 5156; x_wconf 79' lang='lat' dir='ltr'><strong>Salomone</strong></span> <span class='ocrx_word' id='word_1_1002' title='bbox 2483 5100 2569 5136; x_wconf 84' lang='lat' dir='ltr'><strong>vos</strong></span> <span class='ocrx_word' id='word_1_1003' title='bbox 2598 5100 2705 5136; x_wconf 88' lang='lat' dir='ltr'><strong>esse</strong></span> <span class='ocrx_word' id='word_1_1004' title='bbox 2734 5087 3055 5156; x_wconf 79' lang='lat' dir='ltr'><strong>cognoscitis.</strong></span> <span class='ocrx_word' id='word_1_1005' title='bbox 3087 5083 3209 5138; x_wconf 66' lang='lat' dir='ltr'><strong>Haec</strong></span> <span class='ocrx_word' id='word_1_1006' title='bbox 3233 5085 3328 5139; x_wconf 87' lang='lat' dir='ltr'><strong>ibi.</strong></span> 
     </span>
    </p>
   </div>
   <div class='ocr_carea' id='block_1_131' title="bbox 1958 5153 3477 5219">
    <p class='ocr_par' dir='ltr' id='par_1_131' title="bbox 1958 5153 3477 5219">
     <span class='ocr_line' id='line_1_133' title="bbox 1958 5153 3477 5219; baseline 0.003 -10"><span class='ocrx_word' id='word_1_1007' title='bbox 1958 5170 1979 5195; x_wconf 80' lang='grc' dir='ltr'><strong>ο</strong></span> <span class='ocrx_word' id='word_1_1008' title='bbox 2020 5157 2243 5209; x_wconf 87' lang='lat' dir='ltr'><strong>Paulum</strong></span> <span class='ocrx_word' id='word_1_1009' title='bbox 2291 5154 2538 5208; x_wconf 88' lang='lat' dir='ltr'><strong>abbatem</strong></span> <span class='ocrx_word' id='word_1_1010' title='bbox 2570 5167 2690 5207; x_wconf 86' lang='lat' dir='ltr'><strong>eum</strong></span> <span class='ocrx_word' id='word_1_1011' title='bbox 2736 5153 2918 5207; x_wconf 88' lang='lat' dir='ltr'><strong>itidem</strong></span> <span class='ocrx_word' id='word_1_1012' title='bbox 2956 5158 3195 5207; x_wconf 90' lang='lat' dir='ltr'><strong>nominet</strong></span> <span class='ocrx_word' id='word_1_1013' title='bbox 3226 5159 3477 5219; x_wconf 84' lang='lat' dir='ltr'><strong>sequenti</strong></span> 
     </span>
    </p>
   </div>
   <div class='ocr_carea' id='block_1_132' title="bbox 1881 5223 3479 5299">
    <p class='ocr_par' dir='ltr' id='par_1_132' title="bbox 1881 5223 3479 5299">
     <span class='ocr_line' id='line_1_134' title="bbox 1881 5223 3479 5299; baseline -0.001 -18"><span class='ocrx_word' id='word_1_1014' title='bbox 1881 5229 2055 5299; x_wconf 78' lang='lat' dir='ltr'><strong>capite</strong></span> <span class='ocrx_word' id='word_1_1015' title='bbox 2084 5267 2098 5292; x_wconf 95' lang='lat'><strong>,</strong></span> <span class='ocrx_word' id='word_1_1016' title='bbox 2129 5227 2333 5295; x_wconf 89' lang='lat' dir='ltr'><strong>absque</strong></span> <span class='ocrx_word' id='word_1_1017' title='bbox 2361 5223 2674 5299; x_wconf 81' lang='lat' dir='ltr'><strong>discrimine</strong></span> <span class='ocrx_word' id='word_1_1018' title='bbox 2700 5264 2724 5299; x_wconf 90' lang='lat'><strong>,_</strong></span> <span class='ocrx_word' id='word_1_1019' title='bbox 2756 5238 2991 5299; x_wconf 86' lang='lat' dir='ltr'><strong>eumque</strong></span> <span class='ocrx_word' id='word_1_1020' title='bbox 3009 5224 3240 5299; x_wconf 82' lang='lat' dir='ltr'><strong>__abbati_s</strong></span> <span class='ocrx_word' id='word_1_1021' title='bbox 3278 5224 3479 5296; x_wconf 81' lang='lat' dir='ltr'><strong>Moysis</strong></span> 
     </span>
    </p>
   </div>
   <div class='ocr_carea' id='block_1_133' title="bbox 1882 5293 3475 5371">
    <p class='ocr_par' dir='ltr' id='par_1_133' title="bbox 1882 5293 3475 5371">
     <span class='ocr_line' id='line_1_135' title="bbox 1882 5293 3475 5371; baseline -0.005 -16"><span class='ocrx_word' id='word_1_1022' title='bbox 1882 5293 2143 5371; x_wconf 67' lang='lat' dir='ltr'><strong>aequalem</strong></span> <span class='ocrx_word' id='word_1_1023' title='bbox 2177 5293 2623 5371; x_wconf 49' lang='lat' dir='ltr'><strong>et&#39;synchronum</strong></span> <span class='ocrx_word' id='word_1_1024' title='bbox 2655 5293 2816 5371; x_wconf 79' lang='lat' dir='ltr'><strong>fuisse</strong></span> <span class='ocrx_word' id='word_1_1025' title='bbox 2857 5295 3255 5371; x_wconf 67' lang='lat' dir='ltr'><strong>sigri_ilicet,_dt_a</strong></span> <span class='ocrx_word' id='word_1_1026' title='bbox 3283 5293 3475 5371; x_wconf 70' lang='lat' dir='ltr'><strong>eodem</strong></span> 
     </span>
    </p>
   </div>
   <div class='ocr_carea' id='block_1_134' title="bbox 1881 5363 3477 5439">
    <p class='ocr_par' dir='ltr' id='par_1_134' title="bbox 1881 5363 3477 5439">
     <span class='ocr_line' id='line_1_136' title="bbox 1881 5363 3477 5439; baseline -0.003 -15"><span class='ocrx_word' id='word_1_1027' title='bbox 1881 5363 2162 5439; x_wconf 73' lang='lat' dir='ltr'><strong>utrobique</strong></span> <span class='ocrx_word' id='word_1_1028' title='bbox 2204 5363 2345 5433; x_wconf 78' lang='lat' dir='ltr'><strong>loqui</strong></span> <span class='ocrx_word' id='word_1_1029' title='bbox 2390 5364 2606 5439; x_wconf 85' lang='lat' dir='ltr'><strong>omnino</strong></span> <span class='ocrx_word' id='word_1_1030' title='bbox 2637 5364 2859 5439; x_wconf 70' lang='lat' dir='ltr'><strong>videtur</strong></span> <span class='ocrx_word' id='word_1_1031' title='bbox 2892 5363 3190 5439; x_wconf 87' lang='lat' dir='ltr'><strong>(Vide_col.</strong></span> <span class='ocrx_word' id='word_1_1032' title='bbox 3225 5366 3254 5416; x_wconf 92' lang='lat'><strong>7</strong></span> <span class='ocrx_word' id='word_1_1033' title='bbox 3284 5382 3328 5418; x_wconf 91' lang='lat' dir='ltr'><strong>c.</strong></span> <span class='ocrx_word' id='word_1_1034' title='bbox 3356 5364 3477 5439; x_wconf 70' lang='lat'><strong>26).</strong></span> 
     </span>
    </p>
   </div>
   <div class='ocr_carea' id='block_1_135' title="bbox 1878 5433 3480 5508">
    <p class='ocr_par' dir='ltr' id='par_1_135' title="bbox 1878 5433 3480 5508">
     <span class='ocr_line' id='line_1_137' title="bbox 1878 5433 3480 5508; baseline -0.004 -12"><span class='ocrx_word' id='word_1_1035' title='bbox 1878 5433 2088 5496; x_wconf 45' lang='lat' dir='ltr'><strong>Verttm&#39;</strong></span> <span class='ocrx_word' id='word_1_1036' title='bbox 2108 5455 2230 5494; x_wconf 91' lang='lat' dir='ltr'><strong>cum</strong></span> <span class='ocrx_word' id='word_1_1037' title='bbox 2256 5441 2439 5508; x_wconf 89' lang='lat' dir='ltr'><strong>plures</strong></span> <span class='ocrx_word' id='word_1_1038' title='bbox 2470 5436 2628 5505; x_wconf 89' lang='lat' dir='ltr'><strong>hujus</strong></span> <span class='ocrx_word' id='word_1_1039' title='bbox 2659 5433 3296 5508; x_wconf 51' lang='lat' dir='ltr'><strong>noniinisanuchoretae,</strong></span> <span class='ocrx_word' id='word_1_1040' title='bbox 3335 5433 3480 5503; x_wconf 83' lang='lat' dir='ltr'><strong>iique</strong></span> 
     </span>
    </p>
   </div>
   <div class='ocr_carea' id='block_1_136' title="bbox 1879 5504 3476 5578">
    <p class='ocr_par' dir='ltr' id='par_1_136' title="bbox 1879 5504 3476 5578">
     <span class='ocr_line' id='line_1_138' title="bbox 1879 5504 3476 5578; baseline -0.004 -11"><span class='ocrx_word' id='word_1_1041' title='bbox 1879 5517 2163 5567; x_wconf 81' lang='lat' dir='ltr'><strong>sanctitate</strong></span> <span class='ocrx_word' id='word_1_1042' title='bbox 2191 5504 2432 5565; x_wconf 83' lang='lat' dir='ltr'><strong>celebres</strong></span> <span class='ocrx_word' id='word_1_1043' title='bbox 2461 5504 2798 5578; x_wconf 82' lang='lat' dir='ltr'><strong>exstiterint,</strong></span> <span class='ocrx_word' id='word_1_1044' title='bbox 2842 5504 3061 5578; x_wconf 81' lang='lat' dir='ltr'><strong>diflicile</strong></span> <span class='ocrx_word' id='word_1_1045' title='bbox 3107 5514 3200 5578; x_wconf 77' lang='lat' dir='ltr'><strong>est</strong></span> <span class='ocrx_word' id='word_1_1046' title='bbox 3237 5509 3476 5578; x_wconf 78' lang='lat' dir='ltr'><strong>assequi,</strong></span> 
     </span>
    </p>
   </div>
   <div class='ocr_carea' id='block_1_137' title="bbox 1878 5574 3475 5649">
    <p class='ocr_par' dir='ltr' id='par_1_137' title="bbox 1878 5574 3475 5649">
     <span class='ocr_line' id='line_1_139' title="bbox 1878 5574 3475 5649; baseline -0.003 -13"><span class='ocrx_word' id='word_1_1047' title='bbox 1878 5583 2230 5646; x_wconf 87' lang='lat' dir='ltr'><strong>autdeliuire,</strong></span> <span class='ocrx_word' id='word_1_1048' title='bbox 2257 5595 2414 5649; x_wconf 90' lang='lat' dir='ltr'><strong>quem</strong></span> <span class='ocrx_word' id='word_1_1049' title='bbox 2442 5580 2657 5633; x_wconf 86' lang='lat' dir='ltr'><strong>illorum</strong></span> <span class='ocrx_word' id='word_1_1050' title='bbox 2687 5576 2915 5629; x_wconf 84' lang='lat' dir='ltr'><strong>voluerit</strong></span> <span class='ocrx_word' id='word_1_1051' title='bbox 2938 5574 3140 5628; x_wconf 87' lang='lat' dir='ltr'><strong>Auctor</strong></span> <span class='ocrx_word' id='word_1_1052' title='bbox 3169 5574 3475 5649; x_wconf 56' lang='lat' dir='ltr'><strong>designare;</strong></span> 
     </span>
    </p>
   </div>
   <div class='ocr_carea' id='block_1_138' title="bbox 1881 5647 3478 5715">
    <p class='ocr_par' dir='ltr' id='par_1_138' title="bbox 1881 5647 3478 5715">
     <span class='ocr_line' id='line_1_140' title="bbox 1881 5647 3478 5715; baseline -0.003 -8"><span class='ocrx_word' id='word_1_1053' title='bbox 1881 5655 2072 5707; x_wconf 88' lang='lat' dir='ltr'><strong>Partim</strong></span> <span class='ocrx_word' id='word_1_1054' title='bbox 2101 5647 2304 5706; x_wconf 86' lang='lat' dir='ltr'><strong>attente</strong></span> <span class='ocrx_word' id='word_1_1055' title='bbox 2333 5661 2388 5704; x_wconf 89' lang='lat' dir='ltr'><strong>et</strong></span> <span class='ocrx_word' id='word_1_1056' title='bbox 2418 5649 2759 5703; x_wconf 64' lang='lat' dir='ltr'><strong>considerate</strong></span> <span class='ocrx_word' id='word_1_1057' title='bbox 2786 5651 3171 5715; x_wconf 73' lang='lat' dir='ltr'><strong>interpretatur</strong></span> <span class='ocrx_word' id='word_1_1058' title='bbox 3190 5647 3478 5706; x_wconf 79' lang='lat' dir='ltr'><strong>Ciaconius</strong></span> 
     </span>
    </p>
   </div>
   <div class='ocr_carea' id='block_1_139' title="bbox 1878 5716 3478 5789">
    <p class='ocr_par' dir='ltr' id='par_1_139' title="bbox 1878 5716 3478 5789">
     <span class='ocr_line' id='line_1_141' title="bbox 1878 5716 3478 5789; baseline -0.001 -12"><span class='ocrx_word' id='word_1_1059' title='bbox 1878 5726 1945 5778; x_wconf 88' lang='lat' dir='ltr'><strong>de</strong></span> <span class='ocrx_word' id='word_1_1060' title='bbox 1976 5724 2140 5778; x_wconf 78' lang='lat' dir='ltr'><strong>Paulo</strong></span> <span class='ocrx_word' id='word_1_1061' title='bbox 2176 5722 2266 5776; x_wconf 93' lang='lat' dir='ltr'><strong>illo</strong></span> <span class='ocrx_word' id='word_1_1062' title='bbox 2300 5722 2469 5789; x_wconf 87' lang='lat' dir='ltr'><strong>primo</strong></span> <span class='ocrx_word' id='word_1_1063' title='bbox 2499 5720 2720 5772; x_wconf 86' lang='lat' dir='ltr'><strong>erentila</strong></span> <span class='ocrx_word' id='word_1_1064' title='bbox 2743 5760 2754 5778; x_wconf 89' lang='lat'><strong>,</strong></span> <span class='ocrx_word' id='word_1_1065' title='bbox 2799 5716 2951 5789; x_wconf 86' lang='lat' dir='ltr'><strong>cujus</strong></span> <span class='ocrx_word' id='word_1_1066' title='bbox 2985 5718 3145 5770; x_wconf 80' lang='lat' dir='ltr'><strong>vitam</strong></span> <span class='ocrx_word' id='word_1_1067' title='bbox 3189 5718 3251 5771; x_wconf 83' lang='grc' dir='ltr'><strong>Ι).</strong></span> <span class='ocrx_word' id='word_1_1068' title='bbox 3280 5718 3478 5775; x_wconf 85' lang='lat' dir='ltr'><strong>Hiero-</strong></span> 
     </span>
    </p>
   </div>
   <div class='ocr_carea' id='block_1_140' title="bbox 1882 5788 3478 5865">
    <p class='ocr_par' dir='ltr' id='par_1_140' title="bbox 1882 5788 3478 5865">
     <span class='ocr_line' id='line_1_142' title="bbox 1882 5788 3478 5865; baseline -0.002 -17"><span class='ocrx_word' id='word_1_1069' title='bbox 1882 5788 2419 5865; x_wconf 76' lang='lat' dir='ltr'><strong>nymusciinscripsit</strong></span> <span class='ocrx_word' id='word_1_1070' title='bbox 2462 5789 2549 5848; x_wconf 85' lang='lat' dir='ltr'><strong>(lit</strong></span> <span class='ocrx_word' id='word_1_1071' title='bbox 2583 5791 2735 5844; x_wconf 78' lang='lat' dir='ltr'><strong>Notis</strong></span> <span class='ocrx_word' id='word_1_1072' title='bbox 2760 5791 2829 5844; x_wconf 84' lang='lat' dir='ltr'><strong>ad</strong></span> <span class='ocrx_word' id='word_1_1073' title='bbox 2861 5788 3113 5857; x_wconf 67' lang='lat' dir='ltr'><strong>&#39;Jassian.)</strong></span> <span class='ocrx_word' id='word_1_1074' title='bbox 3143 5804 3160 5845; x_wconf 86' lang='lat'><strong>:</strong></span> <span class='ocrx_word' id='word_1_1075' title='bbox 3187 5790 3256 5846; x_wconf 85' lang='lat' dir='ltr'><strong>de</strong></span> <span class='ocrx_word' id='word_1_1076' title='bbox 3282 5805 3390 5860; x_wconf 89' lang='lat' dir='ltr'><strong>quo</strong></span> <span class='ocrx_word' id='word_1_1077' title='bbox 3420 5801 3478 5853; x_wconf 77' lang='lat' dir='ltr'><strong>et</strong></span> 
     </span>
    </p>
   </div>
   <div class='ocr_carea' id='block_1_141' title="bbox 2812 5882 2882 5941">
    <p class='ocr_par' dir='ltr' id='par_1_141' title="bbox 2812 5882 2882 5941">
     <span class='ocr_line' id='line_1_143' title="bbox 2812 5882 2882 5941; baseline 0.029 -2"><span class='ocrx_word' id='word_1_1078' title='bbox 2812 5882 2882 5941; x_wconf 71' lang='lat'><strong>£3</strong></span> 
     </span>
    </p>
   </div>
  </div>
