4004 6198
578 255 687 315 595

1835 268 2113 329 JOANNIS
2152 273 2465 335 CASSIANI

3739 291 3820 352 596

577 392 702 434 eum
735 389 761 416 ⁸
789 378 845 434 ἰιι
873 393 1064 438 eremo
1089 383 1329 440 vastiore
1355 384 1690 455 consistens,
1721 401 1841 457 quae
1869 386 2175 462 Porphyrio
2201 401 2252 462 Α
2278 396 2506 453 sollicita
2538 412 2664 453 cura
2696 399 3084 469 laboraverat,
3123 402 3348 474 singulis
3385 405 3545 460 annis
3582 405 3822 476 supposito

575 484 942 546 nuncupatur,
995 480 1294 547 palmarum
1342 478 1603 534 fructibus
1654 488 1710 535 et
1758 481 1920 536 horto
1954 484 2170 540 modico

573 583 832 635 securus,
869 571 1089 626 habcrrt
1118 572 1472 628 sufficientem
1513 573 1786 628 alimoniae
1823 589 1933 629 sua:
1967 579 2170 632 victus~

571 679 681 733 que
721 666 1074 720 substantiam
1097 705 1110 729 ,
1146 681 1245 721 nec
1278 678 1460 735 pos~et
1489 669 1704 736 aliquid.
1726 670 1871 724 aliud
1905 673 2048 727 unde
2077 690 2169 729 su-

570 765 903 812 stentaretur
933 760 1113 827 operis
1150 776 1407 818 exercere
1435 809 1447 831 ,
1486 779 1552 819 eo
1595 769 1738 834 quod
1769 772 1836 826 ab
1867 773 2081 842 oppidis
2108 782 2167 829 et

567 851 848 906 habitabili
900 862 1041 907 terra
1071 853 1096 891 ι’
1124 865 1335 924 septem
1381 861 1784 929 mansionibus,
1826 866 1908 920 vel
1951 883 2016 922 eo
2051 882 2165 923 am-

561 944 723 1010 plius.
775 943 981 998 deserti
1024 944 1166 999 illius
1225 962 1575 1015 scpararetur
1603 952 1900 1020 habitatio,
1938 958 2163 1028 plusque

561 1047 906 1104 expeteretur
935 1053 1033 1108 pro
1066 1042 1318 1096 mercede
1348 1056 1586 1100 recurras
1632 1063 1792 1117 quam
1822 1051 2002 1107 valere
2032 1069 2162 1122 pos-

557 1139 642 1182 set
675 1131 904 1197 pretium
956 1133 1141 1199 operis
1189 1133 1482 1202 desudati;
1519 1150 1540 1176 ε
1573 1140 1820 1195 collectis
1858 1144 2159 1209 palmarum

558 1222 720 1286 foliis,
748 1224 1123 1290 quotidianum
1151 1242 1400 1294 pensum,
1425 1231 1579 1286 velut
1606 1234 1803 1288 eximie
1845 1246 2156 1292 sustentan-

552 1319 692 1383 dus,
736 1333 766 1372 a
797 1319 1091 1388 semetipso
1132 1320 1334 1388 jugitcr
1378 1324 1645 1393 exigebat.
1696 1326 1939 1398 Cumque
1989 1345 2153 1400 opere

553 1428 719 1487 tot-ms
763 1417 890 1475 anni
933 1422 1147 1468 antrum
1199 1414 1315 1483 ejus
1358 1414 1548 1471 fuisset
1588 1419 1895 1489 impletum,
1929 1423 1979 1477 id
2008 1423 2149 1493 quod

2278 490 2401 560 igne
2445 493 2826 550 concremabat
2859 513 2872 548 :
2911 495 2964 550 in
2993 504 3213 553 tantum
3261 499 3498 566 probans
3539 499 3650 554 sine
3690 513 3822 570 opere

2278 599 2529 639 manuum
2581 602 2681 642 nec
2721 587 2773 642 in
2815 587 2934 644 loco
2973 604 3134 659 posse
3180 591 3504 647 monachum
3545 591 3822 664 perdurare,

2275 691 2376 732 nec
2401 677 2465 731 ad
2497 678 2841 747 perfectionis
2868 683 3087 739 culmen
3115 683 3406 753 aliquando
3449 684 3822 751 conscendere;

2275 777 2331 824 ut
2361 784 2482 824 cum
2519 769 2622 824 hoc
2655 772 2773 826 fieri
2808 788 3142 843 nequaquam
3184 773 3482 830 necessitas
3524 776 3691 830 victus
3727 773 3824 829 exi-

2272 871 2462 932 geret,
2496 879 2595 933 pro
2636 865 2754 920 sola
2807 868 3124 936 purgatione
3170 867 3351 922 cordis
3393 878 3447 923 et
3478 869 3824 939 cogitationum

2271 955 2566 1024 soliditate,
2608 972 2670 1012 ac
2698 958 3099 1027 perseverantia
3127 961 3276 1015 cella:
3297 1000 3311 1028 ,
3341 960 3422 1016 vel
3454 961 3651 1017 acedia:
3678 957 3827 1030 ipsius

2268 1048 2495 1105 victoria
2520 1059 2576 1106 et
2600 1051 3001 1122 expugnatione
3032 1053 3333 1122 perliceret.

2840 1166 3069 1222 CAPUT
3108 1166 3278 1222 XXV.

2341 1256 2512 1312 Verba
2528 1258 2728 1313 abbatis
2752 1257 2951 1330 Hoysis
2971 1259 3306 1383 auﬁdiserat
3327 1260 3454 1315 mihi
3475 1260 3539 1317 de
3561 1261 3766 1316 remedio

2950 1347 3040 1383 ace
3081 1347 3162 1383 ne.

2950 1347 3162 1386 aceatte.

2329 1421 2462 1476 Cum
2509 1422 2778 1492 incipiens
2829 1423 2881 1478 in
2937 1438 3125 1480 eremo
3184 1424 3552 1493 commorari,
3595 1422 3621 1462 ά
3667 1422 3832 1482 abbati

1629 1561 1885 1616 ALARDI
1929 1561 2163 1619 GAZ/El
2201 1562 2772 1625 COMMENTARIUS.

546 1688 839 1744 Cassianus
889 1685 1076 1740 collat.
1130 1683 1196 1737 18
1245 1695 1365 1747 eap.
1414 1681 1446 1733 Pi
1486 1688 1540 1734 et
1568 1680 1631 1743 6,
1663 1694 1785 1733 cum
1828 1681 1997 1734 multo
2024 1690 2147 1735 ante

2257 1683 2471 1737 mansio
2511 1697 2610 1752 pro
2643 1683 2835 1738 itinere
2875 1683 3032 1739 unius
3061 1683 3166 1737 diei
3193 1727 3207 1748 ,
3256 1683 3418 1739 etiam
3451 1684 3591 1752 apud
3621 1683 3832 1736 Plinium

548 1759 787 1814 Cassiani
814 1765 1024 1810 mtatem
1047 1755 1247 1808 Paulus
1271 1753 1360 1806 ille
1379 1751 1593 1812 abierit,
1618 1766 1810 1823 nempe
1831 1767 1972 1804 anno
1992 1763 2145 1808 sexto
2177 1755 2223 1815 B
2252 1752 2344 1805 lib.
2373 1770 2442 1806 xu
2469 1751 2589 1821 cap.
2625 1753 2690 1808 Η
2721 1772 2734 1808 :
2769 1753 3125 1808 Mansionibus
3158 1763 3273 1807 orto
3299 1763 3401 1809 stat
3426 1751 3568 1823 regio
3595 1753 3835 1822 tltttrt'fera

546 1829 850 1886 Constantii
890 1825 1260 1896 imperatoris,
1299 1824 1386 1890 qui
1424 1831 1540 1874 erat
1564 1837 1750 1896 annus
1793 1822 2001 1896 Domini
2034 1833 2143 1878 tre-

545 1903 876 1958 centesimus
899 1892 1344 1969 quadragesimus
1375 1892 1671 1955 secundus;
1707 1903 1760 1946 et
1792 1894 2015 1969 nistnioi,
2043 1897 2145 1949 nisi

545 1975 647 2026 Soli
681 1965 955 2033 Antonio',
989 1965 1152 2036 idque
1184 1966 1340 2035 paulo
1369 1975 1493 2017 ante
1523 1974 1750 2036 mortem
1775 2009 1788 2032 ,
1825 1965 2139 2032 innotuerit,

541 2045 698 2098 annis
729 2045 837 2097 fere
866 2034 1083 2096 centum
1116 2039 1166 2092 in
1189 2034 1382 2091 eremo
1413 2034 1616 2088 exactis
1641 2075 1655 2098 ,
1701 2043 1763 2087 ut
1805 2036 1969 2090 refert
2001 2038 2142 2093 idem

543 2114 904 2184 Hieronymus
956 2110 1259 2184 (Baronlin
1296 2105 1574 2184 Martyrol.
1611 2104 1675 2159 10
1704 2105 1986 2184 genuerit;
2017 2106 2144 2184 Ραι.

540 2185 716 2240 ludius
751 2176 982 2238 Ἰλιιιιιεῒίί⁸
1013 2184 1114 2240 23;
1173 2179 1380 2234 Sozam.
1413 2179 1449 2232 ι.
1483 2193 1498 2230 ι
1536 2195 1653 2249 cap.
1698 2176 1800 2249 1‘5;
1856 2177 2137 2249 Nicrplior.

539 2256 632 2309 lib.
653 2273 743 2310 vnt
767 2257 926 2316 cJO;
948 2253 1082 2306 llist.
1107 2252 1340 2320 Tripart.
1369 2250 1404 2302 l.
1441 2265 1457 2302 ι
1490 2265 1535 2320 c.
1568 2246 1625 2298 ll
1651 2263 1664 2312 ;
1702 2246 1892 2302 Baron.
1921 2252 1973 2303 in
1988 2246 2141 2305 ’Μαν-

539 2330 696 2397 tyrol.
730 2329 759 2379 7
796 2326 1039 2397 illartii)._
1063 2318 1352 2397 Fuitgalius
1381 2318 1584 2397 Paulus
1613 2329 1972 2397 cognomento
2003 2325 2136 2397 sim-

538 2390 658 2463 ιὶιμχ
684 2440 699 2462 ,
736 2396 981 2463 ejusdem
1018 2393 1236 2447 Antonii
1261 2390 1588 2463 discipulus,
1613 2400 1667 2444 et
1699 2393 1978 2447 in'virtute
2004 2395 2135 2449 ohe-

535 2461 790 2528 dientize,
841 2465 1158 2519 humilitatis
1209 2473 1260 2516 et
1308 2461 1649 2515 abStioentixe
1709 2463 2030 2517 mirabiliter
2067 2468 2136 2520 ab

534 2539 724 2592 eodem
777 2540 1065 2603 probatus,
1117 2545 1173 2588 ut
1219 2533 1404 2588 videre
1439 2542 1521 2586 est
1551 2532 1686 2595 apud
1715 2531 2042 2600 Palladium,
2077 2547 2136 2591 ut

533 2611 730 2664 merito
772 2609 878 2664 dici
915 2615 1100 2676 posset
1144 2603 1361 2676 Patrum
1404 2603 1842 2676 probatissimos,
1877 2607 2136 2673 quemad-

532 2683 750 2734 modum
793 2680 880 2734 hic
918 2673 1287 2746 nuncupatur.
1333 2673 1414 2728 At
1440 2691 1560 2729 cum
1596 2673 1706 2742 jam
1749 2679 2132 2745 sexagenarius

531 2752 827 2805 incrtat-bus
872 2751 1098 2804 effectus
1139 2748 1249 2811 sit,
1292 2754 1347 2800 et
1388 2747 1532 2800 inter
1568 2747 1770 2817 primos
1807 2748 1866 2817 _S.
1909 2747 2133 2803 Antonii

530 2824 830 2891 discipulos
870 2833 1184 2888 susceptus,
1218 2818 1378 2873 etiam
1421 2815 1752 2885 temporibus
1790 2815 2130 2891 Constantini

529 2888 702 2962 Magni
729 2894 1069 2954 imperatoris
1097 2891 1360 2962 floruerit,
1389 2904 1494 2962 non
1524 2892 1735 2962 videtur
1752 2891 1833 2962 vel
1853 2888 2124 2962 Cassiani,

526 2959 872 3020 velvabbatis
916 2964 1113 3033 Moysis
1167 2960 1348 3030 (cujus
1378 2961 1511 3033 intra
1545 2960 1604 3012 lit
1641 2959 1868 3029 mentio)
1907 2971 2126 3033 nitatem

525 3036 792 3102 attingere
822 3031 1083 3102 potuisse.
1132 3034 1346 3097 Tertius
1396 3031 1577 3098 itaque
1614 3034 1853 3102 occurrit
1903 3032 2122 3100 Paulus,

527 3107 614 3185 qui
662 3101 833 3176 Moysi
877 3107 1091 3160 cuidam
1131 3102 1312 3182 abbati
1360 3107 1699 3171 syncbronus
1744 3118 1778 3186 ¹τι
1819 3101 2126 3186 Sozomeno
2154 3122 2200 3186 ο

525 3174 1065 3241 ἂιίἱςιιιιι,ι“ίιςεθι·ἰῑιιι“,
1097 3176 1512 3242 quingentorum
1547 3174 1934 3227 monachorum
1967 3175 2130 3229 Pater

522 3247 577 3299 in
625 3245 879 3312 Phenue,
929 3247 1018 3315 qui
1068 3259 1226 3296 mons
1260 3243 1434 3315 est_in
1477 3243 1659 3315 Scetbi
1688 3284 1702 3308 ,
1735 3243 1848 3297 sive
1875 3244 2121 3315 Scythia,

520 3319 686 3371 vitam
720 3334 886 3383 agens
919 3312 1279 3370 monasticam
1314 3312 1562 3383 (Sozam.
1585 3313 1674 3367 lib.
1710 3329 1758 3366 vr
1790 3330 1835 3366 ε.
1865 3312 1968 3378 29;
2020 3314 2124 3368 Ni-

519 3390 668 3454 ceph.
695 3389 730 3442 l.
759 3382 808 3442 in
832 3405 946 3456 cap.
977 3387 1074 3450 56;
1110 3385 1325 3439 Pallad.
1355 3383 1514 3456 Laus.
1543 3382 1656 3451 ‘27.).
1686 3384 1755 3438 At
1786 3386 1932 3456 nullo
1963 3387 2122 3440 modo

519 3453 905 3514 ei’convenire
955 3460 1174 3511 videtur
1236 3458 1379 3524 quod
1429 3455 1516 3508 hic
1565 3465 1754 3509 narrat
1791 3453 2115 3524 Cassianus;

519 3544 641 3584 cum
683 3532 774 3584 alii
807 3548 838 3586 e
875 3531 1155 3586 contrario
1205 3527 1424 3582 disertis
1471 3527 1656 3580 verbis
1702 3528 1945 3582 scribant
1993 3545 2114 3582 cum

515 3602 652 3656 nihil
695 3604 876 3668 operis
921 3603 1145 3664 fecisse,
1189 3600 1283 3653 sed
1316 3597 1551 3652 assiduis
1587 3599 1838 3665 precibus
1869 3614 2112 3662 vacasse.

515 3675 654 3727 etin
700 3676 817 3729 dies
857 3675 1100 3744 singulos
1131 3681 1401 3744 treg-cntas
1451 3671 1742 3744 orationes
1782 3669 1930 3744 Deo,
1965 3672 2116 3728 velut

513 3746 772 3799 tributum
803 3740 1071 3811 quoddam
1107 3741 1437 3808 reddidisse;
1489 3741 1592 3794 nisi
1625 3741 1701 3796 sic
1731 3740 2024 3809 intelligas,
2056 3755 2114 3798 ut

512 3816 702 3868 Petrus
739 3819 1021 3884 Eqnilinus
1067 3817 1204 3868 libro
1243 3824 1438 3883 quarto
1465 3813 2008 3884 capitersexagesimo
2043 3815 2112 3871 de

509 3885 615 3940 hoc
645 3882 814 3940 Paulo
861 3902 1062 3950 agens,
1112 3882 1334 3951 exponit
1381 3885 1462 3937 his
1503 3883 1687 3937 verbis
1727 3901 1740 3938 :
1793 3882 1893 3949 Qui
1930 3885 2110 3940 diebus

508 3959 726 4028 singulis
754 3973 846 4010 nec
867 3958 1033 4009 cibum
1071 3957 1300 4009 sumebat
1321 3971 1457 4028 ,_nec
1493 3954 1729 4028 munibus
1763 3958 2108 4024 aprrabatur;

508 4024 671 4080 eam
718 4036 967 4080 trecentas
1012 4027 1269 4080 orationes
1317 4024 1422 4077 Deo
1467 4024 1722 4094 solveret,
1772 4041 1904 4094 genu
1945 4029 2102 4094 ﬂexa,

505 4114 636 4167 quas
667 4115 879 4152 numera
911 4098 1146 4168 lupidun
1178 4096 1391 4160 ponebat
1418 4136 1434 4160 ,
1463 4105 1569 4148 ctc.
1602 4093 1796 4168 Verum
1828 4093 1987 4162 hujus
2018 4099 2103 4151 in-

506 4165 911 4236 terpretationis
946 4165 1078 4221 fides
1109 4182 1273 4233 penes
1307 4175 1583 4218 auctorem
1615 4165 1702 4218 sit.
1738 4166 2106 4224 Memorautttr

506 4249 565 4293 et
601 4244 689 4292 alii
723 4239 877 4292 Pauli
909 4240 1144 4307 probata:
1175 4236 1475 4302 sanctitatis
1513 4236 1733 4290 abbates
1767 4240 2098 4306 eremicolm,

503 4326 733 4377 quorum
790 4311 878 4363 uni
933 4309 1163 4362 fortasse
1213 4309 1315 4362 hoc
1365 4307 1564 4361 factum
1617 4307 1960 4362 tril'iuendum
2007 4312 2095 4377 sit,

499 4381 633 4435 licet
657 4384 724 4435 ab
746 4383 863 4435 aliis
888 4380 1202 4434 auctoribus
1225 4380 1442 4432 minime
1465 4392 1801 4442 expressum.
1830 4379 2096 4437 Cil'lt‘lllln

498 4456 742 4523 quisquis
770 4451 962 4505 horum
994 4450 1172 4514 fuerit,
1198 4461 1347 4523 certe
1379 4466 1481 4503 non
1513 4447 1678 4523 alium
1715 4451 1881 4506 fuisse
1911 4453 2098 4508 existi-

832 4502 1403 4590 quiﬂseqtteiiiicapite
1431 4528 1489 4574 et
1512 4502 1822 4574 collationis
2124 4502 2176 4561 Ῑ)

495 4610 618 4661 cap.
662 4595 732 4649 ‘26
767 4597 926 4647 simul
967 4609 1092 4647 cum
1138 4595 1324 4662 Moyse
1361 4593 1556 4646 abbate
1586 4603 1864 4647 coetaneo
1894 4611 2101 4652 memo-

495 4677 686 4720 ratur:
719 4665 874 4733 cnjus
906 4666 1090 4719 itidem
1119 4665 1412 4732 singularis
1445 4665 1649 4737 [inritas
1677 4672 1731 4716 ct
1752 4665 2092 4737 castimonia,

495 4747 548 4790 ut
596 4737 684 4807 qui
736 4737 1021 4790 mulierem
1072 4751 1140 4790 ne
1169 4739 1414 4804 aspicere
1440 4734 1660 4802 quidem
1692 4736 1961 4807 voluerit,
1997 4734 2098 4794 nec

492 4806 683 4863 nonet
713 4809 978 4862 miracula
1027 4809 1188 4861 etiam
1243 4816 1364 4876 post
1412 4817 1644 4860 mortem
1677 4806 1820 4861 edita
1855 4807 1925 4860 ibi
1958 4810 2098 4866 refe-

492 4889 719 4946 runtur;
782 4879 852 4934 de
905 4896 1010 4949 quo
1055 4882 1217 4933 etiam
1274 4877 1520 4934 meminit
1565 4878 1772 4934 Auctor
1821 4879 2007 4936 collat.
2060 4883 2095 4940 9

495 4967 616 5020 cap.
651 4952 700 5005 1,

447 5041 460 5049 ·
561 5033 584 5059 ⁸
628 5024 703 5077 De
737 5022 1112 5091 Porphyrione
1157 5022 1330 5077 insula
1380 5021 1631 5076 meminit
1676 5021 1882 5078 Plinius
1929 5024 2024 5080 lib.
2059 5041 2092 5079 v

487 5109 603 5161 cap.
643 5097 739 5149 ult.
770 5094 875 5149 Sed
917 5096 1030 5148 brec
1061 5111 1126 5147 an
1151 5094 1338 5148 eadem
1371 5097 1440 5144 sit.
1467 5110 1588 5147 cum
1620 5095 1720 5149 hac
1741 5111 1948 5157 eremo,
1980 5112 2088 5152 non

485 5167 615 5218 satis
638 5168 985 5231 exploratum
1011 5166 1205 5220 habeo.
1239 5165 1478 5221 Meminit
1505 5181 1692 5220 rursus
1717 5176 1771 5221 ct
1797 5169 2086 5222 Cassianus

484 5236 642 5301 hujus
670 5243 834 5292 eremi
865 5239 1046 5292 collat.
1082 5240 1152 5291 ‘24
1181 5255 1300 5306 cap.
1341 5237 1372 5290 4
1410 5236 1492 5290 his
1521 5238 1700 5289 verbis
1730 5255 1742 5289 :
1781 5239 1882 5302 Qui
1912 5238 1962 5289 iit
1992 5240 2086 5294 illa

483 5306 684 5381 Calami
720 5326 823 5362 sive
868 5309 1249 5381 Porphyrionis
1284 5323 1452 5381 eremo
1489 5307 2082 5381 morabanturLPalla-

479 5379 599 5430 dius
635 5381 1014 5452 l’orpbyritem
1051 5377 1201 5435 {'oczit
1231 5398 1243 5432 :
1275 5380 1516 5452 Sancto,_
1537 5379 1807 5452 inquiens,
1838 5377 2082 5452 Pityrum

476 5449 844 5522 anachoretzc,
881 5455 968 5522 qni
1000 5453 1225 5506 sedebat
1258 5453 1309 5503 in
1357 5449 1714 5522 Porphyrite,
1745 5458 1856 5505 etc.
1910 5449 2083 5522 Euse-

475 5519 597 5592 bius
629 5524 792 5578 etiam
821 5519 1170 5578 Caesariensis
1201 5521 1342 5574 llist.
1380 5522 1521 5575 Eccl.
1546 5519 1656 5576 lib.
1687 5537 1780 5575 vm
1809 5537 1926 5592 cap.
1967 5520 2032 5578 18
2059 5540 2075 5579 :

474 5585 639 5646 Forte
664 5635 679 5657 ,
711 5595 919 5663 inquit,
960 5593 1159 5646 in'laco
1186 5593 1410 5661 quadam
1453 5592 1731 5647 Thebaidis
1762 5585 2082 5664 Porpltyrt'te
2109 5623 2113 5625 -

472 5665 741 5738 appellato
762 5704 776 5727 ,
805 5665 894 5738 qui
915 5665 1032 5732 jam
1060 5674 1208 5717 antea
1243 5680 1310 5738 ea:
1344 5680 1470 5718 vena
1499 5666 1692 5734 lapidis
1722 5665 2074 5738 porpltyrites,

471 5748 588 5805 qua:
615 5733 686 5805 ibi
717 5735 973 5805 nascitur,
1004 5749 1189 5787 nomen
1217 5735 1463 5791 duxerat.

543 5800 573 5843 δ
613 5801 726 5860 Hoc
752 5812 856 5868 εει.
891 5803 1086 5860 itinere
1118 5814 1326 5870 septem
1355 5806 1590 5866 dierum.
1637 5806 1881 5867 Sumitut'
1923 5813 2073 5871 enim

2251 1839 2281 1874 a
2303 1836 2472 1878 monte
2492 1825 2724 1892 excelso;
2757 1826 2838 1879 vel
2870 1840 2965 1891 pro
2992 1825 3319 1880 stationibus
3348 1826 3602 1892 militum,
3633 1827 3717 1880 vel
3746 1827 3835 1879 iter

2250 1897 2546 1966 agentium.
2585 1895 2738 1951 Unde
2771 1905 3032 1966 tractatus
3067 1897 3128 1951 ῐ).
3161 1896 3474 1966 Hieronymi
3506 1897 3572 1950 de
3603 1895 3673 1949 4‘2
3701 1911 3836 1949 man-

2248 1965 2482 2019 sianibtts
2513 1967 2741 2034 ﬁliorum
2775 1967 2944 2020 Israel
2975 1965 3148 2038 (Tom.
3179 1966 3302 2036 lll);
3336 1965 3432 2038 per
3461 1981 3599 2036 quas
3629 1968 3836 2021 mutatis

2247 2038 2443 2090 castris
2475 2053 2540 2092 ex
2571 2038 2807 2110 Egypto
2841 2036 3132 2110 adte‘rram
3169 2036 3546 2110 promissionis
3589 2050 3835 2110 pervene-

2247 2117 2394 2173 runt,
2429 2119 2487 2161 ιιι
2517 2111 2570 2162 in
2601 2108 2790 2165 Exodo
2821 2117 2877 2165 et
2916 2108 3168 2163 Numeris
3201 2109 3419 2175 legitur.

2321 2189 2344 2218 ⁸
2396 2181 2580 2234 Palma
2634 2181 2830 2235 nobilis
2873 2181 3037 2235 arbor
3084 2183 3138 2234 iu
3183 2179 3340 2250 Syria
3368 2189 3422 2250 et
3463 2177 3704 2250 Egypto
3741 2176 3839 2250 fre-

2243 2263 2437 2321 quens.
2465 2250 2675 2306 fructus
2705 2251 2993 2321 proferens
3018 2249 3279 2320 daCIylos,
3313 2266 3343 2304 a
3369 2249 3671 2318 digitorum
3700 2249 3839 2305 simi-

2242 2319 2469 2376 lttndine
2513 2319 2718 2377 dictos.
2761 2324 2884 2378 Sola
2929 2323 3068 2376 inter
3109 2319 3338 2376 arbores
3385 2321 3585 2375 iisdem
3633 2335 3841 2389 semper

2244 2389 2388 2444 foliis
2409 2408 2472 2446 ac
2495 2407 2758 2462 perpetuo
2789 2395 2977 2448 virens
3011 2410 3024 2447 :
3062 2392 3203 2447 unde
3229 2391 3489 2463 ἀείφυλλος
3512 2391 3584 2446 ab
3610 2393 3838 2461 antiquis

2241 2463 2662 2528 cognominata,
2714 2465 3013 2534 eademque
3071 2464 3312 2518 victoria:
3366 2463 3521 2533 signo
3568 2473 3629 2518 et
3687 2477 3841 2518 orna-

2242 2543 2427 2588 mento
2449 2535 2659 2600 dicata;
2699 2536 2845 2606 quod
2877 2536 3213 2605 ponderibus
3243 2550 3347 2587 non
3376 2535 3572 2606 cedat,
3612 2534 3711 2589 sed
3742 2549 3842 2603 quo

2241 2607 2412 2673 magis
2452 2603 2752 2673 premitur,
2805 2603 2891 2663 eo
2932 2607 3102 2675 magis
3159 2617 3404 2672 assurgat
3454 2603 3564 2675 (_S.'
3598 2606 3839 2675 Ambros.

2238 2672 2394 2730 scrin.
2419 2672 2519 2743 24;
2548 2672 2769 2733 Basilius
2799 2678 2978 2731 homil.
3008 2672 3044 2732 5
3068 2679 3122 2730 in
3153 2675 3419 2740 ﬂexam;
3445 2672 3656 2730 Gellius
3686 2674 3738 2731 Ν
3745 2684 3842 2732 oct.

2239 2743 2392 2800 Attio.
2430 2749 2467 2802 l.
2503 2764 2558 2801 ιιι
2588 2766 2636 2803 c.
2669 2750 2731 2814 6;
2779 2748 2906 2803 Cael.
2955 2747 3183 2817 Rhodig.
3232 2747 3378 2800 Lect.
3435 2746 3619 2817 Antiq.
3671 2747 3763 2803 lib.
3813 2763 3843 2802 ν

2237 2829 2351 2890 cap.
2379 2817 2455 2888 6).
2484 2818 2619 2873 Hinc
2647 2821 2881 2876 Isidorus
2907 2820 3138 2890 Etymol.
3171 2819 3262 2890 lib.
3291 2832 3397 2872 xvu
3423 2831 3475 2872 c.
3507 2818 3537 2870 7
3567 2836 3582 2872 :
3618 2817 3832 2887 Palma,

2237 2887 2450 2962 inquit,
2493 2891 2634 2944 dicta
2660 2933 2674 2956 ,
2711 2894 2835 2962 quia
2871 2887 3053 2944 manus
3087 2889 3310 2962 victricis
3339 2898 3555 2962 ornatus
3601 2899 3726 2962 est;
3771 2890 3845 2962 ost

2233 2959 2373 3028 quod
2409 2964 2647 3028 expansis
2691 2959 2766 3016 est
2804 2963 2994 3024 ramis,
3035 2962 3090 3015 in
3132 2960 3345 3014 modum
3374 2959 3566 3028 palma:
3593 2959 3841 3015 hominis.

2235 3027 2332 3106 Est
2359 3035 2497 3106 enim
2524 3034 2677 3106 arbor
2697 3035 2896 3106 insigne
2927 3032 3178 3106 victoriis,
3215 3027 3528 3106 proceroque
3555 3047 3626 3106 ac
3650 3031 3843 3106 decoro

2234 3101 2489 3174 virgulto,
2529 3101 2890 3174 diuturnisque
2935 3103 3209 3174 frondibus
3239 3103 3455 3165 vestita,
3487 3109 3534 3155 et
3572 3103 3715 3171 [alia
3754 3119 3845 3157 sua

2236 3172 2346 3223 sine
2364 3173 2471 3225 ulla
2492 3172 2812 3229 successione
2833 3172 3161 3229 conservans.
3182 3172 3350 3226 Porro
3378 3174 3694 3229 palmarum
3718 3187 3844 3229 usus

2231 3242 2423 3310 priscis
2464 3245 2570 3298 illis
2609 3248 2892 3301 monachis
2940 3245 3220 3312 multiplex
3268 3257 3333 3298 ac
3367 3242 3662 3300 familiaris
3706 3244 3844 3312 fuit;

2229 3329 2352 3367 nam
2397 3326 2452 3370 et
2495 3318 2698 3370 victum
2723 3361 2737 3383 ,
2771 3326 2827 3372 et
2855 3318 3111 3371 vestitum
3139 3356 3154 3376 .
3184 3323 3241 3370 et
3268 3315 3398 3385 varii
3424 3313 3618 3370 itidem
3654 3318 3845 3385 operis

2227 3387 2508 3457 materiam
2549 3389 2627 3442 eis
2665 3388 3050 3457 suppeditabat
3097 3386 3322 3454 (Sulpit.
3357 3383 3588 3457 Severus
3636 3383 3772 3441 dial.
3809 3389 3836 3444 1

2224 3456 2289 3508 de
2313 3457 2410 3530 ait}
2441 3474 2581 3530 mon.
2615 3453 2818 3530 Orioni.
2852 3476 2968 3530 cap.
2996 3461 3060 3523 7;
3109 3453 3356 3530 Saphro._
3371 3457 3428 3530 in
3449 3453 3640 3530 Prata
3686 3457 3839 3530 Spir.

2222 3542 2270 3582 c.
2305 3525 2440 3593 “5;
2477 3529 2759 3601 Nicephor.
2797 3525 2936 3583 l-list'.
2963 3531 3004 3584 l.
3030 3545 3124 3583 χιιι
3154 3525 3271 3601 cap.
3301 3525 3414 3598 H).
3445 3527 3671 3601 Etenim
3704 3525 3846 3596 prte-

2223 3606 2305 3652 ter
2333 3597 2641 3663 exemplum
2676 3601 2764 3655 hic
2791 3613 3154 3656 memoratum
3174 3639 3188 3665 ,
3220 3597 3376 3652 idem
3396 3599 3564 3652 etiam
3603 3610 3846 3655 testatur

2221 3668 2286 3723 D.
2323 3671 2685 3744 Hieronymus
2724 3673 2794 3727 de
2831 3673 2996 3744 Paulo
3027 3670 3326 3744 illoprimo
3368 3669 3605 3744 eremita
3630 3712 3646 3736 ,
3680 3673 3848 3744 cujus

2220 3745 2389 3795 vitam
2420 3741 2744 3808 descripsit,
2777 3745 2865 3798 ubi
2905 3743 2981 3797 ait
3022 3742 3246 3796 :Cibum
3285 3750 3334 3794 et
3373 3741 3751 3797 vestimentum
3782 3743 3839 3796 ei

2216 3815 2392 3882 palma
2419 3816 2698 3884 prarbrbat.
2741 3815 2806 3870 Et
2837 3815 2974 3868 infra
3011 3831 3023 3866 :
3053 3812 3321 3884 contextis
3350 3811 3662 3884 palmarum
3697 3814 3850 3880 {aliis

2214 3882 2538 3940 vestiebatur.
2577 3889 2902 3941 Athanasius
2938 3889 3064 3940 item
3095 3883 3164 3939 de
3201 3883 3260 3938 S.
3291 3882 3526 3936 Antonio
3563 3903 3577 3937 :
3617 3883 3850 3941 Palma-

2213 3970 2332 4008 rum
2371 3956 2488 4010 licet
2520 3959 2797 4023 mediocri,
2844 3958 3110 4026 aliquanta
3137 3955 3848 4027 tarnen_solatio_refoaeba-

2213 4034 2316 4078 tur.
2366 4027 2703 4083 Sozomenus
2749 4028 2846 4083 lib.
2889 4023 2939 4082 vi
2980 4028 3116 4081 Hist.
3149 4039 3271 4095 cap.
3315 4023 3386 4078 29
3421 4027 3488 4079 de
3542 4023 3852 4082 Dorotbeo

2211 4097 2540 4152 anachoreta
2573 4117 2585 4153 :
2624 4098 2799 4153 Noctu
2839 4108 3012 4153 autem
3057 4099 3188 4168 [alia
3233 4097 3530 4168 palmarium
3581 4099 3849 4152 nectebat

2209 4173 2420 4222 textura
2447 4170 2611 4223 tortili
2637 4212 2650 4235 ,
2694 4181 2742 4224 et
2769 4186 2832 4224 ex
2877 4171 2984 4224 illis
3041 4165 3313 4239 sportulas
3347 4165 3604 4239 faciebat,
3640 4170 3848 4239 quibus

2207 4239 2398 4312 victum
2429 4242 2522 4293 sibi
2550 4242 2923 4312 suppeditaret.
2971 4242 3047 4296 Ac
3070 4236 3141 4293 de
3164 4238 3445 4312 Stephano
3472 4236 3620 4292 infra
3657 4236 3844 4312 '(Cap.

2207 4309 2277 4363 ΞΒ
2319 4318 2368 4382 et
2397 4312 2486 4377 50)
2528 4327 2542 4363 :
2587 4310 2781 4365 Tamen
2824 4329 2955 4382 apus
3003 4316 3202 4382 facere,
3247 4309 3848 4382 foliaquepatmaru'm

2204 4381 2445 4436 manibus
2469 4393 2656 4444 texere,
2683 4381 3090 4450 complicareque
3115 4398 3217 4435 non
3241 4381 3457 4450 destitit.
3478 4381 3606 4434 Alia
3635 4398 3853 4439 exem-

2206 4453 2292 4519 pla
2323 4454 2461 4519 apud
2499 4452 2797 4507 Palladium
2838 4457 2888 4507 in
2920 4455 3217 4509 Lausiacis.
3264 4452 3338 4507 De
3368 4449 3568 4505 Palma:
3617 4465 3850 4511 natura

2203 4523 2429 4593 ejusque
2457 4524 2620 4593 foliis,
2656 4524 2922 4579 fructibus
2952 4541 3016 4580 ac
3051 4523 3359 4592 speciebus,
3392 4521 3550 4576 latius
3579 4523 3850 4581 disserit
3884 4569 3893 4579 .

2205 4591 2417 4648 Plinius
2461 4591 2664 4649 lltstor.
2699 4595 2888 4651 Natnr.
2924 4597 3016 4650 lib.
3052 4611 3146 4650 xm
3176 4594 3353 4661 capite
3381 4593 3435 4648 4.

2276 4663 2302 4703 ιι
2349 4667 2715 4738 Memorantur
2747 4677 2854 4721 tres
2889 4670 3102 4738 Moyses
3139 4665 3482 4738 anachoreta:
3509 4669 3849 4738 sanctitate

2203 4739 2504 4806 conspicui.
2541 4737 2759 4791 Primus
2783 4740 2876 4792 ille
2904 4735 3121 4810 naiione
3146 4736 3418 4810 Ethibps,
3448 4735 3538 4802 qui
3571 4752 3654 4791 ex
3689 4737 3851 4810 fugi-

2201 4810 2312 4880 tivo
2337 4805 2392 4863 et
2427 4811 2683 4880 praedone
2717 4811 2940 4879 insignis
2968 4808 3290 4880 anachoreta
3321 4805 3568 4880 effectus,
3605 4805 3852 4880 mult'os

2199 4878 2440 4934 latrones
2459 4880 2750 4946 convertit,
2777 4878 2917 4936 et’ad
2948 4878 3297 4935 manasticam
3322 4879 3485 4930 vitam
3511 4879 3803 4935 traduxit
3831 4899 3846 4934 :

2199 4951 2354 5018 cojus
2382 4962 2500 5006 acta
2543 4951 2853 5007 referuntur
2890 4963 3000 5006 tum
3035 4953 3084 5004 in
3129 4950 3265 5003 Vitis
3293 4947 3513 5018 Patrum
3548 4947 3747 5018 (Lib.
3781 4967 3854 5008 tu

2165 5021 2245 5073 ἐ.
2267 5015 2399 5091 ⁷⁸21),
2436 5033 2544 5076 tum
2579 5023 2719 5092 apud
2762 5023 3055 5077 Palladium
3101 5015 3509 5092 (Μηδίῳ-22),
3537 5015 3857 5092 Sozome-

2199 5089 2535 5167 nuttt__'(l._ib.
2587 5089 2795 5167 v'tgcap.
2828 5094 2897 5149 29
2923 5105 2976 5167 ),_
3014 5102 3080 5167 _et
3107 5092 3243 5167 alios
3294 5089 3549 5167 (Niceph.
3614 5091 3735 5146 lib.
3761 5111 3854 5167 _Xl

2193 5179 2240 5216 ο.
2275 5160 2398 5233 56).’
2422 5164 2618 5218 Verum
2657 5160 2752 5219 hic'
2772 5181 2875 5219 non
2914 5160 2979 5219 ad
3011 5165 3154 5219 hunc
3191 5160 3387 5218 locum.
3439 5160 3574 5214 Nam
3634 5165 3857 5221 multo

2193 5240 2436 5305 tempore
2457 5236 2773 5290 Cassianum
2800 5246 3041 5290 nostrum
3074 5233 3477 5305 antecessitLut
3509 5247 3581 5286 ex
3625 5233 3856 5294 Histo-

2193 5306 2270 5360 ria
2315 5304 2700 5363 Eeclesiastiea
2731 5308 2986 5380 colligere
3016 5317 3138 5380 est._
3170 5307 3320 5380 Alter
3369 5304 3592 5380 Moyses
3637 5306 3855 5380 Δίες·
3925 5377 3928 5380 Α

2193 5379 2354 5460 ptius,
2383 5381 2470 5450 qtti
2497 5381 2724 5460 primum
2750 5379 2802 5432 in
2822 5374 3012 5460 eremo
3039 5377 3340 5460 solitariam
3362 5374 3525 5460 vitam
3552 5374 3853 5460 (ιιιςςῖῖε,

2188 5450 2357 5518 signis
2381 5448 2444 5505 ac
2469 5448 2758 5504 virtutibus
2787 5452 3015 5515 claruit;
3046 5465 3108 5504 ac
3136 5448 3350 5511 deinde,
3386 5455 3621 5516 petente
3663 5449 3855 5506 Mau-

2185 5522 2277 5575 via
2304 5522 2486 5594 regina
2521 5521 2949 5594 Saracenorum,
2989 5522 3286 5594 episcOpns
3316 5529 3530 5594 creatus
3555 5529 3700 5575 est.
3758 5520 3863 5584 De

2176 5609 2292 5666 quo
2318 5589 2571 5650 Socrates
2601 5589 2777 5666 libth
2807 5610 2928 5661 cap.
2956 5589 3049 5660 29,
3079 5589 3537 5666 Theodoretilib.
3563 5603 3652 5666 _1v
3696 5609 3855 5666 cap.

2183 5659 2272 5736 2'2,
2327 5667 2618 5722 Sozomen.
2669 5663 2806 5720 (list.
2834 5659 2931 5720 lib.
2964 5680 3016 5718 vt
3037 5659 3088 5718 c.
3141 5663 3231 5719 58.
3282 5659 3858 5736 Tertius_dgnique

2183 5735 2395 5809 Moyses
2420 5739 2656 5808 Libycus
2675 5781 2688 5804 ,
2727 5739 2817 5808 qui
2850 5747 2906 5793 et
2934 5736 3102 5809 abbas
3125 5746 3188 5809 et
3211 5734 3492 5809 presbyter
3517 5731 3643 5788 fuit
3662 5751 3686 5800 ;
3743 5731 3858 5809 iac,

2183 5803 2321 5867 tesie
2351 5803 2592 5866 Palladio
2615 5803 2848 5878 (Lausia.
2875 5810 2992 5877 88),
3019 5807 3095 5860 vir
3121 5803 3427 5862 mitissimus
3465 5809 3513 5859 et
3548 5803 3860 5872 messeni
