4014 6200
275 269 376 332 101

824 270 916 328 DE
953 273 1431 334 cmuomonun
1469 273 1718 330 le‘Tt'l‘.
1763 277 1890 332 uo.
1933 277 2021 333 xu.
2047 309 2114 318 —
2149 281 2241 335 ne
2281 249 2559 337 seuitru
2599 281 3042 340 cenonoxm.

3470 285 3582 347 402

273 391 411 460 nali,
442 392 546 449 sed
566 391 734 449 etiam
761 393 815 448 iu
839 391 1090 463 spiritali,
1122 393 1448 448 monachum
1469 394 1673 463 pulsat,
1708 391 1877 447 subti-
1905 398 1950 456 Α
1983 402 2153 448 tutum
2206 394 2393 464 specie
2443 395 2702 451 victorem
2758 395 3063 452 confodere-
3096 403 3153 452 et
3169 397 3416 470 jugulare
3443 413 3574 471 per-

272 485 415 544 liore
463 500 526 542 se
581 485 814 557 nequitia
868 485 1124 557 ingerens
1179 486 1381 553 menti;
1421 487 1494 541 ita
1525 496 1583 540 ut
1621 485 1712 556 qui
1765 499 1873 541 non

273 578 561 650 potuerint
587 578 895 634 carnalibus
925 579 1070 633 vitiis
1100 578 1300 649 decipi,
1334 588 1359 615 °
1389 578 1720 648 spiritalibus
1751 592 1872 633 suc-

276 671 531 727 cessibus
553 670 729 725 acrius
753 671 1098 726 sancientur:
1120 679 1378 742 tantoque
1405 682 1488 726 est
1516 669 1872 739 perniciosior

277 762 348 816 ad
378 761 708 827 conflictum,
737 770 939 830 quanto
967 762 1258 818 obscurior
1291 763 1358 817 ad
1388 762 1713 818 cavendum.
1741 763 1871 818 0m-

275 856 432 910 nium
466 868 692 924 namque
719 854 970 909 vitiorum
999 855 1337 910 manifestior
1361 855 1712 926 apertiorque
1740 869 1868 912 con-

274 961 502 1015 gressus
553 956 658 1013 est,
703 955 757 1002 et
784 947 838 1001 in
863 962 1187 1018 unoquoque
1213 962 1402 1004 eorum
1446 948 1872 1005 contradictione

268 1039 448 1109 rigida
475 1037 783 1094 confutatus
811 1039 1080 1107 incentor,
1117 1040 1401 1095 invalidior
1458 1039 1637 1096 factus
1680 1041 1868 1096 absce-

268 1127 384 1191 det,
405 1129 778 1199 victoremque
800 1146 956 1185 suum
980 1130 1225 1201 dejectus
1243 1130 1597 1186 adversarius
1615 1131 1870 1201 deinceps

265 1221 540 1277 infirmior
562 1224 866 1279 attentabit.
894 1223 922 1262 δ
951 1225 1050 1280 llic
1077 1241 1210 1280 vero
1241 1226 1462 1280 morbus
1488 1241 1608 1281 cum
1633 1240 1734 1295 pro
1757 1225 1869 1280 ela-

266 1318 418 1369 tione
440 1316 966 1395 carnalipulsaverit
998 1328 1261 1385 mentem,
1279 1329 1332 1373 et
1359 1319 1524 1372 fuerit
1552 1318 1867 1387 responsio-

264 1407 357 1460 nis
410 1417 561 1461 scuto
609 1409 879 1476 repulsus,
936 1425 1128 1465 rursus
1151 1417 1211 1464 ut
1236 1409 1484 1480 quaedam
1518 1408 1866 1465 multiformis

258 1499 528 1569 nequitia,
555 1500 739 1571 priore
770 1500 960 1557 habitu
986 1517 1331 1571 personaque
1362 1511 1589 1568 mutata,
1623 1502 1724 1557 sub
1752 1503 1862 1557 vir-

1978 495 2068 544 ten
2077 498 2171 543 tat.

2593 580 2821 638 CAPUT
2859 581 2946 637 Ill.

2085 716 2255 785 Quam
2281 716 2565 770 cenodoxia
2593 715 2871 786 multiplex
2899 716 2965 770 sit
2994 732 3056 770 ac
3085 718 3444 790 multiformis.

2045 855 2258 910 Etenim
2290 861 2490 910 caetera
2520 851 2649 908 vitia
2671 868 2766 908 seu
2797 853 3235 922 perturbationes
3263 854 3568 913 uniformes

1974 962 2039 1002 ac
2068 947 2342 1018 simplices
2370 960 2491 1002 esse
2531 945 2807 1010 dicuntur,
2840 944 2956 1000 hate
3005 959 3136 1001 vero
3190 944 3472 1016 multiplex
3512 954 3570 1003 et

1977 1040 2326 1095 multiformis
2353 1053 2417 1094 ac
2453 1038 2626 1106 varia,
2660 1037 2897 1107 undique
2941 1037 3193 1094 bellatori
3223 1048 3277 1092 et
3305 1054 3373 1092 ex
3417 1039 3566 1094 omni

1972 1142 2128 1202 parte
2153 1131 2347 1186 victori
2377 1145 2694 1186 occurrens.
2729 1128 2863 1184 Nam
2891 1139 2946 1185 et
2973 1131 3028 1184 in
3063 1129 3270 1195 habitu,
3293 1139 3346 1186 et
3375 1130 3428 1184 iu
3459 1130 3570 1187 for-

1974 1235 2104 1288 ma,‘
2136 1226 2187 1278 in
2217 1227 2454 1288 incessu,
2489 1221 2545 1275 in
2575 1236 2728 1287 voce,
2759 1222 2812 1275 in
2845 1236 3028 1291 opere,
3055 1221 3108 1276 io
3139 1222 3362 1292 vigiliis,
3393 1222 3444 1276 in
3483 1223 3568 1292 je-

1967 1317 2159 1387 juniis,
2219 1319 2270 1371 in
2312 1317 2576 1384 oratione,
2636 1317 2690 1371 in
2744 1319 3080 1382 remotione,
3115 1315 3168 1370 in
3202 1316 3459 1386 lectione,
3507 1317 3563 1373 in

1973 1409 2222 1475 scientia,
2239 1410 2292 1465 in
2313 1410 2706 1476 taciturnitate,
2727 1409 2781 1464 in
2811 1410 3138 1476 obedientia,
3163 1411 3213 1465 in
3238 1409 3560 1478 humilitate,

1973 1504 2025 1556 in
2050 1503 2479 1572 longanimitate,
2517 1514 2537 1542 ο
2572 1502 2799 1558 militem
2829 1501 3029 1558 Christi
3061 1504 3348 1560 vulnerare
3396 1519 3562 1559 cona-

1362 1613 1614 1668 ALARDI
1655 1613 1884 1670 GAZIEI
1923 1614 2494 1673 COMMENTARIUS.

255 1708 448 1787 doxia,
479 1707 977 1787 licet‘multiformis
993 1723 1054 1761 ac
1075 1709 1342 1787 multiplex
1367 1711 1452 1774 sit,
1481 1720 1529 1787 et
1554 1710 1605 1762 in
1628 1711 1858 1787 diversas
1890 1713 1938 1773 B
1963 1712 2149 1787 simis;
2180 1712 2290 1787 vel,
2325 1723 2382 1766 ut
2421 1713 2500 1787 ait
2538 1712 2600 1766 Ι).
2634 1713 2890 1777 Thomas,
2921 1733 3038 1769 cum
3066 1718 3182 1784 quis
3209 1717 3467 1787 gloriatur
3493 1720 3559 1774 de

252 1781 462 1851 species
488 1779 774 1852 dividatur,
792 1787 981 1851 genera
1008 1784 1310 1852 tameniejus
1339 1788 1457 1852 sunt
1484 1779 1621 1833 duo:
1638 1783 1860 1851 primum

249 1850 366 1919 quo
397 1867 493 1922 pro
524 1850 820 1904 carnalibus
843 1866 906 1902 ac
937 1850 1226 1922 manifestis
1245 1850 1537 1922 extollimur
1566 1850 1754 1918 rebus;
1774 1870 1861 1907 se-

250 1920 618 1985 cundumquo
639 1937 733 1991 pro
745 1920 1102 1987 spiritualibus
1129 1931 1176 1973 et
1199 1921 1412 1975 occultis
1439 1922 1697 1976 desiderio
1715 1939 1862 1977 vana:

247 1991 446 2046 laudis
474 1992 742 2062 iii/famur.
775 1993 919 2048 Idem
951 1992 1112 2060 igitur
1134 1992 1235 2047 hoc
1256 1992 1378 2047 loco
1396 1994 1598 2059 pulsari
1624 1995 1677 2047 in
1710 2004 1864 2062 parte

245 2062 492 2120 carnali.
530 2079 594 2115 ac
625 2078 722 2130 pro
752 2062 1060 2117 carnalibus
1112 2071 1168 2117 et
1220 2062 1521 2118 manifestis
1566 2065 1732 2120 rebus
1762 2081 1864 2120 ex-

246 2133 412 2194 tolli;
462 2132 610 2187 idem
639 2133 694 2187 iu
719 2146 868 2201 parte
898 2134 1170 2200 Spirituali
1196 2135 1419 2202 pulsari,
1453 2149 1517 2188 ac
1561 2152 1658 2196 pro
1692 2135 1860 2201 spiri-

247 2205 499 2259 tualibus
559 2213 617 2258 et
665 2205 894 2259 occultis
948 2204 1224 2260 desiderio
1267 2220 1422 2259 vanae
1455 2205 1628 2260 laudis
1655 2206 1854 2262 inﬂari.

247 2276 403 2330 Vide
436 2285 621 2329 notata
645 2277 898 2344 superius
922 2291 991 2329 ex
1018 2275 1084 2329 D.
1113 2275 1530 2347 Chrysostomo.

339 2355 366 2384 ⁸
397 2347 685 2417 Dionysius
719 2347 1052 2418 simpliciore
1095 2349 1260 2418 stylo,
1314 2360 1367 2401 et
1421 2347 1488 2402 ad
1519 2358 1738 2418 captum
1771 2363 1858 2404 ac-

249 2418 629 2483 commodato,
662 2418 896 2473 elucidat
928 2436 940 2469 :
977 2417 1064 2490 Ita
1093 2417 1230 2487 quod
1260 2419 1313 2471 hi
1360 2421 1449 2485 qui
1471 2489 1475 2490 ν
1497 2417 1732 2490 superari
1755 2436 1860 2473 non

245 2496 504 2560 poterant
525 2489 754 2562 peccatis
807 2489 1126 2562 carnalibus.
1179 2491 1352 2562 acrius
1389 2489 1718 2562 vulnerentur
1769 2507 1861 2562 per

245 2576 451 2631 vanam
481 2560 704 2631 gloriam
730 2575 794 2614 ea:
818 2560 1178 2628 spiritualibus
1204 2561 1313 2613 suis
1337 2561 1646 2630 profectibus
1669 2560 1854 2615 ortam.

242 2630 361 2685 His
387 2630 510 2701 apte
544 2631 875 2699 respondent
900 2646 1025 2701 qua:
1047 2631 1114 2684 de
1144 2631 1446 2686 cenodoxia
1477 2633 1672 2687 scribit
1690 2632 1856 2686 Joan-

244 2715 365 2756 nes
383 2700 659 2756 Climacus
688 2702 858 2771 gradu
885 2700 1152 2771 vigesimo
1185 2702 1488 2770 primo,ubi
1515 2718 1634 2758 eam
1663 2707 1734 2758 ita
1764 2703 1858 2758 de-

246 2773 436 2843 pingit
465 2789 480 2827 :
507 2772 805 2844 Cenadoxia
832 2781 904 2825 est
949 2775 1184 2827 laborum
1213 2774 1508 2844 dissipatio,
1561 2774 1857 2828 studiorum

250 2845 509 2913 perditio,
537 2843 918 2897 thesaurorum
954 2845 1184 2907 insidiae,
1235 2846 1287 2897 in
1321 2843 1472 2916 portu
1500 2847 1852 2916 naufragium,

253 2916 317 2967 in
344 2930 462 2968 area
489 2916 729 2985 formica,
755 2931 889 2984 quw,
915 2917 1007 2968 etsi
1031 2916 1198 2968 tenuis
1212 2925 1306 2978 est,
1329 2914 1855 2972 laboribtts'mnnibus

252 2996 304 3039 et
333 2985 1192 3066 fructibusinsidiatur._Exspectat
1219 2987 1438 3056 formica
1462 2985 1588 3039 dum
1614 2988 1856 3066 per/icio;

251 3071 352 3109 tur
379 3058 602 3110 triticum
620 3099 634 3121 ,
663 3058 950 3110 cenodoxia
982 3073 1099 3112 vero
1128 3058 1249 3110 dum
1277 3068 1652 3126 congregentur
1679 3075 1801 3126 opes
1822 3058 1852 3126 ';

251 3129 454 3199 gaudet
476 3128 570 3181 illa
617 3138 673 3180 ut
726 3128 948 3197 furetur,
980 3127 1088 3182 htec
1111 3140 1283 3181 autem
1309 3139 1364 3180 ut
1386 3127 1633 3196 dissipet;
1664 3130 1854 3199 gaudet

251 3199 640 3266 desperationis
671 3201 906 3269 spiritus,
933 3216 1048 3252 cum
1070 3200 1205 3253 videt
1233 3200 1570 3270 multiplicari
1593 3201 1748 3266 vitia;
1770 3219 1855 3255 ce-

253 3271 491 3323 nodoxia
511 3286 653 3333 vero,
673 3287 792 3322 cum
817 3272 1026 3323 virtutes
1051 3271 1386 3341 multiplicari
1407 3270 1564 3324 videt.
1597 3273 1661 3324 Et
1684 3271 1852 3327 infra:

253 3341 562 3396 Cenodoxia
593 3342 829 3414 omnibus
854 3342 1037 3394 studiis
1067 3341 1328 3414 aggaudet
1358 3356 1376 3394 :
1406 3341 1546 3395 verbi
1588 3344 1780 3414 gratia,
1809 3345 1855 3399 si

253 3415 464 3486 jejuno,
496 3414 718 3486 inaniter
740 3413 969 3486 glorior;
994 3413 1037 3486 si
1054 3413 1324 3483 splendide
1344 3414 1575 3486 vestitus,
1593 3413 1776 3486 vincor
1797 3431 1856 3469 ea

254 3482 436 3551 peste;
487 3485 531 3537 si
586 3482 751 3536 vilius
766 3483 980 3546 induar,
1002 3482 1171 3538 denuo
1197 3486 1428 3556 glorior;
1450 3485 1494 3537 si
1521 3485 1722 3556 loquar,
1757 3484 1856 3538 hac

253 3570 514 3622 superor;
539 3556 583 3608 si
605 3565 822 3616 taceant,
846 3556 1034 3608 iterum
1057 3555 1331 3624 superatus
1353 3571 1489 3608 sum.
1519 3555 1853 3623 Quocumque

252 3626 402 3749 (tirno
429 3628 446 3648 ‘
479 3626 729 3678 tribulam
766 3626 980 3696 jeceris,
1033 3636 1201 3680 erecto
1228 3626 1451 3696 persistit
1495 3626 1693 3680 aculeo.
1726 3626 1852 3682 Haac

252 3711 269 3749 ι
319 3711 375 3749 e.

251 3695 375 3750 ille.

330 3765 361 3804 δ
391 3766 490 3820 Hic
547 3781 763 3821 rursum
815 3768 1221 3837 paraphrastes,
1254 3777 1344 3822 aut
1372 3768 1616 3838 quisquis
1636 3777 1847 3835 auctor,

250 3841 515 3911 cespitat,
551 3839 676 3892 dum
703 3839 772 3891 ita
800 3839 980 3893 reddit
1007 3857 1020 3894 :
1045 3838 1212 3893 Porro
1240 3842 1454 3911 spiritus
1477 3855 1621 3893 vanae
1647 3841 1850 3910 gloria,

253 3925 378 3962 cum
400 3909 463 3962 de
490 3919 700 3978 peccato
727 3911 921 3965 carnali
953 3911 1214 3963 tentaverit
1242 3909 1518 3979 hominem,
1535 3909 1851 3978 etc.Qumso

250 3991 333 4045 te,
365 3981 563 4045 lector,
585 3982 705 4048 quis
728 3997 980 4050 umquam
1010 3981 1214 4035 audivit
1235 3983 1481 4051 spiritum
1498 3996 1649 4035 vana:
1667 3983 1851 4051 gloria:

253 4051 324 4105 de
355 4062 577 4119 peccato
605 4053 814 4105 carnali
838 4063 1075 4107 tentasse
1097 4052 1407 4106 hominem?
1437 4062 1491 4107 et
1517 4051 1644 4121 quid
1673 4054 1850 4108 simile

252 4121 324 4175 ad
369 4131 605 4178 mentem
637 4123 926 4178 Aut-toris?
957 4124 1063 4180 Sed
1095 4138 1203 4177 uno
1250 4123 1485 4178 absurdo
1516 4126 1664 4188 dato,
1697 4124 1848 4192 plura

253 4193 413 4261 sequi
443 4209 670 4250 necesse
696 4205 798 4248 est.
836 4195 1058 4248 Morbus
1084 4194 1152 4248 de
1178 4209 1285 4264 quo
1315 4195 1399 4248 hic
1425 4195 1620 4265 agitur,
1654 4209 1850 4264 nempe

254 4265 584 4331 cenodosia,
614 4281 712 4334 pro
758 4267 992 4320 elatione
1019 4265 1226 4319 carnali
1250 4265 1422 4333 pulsat
1452 4274 1709 4332 mentem,
1740 4281 1848 4320 non

254 4343 320 4388 ut
353 4337 1160 4408 paraphrasuesinterpretatur,
1178 4339 1271 4390 sed
1298 4345 1357 4390 ut
1380 4339 1583 4393 Auctor
1613 4338 1730 4404 ipse
1759 4352 1850 4391 su-

252 4405 446 4474 perius
470 4410 762 4474 expressit.
797 4405 926 4461 Nam
954 4408 1093 4462 idem
1124 4407 1212 4461 hic
1234 4417 1320 4462 est
1350 4422 1448 4476 pro
1473 4408 1708 4462 elatione
1730 4422 1850 4462 car-

1966 1782 2145 1857 aliqua
2176 1785 2333 1857 falso,
2364 1784 2500 1857 quod
2533 1787 2884 1857 contrariatur
2915 1782 3106 1842 divina:
3135 1782 3447 1857 reverentur,
3480 1808 3560 1844 se-

1967 1855 2196 1906 cundum
2246 1854 2382 1908 illud
2425 1853 2713 1910 Ezechielis
2763 1873 2927 1911 xxvul
2974 1876 2986 1912 :
3043 1859 3308 1913 Elevatum
3356 1853 3562 1914 est'cor

1965 1933 2154 1998 tuum;
2187 1925 2392 1998 dixisti,
2428 1923 2569 1979 Deus
2594 1942 2687 1998 ego
2727 1945 2860 1984 sum.
2894 1929 3001 1983 Et!
3040 1929 3106 1984 ad
3133 1931 3258 1984 Cor.
3293 1947 3379 1984 Iv:
3419 1931 3557 1997 Quid

1965 1994 2122 2069 habes
2153 1996 2294 2064 quod
2343 2013 2443 2049 non
2482 1994 2772 2067 accepisti?
2817 2001 2861 2053 si
2916 2011 3086 2054 autem
3130 2002 3398 2068 accepisti,
3433 1994 3556 2069 quid

1965 2066 2238 2140 gloriaris,
2264 2069 2416 2140 quasi
2453 2085 2556 2120 non
2589 2066 2844 2139 acceperis
2868 2072 3054 2124 ?'l‘alis
3091 2066 3263 2126 etiam
3287 2066 3550 2140 Herodes,

1963 2139 2047 2210 cui
2071 2150 2196 2191 cum
2229 2138 2280 2192 in
2325 2137 2536 2210 theatro
2564 2137 2796 2207 superbe
2821 2143 3165 2210 concioiianti
3193 2144 3424 2210 ponulus
3459 2137 3550 2198 ac;

1963 2208 2255 2280 clamasset
2287 2227 2297 2260 :
2329 2209 2425 2262 Dei
2455 2225 2618 2272 voces,
2638 2219 2798 2263 etnon
2812 2208 3546 2280 hominis(Actfquoseph.

1963 2277 2140 2352 Antig.
2168 2279 2207 2333 Ι.
2237 2279 2465 2350 xlxc.8)
2485 2277 3188 2352 ,confestimpercussit'imm
3217 2284 3429 2352 angelus
3445 2277 3548 2336 Do-

1960 2350 2110 2407 mini.
2140 2365 2197 2404 eo
2226 2353 2368 2420 quod
2397 2368 2499 2404 non
2526 2351 2750 2405 dedisset
2773 2350 3019 2405 honorem
3054 2350 3203 2408 Deo:
3233 2350 3551 2406 et'consnm-

1962 2427 2140 2493 ptusa
2170 2421 2423 2493 vermibus
2444 2423 2748 2483 exspiravit.
2781 2422 2999 2477 Ratione
3027 2424 3167 2492 ﬁnis.
3202 2440 3318 2476 cum
3348 2426 3552 2493 appeti-

1963 2499 2050 2542 tur
2081 2492 2198 2565 laus
2229 2491 2456 2546 humana
2487 2494 2546 2546 ob
2572 2494 2727 2562 ﬁnem
2749 2491 3111 2558 mortalem,ut
3133 2497 3176 2548 si
3204 2497 3319 2565 quis
3342 2491 3552 2549 laudari

1959 2564 2182 2635 appetit,
2235 2574 2323 2616 aut
2372 2566 2596 2627 seipsum
2645 2566 2847 2630 laudat,
2885 2576 2942 2619 ut
2993 2564 3337 2631 consequatur
3393 2566 3552 2635 ﬁnem

1959 2633 2225 2687 carnalem
2248 2635 2639 2704 fornicationis,
2667 2648 2757 2688 aut
2785 2638 2934 2689 aliud
2957 2636 3124 2689 simile
3149 2653 3166 2700 ;
3188 2647 3276 2690 aut
3307 2633 3552 2692 intentio-

1959 2719 2076 2757 nem
2098 2721 2245 2776 suam
2275 2706 2432 2776 refert
2465 2707 2532 2757 ad
2577 2723 2765 2760 vanam
2793 2709 3037 2776 gloriam,
3082 2719 3339 2774 tamquam
3369 2709 3436 2760 ad
3466 2709 3551 2763 ul-

1958 2776 2140 2827 timum
2189 2775 2371 2843 finem,
2409 2793 2498 2841 pro
2528 2793 2628 2846 quo
2660 2779 2738 2830 vel
2781 2780 3135 2840 consequendi)
3165 2778 3243 2832 vel
3281 2780 3551 2835 retinendo

1960 2855 2176 2911 paratus
2209 2856 2280 2898 est
2311 2847 2603 2918 transgredi
2626 2847 2704 2900 vel
2724 2848 2895 2918 reipsa
2920 2851 3304 2918 transgreditur
3334 2850 3550 2916 aliquod

1959 2925 2274 2992 prteceptum
2304 2917 2534 2992 divinum
2561 2919 2772 2992 :qttales
2799 2917 2950 2992 erant
2977 2917 3125 2972 multi
3149 2938 3210 2975 ea;
3235 2921 3548 2992 primoribus

1958 2984 2294 3048 Judteorum,
2324 2987 2386 3038 de
2414 2984 2612 3056 quibus
2627 2986 2853 3044 Joannis
2876 3006 2948 3044 xu
2979 2992 3168 3045 dicitur
3191 3008 3209 3046 :
3235 2984 3549 3050 'Dilexerunt

1959 3059 2122 3131 magis
2143 3057 2365 3131 gloriam
2394 3059 2658 3112 hominum
2701 3077 2859 3130 quam
2885 3062 3104 3130 gloriam
3138 3063 3252 3129 Dei;
3273 3075 3322 3115 et
3347 3079 3466 3131 cap.
3489 3079 3546 3120 v:

1969 3126 2242 3203 Quomodo
2273 3145 2359 3203 vos
2391 3132 2601 3203 potestis
2626 3126 2852 3196 credere,
2879 3126 2965 3203 qui
2996 3132 3217 3203 gloriam
3233 3126 3308 3188 ab
3330 3126 3548 3189 invicem

1961 3199 2212 3274 accipitis,
2235 3209 2280 3251 et
2297 3202 2520 3271 gloriam
2549 3219 2664 3269 qua:
2693 3219 2724 3256 a
2752 3206 2863 3257 solo
2891 3199 3012 3256 'Deo'
3045 3216 3138 3271 est,
3183 3222 3286 3259 non
3313 3207 3546 3274 quaeritis

1962 3267 2049 3338 (S.
2075 3267 2256 3322 Thom.
2278 3267 2361 3323 tibi
2382 3267 2599 3341 supra)?
2621 3273 2715 3328 His
2737 3285 2887 3330 certe
2915 3267 3135 3330 casibus
3160 3275 3300 3330 haud
3323 3267 3544 3332 dubium

1960 3351 2043 3393 est
2085 3341 2438 3396 cenodoxiam
2489 3359 2584 3398 seu
2635 3348 2846 3401 inanem
2876 3347 3101 3416 gloriam
3159 3350 3385 3400 mortale
3421 3362 3544 3402 esse

1961 3423 2263 3488 peccatum,
2293 3416 2612 3488 ct_militem
2667 3417 2886 3483 Christi,
2921 3426 2980 3470 ut
3022 3422 3226 3471 Auctor
3282 3419 3538 3488 loquitur,

1960 3481 2214 3560 lethaliter
2285 3484 2587 3560 vulnerare,
2621 3481 2879 3545 sauciare.
2924 3491 3196 3560 jugulare,
3245 3481 3540 3557 confodere,

1959 3555 2317 3625 supplantare,
2339 3555 2544 3619 elidere,
2572 3559 2906 3624 improvisum
2925 3555 3304 3612 ac'misernbile
3327 3555 3541 3625 naufra-

1957 3623 2101 3699 gium
2131 3629 2356 3699 secundo
2398 3623 2760 3699 navigantibus
2807 3639 2955 3682 vento
2987 3631 3286 3699 importare,
3319 3623 3542 3699 denique

1956 3695 2166 3747 ruinam
2208 3705 2256 3749 et
2295 3695 2566 3749 interitum
2597 3697 2804 3762 afferre.
2829 3695 3098 3751 Caeterum
3132 3701 3230 3750 etsi
3263 3710 3410 3749 extra
3441 3695 3542 3753 hos

1957 3778 2118 3818 casus
2144 3775 2200 3819 et
2229 3781 2292 3818 ex
2319 3781 2517 3834 genere
2541 3782 2641 3818 suo
2676 3777 2954 3833 peccatum
2982 3767 3194 3820 veniale
3225 3777 3535 3836 censeatur,

1957 3849 2176 3902 semper
2204 3844 2380 3888 tamen
2409 3836 2704 3906 exstinguit
2735 3837 2862 3891 boni
2903 3837 3084 3904 operis
3129 3839 3178 3890 in
3212 3839 3380 3906 gratia
3415 3841 3537 3892 exi-

1957 3906 2149 3958 stentis
2172 3906 2444 3979 meritum.
2469 3903 2666 3979 ullus
2693 3908 2827 3960 enim
2850 3909 3112 3979 peccando
3138 3903 3362 3961 meretur
3381 3910 3541 3963 vitam

1955 3985 2220 4049 aeternam,
2245 3978 2321 4030 ait
2376 3977 2432 4032 S.
2468 3976 2703 4032 Thornas
2739 3976 2960 4048 (Supra,
2993 3997 3044 4032 a.
3087 3982 3141 4044 5,
3179 3981 3246 4032 ad
3279 3981 3324 4049 l)
3358 3998 3370 4034 :
3405 3982 3542 4036 unde

1903 4069 1906 4074 ν
1955 4063 2084 4118 opus
2111 4047 2392 4102 virluosum
2420 4049 2609 4102 amittit
2637 4047 2993 4104 vimmercndi
3020 4053 3176 4105 vitam
3197 4047 3464 4116 (sternam,
3495 4054 3542 4107 si

1954 4127 2162 4194 propter
2189 4122 2398 4174 inanem
2423 4121 2640 4190 gloriam
2663 4121 2778 4189 ﬁat,
2810 4121 3011 4176 etiamsi
3030 4123 3136 4194 illa
3176 4124 3344 4194 inanis
3367 4122 3540 4194 gloria

1955 4205 2058 4263 non
2109 4192 2174 4244 sit
2222 4200 2489 4262 peccatum
2528 4195 2768 4248 martale.
2806 4198 2976 4263 Atque
3026 4193 3127 4250 hac
3175 4192 3386 4247 ratione
3431 4193 3538 4250 dici

1953 4260 2116 4334 etiam
2159 4260 2334 4331 potest
2375 4264 2672 4318 cenodoxia
2730 4260 3004 4320 hominem
3055 4266 3365 4332 vulnerare,
3411 4279 3539 4334 sup-

1952 4331 2216 4398 plantare.
2252 4334 2496 4400 elidere;
2529 4350 2650 4389 cum
2700 4351 2862 4391 omne
2910 4347 3209 4403 peccatum,
3247 4331 3411 4390 etiam
3445 4331 3540 4392 ve-

1954 4403 2118 4474 niale,
2153 4405 2352 4457 vulnus
2400 4406 2668 4474 quoddam
2717 4419 2770 4461 et
2800 4407 3022 4460 morbus
3051 4410 3122 4461 sit
3152 4409 3366 4461 animm.
3393 4407 3530 4462 Cun-

253 4470 369 4530 nali
418 4470 648 4546 pulsari,
699 4481 763 4532 ac
814 4480 1068 4549 superius
1115 4480 1166 4532 in
1201 4470 1364 4547 parte'
1381 4478 1584 4531 carnali
1619 4479 1846 4545 pulsari,
1874 4479 1928 4539 1)
1956 4470 2205 4549 ﬁrmatur
2237 4476 2358 4549 haec
2379 4470 2624 4530 doctrina
2659 4478 2899 4531 Matthu-i
2931 4493 2962 4530 v
2987 4495 3134 4547 ευρ..
3166 4480 3253 4532 ubi
3283 4478 3538 4534 Salvator

253 4549 362 4602 hoc
381 4558 483 4609 est,
517 4565 613 4617 pro
645 4549 810 4603 rebus
833 4549 1142 4605 carnalibus
1169 4563 1231 4603 ac
1264 4549 1566 4602 manifestis
1596 4549 1808 4606 extolli.

335 4627 358 4655 ε
390 4618 610 4675 Militem
629 4619 854 4688 Christi,
880 4621 929 4675 id
954 4631 1055 4682 est,
1084 4621 1408 4674 monachum
1439 4618 1732 4689 praecipue,
1756 4629 1848 4674 aut

252 4691 560 4758 generatim
617 4707 832 4746 omnem
890 4692 1281 4747 Christianum.
1322 4689 1588 4744 Vulnerat
1626 4689 1844 4756 quidem

253 4760 559 4815 cenodoxia
613 4762 843 4817 militem
892 4763 1126 4826 Christi,
1169 4771 1222 4814 at
1259 4775 1364 4814 non
1416 4775 1634 4828 semper
1664 4761 1844 4814 lethali

252 4831 522 4896 vulnere;
551 4847 655 4888 non
687 4833 831 4888 enim
864 4835 1110 4889 mortalis
1133 4831 1405 4887 censenda
1436 4841 1522 4887 est
1549 4832 1847 4887 cenodoxia

252 4913 349 4955 seu
381 4902 571 4971 gloriae
618 4905 888 4972 cupiditas
925 4923 937 4957 :
986 4907 1154 4958 immo
1185 4906 1506 4974 plerumque
1551 4913 1606 4958 et
1654 4913 1845 4974 natura

248 4986 346 5044 sua
371 4974 646 5028 venialem
674 4990 798 5030 esse
829 4976 1032 5031 docent
1055 4974 1292 5044 theologi
1316 4991 1330 5038 ;
1357 4973 1458 5029 nisi
1492 4973 1736 5029 mortalis
1764 4973 1843 5028 ef-

247 5041 484 5104 ficiatur.
520 5047 607 5099 vel
639 5047 849 5100 ratione
878 5053 1141 5110 materne,
1195 5041 1277 5100 vel
1320 5047 1531 5101 ratione
1563 5047 1708 5110 linis,
1755 5045 1840 5100 vel

247 5115 464 5169 ratione
498 5117 728 5171 alterius
777 5118 1008 5186 peccati,
1049 5115 1200 5186 ‘quod
1261 5118 1530 5170 interdum
1563 5119 1614 5171 in
1645 5115 1842 5170 affectu

245 5199 401 5262 vanae
456 5187 646 5256 gloriae
703 5185 1134 5262 involvituri(S._
1161 5185 1414 5262 Thomas,
1465 5202 1646 5262 supra,
1673 5202 1727 5240 a.
1758 5185 1836 5257 5).

247 5253 483 5312 Ratione
537 5260 808 5324 materiae,
861 5270 920 5312 ut
969 5261 1014 5313 si
1034 5253 1168 5328 'quis
1203 5257 1462 5328 glorietur
1504 5257 1573 5312 de
1622 5253 1842 5325 peccato

245 5328 496 5396 mortali,
532 5329 829 5396 ebrietate,
876 5327 1237 5384 fornicatione
1259 5369 1273 5393 ,
1323 5327 1551 5396 injuria,
1583 5336 1674 5382 aut
1710 5342 1841 5382 con-

246 5400 475 5468 tumelia
535 5399 689 5454 fratri
736 5401 909 5465 illata,
946 5411 1055 5455 etc.
1087 5399 1162 5454 De
1188 5399 1382 5468 quibus
1412 5398 1676 5452 Proverh.
1701 5413 1780 5452 xu
1823 5415 1837 5451 :

249 5465 516 5525 Laetamur
529 5487 646 5524 cum
681 5473 818 5526 male
842 5472 1080 5542 fecerint,
1109 5480 1156 5525 et
1183 5465 1446 5525 exsultant
1468 5469 1524 5522 in
1551 5468 1700 5522 rebus
1727 5486 1844 5538 pes-

303 5625 322 5644 ⁶
348 5625 610 5676 Tribulum
652 5627 896 5680 Vegetius
935 5628 1022 5680 lib.
1068 5642 1118 5675 tu
1153 5631 1293 5679 vocat
1325 5626 1576 5678 stimulum
1623 5625 1843 5676 ferreum

237 5685 414 5751 forma:
438 5685 923 5751 quiailrangulze,qui
961 5703 1321 5751 quamcumque
1372 5693 1421 5738 in
1461 5697 1649 5750 partem
1691 5691 1832 5747 incu~

237 5748 427 5815 imm,
454 5748 689 5808 aculeum
715 5748 916 5820 semper
939 5748 1168 5811 infestum
1194 5748 1477 5822 pitelettdit}

1953 4544 2098 4618 serio
2121 4615 2130 4618 _
2155 4559 2250 4598 nos
2297 4547 2554 4602 admonet
2587 4567 2598 4602 :
2629 4549 2891 4602 Attendite
2921 4565 2984 4602 ne
3002 4544 3268 4618 justitiam
3315 4560 3538 4604 vestram

1951 4615 2159 4680 faciatis
2205 4631 2379 4668 coram
2433 4617 2743 4680 hominibus.
2775 4629 2828 4672 ttt
2856 4615 3140 4673 videamini
3170 4621 3233 4672 ab
3263 4621 3376 4684 eis;
3403 4620 3538 4674 alio-

1950 4685 2076 4761 quin
2098 4686 2405 4761 ‘mercedem
2453 4705 2556 4761 non
2599 4689 2848 4743 habebitis
2876 4691 3016 4758 apud
3050 4690 3254 4744 Patrem
3281 4701 3532 4761 vestrum,

1949 4756 2039 4825 qui
2081 4756 2144 4827 in
2190 4756 2330 4812 caelis
2371 4768 2465 4814 est.
2498 4760 2660 4827 Quasi
2714 4756 2958 4815 diceret:
2992 4762 3270 4817 llabebitis
3314 4756 3532 4827 quidem

1949 4826 2089 4896 apud
2117 4828 2364 4902 homines
2389 4826 2693 4902 inquorum
2717 4834 2944 4902 gratiam
2970 4832 3168 4898 facitis,
3188 4826 3349 4887 sicuti
3375 4835 3535 4902 paulo

1947 4908 2072 4979 pnst
2099 4899 2494 4979 de_Pharisa:is
2511 4902 2642 4979 dicit
2666 4918 2680 4954 :
2709 4899 3043 4979 Rece_pe_rtml_
3058 4904 3342 4957 mercedem
3363 4899 3532 4964 suam,

1945 4967 1999 5021 id
2016 4976 2132 5041 _est,
2177 4970 2411 5041 inanem
2433 4972 2657 5037 gloriam
2706 4967 2853 5040 apud
2898 4972 3167 5038 homines,
3196 4989 3356 5041 quam
3388 4990 3538 5041 quur-

1947 5037 2178 5101 rebant;
2213 5038 2353 5104 apud
2389 5038 2602 5092 Patrem
2639 5037 2816 5096 autém
2850 5037 3274 5098 cmlestem’non
3302 5037 3534 5096 hab-ebi-

1947 5107 2037 5183 tis_,
2071 5107 2408 5183 cujuscausa
2443 5124 2548 5183 non
2582 5109 2792 5175 facitis;
2825 5116 2947 5180 quia
2977 5129 3188 5183 {equum
3213 5123 3316 5183 est,
3356 5121 3409 5164 ut
3443 5113 3530 5166 cui

1944 5177 2175 5246 quisque
2224 5177 2455 5248 laborat,
2483 5180 2551 5232 ab
2600 5195 2666 5234 eo
2698 5177 3007 5236 mercedem
3042 5177 3323 5248 'accipiut;
3368 5192 3419 5234 et
3475 5194 3531 5235 ut

1943 5248 2103 5302 unius
2135 5246 2333 5320 laboris
2360 5265 2465 5303 non
2495 5249 2722 5320 duplex,
2743 5251 2840 5305 sed
2889 5267 2994 5306 una
3029 5254 3100 5307 sit
3127 5246 3356 5305 merces.
3391 5252 3530 5316 Quid

1945 5321 2104 5394 enim,
2131 5321 2207 5374 ait
2233 5316 2653 5394 Chrysosmmus
2677 5319 2766 5394 (In
2778 5333 3050 5376 comment.
3067 5324 3118 5376 in
3134 5320 3350 5392 Matth.)
3375 5339 3406 5394 ᾳ
3425 5321 3532 5377 Deo

1946 5391 2185 5464 recipies,
2201 5393 2284 5458 qui
2299 5391 2408 5446 Deo
2429 5392 2561 5447 nihil
2578 5391 2763 5447 dedisti
2779 5394 2932 5447 ?nam
2953 5395 3091 5464 quod
3121 5391 3337 5461 prapter’
3363 5393 3529 5446 Deum

1947 5461 2030 5535 fit,
2055 5461 2167 5518 Deo
2194 5465 2369 5529 datur,
2401 5476 2448 5519 et
2476 5467 2538 5519 ab
2570 5481 2628 5519 eo
2655 5465 2935 5535 recipitur;
2960 5461 3099 5535 quod
3128 5477 3297 5515 autem
3321 5479 3530 5535 propter

1947 5531 2179 5588 homines
2209 5537 2286 5601 ﬁt,
2315 5535 2369 5587 in
2395 5545 2567 5590 ventos
2611 5531 2919 5604 effunditur.
2950 5531 3030 5591 0h
3059 5536 3195 5590 ham:
3226 5531 3442 5589 causam
3479 5547 3530 5590 et

1947 5606 2269 5672 periculum,
2301 5606 2512 5662 scilicet
2541 5610 2715 5662 inanis
2747 5608 2933 5677 gloria:
2975 5618 3030 5662 et
3072 5606 3343 5661 mercedis
3370 5609 3529 5660 amit-

1951 5678 2146 5749 tenda»,
2179 5678 2235 5749 S.
2273 5677 2541 5744 Hilarion,
2588 5691 2644 5734 ut
2673 5679 2863 5734 scribit
2921 5680 2979 5735 Β.
3026 5681 3387 5748 Hieronymus
3421 5677 3529 5749 (In

1953 5747 2064 5820 eius
2095 5747 2260 5826 Vita),
2291 5752 2606 5832 sexagesimo
2630 5754 2746 5808 vita:
2791 5768 2898 5806 suae
2930 5770 3066 5808 anno
3096 5747 3306 5807 cernens
3331 5747 3529 5827 grande
