4014 6200
507 330 617 392 405

1857 330 2135 389 JOANNIS
2172 330 2486 388 CASSIANl

3683 336 3788 394 mi

509 458 621 515 tur,
648 458 700 504 et
750 450 900 504 velut
946 450 1162 521 quidam
1215 450 1709 521 perniciosissimus
1729 450 1982 523 scopulus
2012 461 2098 506 tu-
2127 457 2184 516 Α
2206 449 2444 508 sationis
2474 452 2671 508 ornatu
2704 445 2947 520 nequivit
2969 445 3552 522 extollerehgravitate
3581 447 3788 510 tacitur.

510 542 791 597 mentibus
817 542 976 597 undis
1005 543 1274 610 obtectus,
1317 543 1669 615 improvisum
1701 557 1763 598 ac
1791 542 2104 598 miserabile

513 640 855 716 naufragium
908 641 1148 695 secundo
1192 640 1570 710 navigantibus
1619 649 1807 708 vento,
1840 639 1968 695 dum
1999 654 2109 696 non

513 740 738 786 cavetur
765 745 866 786 nec
889 731 1232 802 prmvidetur,
1260 731 1534 802 lmportat.

1129 844 1361 903 CAPUT
1399 846 1485 902 IV.

515 939 789 1005 Quomodo
821 940 1108 995 cenodoxia
1131 940 1444 996 monacham
1471 958 1506 994 a
1535 941 1729 996 dextris
1751 947 1802 995 et
1824 956 1856 996 α
1880 941 2107 997 sinistris

1165 1013 1458 1084 impugnet.

588 1110 772 1177 Itaque
800 1108 888 1163 via
921 1107 1068 1177 regia
1096 1107 1370 1162 volentem
1394 1107 1650 1163 incedere
1672 1123 1762 1180 per
1790 1123 1941 1164 arma
1951 1108 2111 1181 justi-

514 1201 620 1266 tite,
650 1217 764 1270 quae
790 1215 824 1255 a
851 1201 1048 1255 dextris
1078 1209 1198 1256 sunt
1224 1209 1271 1254 et
1301 1217 1334 1254 α
1363 1201 1610 1270 sinistris,
1641 1210 1860 1271 oportet
1885 1204 2112 1271 Aposto-

511 1295 616 1350 lica
647 1296 936 1365 disciplina
970 1295 1208 1350 transire
1250 1312 1340 1367 per
1368 1295 1594 1366 gloriam
1623 1305 1671 1350 et
1699 1296 2106 1367 ignobilitatem,

514 1406 608 1460 per
633 1391 909 1460 infamiam
935 1397 986 1445 et
1019 1389 1204 1443 bonum
1251 1391 1448 1460 fantem
1473 1388 1543 1460 (Il
1583 1386 1707 1444 Cor.
1738 1389 1845 1460 Vl),
1876 1397 1932 1445 et
1962 1396 2112 1444 tanta

515 1483 777 1538 cautione
815 1484 959 1537 inter
1020 1491 1291 1539 tumentes
1331 1483 1695 1538 tentationum
1735 1483 1968 1548 ﬂuctus,
2014 1497 2114 1553 guo

514 1556 782 1631 bertiante
807 1573 1162 1644 discretione,
1192 1586 1246 1630 et
1271 1574 1436 1630 ﬂante
1458 1575 1614 1630 nobis
1636 1574 1843 1645 Spiritu
1870 1575 2110 1643 Domini,

517 1669 622 1725 iter
652 1669 886 1738 dirigere
917 1668 1156 1739 virtutis,
1182 1676 1244 1722 ut
1269 1667 1460 1724 dextra
1493 1669 1734 1738 laevaque
1764 1667 1810 1722 si
1835 1667 2111 1737 paululum

517 1760 898 1827 deﬂectemus,
932 1760 1167 1817 sciamus
1195 1776 1294 1816 nos
1341 1761 1664 1830 perniciosis
1694 1777 1820 1816 mox
1861 1763 2112 1817 cautibus

517 1852 837 1908 illidendos.
866 1853 1102 1924 ideoque
1135 1869 1232 1923 per
1262 1853 1730 1923 sapientissimum
1765 1853 2112 1912 Salomonem
2144 1857 2193 1918 B

521 1959 815 2000 monemur
845 1962 856 1997 :
891 1953 917 1981 α
967 1944 1053 1998 Ne
1104 1945 1378 2000 divertaris
1417 1946 1485 1999 ad
1530 1947 1814 2014 dexteram,
1841 1963 2004 2018 neque
2042 1947 2110 2002 ad

516 2037 789 2092 sinistram
812 2035 1092 2104 (Proverb.
1125 2039 1225 2108 Iv),
1257 2038 1310 2094 id
1342 2046 1447 2102 est,
1480 2053 1549 2094 ne
1589 2039 1683 2095 tibi
1725 2039 1794 2095 de
1820 2039 2112 2098 virtutibus

518 2130 913 2199 blandiaris,et
943 2130 1180 2186 dexteris
1210 2132 1556 2188 successibus
1570 2133 1990 2203 acspiritalibus
2012 2149 2111 2190 ex-

517 2223 750 2295 tollaris,
784 2240 850 2280 ne
889 2224 1194 2282 dellectens
1224 2225 1291 2281 ad
1320 2227 1602 2281 sinistrum
1637 2226 1910 2282 tramitem
1953 2227 2112 2284 vitio-

516 2336 662 2386 rum,
695 2320 998 2376 secundum
1048 2319 1393 2389 Apostolum,
1419 2320 1649 2390 gloriam
1695 2320 1792 2376 tibi
1835 2337 1901 2377 ex
1948 2322 2028 2377 eis
2057 2322 2112 2378 in

516 2423 611 2470 tua
661 2415 985 2470 confusione
1050 2415 1363 2484 conquiras.
1405 2414 1540 2469 Nam
1573 2413 1600 2454 δ
1632 2415 1718 2469 cui
1781 2416 1883 2471 sub
1933 2417 2118 2486 specie

516 2508 812 2562 succincta:
838 2509 1011 2562 vestis
1065 2523 1130 2564 ac
1172 2508 1358 2564 nitida:
1390 2509 1750 2565 ceuodoxiam
1799 2525 1908 2566 non
1941 2512 2116 2582 potuit

517 2598 772 2654 diabolus
800 2615 1083 2669 generare,
1105 2616 1203 2670 pro
1231 2601 1478 2670 squalida
1511 2613 1566 2660 et
1600 2603 1802 2658 inculta
1829 2619 1892 2659 ac
1914 2605 2112 2663 viliore

517 2704 750 2746 conatur
778 2694 1050 2761 inserere;
1083 2710 1246 2766 quem
1271 2711 1377 2752 non
1406 2698 1582 2767 potuit
1609 2712 1706 2768 per
1733 2699 1994 2755 honorem
2018 2700 2114 2756 de—

516 2782 709 2856 iicere,
737 2785 1047 2874 humilitate
1092 2790 1436 2858 supplantat;
1465 2806 1622 2862 quem
1647 2792 1893 2850 scientia:
1915 2801 1971 2849 et
1997 2793 2111 2850 elo-

2215 541 2401 601 nitatis
2427 540 2602 598 elidit.
2633 539 2689 598 Si
2714 540 2927 610 ieiunet
2956 542 3155 614 palam,
3182 540 3360 618 gloria
3385 539 3635 604 vanitatis
3669 542 3789 612 pul-

2211 641 2386 694 satur.
2408 633 2466 694 Si
2485 631 2618 692 illud
2637 632 3054 696 contemnenda
3070 632 3259 706 glorias
3279 646 3450 694 causa
3461 636 3788 701 .contexerit,

2213 726 2412 788 eodem
2447 726 2582 786 vitio
2624 726 2882 786 elationis
2918 724 3268 790 ablanditur.
3308 725 3388 782 Ne
3428 741 3588 788 vana
3614 726 3792 800 gloria

2215 822 2466 893 contagio
2517 821 2844 892 maculetur.
2866 820 3151 882 orationes
3170 819 3416 893 prolixa:
3441 819 3543 880 sub
3572 819 3793 882 fratrum

2212 915 2347 976 vitat
2365 914 2643 972 celebrare
2667 921 3006 985 conspectu;
3025 920 3083 974 et
3111 912 3254 984 quod
3270 926 3370 972 eas
3385 912 3618 975 latenter
3643 927 3792 971 eses.

2212 1017 2358 1077 eest,
2385 1007 2699 1078 nullumque
2745 1006 2946 1069 habeat
2983 1006 3265 1072 conscium
3309 1005 3590 1076 tacti,uon
3616 1006 3794 1080 elusit

2212 1105 2437 1168 aculeos
2463 1102 2750 1164 vanitatis.
3021 1179 3024 1182 ἢ

2431 1245 2433 1248 .
2842 1194 3072 1256 CAPUT
3117 1194 3182 1252 V.

2288 1293 2408 1361 Qua
2433 1293 2821 1364 comparatione
2844 1300 3169 1353 monstretur
3188 1299 3383 1352 natura
3405 1291 3724 1350 ceuodosits.

2285 1387 2522 1446 Pulchre
2549 1388 2800 1444 seniores
2824 1387 2996 1446 nostri
3026 1396 3278 1444 naturam
3305 1385 3485 1448 morbi
3514 1385 3666 1455 huius
3693 1396 3719 1425 α
3742 1385 3799 1444 in

2216 1482 2433 1539 modum
2463 1497 2616 1552 cepas
2644 1481 3042 1551 bulborumun
3065 1481 3392 1540 describunt
3411 1493 3555 1551 quae,
3577 1494 3685 1540 uno
3699 1479 3800 1537 de-

2215 1575 2476 1633 eorticsta
2493 1574 2750 1648 tegmine,
2773 1575 2880 1629 alio
2893 1589 3107 1629 rursum
3133 1573 3490 1629 inveniuntur
3505 1571 3702 1637 induta,
3716 1581 3802 1628 to-

2216 1669 2428 1740 tiesque
2446 1667 2794 1744 reperiuntur
2809 1668 3028 1728 obtecta
3045 1665 3800 1744 quotiesl'uerintexspoliata.

2837 1779 3071 1838 CAPUT
3110 1780 3201 1836 Vl.

2361 1873 2714 1932 Cenodoxiam
2738 1874 3043 1958 solitudinis
3071 1872 3318 1958 beneficio
3340 1887 3444 1928 non
3466 1873 3670 1945 penitus

2885 1957 3164 2018 exstingui.

2294 2043 2350 2098 ιη
2377 2041 2678 2098 solitudine
2699 2055 2920 2112 quoque
2942 2049 3268 2098 cunctorum
3291 2035 3320 2078 ἀ
3347 2037 3655 2096 mortalium
3679 2051 3807 2094 con-

2220 2141 2390 2197 sortia
2415 2139 2599 2210 glorise
2625 2152 2787 2194 causa
2809 2136 3125 2209 fugientem,
3157 2134 3417 2205 persequi
3440 2147 3550 2188 non
3575 2130 3806 2188 desistit.

2223 2233 2548 2303 Quantoque
2575 2231 2808 2302 amplius
2849 2231 3164 2286 universum
3196 2228 3316 2299 quls
3355 2225 3606 2282 vitaverit
3655 2240 3810 2280 mun-

2221 2326 2374 2393 dum,
2399 2333 2554 2380 tanto
2598 2339 2722 2381 eum
2767 2327 2946 2380 acrius
2975 2323 3293 2379 insectatur.
3318 2318 3504 2377 Alium
3546 2318 3691 2390 quod
3724 2334 3811 2390 pa-

2221 2419 2578 2474 tientissimus
2620 2419 2692 2473 sit
2740 2417 2924 2488 operis
2971 2429 3038 2470 ac
3076 2413 3301 2478 laboris,
3331 2413 3499 2467 alium
3549 2411 3698 2481 quod
3745 2409 3810 2466 sd

2221 2509 2583 2568 obediendum
2615 2509 3077 2582 promptissimus,
3104 2506 3270 2562 alium
3310 2504 3458 2576 quod
3509 2503 3813 2560 humilitate

2218 2615 2454 2661 cmteros
2521 2603 2947 2675 praeponderet,
3005 2608 3233 2658 conatur
3286 2598 3578 2656 extollere.
3659 2597 3813 2654 Alius

2218 2702 2483 2768 scientiae,
2516 2701 2655 2754 alius
2683 2699 2952 2764 lectionis,
2994 2697 3135 2752 alius
3160 2693 3468 2767 vigiliarum
3500 2692 3814 2764 prolisitate

2223 2802 2488 2850 tentatur.
2539 2791 2651 2848 Nec
2699 2791 2837 2847 alias
2892 2803 3219 2862 quemquam
3272 2787 3358 2844 hic
3405 2786 3658 2854 morbus,
3711 2784 3814 2840 nisi

1591 2930 1852 2987 ALARDI
1889 2930 2116 2987 GAZIEI
2153 2928 2716 2988 COMMENTARIUS.

518 3029 887 3093 monasterium
917 3029 965 3075 et
991 3021 1374 3077 multitudinem
1403 3023 1628 3093 fratrum
1655 3039 1825 3076 secum
1858 3021 2100 3078 habitan-

519 3095 672 3154 tium,
703 3092 975 3153 turbasque
995 3109 1173 3146 eorum
1203 3094 1290 3163 qui
1320 3092 1538 3148 diuersis
1570 3094 1904 3162 languoribus
1934 3103 1980 3147 et
2004 3094 2104 3146 im-

2207 3033 2348 3088 sunt,
2378 3040 2408 3074 a
2435 3021 2666 3076 sinistris
2695 3027 2816 3075 sunt
2842 3017 3124 3090 (Prouerb.
3155 3015 3256 3090 tv).
3284 3016 3390 3088 Qui
3435 3032 3556 3090 ergo
3601 3017 3812 3090 sapiens

2212 3101 2310 3159 est,
2337 3108 2540 3159 semper
2567 3090 2630 3151 de
2672 3088 2862 3163 futuro
2901 3089 3094 3163 swcuto
3139 3088 3353 3163 cogitat,
3383 3088 3525 3158 quod
3574 3089 3717 3163 ducit
3747 3090 3813 3163 ad

519 3165 726 3219 mundis
770 3163 1039 3233 spiritibus
1069 3158 1348 3232 occupatos
1373 3165 1441 3217 ad
1486 3181 1539 3218 se
1585 3158 1917 3228 reducebant,
1949 3164 2025 3216 ita
2056 3174 2110 3217 ut
2137 3163 2181 3226 C
2214 3158 2506 3220 dexteram.
2540 3163 2641 3228 Qui
2673 3158 2797 3216 uero
2829 3162 3080 3233 insipiens
3123 3158 3220 3233 est,
3254 3158 3320 3214 de
3368 3162 3641 3233 prtcsentt',
3669 3160 3812 3229 quod

496 3238 664 3291 “omni
694 3251 877 3304 genere
906 3233 1175 3288 hominum
1205 3235 1427 3289 solitudo
1463 3251 1551 3300 per
1586 3234 1858 3287 circuitum
1888 3233 2112 3304 replere-

521 3317 638 3372 tur;
669 3305 827 3375 ﬂebat
857 3305 1110 3373 quotidie,
1135 3313 1181 3358 et
1220 3304 1510 3359 incredibili
1541 3304 1800 3358 desideria
1839 3320 2113 3358 conversa-

520 3380 677 3433 tionis
704 3377 933 3447 antiqute
961 3376 1352 3447 recordabatur.
1387 3375 1748 3447 Interrogatus
1799 3392 1832 3427 a
1863 3375 2110 3443 fratribus

520 3451 648 3521 quid
690 3444 927 3509 haberet,
957 3463 1048 3501 cur
1077 3464 1129 3521 se
1169 3446 1459 3521 conﬁceret,
1491 3446 1565 3502 ait
1597 3444 1614 3499 ἐ
1643 3444 1874 3521 Rursum
1901 3447 1969 3498 ad
2007 3463 2114 3521 _sa:-

521 3515 698 3576 culum
720 3521 872 3583 redii,
891 3528 937 3572 et
957 3519 1127 3586 recepi
1147 3519 1429 3572 mercedem
1452 3532 1616 3570 meam
1637 3517 1692 3570 in
1717 3518 1819 3571 vita
1843 3533 1973 3571 mea.
1990 3515 2114 3572 lant

522 3593 758 3647 homines
789 3591 1089 3646 Palazstina:
1114 3599 1161 3644 et
1189 3589 1366 3643 uicina:
1388 3587 1687 3660 provinciis?
1711 3589 2004 3660 existimant
2033 3605 2115 3645 me

521 3665 907 3737 alicttjus_csse
948 3661 1212 3737 momenti,
1244 3669 1350 3717 etc.
1383 3658 1584 3737 Subdit
1606 3658 1804 3737 deinde
1839 3658 2106 3737 Hierony-

527 3730 690 3790 mus':
725 3735 983 3790 Mirentur
1009 3733 1103 3787 alii
1132 3734 1281 3804 signa
1327 3747 1444 3803 qua:
1489 3730 1628 3801 fecit,
1654 3732 1920 3804 _ntirentur
1950 3731 2117 3804 incre-

525 3808 732 3860 dibilem
764 3805 1143 3870 abstinentiam,
1177 3801 1470 3868 scientiam,
1500 3801 1874 3868 humilitatem;
1906 3817 1997 3872 ego
2026 3803 2109 3856 ni-

525 3876 601 3932 hil
623 3879 693 3931 ita
723 3888 925 3948 stupeo,
950 3894 1106 3946 quant
1129 3875 1352 3946 gloriam
1381 3875 1529 3930 illum
1558 3884 1612 3948 et;
1639 3876 1887 3948 honorem
1916 3875 2118 3948 calcare

529 3950 776 4015 patuisse.
802 3945 1185 4001 Concurrebant
1207 3948 1458 4017 episc0pi,
1477 3946 1780 4017 presbyteri,
1811 3945 2118 4017 clericorum

528 4026 577 4071 et
608 4017 976 4070 monachorum
1003 4032 1200 4086 greges,
1221 4015 1468 4070 matrona:
1496 4015 1692 4084 quoque
1705 4015 2118 4086 Christianorum

527 4088 741 4159 grandis
793 4087 1024 4152 tentatio,
1057 4086 1146 4139 sed
1197 4097 1243 4139 et
1288 4095 1520 4159 potentes
1562 4087 1762 4159 uiripet
1789 4085 2118 4159 judicessut

528 4155 856 4212 benedictum
879 4159 942 4212 ab
973 4173 1032 4212 eo
1067 4171 1254 4226 partem
1283 4157 1359 4209 vel
1405 4156 1572 4226 oleum
1599 4156 1923 4223 acciperent;
1949 4165 2000 4208 at
2027 4155 2118 4212 ille

529 4229 665 4283 nihil
692 4230 862 4295 aliud,
892 4229 994 4283 nisi
1021 4225 1354 4280 solitudinem
1385 4225 1755 4290 meditabatur,
1788 4235 1896 4280 etc.

605 4307 630 4335 ⁸
663 4299 835 4352 Verba
867 4308 1050 4352 textus
1087 4315 1097 4350 :
1127 4295 1209 4350 Ne
1250 4296 1474 4352 declines
1520 4299 1588 4353 ad
1636 4299 1894 4362 dextram,
1928 4313 2017 4351 nec
2048 4299 2118 4352 ad

531 4369 812 4425 sinistram.
850 4368 1092 4423 Declinat
1121 4367 1186 4420 ad
1233 4369 1502 4437 dextram,
1531 4369 1829 4424 secundum
1881 4379 2119 4425 tuentem

531 4441 808 4502 Auctoris,
834 4441 922 4508 qui
955 4440 1022 4492 de
1054 4439 1339 4494 virtutibus
1361 4448 1452 4493 aut
1481 4440 1757 4508 prosperis
1779 4442 2120 4497 successibus

531 4511 842 4576 estollitur;
876 4510 1115 4566 declinat
1151 4509 1217 4564 ad
1248 4510 1549 4578 sinistram,
1584 4511 1673 4579 qui
1699 4509 1766 4564 de
1797 4513 2038 4578 peccatis
2065 4523 2116 4568 et

529 4553 713 4652 pravis
740 4553 951 4641 actibus
980 4582 1267 4652 gloriatur.
1297 4553 1693 4636 lsidorus’véro
1716 4553 1986 4649 negative,
2015 4553 2118 4639 send
2148 4553 2200 4613 D

529 4651 596 4708 ad
622 4655 875 4708 eumdem
897 4651 1126 4723 scopum
1153 4651 1292 4724 (Lib.
1319 4668 1377 4706 Ill
1401 4653 1464 4706 de
1493 4652 1712 4708 Summo
1736 4652 1884 4724 Bono
1911 4669 1958 4707 c.
1985 4654 2112 4722 ‘23):

530 4724 659 4781 Non
683 4724 907 4780 declinat
928 4722 1276 4791 ad’dextram,
1306 4724 1394 4792 qui
1421 4738 1523 4778 non
1541 4725 1658 4791 sibi,
1689 4722 1778 4778 sed
1812 4723 1920 4778 Deo
1945 4725 2121 4780 tribuit

530 4797 668 4852 bona
693 4813 807 4864 qua;
835 4798 978 4867 agit;
1007 4813 1166 4866 neque
1206 4794 1274 4848 ad
1319 4795 1588 4867 sinistram
1635 4811 1690 4850 se
1742 4795 1915 4858 vertit,
1938 4797 2027 4864 qui
2058 4797 2122 4855 de

530 4870 707 4941 divina
753 4865 1078 4941 indulgentia
1096 4865 1353 4941 peccandi
1383 4866 1644 4941 licentiam
1687 4883 1791 4941 non
1833 4868 2119 4941 prtesuutit.

532 4940 588 4994 II
594 4957 651 4994 oc
677 4948 749 4993 est
778 4935 928 5009 quod
940 4935 1204 5011 Propheta
1234 4939 1308 4993 ait
1345 4953 1364 5011 ς
1394 4935 1520 5011 Herc
1546 4938 1649 5002 via,
1674 4939 1933 5011 ambulate
1958 4939 2013 5011 in
2040 4954 2122 5005 ea;

530 5028 694 5082 neque
725 5013 793 5066 ad
819 5009 1059 5067 dextram
1084 5027 1246 5081 neque
1289 5009 1358 5063 ad
1393 5009 1658 5082 sinistram
1688 5010 1959 5064 derlinate.
1994 5010 2122 5064 lllu—

527 5080 671 5138 strat
695 5094 875 5138 autem
908 5084 1048 5139 hanc
1076 5080 1402 5138 sententiam
1429 5083 1489 5136 ι).
1512 5080 1876 5153 Hieronymus
1906 5081 2122 5138 collatis

530 5155 652 5209 aliis
679 5156 976 5223 Scripturae
998 5156 1287 5210 sententiis
1310 5154 1364 5208 in
1397 5155 1635 5224 speciem
1667 5154 2116 5225 repugnantibus,

531 5234 590 5278 ut
621 5238 704 5280 est
735 5227 826 5281 illa
877 5225 1239 5282 Ecclesiastici
1271 5242 1302 5280 χ
1336 5244 1347 5278 :
1383 5225 1481 5280 Cor
1525 5227 1774 5295 sapientis
1816 5229 1868 5280 in
1911 5225 2122 5282 dextera

529 5299 664 5368 ejus,
697 5295 889 5354 etc.Et
918 5300 969 5353 in
995 5295 1562 5368 Evangelio(Matth.v
1583 5296 2122 5367 etv1),inquit,prte-

529 5370 725 5438 gittitur
750 5381 805 5424 ut
838 5372 1037 5424 nesciat
1059 5371 1272 5424 sinistra
1300 5369 1424 5435 quid
1449 5371 1607 5435 faciat
1639 5370 1820 5422 dextra
1846 5368 2116 5438 sapientis.

527 5436 598 5512 Et
622 5441 831 5507 quando
864 5443 1178 5508 percutiatur
1206 5442 1260 5494 in
1293 5442 1563 5494 maxillam
1604 5440 1886 5512 dexteram,
1909 5436 2012 5512 non
2025 5442 2121 5512 ju-

527 5507 676 5586 betur
695 5507 953 5586 sinisl_ram
977 5530 1159 5586 genam
1183 5512 1409 5585 praebere
1431 5511 1755 5586 percutienti,
1790 5511 1878 5586 sed
1901 5507 2119 5586 alteram

530 5580 790 5635 dextram.
819 5579 1004 5638 Justus
1033 5579 1478 5639 enim'sinistram
1506 5584 1561 5637 in
1604 5599 1659 5636 se
1689 5599 1792 5636 non
1821 5579 1992 5646 habet,
2027 5583 2115 5636 sed

529 5660 698 5705 totum
727 5655 780 5706 in
805 5668 864 5705 eo
895 5656 1134 5709 dextrum
1157 5665 1252 5710 est.
1278 5653 1352 5707 Et
1379 5671 1495 5708 cum
1526 5654 1593 5706 ad
1613 5654 1963 5724 judicandum
1989 5651 2114 5706 Sal-

411 5732 430 5750 "
527 5731 675 5774 ναίον
703 5725 915 5787 venerit,
946 5741 1066 5787 aqm
1093 5727 1298 5779 stabunt
1330 5742 1361 5776 a
1391 5725 1607 5786 dextris,
1640 5724 1778 5778 hredi
1824 5739 1946 5779 vero
1974 5740 2005 5776 a
2045 5724 2118 5778 si-

529 5791 710 5863 nistris
741 5803 889 5844 erunt
919 5792 1142 5861 (Matth.
1175 5793 1326 5863 xxv).
1347 5795 1408 5846 Et
1439 5798 1492 5846 in
1519 5795 1811 5850 Proverbiis
1832 5796 2073 5850 scribitur
2098 5813 2117 5851 :

531 5857 787 5920 Dexteras
828 5857 936 5914 vias
989 5865 1128 5915 novit
1176 5857 1600 5933 Dominus;qua:
1648 5875 1816 5921 autem
1864 5883 2116 5939 perversa:

2251 3236 2437 3289 ositum
2466 3242 2540 3288 est
2568 3237 2619 3287 in
2649 3234 2882 3288 sinistra.
2916 3231 3047 3304 Quae
3077 3232 3290 3303 quidem
3303 3231 3511 3286 secutus
3541 3231 3674 3288 idem
3701 3233 3816 3303 phi-

2271 3304 2465 3374 sophus
2489 3315 2536 3361 et
2559 3314 2709 3375 poeta
2736 3305 2811 3358 ait
2837 3320 2856 3356 .-

2342 3463 2583 3518 Dextera,
2606 3472 2717 3522 qua
2738 3460 2906 3522 magni
2927 3457 3058 3509 Ditis
3078 3457 3170 3522 sub
3191 3457 3371 3522 tutenia
3394 3456 3561 3518 ducit;

2329 3523 2447 3576 ‘Hac
2469 3524 2565 3573 iter
2589 3519 2805 3584 Elysium
2824 3519 2996 3584 nobis;
3017 3526 3064 3574 at
3089 3519 3208 3584 lggva
3225 3520 3464 3584 malorum

2343 3585 2558 3637 Exercet
2583 3581 2766 3647 paiuas,
2792 3588 2844 3633 et
2861 3583 2920 3633 ad
2942 3581 3086 3648 impia
3107 3581 3313 3632 Tartara
3332 3582 3502 3630 mittit.

2221 3731 2526 3788 Firmianus
2549 3748 2749 3805 quoque
2795 3737 2967 3805 noster
3013 3729 3360 3805 in_prtec_laro
3409 3726 3818 3805 Institutionum

2221 3822 2432 3863 suarum
2457 3798 2608 3875 apere
2639 3798 2812 3875 (Lact.
2845 3804 2884 3857 ι.
2907 3817 2964 3875 ᾉγι
2996 3818 3042 3875 c.
3075 3798 3113 3859 ’5⁷
3135 3811 3181 3854 et
3203 3798 3279 3875 4),
3310 3799 3512 3875 {inerte
3539 3798 3818 3875 Pythago-

2220 3878 2342 3934 rica:
2385 3869 2715 3940 meminit,'et
2765 3873 2828 3929 de
2882 3873 3072 3928 dextris
3117 3889 3178 3924 ac
3219 3869 3822 3936 sinistris,hocrest,'de

2221 3947 2491 4002 virtutibus
2535 3963 2597 4001 ac
2636 3946 2770 4000 vitiis
2815 3945 3115 4014 planissime
3148 3943 3397 4011 disputat.
3434 3940 3547 3995 Nec
3576 3953 3821 4014 putemus

2221 4018 2344 4072 huic
2374 4019 2698 4074 sententiola:
2725 4015 2858 4071 illud
2879 4031 2986 4070 esse
3012 4015 3356 4079 contrarium,
3381 4015 3433 4067 in
3463 4029 3568 4083 quo
3599 4015 3822 4068 dicitur:

2223 4089 2309 4144 Ne
2360 4089 2582 4142 declines
2632 4089 2688 4141 in
2715 4089 3002 4152 dexteram,
3030 4102 3190 4155 neque
3240 4085 3298 4138 in
3343 4083 3615 4155 sinistram
3647 4084 3820 4152 (Pro-

2222 4160 2360 4214 tverb.
2395 4161 2493 4229 tv).
2519 4157 2623 4213 Hic
2650 4160 2786 4214 enim
2831 4175 2950 4227 pars
2977 4154 3207 4229 dextera
3231 4171 3324 4229 pro
3366 4154 3823 4229 bono‘accipitur;

2222 4230 2296 4284 ibi
2325 4225 2573 4284 vero'non
2619 4236 2722 4283 tant
2757 4225 2964 4293 dextra,
2989 4244 3145 4298 quam
3175 4225 3453 4280 declinatio
3477 4225 3709 4283 dexterte
3733 4245 3825 4283 ac-

2224 4310 2455 4366 cusatur,
2485 4301 2690 4372 neplus
2735 4301 3000 4372 sapiamus
3041 4315 3195 4369 quam
3240 4313 3345 4372 nos
3383 4313 3565 4372 sapere
3611 4314 3823 4372 necesse

2225 4384 2298 4427 est
2325 4390 2343 4426 :
2369 4373 2489 4442 quia
2516 4365 2724 4442 virtutes
2763 4365 3015 4442 inmedio
3046 4365 3186 4434 sunt,
3215 4365 3525 4442 etnimietas
3555 4371 3728 4424 omnis
3762 4372 3822 4442 in

2223 4444 2346 4498 uitio
2381 4439 2487 4497 est.
2530 4442 2654 4498 llaec
2698 4441 2762 4496 D.
2798 4441 3160 4510 Hieronymus
3215 4439 3280 4494 ad
3333 4439 3478 4496 illius
3525 4441 3826 4498 sententia

2225 4514 2644 4569 elucitlationem
2677 4514 3024 4583 pertinentia.

2296 4583 2474 4640 1illinc
2503 4583 2566 4636 Ι).
2585 4577 2946 4655 Hieronymus
2973 4583 3040 4638 ad
3072 4581 3432 4655 Nepotianum
3460 4577 3818 4655 (Epistol.‘2):

2227 4655 2455 4713 Ornatus
2488 4664 2543 4710 ut
2571 4657 2748 4712 sordes
2773 4653 2887 4726 pari
2909 4656 3059 4710 modo
3089 4653 3349 4726 fugienda:
3369 4666 3511 4726 sunt,
3532 4653 3660 4726 quia
3680 4653 3819 4716 aite-

2221 4744 2336 4782 rum
2348 4729 2578 4792 delicias,
2593 4724 2809 4782 alterum
2821 4727 3039 4796 gloriam
3049 4724 3267 4781 redolet.
3286 4724 3428 4784 Idem
3445 4724 3514 4782 ad
3529 4725 3819 4786 Paulinum

2222 4798 2473 4871 (Epistol.
2493 4800 2554 4871 4)
2572 4818 2582 4852 :
2601 4796 3197 4871 Humilitatemvestium
3212 4797 3430 4871 tumenti
3442 4800 3618 4852 animo
3633 4814 3821 4871 neap-

2223 4866 2386 4940 peias.
2412 4870 2476 4924 Et
2504 4870 2632 4924 alibi
2663 4866 2915 4941 (Epistot.
2952 4868 3036 4941 l5)
3064 4887 3076 4924 :
3105 4866 3350 4925 Sordidte
3385 4880 3552 4926 vestes
3574 4866 3822 4928 candidi:

2224 4944 2407 4998 mentis
2446 4941 2644 4994 indicia
2673 4943 2809 5006 sint,
2853 4942 2970 4998 vilis
3017 4941 3190 4999 tunica
3230 4949 3589 5011 contemptum
3637 4941 3822 4998 διεεαιε

2223 5013 2440 5085 probet;
2472 5013 2858 5085 itardumtaa‘at
2897 5029 2971 5085 ne
3023 5013 3226 5085 animus
3259 5017 3486 5085 tumeat,
3518 5028 3579 5065 ne
3613 5012 3821 5085 habitus

2223 5081 2486 5156 sermoque
2537 5084 2844 5140 dissentiant
2885 5082 3047 5156 (Cap.
3099 5083 3219 5156 l7).
3259 5081 3376 5156 Huc
3405 5093 3637 5156 ASpeCtat
3682 5084 3822 5156 illud

2224 5155 2543 5213 Tertulliani
2581 5157 2634 5209 in
2671 5153 3021 5225 Apologeticn
3055 5172 3068 5208 :
3103 5153 3236 5225 Ecce
3277 5153 3547 5208 lutulentis
3598 5155 3822 5225 pedibus

2223 5226 2477 5299 Diagenes
2505 5223 2758 5295 superbos
2787 5223 3030 5284 Platonis
3071 5224 3245 5281 thoros
3290 5226 3398 5282 alia
3442 5223 3688 5296 superbia
3730 5227 3824 5282 de-

2221 5301 2413 5355 calcat.

2299 5383 2320 5411 ε
2354 5373 2484 5426 Mss.
2520 5369 2583 5425 In
2630 5371 2836 5425 modum
2881 5385 3019 5440 cepte
3061 5365 3552 5440 porrique.7Unde_
3583 5376 3721 5438 puto
3766 5369 3820 5422 in

2221 5443 2461 5499 codicem
2491 5442 2878 5513 Dionysianum
2910 5438 3350 5513 mendumhistud
3382 5455 3490 5513 non
3531 5438 3824 5495 ferendum

2223 5514 2531 5582 irrepsisse,
2562 5511 2652 5566 ubi
2702 5511 2973 5565 habetur:
3009 5511 3114 5565 Per
3156 5511 3556 5580 dispositionem
3601 5512 3826 5579 teporis,

2220 5585 2432 5642 duabus
2479 5583 2810 5640 dietion'tbtts
2856 5583 3147 5639 truncatim
3200 5582 3442 5653 junctis.
3501 5584 3650 5652 quod
3718 5599 3829 5639 non

2220 5656 2467 5782 auctori,
2499 5655 2592 5710 sed
2637 5654 2994 5724 scriptoribus
3039 5661 3093 5710 et
3136 5653 3493 5728 typographis
3534 5655 3829 5712 ascriben-

2261 5745 2370 5782 um.

2291 5798 2318 5837 ti
2350 5799 2481 5870 Vide
2511 5797 2759 5865 exempla
2782 5795 2881 5854 SS.
2904 5797 3146 5865 Antonii,
3173 5795 3492 5864 Hilarionis,
3509 5795 3829 5870 Benedicti,

2220 5869 2364 5942 apud
2397 5884 2527 5927 suos
2556 5876 2832 5925 auctores.
