  <div class='ocr_page' id='page_1' title='image "/cluster/home/n/w/nwhite01/storage/ocr_20150623/49/uva.x000827093/211.png"; bbox 0 0 4014 6200; ppageno 0'>
   <div class='ocr_carea' id='block_1_1' title="bbox 1710 146 1795 160">
    <p class='ocr_par' dir='ltr' id='par_1_1' title="bbox 1710 146 1795 160">
     <span class='ocr_line' id='line_1_1' title="bbox 1710 146 1795 160; baseline 0 -6"><span class='ocrx_word' id='word_1_1' title='bbox 1710 146 1795 160; x_wconf 45' lang='grc' dir='ltr'><strong>ιλ,</strong></span> 
     </span>
    </p>
   </div>
   <div class='ocr_carea' id='block_1_2' title="bbox 547 233 652 291">
    <p class='ocr_par' dir='ltr' id='par_1_2' title="bbox 547 233 652 291">
     <span class='ocr_line' id='line_1_2' title="bbox 547 233 652 291; baseline -0.029 0"><span class='ocrx_word' id='word_1_2' title='bbox 547 233 652 291; x_wconf 72' lang='grc' dir='ltr'><strong>ιο¹1</strong></span> 
     </span>
    </p>
   </div>
   <div class='ocr_carea' id='block_1_3' title="bbox 1870 224 2499 283">
    <p class='ocr_par' dir='ltr' id='par_1_3' title="bbox 1870 224 2499 283">
     <span class='ocr_line' id='line_1_3' title="bbox 1870 224 2499 283; baseline -0.003 -1"><span class='ocrx_word' id='word_1_3' title='bbox 1870 225 2152 282; x_wconf 82' lang='lat' dir='ltr'><strong>JOANNIS</strong></span> <span class='ocrx_word' id='word_1_4' title='bbox 2188 224 2499 283; x_wconf 79' lang='lat' dir='ltr'><strong>CASSIANI</strong></span> 
     </span>
    </p>
   </div>
   <div class='ocr_carea' id='block_1_4' title="bbox 3693 227 3788 286">
    <p class='ocr_par' dir='ltr' id='par_1_4' title="bbox 3693 227 3788 286">
     <span class='ocr_line' id='line_1_4' title="bbox 3693 227 3788 286; baseline 0.021 -2"><span class='ocrx_word' id='word_1_5' title='bbox 3693 227 3788 286; x_wconf 70' lang='grc' dir='ltr'><strong>ωε</strong></span> 
     </span>
    </p>
   </div>
   <div class='ocr_carea' id='block_1_5' title="bbox 549 338 3794 414">
    <p class='ocr_par' dir='ltr' id='par_1_5' title="bbox 549 338 3794 414">
     <span class='ocr_line' id='line_1_5' title="bbox 549 338 3794 414; baseline -0.002 -11"><span class='ocrx_word' id='word_1_6' title='bbox 549 345 802 403; x_wconf 92' lang='lat' dir='ltr'><strong>omnibus</strong></span> <span class='ocrx_word' id='word_1_7' title='bbox 828 353 1226 400; x_wconf 61' lang='lat' dir='ltr'><strong>consummatae</strong></span> <span class='ocrx_word' id='word_1_8' title='bbox 1261 343 1518 414; x_wconf 65' lang='lat' dir='ltr'><strong>iustitiae,</strong></span> <span class='ocrx_word' id='word_1_9' title='bbox 1551 349 1606 399; x_wconf 90' lang='lat' dir='ltr'><strong>et</strong></span> <span class='ocrx_word' id='word_1_10' title='bbox 1646 348 1957 397; x_wconf 88' lang='lat' dir='ltr'><strong>sanctarum</strong></span> <span class='ocrx_word' id='word_1_11' title='bbox 1988 339 2137 397; x_wconf 88' lang='lat' dir='ltr'><strong>Scri-</strong></span> <span class='ocrx_word' id='word_1_12' title='bbox 2163 343 2214 403; x_wconf 80' lang='grc' dir='ltr'>Α</span> <span class='ocrx_word' id='word_1_13' title='bbox 2239 339 2268 380; x_wconf 70' lang='grc' dir='ltr'>δ</span> <span class='ocrx_word' id='word_1_14' title='bbox 2329 339 2430 408; x_wconf 99' lang='lat' dir='ltr'><strong>Qui</strong></span> <span class='ocrx_word' id='word_1_15' title='bbox 2485 347 2605 408; x_wconf 90' lang='lat' dir='ltr'><strong>post</strong></span> <span class='ocrx_word' id='word_1_16' title='bbox 2661 338 2922 393; x_wconf 79' lang='lat' dir='ltr'><strong>indictum</strong></span> <span class='ocrx_word' id='word_1_17' title='bbox 2980 341 3262 394; x_wconf 90' lang='lat' dir='ltr'><strong>terminum</strong></span> <span class='ocrx_word' id='word_1_18' title='bbox 3316 339 3475 407; x_wconf 68' lang='lat' dir='ltr'><strong>vitae,</strong></span> <span class='ocrx_word' id='word_1_19' title='bbox 3530 338 3794 408; x_wconf 81' lang='lat' dir='ltr'><strong>mortisque</strong></span> 
     </span>
    </p>
   </div>
   <div class='ocr_carea' id='block_1_6' title="bbox 549 435 2142 510">
    <p class='ocr_par' dir='ltr' id='par_1_6' title="bbox 549 435 2142 510">
     <span class='ocr_line' id='line_1_6' title="bbox 549 435 2142 510; baseline -0.003 -17"><span class='ocrx_word' id='word_1_20' title='bbox 549 446 830 510; x_wconf 87' lang='lat' dir='ltr'><strong>pturarum</strong></span> <span class='ocrx_word' id='word_1_21' title='bbox 863 438 1174 493; x_wconf 90' lang='lat' dir='ltr'><strong>testimonio</strong></span> <span class='ocrx_word' id='word_1_22' title='bbox 1203 437 1639 506; x_wconf 87' lang='lat' dir='ltr'><strong>comprobatum,</strong></span> <span class='ocrx_word' id='word_1_23' title='bbox 1695 443 1817 506; x_wconf 90' lang='lat' dir='ltr'><strong>post</strong></span> <span class='ocrx_word' id='word_1_24' title='bbox 1861 435 2142 490; x_wconf 87' lang='lat' dir='ltr'><strong>innumera</strong></span> 
     </span>
    </p>
   </div>
   <div class='ocr_carea' id='block_1_7' title="bbox 550 527 2138 601">
    <p class='ocr_par' dir='ltr' id='par_1_7' title="bbox 550 527 2138 601">
     <span class='ocr_line' id='line_1_7' title="bbox 550 527 2138 601; baseline -0.002 -18"><span class='ocrx_word' id='word_1_25' title='bbox 550 534 814 586; x_wconf 77' lang='lat' dir='ltr'><strong>virtutum</strong></span> <span class='ocrx_word' id='word_1_26' title='bbox 864 531 1153 601; x_wconf 69' lang='lat' dir='ltr'><strong>praeconia,</strong></span> <span class='ocrx_word' id='word_1_27' title='bbox 1205 545 1318 585; x_wconf 90' lang='lat' dir='ltr'><strong>uno</strong></span> <span class='ocrx_word' id='word_1_28' title='bbox 1367 539 1404 581; x_wconf 78' lang='grc' dir='ltr'><strong>ι,</strong></span> <span class='ocrx_word' id='word_1_29' title='bbox 1445 529 1696 585; x_wconf 81' lang='lat' dir='ltr'><strong>elationis</strong></span> <span class='ocrx_word' id='word_1_30' title='bbox 1752 527 1862 582; x_wconf 89' lang='lat' dir='ltr'><strong>telo</strong></span> <span class='ocrx_word' id='word_1_31' title='bbox 1910 528 2138 597; x_wconf 78' lang='lat' dir='ltr'><strong>legimus</strong></span> 
     </span>
    </p>
   </div>
   <div class='ocr_carea' id='block_1_8' title="bbox 551 623 2138 694">
    <p class='ocr_par' dir='ltr' id='par_1_8' title="bbox 551 623 2138 694">
     <span class='ocr_line' id='line_1_8' title="bbox 551 623 2138 694; baseline -0.004 -15"><span class='ocrx_word' id='word_1_32' title='bbox 551 624 723 679; x_wconf 75' lang='lat' dir='ltr'><strong>fuisse</strong></span> <span class='ocrx_word' id='word_1_33' title='bbox 751 625 1045 694; x_wconf 75' lang='lat' dir='ltr'><strong>deiectum,</strong></span> <span class='ocrx_word' id='word_1_34' title='bbox 1071 633 1126 678; x_wconf 92' lang='lat' dir='ltr'><strong>et</strong></span> <span class='ocrx_word' id='word_1_35' title='bbox 1163 623 1253 692; x_wconf 91' lang='lat' dir='ltr'><strong>qui</strong></span> <span class='ocrx_word' id='word_1_36' title='bbox 1284 623 1714 678; x_wconf 90' lang='lat' dir='ltr'><strong>internecionem</strong></span> <span class='ocrx_word' id='word_1_37' title='bbox 1740 629 1956 676; x_wconf 80' lang='lat' dir='ltr'><strong>centum</strong></span> <span class='ocrx_word' id='word_1_38' title='bbox 1987 627 2138 674; x_wconf 91' lang='lat' dir='ltr'><strong>octo-</strong></span> 
     </span>
    </p>
   </div>
   <div class='ocr_carea' id='block_1_9' title="bbox 551 714 2136 788">
    <p class='ocr_par' dir='ltr' id='par_1_9' title="bbox 551 714 2136 788">
     <span class='ocr_line' id='line_1_9' title="bbox 551 714 2136 788; baseline -0.005 -16"><span class='ocrx_word' id='word_1_39' title='bbox 551 719 702 788; x_wconf 89' lang='lat' dir='ltr'><strong>ginta</strong></span> <span class='ocrx_word' id='word_1_40' title='bbox 733 718 974 788; x_wconf 88' lang='lat' dir='ltr'><strong>quinque</strong></span> <span class='ocrx_word' id='word_1_41' title='bbox 1005 717 1228 772; x_wconf 88' lang='lat' dir='ltr'><strong>millium</strong></span> <span class='ocrx_word' id='word_1_42' title='bbox 1263 715 1332 773; x_wconf 88' lang='lat' dir='ltr'><strong>de</strong></span> <span class='ocrx_word' id='word_1_43' title='bbox 1365 716 1607 773; x_wconf 91' lang='lat' dir='ltr'><strong>exercitu</strong></span> <span class='ocrx_word' id='word_1_44' title='bbox 1639 714 2003 785; x_wconf 81' lang='lat' dir='ltr'><strong>Assyriorum,</strong></span> <span class='ocrx_word' id='word_1_45' title='bbox 2038 727 2136 766; x_wconf 90' lang='lat' dir='ltr'><strong>an-</strong></span> 
     </span>
    </p>
   </div>
   <div class='ocr_carea' id='block_1_10' title="bbox 551 787 2138 884">
    <p class='ocr_par' dir='ltr' id='par_1_10' title="bbox 551 787 2138 884">
     <span class='ocr_line' id='line_1_10' title="bbox 551 787 2138 884; baseline -0.004 -20"><span class='ocrx_word' id='word_1_46' title='bbox 551 787 676 879; x_wconf 79' lang='lat' dir='ltr'><strong>gelo</strong></span> <span class='ocrx_word' id='word_1_47' title='bbox 703 809 802 863; x_wconf 87' lang='lat' dir='ltr'><strong>sub</strong></span> <span class='ocrx_word' id='word_1_48' title='bbox 830 787 986 864; x_wconf 87' lang='lat' dir='ltr'><strong>nocte</strong></span> <span class='ocrx_word' id='word_1_49' title='bbox 1009 815 1276 874; x_wconf 79' lang='lat' dir='ltr'><strong>vastante,</strong></span> <span class='ocrx_word' id='word_1_50' title='bbox 1306 824 1412 863; x_wconf 89' lang='lat' dir='ltr'><strong>una</strong></span> <span class='ocrx_word' id='word_1_51' title='bbox 1437 822 1596 878; x_wconf 88' lang='lat' dir='ltr'><strong>prece</strong></span> <span class='ocrx_word' id='word_1_52' title='bbox 1624 787 1794 861; x_wconf 71' lang='lat' dir='ltr'><strong>valuit</strong></span> <span class='ocrx_word' id='word_1_53' title='bbox 1823 807 2138 884; x_wconf 82' lang='lat' dir='ltr'><strong>impetrare,</strong></span> 
     </span>
    </p>
   </div>
   <div class='ocr_carea' id='block_1_11' title="bbox 552 895 2139 971">
    <p class='ocr_par' dir='ltr' id='par_1_11' title="bbox 552 895 2139 971">
     <span class='ocr_line' id='line_1_11' title="bbox 552 895 2139 971; baseline -0.001 -19"><span class='ocrx_word' id='word_1_54' title='bbox 552 899 807 953; x_wconf 82' lang='lat' dir='ltr'><strong>vanitatis</strong></span> <span class='ocrx_word' id='word_1_55' title='bbox 844 899 1168 969; x_wconf 78' lang='lat' dir='ltr'><strong>gloriatione</strong></span> <span class='ocrx_word' id='word_1_56' title='bbox 1198 908 1488 969; x_wconf 84' lang='lat' dir='ltr'><strong>superatur</strong></span> <span class='ocrx_word' id='word_1_57' title='bbox 1517 899 1608 971; x_wconf 87' lang='lat' dir='ltr'><strong>(IV</strong></span> <span class='ocrx_word' id='word_1_58' title='bbox 1636 899 1766 968; x_wconf 97' lang='lat' dir='ltr'><strong>Reg.</strong></span> <span class='ocrx_word' id='word_1_59' title='bbox 1805 895 1938 968; x_wconf 76' lang='lat' dir='ltr'><strong>xix).</strong></span> <span class='ocrx_word' id='word_1_60' title='bbox 1975 896 2139 966; x_wconf 82' lang='lat' dir='ltr'><strong>Cujus</strong></span> 
     </span>
    </p>
   </div>
   <div class='ocr_carea' id='block_1_12' title="bbox 548 991 2137 1062">
    <p class='ocr_par' dir='ltr' id='par_1_12' title="bbox 548 991 2137 1062">
     <span class='ocr_line' id='line_1_12' title="bbox 548 991 2137 1062; baseline -0.003 -14"><span class='ocrx_word' id='word_1_61' title='bbox 548 1002 614 1048; x_wconf 89' lang='lat' dir='ltr'><strong>ut</strong></span> <span class='ocrx_word' id='word_1_62' title='bbox 662 1003 978 1062; x_wconf 68' lang='lat' dir='ltr'><strong>praeteream</strong></span> <span class='ocrx_word' id='word_1_63' title='bbox 1023 993 1282 1049; x_wconf 89' lang='lat' dir='ltr'><strong>virtutum</strong></span> <span class='ocrx_word' id='word_1_64' title='bbox 1334 1003 1439 1048; x_wconf 90' lang='lat' dir='ltr'><strong>tam</strong></span> <span class='ocrx_word' id='word_1_65' title='bbox 1493 993 1761 1062; x_wconf 91' lang='lat' dir='ltr'><strong>prolixum</strong></span> <span class='ocrx_word' id='word_1_66' title='bbox 1811 991 2137 1061; x_wconf 89' lang='lat' dir='ltr'><strong>catalogum,</strong></span> 
     </span>
    </p>
   </div>
   <div class='ocr_carea' id='block_1_13' title="bbox 549 1083 2138 1156">
    <p class='ocr_par' dir='ltr' id='par_1_13' title="bbox 549 1083 2138 1156">
     <span class='ocr_line' id='line_1_13' title="bbox 549 1083 2138 1156; baseline -0.003 -16"><span class='ocrx_word' id='word_1_67' title='bbox 549 1099 712 1156; x_wconf 83' lang='lat' dir='ltr'><strong>quem</strong></span> <span class='ocrx_word' id='word_1_68' title='bbox 757 1085 1027 1156; x_wconf 87' lang='lat' dir='ltr'><strong>replicare</strong></span> <span class='ocrx_word' id='word_1_69' title='bbox 1070 1086 1386 1156; x_wconf 86' lang='lat' dir='ltr'><strong>perlongum</strong></span> <span class='ocrx_word' id='word_1_70' title='bbox 1430 1095 1536 1151; x_wconf 89' lang='lat' dir='ltr'><strong>est,</strong></span> <span class='ocrx_word' id='word_1_71' title='bbox 1581 1085 1686 1140; x_wconf 89' lang='lat' dir='ltr'><strong>hoc</strong></span> <span class='ocrx_word' id='word_1_72' title='bbox 1731 1099 1896 1139; x_wconf 88' lang='lat' dir='ltr'><strong>unum</strong></span> <span class='ocrx_word' id='word_1_73' title='bbox 1942 1083 2138 1136; x_wconf 88' lang='lat' dir='ltr'><strong>dicam.</strong></span> 
     </span>
    </p>
   </div>
   <div class='ocr_carea' id='block_1_14' title="bbox 2250 429 3794 501">
    <p class='ocr_par' dir='ltr' id='par_1_14' title="bbox 2250 429 3794 501">
     <span class='ocr_line' id='line_1_14' title="bbox 2250 429 3794 501; baseline 0.002 -17"><span class='ocrx_word' id='word_1_74' title='bbox 2250 431 2390 486; x_wconf 88' lang='lat' dir='ltr'><strong>diem</strong></span> <span class='ocrx_word' id='word_1_75' title='bbox 2428 430 2642 485; x_wconf 88' lang='lat' dir='ltr'><strong>Domini</strong></span> <span class='ocrx_word' id='word_1_76' title='bbox 2669 432 2939 486; x_wconf 84' lang='lat' dir='ltr'><strong>sententia</strong></span> <span class='ocrx_word' id='word_1_77' title='bbox 2969 432 3311 501; x_wconf 68' lang='lat' dir='ltr'><strong>praeﬁnitum,</strong></span> <span class='ocrx_word' id='word_1_78' title='bbox 3343 441 3367 470; x_wconf 79' lang='grc' dir='ltr'><strong>ο</strong></span> <span class='ocrx_word' id='word_1_79' title='bbox 3395 429 3684 501; x_wconf 86' lang='lat' dir='ltr'><strong>quindecim</strong></span> <span class='ocrx_word' id='word_1_80' title='bbox 3707 448 3794 487; x_wconf 81' lang='lat' dir='ltr'><strong>an-</strong></span> 
     </span>
    </p>
   </div>
   <div class='ocr_carea' id='block_1_15' title="bbox 2247 522 3795 593">
    <p class='ocr_par' dir='ltr' id='par_1_15' title="bbox 2247 522 3795 593">
     <span class='ocr_line' id='line_1_15' title="bbox 2247 522 3795 593; baseline 0.001 -16"><span class='ocrx_word' id='word_1_81' title='bbox 2247 524 2329 578; x_wconf 89' lang='lat' dir='ltr'><strong>nis</strong></span> <span class='ocrx_word' id='word_1_82' title='bbox 2379 522 2502 577; x_wconf 74' lang='lat' dir='ltr'><strong>vita:</strong></span> <span class='ocrx_word' id='word_1_83' title='bbox 2551 533 2722 578; x_wconf 83' lang='lat' dir='ltr'><strong>metas</strong></span> <span class='ocrx_word' id='word_1_84' title='bbox 2768 524 3041 580; x_wconf 83' lang='lat' dir='ltr'><strong>excedere</strong></span> <span class='ocrx_word' id='word_1_85' title='bbox 3089 539 3192 579; x_wconf 89' lang='lat' dir='ltr'><strong>una</strong></span> <span class='ocrx_word' id='word_1_86' title='bbox 3240 523 3490 579; x_wconf 88' lang='lat' dir='ltr'><strong>oratione</strong></span> <span class='ocrx_word' id='word_1_87' title='bbox 3535 525 3795 593; x_wconf 80' lang='lat' dir='ltr'><strong>promeruit</strong></span> 
     </span>
    </p>
   </div>
   <div class='ocr_carea' id='block_1_16' title="bbox 2245 614 3794 686">
    <p class='ocr_par' dir='ltr' id='par_1_16' title="bbox 2245 614 3794 686">
     <span class='ocr_line' id='line_1_16' title="bbox 2245 614 3794 686; baseline 0 -17"><span class='ocrx_word' id='word_1_88' title='bbox 2245 615 2272 652; x_wconf 72' lang='grc' dir='ltr'>ἀ</span> <span class='ocrx_word' id='word_1_89' title='bbox 2301 617 2412 670; x_wconf 89' lang='lat' dir='ltr'><strong>sole</strong></span> <span class='ocrx_word' id='word_1_90' title='bbox 2443 629 2539 684; x_wconf 90' lang='lat' dir='ltr'><strong>per</strong></span> <span class='ocrx_word' id='word_1_91' title='bbox 2563 614 2753 670; x_wconf 89' lang='lat' dir='ltr'><strong>decem</strong></span> <span class='ocrx_word' id='word_1_92' title='bbox 2785 615 3006 686; x_wconf 89' lang='lat' dir='ltr'><strong>gradus,</strong></span> <span class='ocrx_word' id='word_1_93' title='bbox 3039 631 3178 686; x_wconf 90' lang='lat' dir='ltr'><strong>quos</strong></span> <span class='ocrx_word' id='word_1_94' title='bbox 3215 615 3281 670; x_wconf 90' lang='lat' dir='ltr'><strong>ad</strong></span> <span class='ocrx_word' id='word_1_95' title='bbox 3321 618 3569 671; x_wconf 81' lang='lat' dir='ltr'><strong>Occasum</strong></span> <span class='ocrx_word' id='word_1_96' title='bbox 3599 615 3794 670; x_wconf 88' lang='lat' dir='ltr'><strong>tendens</strong></span> 
     </span>
    </p>
   </div>
   <div class='ocr_carea' id='block_1_17' title="bbox 2239 706 3798 778">
    <p class='ocr_par' dir='ltr' id='par_1_17' title="bbox 2239 706 3798 778">
     <span class='ocr_line' id='line_1_17' title="bbox 2239 706 3798 778; baseline 0.001 -18"><span class='ocrx_word' id='word_1_97' title='bbox 2239 706 2350 776; x_wconf 91' lang='lat' dir='ltr'><strong>jam</strong></span> <span class='ocrx_word' id='word_1_98' title='bbox 2391 706 2773 774; x_wconf 89' lang='lat' dir='ltr'><strong>illustraverat,</strong></span> <span class='ocrx_word' id='word_1_99' title='bbox 2806 715 3136 774; x_wconf 87' lang='lat' dir='ltr'><strong>revertente,</strong></span> <span class='ocrx_word' id='word_1_100' title='bbox 3169 707 3261 778; x_wconf 86' lang='lat' dir='ltr'><strong>qui</strong></span> <span class='ocrx_word' id='word_1_101' title='bbox 3309 708 3484 763; x_wconf 82' lang='lat' dir='ltr'><strong>lineas</strong></span> <span class='ocrx_word' id='word_1_102' title='bbox 3529 721 3652 778; x_wconf 84' lang='lat' dir='ltr'><strong>quas</strong></span> <span class='ocrx_word' id='word_1_103' title='bbox 3690 707 3798 762; x_wconf 79' lang='lat' dir='ltr'><strong>abs-</strong></span> 
     </span>
    </p>
   </div>
   <div class='ocr_carea' id='block_1_18' title="bbox 2242 801 3797 871">
    <p class='ocr_par' dir='ltr' id='par_1_18' title="bbox 2242 801 3797 871">
     <span class='ocr_line' id='line_1_18' title="bbox 2242 801 3797 871; baseline -0.002 -14"><span class='ocrx_word' id='word_1_104' title='bbox 2242 816 2398 857; x_wconf 77' lang='lat' dir='ltr'><strong>cessu</strong></span> <span class='ocrx_word' id='word_1_105' title='bbox 2435 801 2553 869; x_wconf 88' lang='lat' dir='ltr'><strong>ejus</strong></span> <span class='ocrx_word' id='word_1_106' title='bbox 2593 801 2785 855; x_wconf 86' lang='lat' dir='ltr'><strong>umbra</strong></span> <span class='ocrx_word' id='word_1_107' title='bbox 2841 801 3180 871; x_wconf 87' lang='lat' dir='ltr'><strong>subsequens</strong></span> <span class='ocrx_word' id='word_1_108' title='bbox 3222 811 3533 870; x_wconf 87' lang='lat' dir='ltr'><strong>occuparat,</strong></span> <span class='ocrx_word' id='word_1_109' title='bbox 3571 815 3661 855; x_wconf 88' lang='lat' dir='ltr'><strong>suo</strong></span> <span class='ocrx_word' id='word_1_110' title='bbox 3695 817 3797 854; x_wconf 90' lang='lat' dir='ltr'><strong>rur-</strong></span> 
     </span>
    </p>
   </div>
   <div class='ocr_carea' id='block_1_19' title="bbox 2243 892 3798 964">
    <p class='ocr_par' dir='ltr' id='par_1_19' title="bbox 2243 892 3798 964">
     <span class='ocr_line' id='line_1_19' title="bbox 2243 892 3798 964; baseline -0.001 -16"><span class='ocrx_word' id='word_1_111' title='bbox 2243 908 2362 948; x_wconf 87' lang='lat' dir='ltr'><strong>sum</strong></span> <span class='ocrx_word' id='word_1_112' title='bbox 2405 893 2582 949; x_wconf 89' lang='lat' dir='ltr'><strong>reditu</strong></span> <span class='ocrx_word' id='word_1_113' title='bbox 2630 893 3184 964; x_wconf 76' lang='lat' dir='ltr'><strong>fugans,duplicatum</strong></span> <span class='ocrx_word' id='word_1_114' title='bbox 3224 893 3367 947; x_wconf 90' lang='lat' dir='ltr'><strong>diem</strong></span> <span class='ocrx_word' id='word_1_115' title='bbox 3414 895 3657 948; x_wconf 89' lang='lat' dir='ltr'><strong>universo</strong></span> <span class='ocrx_word' id='word_1_116' title='bbox 3693 892 3798 947; x_wconf 84' lang='lat' dir='ltr'><strong>orbi</strong></span> 
     </span>
    </p>
   </div>
   <div class='ocr_carea' id='block_1_20' title="bbox 2245 984 3799 1055">
    <p class='ocr_par' dir='ltr' id='par_1_20' title="bbox 2245 984 3799 1055">
     <span class='ocr_line' id='line_1_20' title="bbox 2245 984 3799 1055; baseline -0.001 -16"><span class='ocrx_word' id='word_1_117' title='bbox 2245 995 2432 1039; x_wconf 85' lang='lat' dir='ltr'><strong>contra</strong></span> <span class='ocrx_word' id='word_1_118' title='bbox 2462 985 2595 1040; x_wconf 82' lang='lat' dir='ltr'><strong>ﬁxas</strong></span> <span class='ocrx_word' id='word_1_119' title='bbox 2619 995 2828 1040; x_wconf 74' lang='lat' dir='ltr'><strong>naturae</strong></span> <span class='ocrx_word' id='word_1_120' title='bbox 2849 986 2993 1055; x_wconf 88' lang='lat' dir='ltr'><strong>leges</strong></span> <span class='ocrx_word' id='word_1_121' title='bbox 3015 985 3258 1040; x_wconf 84' lang='lat' dir='ltr'><strong>inaudito</strong></span> <span class='ocrx_word' id='word_1_122' title='bbox 3283 985 3541 1040; x_wconf 88' lang='lat' dir='ltr'><strong>miracqu</strong></span> <span class='ocrx_word' id='word_1_123' title='bbox 3568 984 3799 1054; x_wconf 63' lang='lat' dir='ltr'><strong>prebuit;</strong></span> 
     </span>
    </p>
   </div>
   <div class='ocr_carea' id='block_1_21' title="bbox 2247 1078 3799 1150">
    <p class='ocr_par' dir='ltr' id='par_1_21' title="bbox 2247 1078 3799 1150">
     <span class='ocr_line' id='line_1_21' title="bbox 2247 1078 3799 1150; baseline -0.001 -16"><span class='ocrx_word' id='word_1_124' title='bbox 2247 1087 2369 1150; x_wconf 90' lang='lat' dir='ltr'><strong>post</strong></span> <span class='ocrx_word' id='word_1_125' title='bbox 2403 1087 2552 1134; x_wconf 88' lang='lat' dir='ltr'><strong>tanta</strong></span> <span class='ocrx_word' id='word_1_126' title='bbox 2592 1089 2807 1149; x_wconf 87' lang='lat' dir='ltr'><strong>tamque</strong></span> <span class='ocrx_word' id='word_1_127' title='bbox 2842 1078 3179 1134; x_wconf 84' lang='lat' dir='ltr'><strong>incredibilia</strong></span> <span class='ocrx_word' id='word_1_128' title='bbox 3223 1079 3397 1148; x_wconf 87' lang='lat' dir='ltr'><strong>signa,</strong></span> <span class='ocrx_word' id='word_1_129' title='bbox 3436 1087 3554 1148; x_wconf 90' lang='lat' dir='ltr'><strong>post</strong></span> <span class='ocrx_word' id='word_1_130' title='bbox 3590 1088 3683 1133; x_wconf 82' lang='lat' dir='ltr'><strong>tam</strong></span> <span class='ocrx_word' id='word_1_131' title='bbox 3709 1079 3799 1132; x_wconf 89' lang='lat' dir='ltr'><strong>im-</strong></span> 
     </span>
    </p>
   </div>
   <div class='ocr_carea' id='block_1_22' title="bbox 1623 1193 2750 1253">
    <p class='ocr_par' dir='ltr' id='par_1_22' title="bbox 1623 1193 2750 1253">
     <span class='ocr_line' id='line_1_22' title="bbox 1623 1193 2750 1253; baseline -0.004 -1"><span class='ocrx_word' id='word_1_132' title='bbox 1623 1197 1876 1253; x_wconf 78' lang='lat' dir='ltr'><strong>ALARDI</strong></span> <span class='ocrx_word' id='word_1_133' title='bbox 1916 1193 2151 1252; x_wconf 65' lang='lat' dir='ltr'><strong>GAZEI</strong></span> <span class='ocrx_word' id='word_1_134' title='bbox 2187 1193 2750 1250; x_wconf 81' lang='lat' dir='ltr'><strong>COMMENTARIUS.</strong></span> 
     </span>
    </p>
   </div>
   <div class='ocr_carea' id='block_1_23' title="bbox 552 1289 2126 1363">
    <p class='ocr_par' dir='ltr' id='par_1_23' title="bbox 552 1289 2126 1363">
     <span class='ocr_line' id='line_1_23' title="bbox 552 1289 2126 1363; baseline -0.005 -15"><span class='ocrx_word' id='word_1_135' title='bbox 552 1300 640 1348; x_wconf 90' lang='lat' dir='ltr'><strong>tus</strong></span> <span class='ocrx_word' id='word_1_136' title='bbox 668 1293 926 1349; x_wconf 85' lang='lat' dir='ltr'><strong>Dominus</strong></span> <span class='ocrx_word' id='word_1_137' title='bbox 951 1293 1257 1363; x_wconf 88' lang='lat' dir='ltr'><strong>quindecim</strong></span> <span class='ocrx_word' id='word_1_138' title='bbox 1286 1306 1459 1348; x_wconf 90' lang='lat' dir='ltr'><strong>annos</strong></span> <span class='ocrx_word' id='word_1_139' title='bbox 1485 1291 1533 1347; x_wconf 92' lang='lat' dir='ltr'><strong>ei</strong></span> <span class='ocrx_word' id='word_1_140' title='bbox 1563 1290 1822 1363; x_wconf 76' lang='lat' dir='ltr'><strong>adjecerit</strong></span> <span class='ocrx_word' id='word_1_141' title='bbox 1850 1289 1914 1343; x_wconf 91' lang='lat' dir='ltr'><strong>ad</strong></span> <span class='ocrx_word' id='word_1_142' title='bbox 1946 1289 2126 1363; x_wconf 84' lang='lat' dir='ltr'><strong>tenni-</strong></span> 
     </span>
    </p>
   </div>
   <div class='ocr_carea' id='block_1_24' title="bbox 551 1359 2134 1434">
    <p class='ocr_par' dir='ltr' id='par_1_24' title="bbox 551 1359 2134 1434">
     <span class='ocr_line' id='line_1_24' title="bbox 551 1359 2134 1434; baseline -0.004 -15"><span class='ocrx_word' id='word_1_143' title='bbox 551 1380 680 1419; x_wconf 84' lang='lat' dir='ltr'><strong>num</strong></span> <span class='ocrx_word' id='word_1_144' title='bbox 713 1367 833 1418; x_wconf 72' lang='lat' dir='ltr'><strong>vita:</strong></span> <span class='ocrx_word' id='word_1_145' title='bbox 863 1359 1159 1419; x_wconf 79' lang='lat' dir='ltr'><strong>naturalem</strong></span> <span class='ocrx_word' id='word_1_146' title='bbox 1194 1364 1295 1434; x_wconf 80' lang='lat' dir='ltr'><strong>(iV</strong></span> <span class='ocrx_word' id='word_1_147' title='bbox 1328 1363 1458 1434; x_wconf 85' lang='lat' dir='ltr'><strong>Reg.</strong></span> <span class='ocrx_word' id='word_1_148' title='bbox 1497 1379 1589 1426; x_wconf 90' lang='lat' dir='ltr'><strong>xx,</strong></span> <span class='ocrx_word' id='word_1_149' title='bbox 1625 1359 1673 1434; x_wconf 74' lang='lat' dir='ltr'><strong>et</strong></span> <span class='ocrx_word' id='word_1_150' title='bbox 1705 1359 1860 1414; x_wconf 76' lang='lat' dir='ltr'><strong>Isaia:</strong></span> <span class='ocrx_word' id='word_1_151' title='bbox 1894 1359 2134 1434; x_wconf 68' lang='lat' dir='ltr'><strong>xxxvut).</strong></span> 
     </span>
    </p>
   </div>
   <div class='ocr_carea' id='block_1_25' title="bbox 559 1431 2135 1503">
    <p class='ocr_par' dir='ltr' id='par_1_25' title="bbox 559 1431 2135 1503">
     <span class='ocr_line' id='line_1_25' title="bbox 559 1431 2135 1503; baseline -0.003 -15"><span class='ocrx_word' id='word_1_152' title='bbox 559 1434 620 1488; x_wconf 91' lang='lat' dir='ltr'><strong>ln</strong></span> <span class='ocrx_word' id='word_1_153' title='bbox 650 1435 730 1488; x_wconf 92' lang='lat' dir='ltr'><strong>his</strong></span> <span class='ocrx_word' id='word_1_154' title='bbox 761 1445 814 1488; x_wconf 90' lang='lat' dir='ltr'><strong>et</strong></span> <span class='ocrx_word' id='word_1_155' title='bbox 837 1436 1138 1503; x_wconf 85' lang='lat' dir='ltr'><strong>hujusmodi</strong></span> <span class='ocrx_word' id='word_1_156' title='bbox 1170 1431 1333 1503; x_wconf 80' lang='lat' dir='ltr'><strong>gestis</strong></span> <span class='ocrx_word' id='word_1_157' title='bbox 1355 1431 1688 1488; x_wconf 90' lang='lat' dir='ltr'><strong>admirandis</strong></span> <span class='ocrx_word' id='word_1_158' title='bbox 1718 1446 1873 1503; x_wconf 85' lang='lat' dir='ltr'><strong>nemo</strong></span> <span class='ocrx_word' id='word_1_159' title='bbox 1902 1445 1968 1484; x_wconf 92' lang='lat' dir='ltr'><strong>ex</strong></span> <span class='ocrx_word' id='word_1_160' title='bbox 1994 1431 2135 1503; x_wconf 81' lang='lat' dir='ltr'><strong>regi-</strong></span> 
     </span>
    </p>
   </div>
   <div class='ocr_carea' id='block_1_26' title="bbox 553 1500 2133 1573">
    <p class='ocr_par' dir='ltr' id='par_1_26' title="bbox 553 1500 2133 1573">
     <span class='ocr_line' id='line_1_26' title="bbox 553 1500 2133 1573; baseline -0.004 -14"><span class='ocrx_word' id='word_1_161' title='bbox 553 1504 655 1559; x_wconf 89' lang='lat' dir='ltr'><strong>bus</strong></span> <span class='ocrx_word' id='word_1_162' title='bbox 714 1505 806 1570; x_wconf 91' lang='lat' dir='ltr'><strong>qui</strong></span> <span class='ocrx_word' id='word_1_163' title='bbox 851 1500 1017 1573; x_wconf 85' lang='lat' dir='ltr'><strong>possit</strong></span> <span class='ocrx_word' id='word_1_164' title='bbox 1065 1500 1186 1558; x_wconf 57' lang='lat' dir='ltr'><strong>dici&#39;</strong></span> <span class='ocrx_word' id='word_1_165' title='bbox 1212 1505 1402 1558; x_wconf 92' lang='lat' dir='ltr'><strong>similis</strong></span> <span class='ocrx_word' id='word_1_166' title='bbox 1451 1505 1548 1556; x_wconf 91' lang='lat' dir='ltr'><strong>illi.</strong></span> <span class='ocrx_word' id='word_1_167' title='bbox 1621 1504 1682 1556; x_wconf 83' lang='lat' dir='ltr'><strong>Et</strong></span> <span class='ocrx_word' id='word_1_168' title='bbox 1729 1501 1878 1573; x_wconf 81' lang='lat' dir='ltr'><strong>fuere</strong></span> <span class='ocrx_word' id='word_1_169' title='bbox 1919 1500 2133 1573; x_wconf 82' lang='lat' dir='ltr'><strong>quidem</strong></span> 
     </span>
    </p>
   </div>
   <div class='ocr_carea' id='block_1_27' title="bbox 553 1570 2136 1643">
    <p class='ocr_par' dir='ltr' id='par_1_27' title="bbox 553 1570 2136 1643">
     <span class='ocr_line' id='line_1_27' title="bbox 553 1570 2136 1643; baseline -0.004 -14"><span class='ocrx_word' id='word_1_170' title='bbox 553 1584 670 1630; x_wconf 86' lang='lat' dir='ltr'><strong>tres</strong></span> <span class='ocrx_word' id='word_1_171' title='bbox 704 1570 864 1643; x_wconf 82' lang='lat' dir='ltr'><strong>reges</strong></span> <span class='ocrx_word' id='word_1_172' title='bbox 894 1575 983 1642; x_wconf 92' lang='lat' dir='ltr'><strong>qui</strong></span> <span class='ocrx_word' id='word_1_173' title='bbox 1015 1575 1167 1628; x_wconf 87' lang='lat' dir='ltr'><strong>valde</strong></span> <span class='ocrx_word' id='word_1_174' title='bbox 1199 1576 1516 1643; x_wconf 89' lang='lat' dir='ltr'><strong>placuerunt</strong></span> <span class='ocrx_word' id='word_1_175' title='bbox 1548 1573 1774 1626; x_wconf 91' lang='lat' dir='ltr'><strong>Domino</strong></span> <span class='ocrx_word' id='word_1_176' title='bbox 1813 1571 1881 1624; x_wconf 89' lang='lat' dir='ltr'><strong>ob</strong></span> <span class='ocrx_word' id='word_1_177' title='bbox 1902 1570 2136 1643; x_wconf 76' lang='lat' dir='ltr'><strong>religio-</strong></span> 
     </span>
    </p>
   </div>
   <div class='ocr_carea' id='block_1_28' title="bbox 553 1641 2133 1712">
    <p class='ocr_par' dir='ltr' id='par_1_28' title="bbox 553 1641 2133 1712">
     <span class='ocr_line' id='line_1_28' title="bbox 553 1641 2133 1712; baseline -0.005 -12"><span class='ocrx_word' id='word_1_178' title='bbox 553 1660 682 1700; x_wconf 86' lang='lat' dir='ltr'><strong>nem</strong></span> <span class='ocrx_word' id='word_1_179' title='bbox 709 1641 1066 1712; x_wconf 46' lang='lat' dir='ltr'><strong>et&#39;pietatem,</strong></span> <span class='ocrx_word' id='word_1_180' title='bbox 1085 1641 1211 1710; x_wconf 76' lang='lat' dir='ltr'><strong>quia</strong></span> <span class='ocrx_word' id='word_1_181' title='bbox 1227 1646 1477 1698; x_wconf 89' lang='lat' dir='ltr'><strong>nimirum</strong></span> <span class='ocrx_word' id='word_1_182' title='bbox 1504 1644 1729 1711; x_wconf 86' lang='lat' dir='ltr'><strong>populos</strong></span> <span class='ocrx_word' id='word_1_183' title='bbox 1747 1657 1872 1696; x_wconf 90' lang='lat' dir='ltr'><strong>suos</strong></span> <span class='ocrx_word' id='word_1_184' title='bbox 1900 1641 2133 1712; x_wconf 83' lang='lat' dir='ltr'><strong>induxe-</strong></span> 
     </span>
    </p>
   </div>
   <div class='ocr_carea' id='block_1_29' title="bbox 554 1711 2128 1782">
    <p class='ocr_par' dir='ltr' id='par_1_29' title="bbox 554 1711 2128 1782">
     <span class='ocr_line' id='line_1_29' title="bbox 554 1711 2128 1782; baseline -0.003 -14"><span class='ocrx_word' id='word_1_185' title='bbox 554 1726 683 1768; x_wconf 87' lang='lat' dir='ltr'><strong>runt</strong></span> <span class='ocrx_word' id='word_1_186' title='bbox 712 1711 1207 1782; x_wconf 28' lang='lat' dir='ltr'><strong>ad’pmnilentiam,</strong></span> <span class='ocrx_word' id='word_1_187' title='bbox 1248 1725 1302 1768; x_wconf 89' lang='lat' dir='ltr'><strong>ct</strong></span> <span class='ocrx_word' id='word_1_188' title='bbox 1353 1716 1416 1767; x_wconf 88' lang='lat' dir='ltr'><strong>ad</strong></span> <span class='ocrx_word' id='word_1_189' title='bbox 1449 1715 1649 1768; x_wconf 90' lang='lat' dir='ltr'><strong>cultum</strong></span> <span class='ocrx_word' id='word_1_190' title='bbox 1683 1713 1841 1767; x_wconf 91' lang='lat' dir='ltr'><strong>unius</strong></span> <span class='ocrx_word' id='word_1_191' title='bbox 1869 1711 1980 1765; x_wconf 88' lang='lat' dir='ltr'><strong>veri</strong></span> <span class='ocrx_word' id='word_1_192' title='bbox 2015 1711 2128 1776; x_wconf 87' lang='lat' dir='ltr'><strong>Dei,</strong></span> 
     </span>
    </p>
   </div>
   <div class='ocr_carea' id='block_1_30' title="bbox 557 1782 2136 1855">
    <p class='ocr_par' dir='ltr' id='par_1_30' title="bbox 557 1782 2136 1855">
     <span class='ocr_line' id='line_1_30' title="bbox 557 1782 2136 1855; baseline -0.001 -17"><span class='ocrx_word' id='word_1_193' title='bbox 557 1785 898 1855; x_wconf 79' lang='lat' dir='ltr'><strong>destruentes</strong></span> <span class='ocrx_word' id='word_1_194' title='bbox 923 1786 1125 1855; x_wconf 87' lang='lat' dir='ltr'><strong>cultum</strong></span> <span class='ocrx_word' id='word_1_195' title='bbox 1150 1786 1469 1855; x_wconf 64' lang='lat' dir='ltr'><strong>idololatria;</strong></span> <span class='ocrx_word' id='word_1_196' title='bbox 1498 1802 1510 1838; x_wconf 93' lang='lat'>:</span> <span class='ocrx_word' id='word_1_197' title='bbox 1541 1783 1592 1855; x_wconf 83' lang='lat' dir='ltr'><strong>bi</strong></span> <span class='ocrx_word' id='word_1_198' title='bbox 1617 1797 1745 1855; x_wconf 81' lang='lat' dir='ltr'><strong>sunt</strong></span> <span class='ocrx_word' id='word_1_199' title='bbox 1778 1782 1967 1855; x_wconf 90' lang='lat' dir='ltr'><strong>David_,</strong></span> <span class='ocrx_word' id='word_1_200' title='bbox 2001 1783 2136 1855; x_wconf 81' lang='lat' dir='ltr'><strong>Eze-</strong></span> 
     </span>
    </p>
   </div>
   <div class='ocr_carea' id='block_1_31' title="bbox 557 1853 2136 1926">
    <p class='ocr_par' dir='ltr' id='par_1_31' title="bbox 557 1853 2136 1926">
     <span class='ocr_line' id='line_1_31' title="bbox 557 1853 2136 1926; baseline -0.003 -17"><span class='ocrx_word' id='word_1_201' title='bbox 557 1855 708 1909; x_wconf 88' lang='lat' dir='ltr'><strong>chias</strong></span> <span class='ocrx_word' id='word_1_202' title='bbox 745 1863 799 1926; x_wconf 77' lang='lat' dir='ltr'><strong>et</strong></span> <span class='ocrx_word' id='word_1_203' title='bbox 833 1853 1030 1926; x_wconf 76' lang='lat' dir='ltr'><strong>Josias,</strong></span> <span class='ocrx_word' id='word_1_204' title='bbox 1073 1857 1125 1909; x_wconf 91' lang='lat' dir='ltr'><strong>in</strong></span> <span class='ocrx_word' id='word_1_205' title='bbox 1163 1853 1392 1926; x_wconf 79' lang='lat' dir='ltr'><strong>quorum</strong></span> <span class='ocrx_word' id='word_1_206' title='bbox 1437 1854 1644 1908; x_wconf 89' lang='lat' dir='ltr'><strong>laudem</strong></span> <span class='ocrx_word' id='word_1_207' title='bbox 1690 1853 1886 1926; x_wconf 78' lang='lat' dir='ltr'><strong>dicitur</strong></span> <span class='ocrx_word' id='word_1_208' title='bbox 1928 1853 2136 1907; x_wconf 84' lang='lat' dir='ltr'><strong>Eccles.</strong></span> 
     </span>
    </p>
   </div>
   <div class='ocr_carea' id='block_1_32' title="bbox 557 1923 2138 1994">
    <p class='ocr_par' dir='ltr' id='par_1_32' title="bbox 557 1923 2138 1994">
     <span class='ocr_line' id='line_1_32' title="bbox 557 1923 2138 1994; baseline -0.001 -17"><span class='ocrx_word' id='word_1_209' title='bbox 557 1938 683 1978; x_wconf 68' lang='grc' dir='ltr'><strong>χιιι(</strong></span> <span class='ocrx_word' id='word_1_210' title='bbox 716 1942 728 1975; x_wconf 93' lang='lat'><strong>:</strong></span> <span class='ocrx_word' id='word_1_211' title='bbox 775 1925 969 1978; x_wconf 77' lang='lat' dir='ltr'><strong>Prteter</strong></span> <span class='ocrx_word' id='word_1_212' title='bbox 998 1923 1196 1994; x_wconf 73' lang='lat' dir='ltr'><strong>David,</strong></span> <span class='ocrx_word' id='word_1_213' title='bbox 1224 1938 1267 1980; x_wconf 90' lang='lat' dir='ltr'><strong>et</strong></span> <span class='ocrx_word' id='word_1_214' title='bbox 1302 1926 1591 1986; x_wconf 74' lang='lat' dir='ltr'><strong>Esecliiam,</strong></span> <span class='ocrx_word' id='word_1_215' title='bbox 1631 1935 1678 1978; x_wconf 90' lang='lat' dir='ltr'><strong>et</strong></span> <span class='ocrx_word' id='word_1_216' title='bbox 1712 1923 1933 1987; x_wconf 83' lang='lat' dir='ltr'><strong>Josiam,</strong></span> <span class='ocrx_word' id='word_1_217' title='bbox 1968 1939 2138 1976; x_wconf 90' lang='lat' dir='ltr'><strong>omnes</strong></span> 
     </span>
    </p>
   </div>
   <div class='ocr_carea' id='block_1_33' title="bbox 558 1995 2139 2065">
    <p class='ocr_par' dir='ltr' id='par_1_33' title="bbox 558 1995 2139 2065">
     <span class='ocr_line' id='line_1_33' title="bbox 558 1995 2139 2065; baseline -0.001 -17"><span class='ocrx_word' id='word_1_218' title='bbox 558 2003 818 2064; x_wconf 86' lang='lat' dir='ltr'><strong>peccatum</strong></span> <span class='ocrx_word' id='word_1_219' title='bbox 858 1998 1237 2051; x_wconf 89' lang='lat' dir='ltr'><strong>commiserunt.</strong></span> <span class='ocrx_word' id='word_1_220' title='bbox 1276 1996 1428 2064; x_wconf 85' lang='lat' dir='ltr'><strong>Quod</strong></span> <span class='ocrx_word' id='word_1_221' title='bbox 1469 1996 1537 2051; x_wconf 90' lang='lat' dir='ltr'><strong>de</strong></span> <span class='ocrx_word' id='word_1_222' title='bbox 1575 2004 1792 2065; x_wconf 82' lang='lat' dir='ltr'><strong>peccato</strong></span> <span class='ocrx_word' id='word_1_223' title='bbox 1824 1995 2139 2065; x_wconf 59' lang='lat' dir='ltr'><strong>idololatrigc</strong></span> 
     </span>
    </p>
   </div>
   <div class='ocr_carea' id='block_1_34' title="bbox 559 2064 2141 2135">
    <p class='ocr_par' dir='ltr' id='par_1_34' title="bbox 559 2064 2141 2135">
     <span class='ocr_line' id='line_1_34' title="bbox 559 2064 2141 2135; baseline -0.001 -17"><span class='ocrx_word' id='word_1_224' title='bbox 559 2067 882 2134; x_wconf 79' lang='lat' dir='ltr'><strong>intelligitur</strong></span> <span class='ocrx_word' id='word_1_225' title='bbox 909 2068 957 2119; x_wconf 90' lang='lat' dir='ltr'><strong>in</strong></span> <span class='ocrx_word' id='word_1_226' title='bbox 980 2069 1149 2135; x_wconf 89' lang='lat' dir='ltr'><strong>se,vel</strong></span> <span class='ocrx_word' id='word_1_227' title='bbox 1174 2069 1226 2122; x_wconf 93' lang='lat' dir='ltr'><strong>in</strong></span> <span class='ocrx_word' id='word_1_228' title='bbox 1249 2070 1366 2122; x_wconf 87' lang='lat' dir='ltr'><strong>aliis</strong></span> <span class='ocrx_word' id='word_1_229' title='bbox 1389 2082 1536 2122; x_wconf 93' lang='lat' dir='ltr'><strong>:cum</strong></span> <span class='ocrx_word' id='word_1_230' title='bbox 1555 2064 1767 2121; x_wconf 76' lang='lat' dir='ltr'><strong>Constet</strong></span> <span class='ocrx_word' id='word_1_231' title='bbox 1785 2081 1959 2134; x_wconf 89' lang='lat' dir='ltr'><strong>neque</strong></span> <span class='ocrx_word' id='word_1_232' title='bbox 1985 2064 2141 2118; x_wconf 87' lang='lat' dir='ltr'><strong>Davi-</strong></span> 
     </span>
    </p>
   </div>
   <div class='ocr_carea' id='block_1_35' title="bbox 561 2135 2136 2206">
    <p class='ocr_par' dir='ltr' id='par_1_35' title="bbox 561 2135 2136 2206">
     <span class='ocr_line' id='line_1_35' title="bbox 561 2135 2136 2206; baseline -0.001 -17"><span class='ocrx_word' id='word_1_233' title='bbox 561 2135 709 2198; x_wconf 90' lang='lat' dir='ltr'><strong>dem,</strong></span> <span class='ocrx_word' id='word_1_234' title='bbox 730 2152 902 2206; x_wconf 90' lang='lat' dir='ltr'><strong>neque</strong></span> <span class='ocrx_word' id='word_1_235' title='bbox 935 2138 1223 2193; x_wconf 85' lang='lat' dir='ltr'><strong>Ezechiam</strong></span> <span class='ocrx_word' id='word_1_236' title='bbox 1242 2141 1486 2194; x_wconf 84' lang='lat' dir='ltr'><strong>excusari</strong></span> <span class='ocrx_word' id='word_1_237' title='bbox 1507 2153 1662 2204; x_wconf 84' lang='lat' dir='ltr'><strong>posse</strong></span> <span class='ocrx_word' id='word_1_238' title='bbox 1680 2138 1746 2191; x_wconf 87' lang='lat' dir='ltr'><strong>ab</strong></span> <span class='ocrx_word' id='word_1_239' title='bbox 1760 2135 2136 2203; x_wconf 86' lang='lat' dir='ltr'><strong>aliispeccatis.</strong></span> 
     </span>
    </p>
   </div>
   <div class='ocr_carea' id='block_1_36' title="bbox 634 2206 2138 2274">
    <p class='ocr_par' dir='ltr' id='par_1_36' title="bbox 634 2206 2138 2274">
     <span class='ocr_line' id='line_1_36' title="bbox 634 2206 2138 2274; baseline -0.002 -14"><span class='ocrx_word' id='word_1_240' title='bbox 634 2216 660 2244; x_wconf 74' lang='grc' dir='ltr'><strong>ι</strong></span> <span class='ocrx_word' id='word_1_241' title='bbox 695 2206 747 2260; x_wconf 91' lang='lat' dir='ltr'><strong>Id</strong></span> <span class='ocrx_word' id='word_1_242' title='bbox 775 2219 876 2272; x_wconf 90' lang='lat' dir='ltr'><strong>est,</strong></span> <span class='ocrx_word' id='word_1_243' title='bbox 909 2210 1287 2265; x_wconf 79' lang='lat' dir='ltr'><strong>05tentatiouis</strong></span> <span class='ocrx_word' id='word_1_244' title='bbox 1309 2221 1360 2265; x_wconf 89' lang='lat' dir='ltr'><strong>et</strong></span> <span class='ocrx_word' id='word_1_245' title='bbox 1387 2209 1701 2265; x_wconf 72' lang='lat' dir='ltr'><strong>cenodoxiae</strong></span> <span class='ocrx_word' id='word_1_246' title='bbox 1728 2208 1879 2272; x_wconf 89' lang='lat' dir='ltr'><strong>vitio,</strong></span> <span class='ocrx_word' id='word_1_247' title='bbox 1905 2207 2045 2274; x_wconf 88' lang='lat' dir='ltr'><strong>quod</strong></span> <span class='ocrx_word' id='word_1_248' title='bbox 2074 2206 2138 2259; x_wconf 93' lang='lat' dir='ltr'><strong>D.</strong></span> 
     </span>
    </p>
   </div>
   <div class='ocr_carea' id='block_1_37' title="bbox 560 2277 2144 2349">
    <p class='ocr_par' dir='ltr' id='par_1_37' title="bbox 560 2277 2144 2349">
     <span class='ocr_line' id='line_1_37' title="bbox 560 2277 2144 2349; baseline -0.002 -17"><span class='ocrx_word' id='word_1_249' title='bbox 560 2277 869 2333; x_wconf 90' lang='lat' dir='ltr'><strong>Bernardus</strong></span> <span class='ocrx_word' id='word_1_250' title='bbox 899 2282 975 2333; x_wconf 86' lang='lat' dir='ltr'><strong>ait</strong></span> <span class='ocrx_word' id='word_1_251' title='bbox 1003 2280 1196 2346; x_wconf 86' lang='lat' dir='ltr'><strong>(Serm.</strong></span> <span class='ocrx_word' id='word_1_252' title='bbox 1229 2279 1296 2335; x_wconf 73' lang='grc'><strong>54</strong></span> <span class='ocrx_word' id='word_1_253' title='bbox 1322 2283 1374 2335; x_wconf 89' lang='lat' dir='ltr'><strong>in</strong></span> <span class='ocrx_word' id='word_1_254' title='bbox 1401 2279 1633 2349; x_wconf 81' lang='lat' dir='ltr'><strong>Cantica)</strong></span> <span class='ocrx_word' id='word_1_255' title='bbox 1663 2279 2023 2349; x_wconf 83' lang='lat' dir='ltr'><strong>signiﬁcatum</strong></span> <span class='ocrx_word' id='word_1_256' title='bbox 2051 2292 2144 2345; x_wconf 91' lang='lat' dir='ltr'><strong>per</strong></span> 
     </span>
    </p>
   </div>
   <div class='ocr_carea' id='block_1_38' title="bbox 561 2347 2145 2422">
    <p class='ocr_par' dir='ltr' id='par_1_38' title="bbox 561 2347 2145 2422">
     <span class='ocr_line' id='line_1_38' title="bbox 561 2347 2145 2422; baseline -0.001 -20"><span class='ocrx_word' id='word_1_257' title='bbox 561 2350 811 2422; x_wconf 74' lang='lat' dir='ltr'><strong>sagittam</strong></span> <span class='ocrx_word' id='word_1_258' title='bbox 841 2350 1105 2405; x_wconf 89' lang='lat' dir='ltr'><strong>volantem</strong></span> <span class='ocrx_word' id='word_1_259' title='bbox 1140 2351 1192 2404; x_wconf 90' lang='lat' dir='ltr'><strong>in</strong></span> <span class='ocrx_word' id='word_1_260' title='bbox 1226 2352 1349 2406; x_wconf 90' lang='lat' dir='ltr'><strong>die:</strong></span> <span class='ocrx_word' id='word_1_261' title='bbox 1379 2354 1424 2404; x_wconf 84' lang='lat' dir='ltr'><strong><em>A</em></strong></span> <span class='ocrx_word' id='word_1_262' title='bbox 1453 2347 1668 2422; x_wconf 81' lang='lat' dir='ltr'><strong>sagitta,</strong></span> <span class='ocrx_word' id='word_1_263' title='bbox 1704 2347 1891 2422; x_wconf 78' lang='lat' dir='ltr'><strong>inquit,</strong></span> <span class='ocrx_word' id='word_1_264' title='bbox 1941 2347 2145 2422; x_wconf 84' lang='lat' dir='ltr'><strong>volante</strong></span> 
     </span>
    </p>
   </div>
   <div class='ocr_carea' id='block_1_39' title="bbox 562 2419 2143 2492">
    <p class='ocr_par' dir='ltr' id='par_1_39' title="bbox 562 2419 2143 2492">
     <span class='ocr_line' id='line_1_39' title="bbox 562 2419 2143 2492; baseline -0.001 -22"><span class='ocrx_word' id='word_1_265' title='bbox 562 2419 743 2492; x_wconf 78' lang='lat' dir='ltr'><strong>indie,</strong></span> <span class='ocrx_word' id='word_1_266' title='bbox 776 2436 890 2488; x_wconf 75' lang='lat' dir='ltr'><strong>qua:</strong></span> <span class='ocrx_word' id='word_1_267' title='bbox 919 2430 991 2474; x_wconf 88' lang='lat' dir='ltr'><strong>est</strong></span> <span class='ocrx_word' id='word_1_268' title='bbox 1019 2422 1189 2475; x_wconf 85' lang='lat' dir='ltr'><strong>inanis</strong></span> <span class='ocrx_word' id='word_1_269' title='bbox 1217 2422 1382 2492; x_wconf 86' lang='lat' dir='ltr'><strong>gloria</strong></span> <span class='ocrx_word' id='word_1_270' title='bbox 1411 2437 1429 2475; x_wconf 91' lang='lat'><strong><em>:</em></strong></span> <span class='ocrx_word' id='word_1_271' title='bbox 1462 2419 1602 2491; x_wconf 75' lang='lat' dir='ltr'><strong>fama</strong></span> <span class='ocrx_word' id='word_1_272' title='bbox 1617 2420 1879 2492; x_wconf 60' lang='lat' dir='ltr'><strong>siquidem</strong></span> <span class='ocrx_word' id='word_1_273' title='bbox 1904 2419 2063 2492; x_wconf 83' lang='lat' dir='ltr'><strong>volat,</strong></span> <span class='ocrx_word' id='word_1_274' title='bbox 2096 2427 2143 2492; x_wconf 85' lang='lat' dir='ltr'><strong>et</strong></span> 
     </span>
    </p>
   </div>
   <div class='ocr_carea' id='block_1_40' title="bbox 566 2489 2144 2556">
    <p class='ocr_par' dir='ltr' id='par_1_40' title="bbox 566 2489 2144 2556">
     <span class='ocr_line' id='line_1_40' title="bbox 566 2489 2144 2556; baseline 0.001 -16"><span class='ocrx_word' id='word_1_275' title='bbox 566 2490 681 2542; x_wconf 87' lang='lat' dir='ltr'><strong>ideo</strong></span> <span class='ocrx_word' id='word_1_276' title='bbox 715 2492 768 2541; x_wconf 90' lang='lat' dir='ltr'><strong>in</strong></span> <span class='ocrx_word' id='word_1_277' title='bbox 798 2491 901 2555; x_wconf 87' lang='lat' dir='ltr'><strong>die,</strong></span> <span class='ocrx_word' id='word_1_278' title='bbox 935 2492 1057 2556; x_wconf 90' lang='lat' dir='ltr'><strong>quia</strong></span> <span class='ocrx_word' id='word_1_279' title='bbox 1085 2507 1148 2544; x_wconf 75' lang='lat' dir='ltr'><strong>ex</strong></span> <span class='ocrx_word' id='word_1_280' title='bbox 1173 2489 1407 2555; x_wconf 79' lang='lat' dir='ltr'><strong>operibus</strong></span> <span class='ocrx_word' id='word_1_281' title='bbox 1437 2489 1586 2544; x_wconf 82' lang='lat' dir='ltr'><strong>lucis.</strong></span> <span class='ocrx_word' id='word_1_282' title='bbox 1617 2491 1693 2544; x_wconf 89' lang='lat' dir='ltr'><strong>Ita</strong></span> <span class='ocrx_word' id='word_1_283' title='bbox 1727 2489 2032 2546; x_wconf 85' lang='lat' dir='ltr'><strong>Bernardus</strong></span> <span class='ocrx_word' id='word_1_284' title='bbox 2063 2489 2144 2542; x_wconf 86' lang='lat' dir='ltr'><strong>al-</strong></span> 
     </span>
    </p>
   </div>
   <div class='ocr_carea' id='block_1_41' title="bbox 562 2559 1674 2632">
    <p class='ocr_par' dir='ltr' id='par_1_41' title="bbox 562 2559 1674 2632">
     <span class='ocr_line' id='line_1_41' title="bbox 562 2559 1674 2632; baseline 0.004 -21"><span class='ocrx_word' id='word_1_285' title='bbox 562 2559 775 2623; x_wconf 75' lang='lat' dir='ltr'><strong>lude‘ns,</strong></span> <span class='ocrx_word' id='word_1_286' title='bbox 801 2560 1011 2628; x_wconf 87' lang='lat' dir='ltr'><strong>opinor,</strong></span> <span class='ocrx_word' id='word_1_287' title='bbox 1039 2562 1104 2615; x_wconf 91' lang='lat' dir='ltr'><strong>ad</strong></span> <span class='ocrx_word' id='word_1_288' title='bbox 1134 2562 1264 2616; x_wconf 90' lang='lat' dir='ltr'><strong>illud</strong></span> <span class='ocrx_word' id='word_1_289' title='bbox 1286 2561 1634 2632; x_wconf 81' lang='lat' dir='ltr'><strong>Virgilianum</strong></span> <span class='ocrx_word' id='word_1_290' title='bbox 1661 2579 1674 2616; x_wconf 91' lang='lat'><strong>:</strong></span> 
     </span>
    </p>
   </div>
   <div class='ocr_carea' id='block_1_42' title="bbox 655 2701 1814 2769">
    <p class='ocr_par' dir='ltr' id='par_1_42' title="bbox 655 2701 1814 2769">
     <span class='ocr_line' id='line_1_42' title="bbox 655 2701 1814 2769; baseline 0.003 -18"><span class='ocrx_word' id='word_1_291' title='bbox 655 2701 804 2753; x_wconf 84' lang='lat' dir='ltr'><strong>Fama</strong></span> <span class='ocrx_word' id='word_1_292' title='bbox 829 2706 1012 2767; x_wconf 84' lang='lat' dir='ltr'><strong>volans,</strong></span> <span class='ocrx_word' id='word_1_293' title='bbox 1036 2719 1129 2769; x_wconf 88' lang='lat' dir='ltr'><strong>qua</strong></span> <span class='ocrx_word' id='word_1_294' title='bbox 1151 2719 1247 2756; x_wconf 92' lang='lat' dir='ltr'><strong>non</strong></span> <span class='ocrx_word' id='word_1_295' title='bbox 1265 2707 1395 2756; x_wconf 90' lang='lat' dir='ltr'><strong>aliud</strong></span> <span class='ocrx_word' id='word_1_296' title='bbox 1419 2707 1640 2757; x_wconf 83' lang='lat' dir='ltr'><strong>velocius</strong></span> <span class='ocrx_word' id='word_1_297' title='bbox 1661 2705 1814 2757; x_wconf 89' lang='lat' dir='ltr'><strong>ullum</strong></span> 
     </span>
    </p>
   </div>
   <div class='ocr_carea' id='block_1_43' title="bbox 567 2830 2147 2900">
    <p class='ocr_par' dir='ltr' id='par_1_43' title="bbox 567 2830 2147 2900">
     <span class='ocr_line' id='line_1_43' title="bbox 567 2830 2147 2900; baseline -0.001 -14"><span class='ocrx_word' id='word_1_298' title='bbox 567 2830 848 2900; x_wconf 85' lang='lat' dir='ltr'><strong>Quodnam</strong></span> <span class='ocrx_word' id='word_1_299' title='bbox 887 2848 1019 2888; x_wconf 87' lang='lat' dir='ltr'><strong>vero</strong></span> <span class='ocrx_word' id='word_1_300' title='bbox 1054 2834 1220 2890; x_wconf 83' lang='lat' dir='ltr'><strong>fuerit</strong></span> <span class='ocrx_word' id='word_1_301' title='bbox 1254 2835 1381 2890; x_wconf 92' lang='lat' dir='ltr'><strong>illud</strong></span> <span class='ocrx_word' id='word_1_302' title='bbox 1413 2835 1659 2890; x_wconf 85' lang='lat' dir='ltr'><strong>elationis</strong></span> <span class='ocrx_word' id='word_1_303' title='bbox 1703 2848 1798 2889; x_wconf 91' lang='lat' dir='ltr'><strong>seu</strong></span> <span class='ocrx_word' id='word_1_304' title='bbox 1830 2830 2147 2887; x_wconf 90' lang='lat' dir='ltr'><strong>ostentatio-</strong></span> 
     </span>
    </p>
   </div>
   <div class='ocr_carea' id='block_1_44' title="bbox 564 2902 2146 2977">
    <p class='ocr_par' dir='ltr' id='par_1_44' title="bbox 564 2902 2146 2977">
     <span class='ocr_line' id='line_1_44' title="bbox 564 2902 2146 2977; baseline -0.001 -20"><span class='ocrx_word' id='word_1_305' title='bbox 564 2905 650 2957; x_wconf 89' lang='lat' dir='ltr'><strong>nis</strong></span> <span class='ocrx_word' id='word_1_306' title='bbox 687 2905 957 2977; x_wconf 81' lang='lat' dir='ltr'><strong>specimen</strong></span> <span class='ocrx_word' id='word_1_307' title='bbox 999 2906 1056 2977; x_wconf 77' lang='lat' dir='ltr'><strong>in</strong></span> <span class='ocrx_word' id='word_1_308' title='bbox 1105 2905 1355 2972; x_wconf 80' lang='lat' dir='ltr'><strong>Ezechia,</strong></span> <span class='ocrx_word' id='word_1_309' title='bbox 1399 2907 1542 2977; x_wconf 88' lang='lat' dir='ltr'><strong>quod</strong></span> <span class='ocrx_word' id='word_1_310' title='bbox 1585 2906 1672 2960; x_wconf 89' lang='lat' dir='ltr'><strong>hic</strong></span> <span class='ocrx_word' id='word_1_311' title='bbox 1718 2907 1921 2959; x_wconf 81' lang='lat' dir='ltr'><strong>Auctor</strong></span> <span class='ocrx_word' id='word_1_312' title='bbox 1946 2902 2146 2977; x_wconf 79' lang='lat' dir='ltr'><strong>cursim</strong></span> 
     </span>
    </p>
   </div>
   <div class='ocr_carea' id='block_1_45' title="bbox 570 2974 2150 3046">
    <p class='ocr_par' dir='ltr' id='par_1_45' title="bbox 570 2974 2150 3046">
     <span class='ocr_line' id='line_1_45' title="bbox 570 2974 2150 3046; baseline -0.002 -19"><span class='ocrx_word' id='word_1_313' title='bbox 570 2974 861 3046; x_wconf 65' lang='lat' dir='ltr'><strong>praeteriit,</strong></span> <span class='ocrx_word' id='word_1_314' title='bbox 892 2978 956 3033; x_wconf 85' lang='grc' dir='ltr'><strong>Ι).</strong></span> <span class='ocrx_word' id='word_1_315' title='bbox 985 2975 1275 3046; x_wconf 77' lang='lat' dir='ltr'><strong>Gregorius</strong></span> <span class='ocrx_word' id='word_1_316' title='bbox 1319 2974 1431 3031; x_wconf 73' lang='lat' dir='ltr'><strong>hoc</strong></span> <span class='ocrx_word' id='word_1_317' title='bbox 1460 2976 1600 3031; x_wconf 87' lang='lat' dir='ltr'><strong>idem</strong></span> <span class='ocrx_word' id='word_1_318' title='bbox 1631 2984 2006 3046; x_wconf 77' lang='lat' dir='ltr'><strong>argumentum</strong></span> <span class='ocrx_word' id='word_1_319' title='bbox 2039 2974 2150 3046; x_wconf 82' lang='lat' dir='ltr'><strong>tra-</strong></span> 
     </span>
    </p>
   </div>
   <div class='ocr_carea' id='block_1_46' title="bbox 2235 1282 3800 1355">
    <p class='ocr_par' dir='ltr' id='par_1_46' title="bbox 2235 1282 3800 1355">
     <span class='ocr_line' id='line_1_46' title="bbox 2235 1282 3800 1355; baseline -0.003 -17"><span class='ocrx_word' id='word_1_320' title='bbox 2235 1301 2343 1338; x_wconf 87' lang='lat' dir='ltr'><strong>mas</strong></span> <span class='ocrx_word' id='word_1_321' title='bbox 2364 1293 2436 1337; x_wconf 89' lang='lat' dir='ltr'><strong>est</strong></span> <span class='ocrx_word' id='word_1_322' title='bbox 2458 1285 2560 1337; x_wconf 80' lang='lat' dir='ltr'><strong>vita</strong></span> <span class='ocrx_word' id='word_1_323' title='bbox 2589 1284 2788 1337; x_wconf 86' lang='lat' dir='ltr'><strong>addita.</strong></span> <span class='ocrx_word' id='word_1_324' title='bbox 2820 1282 2927 1338; x_wconf 90' lang='lat' dir='ltr'><strong>Sed</strong></span> <span class='ocrx_word' id='word_1_325' title='bbox 2954 1299 3046 1352; x_wconf 91' lang='lat' dir='ltr'><strong>per</strong></span> <span class='ocrx_word' id='word_1_326' title='bbox 3068 1284 3368 1355; x_wconf 82' lang='lat' dir='ltr'><strong>praphetam</strong></span> <span class='ocrx_word' id='word_1_327' title='bbox 3395 1282 3640 1337; x_wconf 75' lang='lat' dir='ltr'><strong>Dominus</strong></span> <span class='ocrx_word' id='word_1_328' title='bbox 3663 1283 3800 1349; x_wconf 66' lang='lat' dir='ltr'><strong>dixit,</strong></span> 
     </span>
    </p>
   </div>
   <div class='ocr_carea' id='block_1_47' title="bbox 2239 1353 3801 1425">
    <p class='ocr_par' dir='ltr' id='par_1_47' title="bbox 2239 1353 3801 1425">
     <span class='ocr_line' id='line_1_47' title="bbox 2239 1353 3801 1425; baseline -0.003 -17"><span class='ocrx_word' id='word_1_329' title='bbox 2239 1371 2342 1423; x_wconf 89' lang='lat' dir='ltr'><strong>quo</strong></span> <span class='ocrx_word' id='word_1_330' title='bbox 2372 1364 2593 1421; x_wconf 86' lang='lat' dir='ltr'><strong>tempore</strong></span> <span class='ocrx_word' id='word_1_331' title='bbox 2621 1356 2754 1425; x_wconf 88' lang='lat' dir='ltr'><strong>mori</strong></span> <span class='ocrx_word' id='word_1_332' title='bbox 2779 1355 2888 1422; x_wconf 87' lang='lat' dir='ltr'><strong>ipse</strong></span> <span class='ocrx_word' id='word_1_333' title='bbox 2921 1353 3211 1422; x_wconf 69' lang='lat' dir='ltr'><strong>merebatur</strong></span> <span class='ocrx_word' id='word_1_334' title='bbox 3237 1371 3255 1408; x_wconf 91' lang='lat'><strong><em>:</em></strong></span> <span class='ocrx_word' id='word_1_335' title='bbox 3289 1372 3377 1422; x_wconf 91' lang='lat' dir='ltr'><strong>per</strong></span> <span class='ocrx_word' id='word_1_336' title='bbox 3398 1355 3672 1425; x_wconf 81' lang='lat' dir='ltr'><strong>largitatem</strong></span> <span class='ocrx_word' id='word_1_337' title='bbox 3694 1368 3801 1425; x_wconf 74' lang='lat' dir='ltr'><strong>vero</strong></span> 
     </span>
    </p>
   </div>
   <div class='ocr_carea' id='block_1_48' title="bbox 2239 1423 3805 1496">
    <p class='ocr_par' dir='ltr' id='par_1_48' title="bbox 2239 1423 3805 1496">
     <span class='ocr_line' id='line_1_48' title="bbox 2239 1423 3805 1496; baseline -0.002 -18"><span class='ocrx_word' id='word_1_338' title='bbox 2239 1426 2605 1478; x_wconf 77' lang='lat' dir='ltr'><strong>misericordia:</strong></span> <span class='ocrx_word' id='word_1_339' title='bbox 2623 1423 2717 1478; x_wconf 91' lang='lat' dir='ltr'><strong>illo</strong></span> <span class='ocrx_word' id='word_1_340' title='bbox 2737 1441 2853 1477; x_wconf 90' lang='lat' dir='ltr'><strong>eum</strong></span> <span class='ocrx_word' id='word_1_341' title='bbox 2876 1435 3102 1496; x_wconf 77' lang='lat' dir='ltr'><strong>tempore</strong></span> <span class='ocrx_word' id='word_1_342' title='bbox 3121 1425 3189 1477; x_wconf 88' lang='lat' dir='ltr'><strong>ad</strong></span> <span class='ocrx_word' id='word_1_343' title='bbox 3210 1437 3424 1478; x_wconf 89' lang='lat' dir='ltr'><strong>mortem</strong></span> <span class='ocrx_word' id='word_1_344' title='bbox 3447 1423 3660 1485; x_wconf 81' lang='lat' dir='ltr'><strong>distulit,</strong></span> <span class='ocrx_word' id='word_1_345' title='bbox 3679 1423 3805 1492; x_wconf 84' lang='lat' dir='ltr'><strong>quod</strong></span> 
     </span>
    </p>
   </div>
   <div class='ocr_carea' id='block_1_49' title="bbox 2237 1494 3802 1566">
    <p class='ocr_par' dir='ltr' id='par_1_49' title="bbox 2237 1494 3802 1566">
     <span class='ocr_line' id='line_1_49' title="bbox 2237 1494 3802 1566; baseline -0.001 -19"><span class='ocrx_word' id='word_1_346' title='bbox 2237 1507 2354 1550; x_wconf 87' lang='lat' dir='ltr'><strong>ante</strong></span> <span class='ocrx_word' id='word_1_347' title='bbox 2380 1497 2568 1548; x_wconf 73' lang='lat' dir='ltr'><strong>swcula</strong></span> <span class='ocrx_word' id='word_1_348' title='bbox 2597 1497 2705 1566; x_wconf 86' lang='lat' dir='ltr'><strong>ipse</strong></span> <span class='ocrx_word' id='word_1_349' title='bbox 2729 1494 3003 1564; x_wconf 76' lang='lat' dir='ltr'><strong>prtescivit.</strong></span> <span class='ocrx_word' id='word_1_350' title='bbox 3039 1494 3150 1548; x_wconf 88' lang='lat' dir='ltr'><strong>Nec</strong></span> <span class='ocrx_word' id='word_1_351' title='bbox 3173 1496 3424 1564; x_wconf 78' lang='lat' dir='ltr'><strong>prapheta</strong></span> <span class='ocrx_word' id='word_1_352' title='bbox 3448 1496 3601 1565; x_wconf 86' lang='lat' dir='ltr'><strong>igitur</strong></span> <span class='ocrx_word' id='word_1_353' title='bbox 3630 1496 3802 1566; x_wconf 76' lang='lat' dir='ltr'><strong>fallax,</strong></span> 
     </span>
    </p>
   </div>
   <div class='ocr_carea' id='block_1_50' title="bbox 2239 1565 3807 1636">
    <p class='ocr_par' dir='ltr' id='par_1_50' title="bbox 2239 1565 3807 1636">
     <span class='ocr_line' id='line_1_50' title="bbox 2239 1565 3807 1636; baseline 0 -19"><span class='ocrx_word' id='word_1_354' title='bbox 2239 1567 2360 1634; x_wconf 84' lang='lat' dir='ltr'><strong>quia</strong></span> <span class='ocrx_word' id='word_1_355' title='bbox 2393 1576 2588 1636; x_wconf 86' lang='lat' dir='ltr'><strong>tempus</strong></span> <span class='ocrx_word' id='word_1_356' title='bbox 2619 1565 2798 1618; x_wconf 86' lang='lat' dir='ltr'><strong>mortis</strong></span> <span class='ocrx_word' id='word_1_357' title='bbox 2823 1567 3070 1631; x_wconf 80' lang='lat' dir='ltr'><strong>innotuit,</strong></span> <span class='ocrx_word' id='word_1_358' title='bbox 3103 1583 3202 1634; x_wconf 90' lang='lat' dir='ltr'><strong>quo</strong></span> <span class='ocrx_word' id='word_1_359' title='bbox 3228 1567 3308 1619; x_wconf 80' lang='lat' dir='ltr'><strong>vir</strong></span> <span class='ocrx_word' id='word_1_360' title='bbox 3331 1568 3420 1619; x_wconf 88' lang='lat' dir='ltr'><strong>ille</strong></span> <span class='ocrx_word' id='word_1_361' title='bbox 3447 1567 3574 1619; x_wconf 88' lang='lat' dir='ltr'><strong>mori</strong></span> <span class='ocrx_word' id='word_1_362' title='bbox 3600 1565 3807 1618; x_wconf 79' lang='lat' dir='ltr'><strong>mereba-</strong></span> 
     </span>
    </p>
   </div>
   <div class='ocr_carea' id='block_1_51' title="bbox 2213 1635 3806 1706">
    <p class='ocr_par' dir='ltr' id='par_1_51' title="bbox 2213 1635 3806 1706">
     <span class='ocr_line' id='line_1_51' title="bbox 2213 1635 3806 1706; baseline -0.001 -18"><span class='ocrx_word' id='word_1_363' title='bbox 2213 1645 2322 1690; x_wconf 60' lang='lat' dir='ltr'><strong>.tur</strong></span> <span class='ocrx_word' id='word_1_364' title='bbox 2341 1652 2358 1690; x_wconf 92' lang='lat'><strong><em>:</em></strong></span> <span class='ocrx_word' id='word_1_365' title='bbox 2377 1652 2467 1689; x_wconf 88' lang='lat' dir='ltr'><strong>nec</strong></span> <span class='ocrx_word' id='word_1_366' title='bbox 2487 1635 2761 1690; x_wconf 85' lang='lat' dir='ltr'><strong>Dominica</strong></span> <span class='ocrx_word' id='word_1_367' title='bbox 2780 1647 2974 1690; x_wconf 87' lang='lat' dir='ltr'><strong>statuta</strong></span> <span class='ocrx_word' id='word_1_368' title='bbox 2991 1638 3234 1690; x_wconf 73' lang='lat' dir='ltr'><strong>con-vulsa</strong></span> <span class='ocrx_word' id='word_1_369' title='bbox 3256 1647 3396 1703; x_wconf 86' lang='lat' dir='ltr'><strong>sunt,</strong></span> <span class='ocrx_word' id='word_1_370' title='bbox 3418 1639 3542 1706; x_wconf 83' lang='lat' dir='ltr'><strong>quia</strong></span> <span class='ocrx_word' id='word_1_371' title='bbox 3563 1646 3612 1688; x_wconf 88' lang='lat' dir='ltr'><strong>ut</strong></span> <span class='ocrx_word' id='word_1_372' title='bbox 3631 1652 3686 1689; x_wconf 74' lang='lat' dir='ltr'><strong>ex</strong></span> <span class='ocrx_word' id='word_1_373' title='bbox 3707 1637 3806 1687; x_wconf 86' lang='lat' dir='ltr'><strong>lar-</strong></span> 
     </span>
    </p>
   </div>
   <div class='ocr_carea' id='block_1_52' title="bbox 2239 1706 3806 1778">
    <p class='ocr_par' dir='ltr' id='par_1_52' title="bbox 2239 1706 3806 1778">
     <span class='ocr_line' id='line_1_52' title="bbox 2239 1706 3806 1778; baseline -0.001 -19"><span class='ocrx_word' id='word_1_374' title='bbox 2239 1709 2398 1778; x_wconf 89' lang='lat' dir='ltr'><strong>gitate</strong></span> <span class='ocrx_word' id='word_1_375' title='bbox 2426 1707 2521 1760; x_wconf 89' lang='lat' dir='ltr'><strong>Dei</strong></span> <span class='ocrx_word' id='word_1_376' title='bbox 2544 1707 2666 1760; x_wconf 87' lang='lat' dir='ltr'><strong>anni</strong></span> <span class='ocrx_word' id='word_1_377' title='bbox 2691 1710 2806 1760; x_wconf 72' lang='lat' dir='ltr'><strong>uiue</strong></span> <span class='ocrx_word' id='word_1_378' title='bbox 2828 1717 3132 1772; x_wconf 78' lang='lat' dir='ltr'><strong>crescerent,</strong></span> <span class='ocrx_word' id='word_1_379' title='bbox 3161 1707 3256 1761; x_wconf 82' lang='lat' dir='ltr'><strong>hoc</strong></span> <span class='ocrx_word' id='word_1_380' title='bbox 3276 1724 3476 1777; x_wconf 89' lang='lat' dir='ltr'><strong>quoque</strong></span> <span class='ocrx_word' id='word_1_381' title='bbox 3500 1717 3614 1759; x_wconf 85' lang='lat' dir='ltr'><strong>ante</strong></span> <span class='ocrx_word' id='word_1_382' title='bbox 3634 1706 3806 1778; x_wconf 63' lang='lat' dir='ltr'><strong>sucula</strong></span> 
     </span>
    </p>
   </div>
   <div class='ocr_carea' id='block_1_53' title="bbox 2242 1777 3806 1848">
    <p class='ocr_par' dir='ltr' id='par_1_53' title="bbox 2242 1777 3806 1848">
     <span class='ocr_line' id='line_1_53' title="bbox 2242 1777 3806 1848; baseline -0.002 -18"><span class='ocrx_word' id='word_1_383' title='bbox 2242 1777 2507 1848; x_wconf 73' lang='lat' dir='ltr'><strong>prie/iamut</strong></span> <span class='ocrx_word' id='word_1_384' title='bbox 2533 1778 2654 1846; x_wconf 82' lang='lat' dir='ltr'><strong>fuit,</strong></span> <span class='ocrx_word' id='word_1_385' title='bbox 2683 1785 2836 1843; x_wconf 81' lang='lat' dir='ltr'><strong>atque</strong></span> <span class='ocrx_word' id='word_1_386' title='bbox 2865 1781 3091 1848; x_wconf 90' lang='lat' dir='ltr'><strong>spatium</strong></span> <span class='ocrx_word' id='word_1_387' title='bbox 3115 1778 3229 1831; x_wconf 68' lang='lat' dir='ltr'><strong>vita:</strong></span> <span class='ocrx_word' id='word_1_388' title='bbox 3248 1781 3383 1844; x_wconf 84' lang='lat' dir='ltr'><strong>quod</strong></span> <span class='ocrx_word' id='word_1_389' title='bbox 3409 1779 3664 1844; x_wconf 84' lang='lat' dir='ltr'><strong>inopinate</strong></span> <span class='ocrx_word' id='word_1_390' title='bbox 3687 1777 3806 1846; x_wconf 79' lang='lat' dir='ltr'><strong>foris</strong></span> 
     </span>
    </p>
   </div>
   <div class='ocr_carea' id='block_1_54' title="bbox 2242 1849 3807 1916">
    <p class='ocr_par' dir='ltr' id='par_1_54' title="bbox 2242 1849 3807 1916">
     <span class='ocr_line' id='line_1_54' title="bbox 2242 1849 3807 1916; baseline -0.001 -15"><span class='ocrx_word' id='word_1_391' title='bbox 2242 1859 2312 1901; x_wconf 84' lang='lat' dir='ltr'><strong>est</strong></span> <span class='ocrx_word' id='word_1_392' title='bbox 2353 1849 2612 1912; x_wconf 86' lang='lat' dir='ltr'><strong>additum,</strong></span> <span class='ocrx_word' id='word_1_393' title='bbox 2655 1851 2766 1902; x_wconf 88' lang='lat' dir='ltr'><strong>sine</strong></span> <span class='ocrx_word' id='word_1_394' title='bbox 2801 1858 3075 1916; x_wconf 89' lang='lat' dir='ltr'><strong>augmento</strong></span> <span class='ocrx_word' id='word_1_395' title='bbox 3109 1849 3162 1901; x_wconf 88' lang='lat' dir='ltr'><strong>in</strong></span> <span class='ocrx_word' id='word_1_396' title='bbox 3201 1850 3525 1912; x_wconf 75' lang='lat' dir='ltr'><strong>prwscientia</strong></span> <span class='ocrx_word' id='word_1_397' title='bbox 3563 1849 3654 1916; x_wconf 82' lang='lat' dir='ltr'><strong>fuit</strong></span> <span class='ocrx_word' id='word_1_398' title='bbox 3681 1850 3807 1916; x_wconf 81' lang='lat' dir='ltr'><strong>intus</strong></span> 
     </span>
    </p>
   </div>
   <div class='ocr_carea' id='block_1_55' title="bbox 2240 1908 3803 1990">
    <p class='ocr_par' dir='ltr' id='par_1_55' title="bbox 2240 1908 3803 1990">
     <span class='ocr_line' id='line_1_55' title="bbox 2240 1908 3803 1990; baseline 0 -17"><span class='ocrx_word' id='word_1_399' title='bbox 2240 1928 2511 1990; x_wconf 75' lang='lat' dir='ltr'><strong>statutum.</strong></span> <span class='ocrx_word' id='word_1_400' title='bbox 2543 1908 2810 1973; x_wconf 82' lang='lat' dir='ltr'><strong>Hactenus</strong></span> <span class='ocrx_word' id='word_1_401' title='bbox 2852 1908 3154 1990; x_wconf 59' lang='lat' dir='ltr'><strong>Gregorius</strong></span> <span class='ocrx_word' id='word_1_402' title='bbox 3179 1908 3315 1990; x_wconf 38' lang='lat' dir='ltr'><strong>(&#39;Lib.</strong></span> <span class='ocrx_word' id='word_1_403' title='bbox 3348 1935 3421 1973; x_wconf 85' lang='lat' dir='ltr'><strong>xu</strong></span> <span class='ocrx_word' id='word_1_404' title='bbox 3455 1908 3638 1971; x_wconf 78' lang='lat' dir='ltr'><strong>Horat.</strong></span> <span class='ocrx_word' id='word_1_405' title='bbox 3665 1934 3709 1969; x_wconf 94' lang='lat' dir='ltr'><strong>c.</strong></span> 
     </span>
    </p>
   </div>
   <div class='ocr_carea' id='block_1_56' title="bbox 2313 1986 3806 2058">
    <p class='ocr_par' dir='ltr' id='par_1_56' title="bbox 2313 1986 3806 2058">
     <span class='ocr_line' id='line_1_56' title="bbox 2313 1986 3806 2058; baseline -0.002 -17"><span class='ocrx_word' id='word_1_406' title='bbox 2313 1986 2340 2025; x_wconf 75' lang='grc' dir='ltr'><strong>ἀ</strong></span> <span class='ocrx_word' id='word_1_407' title='bbox 2373 1990 2432 2041; x_wconf 72' lang='grc' dir='ltr'><strong>ιν</strong></span> <span class='ocrx_word' id='word_1_408' title='bbox 2469 1988 2672 2058; x_wconf 76' lang='lat' dir='ltr'><strong>Regum</strong></span> <span class='ocrx_word' id='word_1_409' title='bbox 2712 2005 2780 2042; x_wconf 73' lang='lat' dir='ltr'><strong>xx</strong></span> <span class='ocrx_word' id='word_1_410' title='bbox 2814 2006 2826 2044; x_wconf 90' lang='lat'>:</span> <span class='ocrx_word' id='word_1_411' title='bbox 2865 1986 3090 2042; x_wconf 76' lang='lat' dir='ltr'><strong>Reduxit</strong></span> <span class='ocrx_word' id='word_1_412' title='bbox 3120 1986 3377 2042; x_wconf 82' lang='lat' dir='ltr'><strong>Dominus</strong></span> <span class='ocrx_word' id='word_1_413' title='bbox 3408 1991 3608 2042; x_wconf 86' lang='lat' dir='ltr'><strong>umbras</strong></span> <span class='ocrx_word' id='word_1_414' title='bbox 3637 2004 3717 2055; x_wconf 89' lang='lat' dir='ltr'><strong>per</strong></span> <span class='ocrx_word' id='word_1_415' title='bbox 3742 1987 3806 2038; x_wconf 88' lang='lat' dir='ltr'><strong>li-</strong></span> 
     </span>
    </p>
   </div>
   <div class='ocr_carea' id='block_1_57' title="bbox 2245 2059 3809 2132">
    <p class='ocr_par' dir='ltr' id='par_1_57' title="bbox 2245 2059 3809 2132">
     <span class='ocr_line' id='line_1_57' title="bbox 2245 2059 3809 2132; baseline -0.002 -19"><span class='ocrx_word' id='word_1_416' title='bbox 2245 2076 2365 2113; x_wconf 84' lang='lat' dir='ltr'><strong>neas</strong></span> <span class='ocrx_word' id='word_1_417' title='bbox 2394 2060 2574 2132; x_wconf 87' lang='lat' dir='ltr'><strong>quibus</strong></span> <span class='ocrx_word' id='word_1_418' title='bbox 2597 2063 2712 2132; x_wconf 85' lang='lat' dir='ltr'><strong>jam</strong></span> <span class='ocrx_word' id='word_1_419' title='bbox 2752 2060 3082 2132; x_wconf 81' lang='lat' dir='ltr'><strong>descenderat</strong></span> <span class='ocrx_word' id='word_1_420' title='bbox 3108 2061 3171 2132; x_wconf 74' lang='lat' dir='ltr'><strong>in</strong></span> <span class='ocrx_word' id='word_1_421' title='bbox 3195 2059 3482 2132; x_wconf 15' lang='lat' dir='ltr'><strong>rhorologio</strong></span> <span class='ocrx_word' id='word_1_422' title='bbox 3511 2061 3671 2132; x_wconf 51' lang='lat' dir='ltr'><strong>Aelia:</strong></span> <span class='ocrx_word' id='word_1_423' title='bbox 3690 2099 3703 2124; x_wconf 88' lang='lat'><strong>,</strong></span> <span class='ocrx_word' id='word_1_424' title='bbox 3735 2073 3809 2110; x_wconf 85' lang='lat' dir='ltr'><strong>re-</strong></span> 
     </span>
    </p>
   </div>
   <div class='ocr_carea' id='block_1_58' title="bbox 2245 2129 3807 2199">
    <p class='ocr_par' dir='ltr' id='par_1_58' title="bbox 2245 2129 3807 2199">
     <span class='ocr_line' id='line_1_58' title="bbox 2245 2129 3807 2199; baseline -0.002 -16"><span class='ocrx_word' id='word_1_425' title='bbox 2245 2139 2466 2184; x_wconf 87' lang='lat' dir='ltr'><strong>trorsum</strong></span> <span class='ocrx_word' id='word_1_426' title='bbox 2497 2129 2667 2184; x_wconf 81' lang='lat' dir='ltr'><strong>decem</strong></span> <span class='ocrx_word' id='word_1_427' title='bbox 2697 2131 2960 2199; x_wconf 85' lang='lat' dir='ltr'><strong>gradibus.</strong></span> <span class='ocrx_word' id='word_1_428' title='bbox 2997 2131 3062 2184; x_wconf 82' lang='lat' dir='ltr'><strong>Et</strong></span> <span class='ocrx_word' id='word_1_429' title='bbox 3105 2131 3254 2183; x_wconf 58' lang='lat' dir='ltr'><strong>Laius</strong></span> <span class='ocrx_word' id='word_1_430' title='bbox 3294 2146 3498 2194; x_wconf 79' lang='lat' dir='ltr'><strong>xxxvut</strong></span> <span class='ocrx_word' id='word_1_431' title='bbox 3533 2146 3546 2182; x_wconf 92' lang='lat'>:</span> <span class='ocrx_word' id='word_1_432' title='bbox 3580 2129 3702 2182; x_wconf 82' lang='lat' dir='ltr'><strong>Ecce</strong></span> <span class='ocrx_word' id='word_1_433' title='bbox 3725 2144 3807 2198; x_wconf 88' lang='lat' dir='ltr'><strong>ego</strong></span> 
     </span>
    </p>
   </div>
   <div class='ocr_carea' id='block_1_59' title="bbox 2244 2200 3807 2268">
    <p class='ocr_par' dir='ltr' id='par_1_59' title="bbox 2244 2200 3807 2268">
     <span class='ocr_line' id='line_1_59' title="bbox 2244 2200 3807 2268; baseline -0.001 -15"><span class='ocrx_word' id='word_1_434' title='bbox 2244 2201 2427 2254; x_wconf 84' lang='lat' dir='ltr'><strong>reverti</strong></span> <span class='ocrx_word' id='word_1_435' title='bbox 2448 2201 2638 2267; x_wconf 74' lang='lat' dir='ltr'><strong>faciam</strong></span> <span class='ocrx_word' id='word_1_436' title='bbox 2664 2202 2893 2256; x_wconf 79' lang='lat' dir='ltr'><strong>umbram</strong></span> <span class='ocrx_word' id='word_1_437' title='bbox 2917 2201 3190 2264; x_wconf 84' lang='lat' dir='ltr'><strong>linearum,</strong></span> <span class='ocrx_word' id='word_1_438' title='bbox 3215 2216 3304 2268; x_wconf 87' lang='lat' dir='ltr'><strong>per</strong></span> <span class='ocrx_word' id='word_1_439' title='bbox 3328 2217 3456 2268; x_wconf 89' lang='lat' dir='ltr'><strong>quas</strong></span> <span class='ocrx_word' id='word_1_440' title='bbox 3481 2200 3807 2259; x_wconf 81' lang='lat' dir='ltr'><strong>descenderat,</strong></span> 
     </span>
    </p>
   </div>
   <div class='ocr_carea' id='block_1_60' title="bbox 2246 2269 3810 2341">
    <p class='ocr_par' dir='ltr' id='par_1_60' title="bbox 2246 2269 3810 2341">
     <span class='ocr_line' id='line_1_60' title="bbox 2246 2269 3810 2341; baseline 0 -19"><span class='ocrx_word' id='word_1_441' title='bbox 2246 2273 2300 2324; x_wconf 88' lang='lat' dir='ltr'><strong>iu</strong></span> <span class='ocrx_word' id='word_1_442' title='bbox 2324 2272 2585 2341; x_wconf 82' lang='lat' dir='ltr'><strong>horologia</strong></span> <span class='ocrx_word' id='word_1_443' title='bbox 2609 2273 2782 2325; x_wconf 78' lang='lat' dir='ltr'><strong>Aelius</strong></span> <span class='ocrx_word' id='word_1_444' title='bbox 2801 2273 2852 2324; x_wconf 88' lang='lat' dir='ltr'><strong>in</strong></span> <span class='ocrx_word' id='word_1_445' title='bbox 2874 2271 2979 2325; x_wconf 86' lang='lat' dir='ltr'><strong>sole</strong></span> <span class='ocrx_word' id='word_1_446' title='bbox 2999 2283 3249 2324; x_wconf 84' lang='lat' dir='ltr'><strong>retrosum</strong></span> <span class='ocrx_word' id='word_1_447' title='bbox 3270 2272 3444 2324; x_wconf 88' lang='lat' dir='ltr'><strong>decem</strong></span> <span class='ocrx_word' id='word_1_448' title='bbox 3462 2273 3637 2324; x_wconf 82' lang='lat' dir='ltr'><strong>lineas.</strong></span> <span class='ocrx_word' id='word_1_449' title='bbox 3660 2269 3720 2322; x_wconf 85' lang='lat' dir='ltr'><strong>Et</strong></span> <span class='ocrx_word' id='word_1_450' title='bbox 3739 2286 3810 2322; x_wconf 86' lang='lat' dir='ltr'><strong>re-</strong></span> 
     </span>
    </p>
   </div>
   <div class='ocr_carea' id='block_1_61' title="bbox 2245 2341 3806 2414">
    <p class='ocr_par' dir='ltr' id='par_1_61' title="bbox 2245 2341 3806 2414">
     <span class='ocr_line' id='line_1_61' title="bbox 2245 2341 3806 2414; baseline -0.003 -19"><span class='ocrx_word' id='word_1_451' title='bbox 2245 2357 2418 2414; x_wconf 66' lang='lat' dir='ltr'><strong>uersus</strong></span> <span class='ocrx_word' id='word_1_452' title='bbox 2441 2353 2512 2395; x_wconf 89' lang='lat' dir='ltr'><strong>est</strong></span> <span class='ocrx_word' id='word_1_453' title='bbox 2535 2342 2615 2396; x_wconf 84' lang='lat' dir='ltr'><strong>sol</strong></span> <span class='ocrx_word' id='word_1_454' title='bbox 2637 2344 2808 2398; x_wconf 89' lang='lat' dir='ltr'><strong>decem</strong></span> <span class='ocrx_word' id='word_1_455' title='bbox 2834 2343 2983 2396; x_wconf 85' lang='lat' dir='ltr'><strong>lineis</strong></span> <span class='ocrx_word' id='word_1_456' title='bbox 3005 2360 3093 2414; x_wconf 90' lang='lat' dir='ltr'><strong>per</strong></span> <span class='ocrx_word' id='word_1_457' title='bbox 3113 2343 3305 2412; x_wconf 86' lang='lat' dir='ltr'><strong>gradus</strong></span> <span class='ocrx_word' id='word_1_458' title='bbox 3325 2357 3456 2414; x_wconf 86' lang='lat' dir='ltr'><strong>quos</strong></span> <span class='ocrx_word' id='word_1_459' title='bbox 3475 2341 3806 2414; x_wconf 77' lang='lat' dir='ltr'><strong>descenderat.</strong></span> 
     </span>
    </p>
   </div>
   <div class='ocr_carea' id='block_1_62' title="bbox 2247 2411 3808 2483">
    <p class='ocr_par' dir='ltr' id='par_1_62' title="bbox 2247 2411 3808 2483">
     <span class='ocr_line' id='line_1_62' title="bbox 2247 2411 3808 2483; baseline -0.003 -15"><span class='ocrx_word' id='word_1_460' title='bbox 2247 2412 2379 2468; x_wconf 87' lang='lat' dir='ltr'><strong>Cum</strong></span> <span class='ocrx_word' id='word_1_461' title='bbox 2407 2414 2566 2483; x_wconf 86' lang='lat' dir='ltr'><strong>igitur</strong></span> <span class='ocrx_word' id='word_1_462' title='bbox 2591 2414 2659 2467; x_wconf 89' lang='lat' dir='ltr'><strong>de</strong></span> <span class='ocrx_word' id='word_1_463' title='bbox 2687 2416 2913 2468; x_wconf 84' lang='lat' dir='ltr'><strong>veritate</strong></span> <span class='ocrx_word' id='word_1_464' title='bbox 2937 2411 3096 2482; x_wconf 85' lang='lat' dir='ltr'><strong>hujus</strong></span> <span class='ocrx_word' id='word_1_465' title='bbox 3117 2411 3386 2473; x_wconf 81' lang='lat' dir='ltr'><strong>miracoli,</strong></span> <span class='ocrx_word' id='word_1_466' title='bbox 3418 2413 3548 2466; x_wconf 89' lang='lat' dir='ltr'><strong>solis</strong></span> <span class='ocrx_word' id='word_1_467' title='bbox 3576 2411 3808 2483; x_wconf 85' lang='lat' dir='ltr'><strong>nimirum</strong></span> 
     </span>
    </p>
   </div>
   <div class='ocr_carea' id='block_1_63' title="bbox 2248 2481 3812 2553">
    <p class='ocr_par' dir='ltr' id='par_1_63' title="bbox 2248 2481 3812 2553">
     <span class='ocr_line' id='line_1_63' title="bbox 2248 2481 3812 2553; baseline -0.001 -18"><span class='ocrx_word' id='word_1_468' title='bbox 2248 2481 2668 2553; x_wconf 80' lang='lat' dir='ltr'><strong>retrocessione,</strong></span> <span class='ocrx_word' id='word_1_469' title='bbox 2718 2499 2813 2538; x_wconf 91' lang='lat' dir='ltr'><strong>seu</strong></span> <span class='ocrx_word' id='word_1_470' title='bbox 2840 2484 3310 2551; x_wconf 80' lang='lat' dir='ltr'><strong>retrogradatione</strong></span> <span class='ocrx_word' id='word_1_471' title='bbox 3350 2483 3401 2536; x_wconf 93' lang='lat' dir='ltr'><strong>iu</strong></span> <span class='ocrx_word' id='word_1_472' title='bbox 3433 2481 3812 2553; x_wconf 80' lang='lat' dir='ltr'><strong>gratiamregis</strong></span> 
     </span>
    </p>
   </div>
   <div class='ocr_carea' id='block_1_64' title="bbox 2251 2552 3814 2614">
    <p class='ocr_par' dir='ltr' id='par_1_64' title="bbox 2251 2552 3814 2614">
     <span class='ocr_line' id='line_1_64' title="bbox 2251 2552 3814 2614; baseline -0.001 -8"><span class='ocrx_word' id='word_1_473' title='bbox 2251 2552 2500 2608; x_wconf 76' lang='lat' dir='ltr'><strong>Ezechize</strong></span> <span class='ocrx_word' id='word_1_474' title='bbox 2529 2555 2778 2609; x_wconf 80' lang='lat' dir='ltr'><strong>dubitare</strong></span> <span class='ocrx_word' id='word_1_475' title='bbox 2809 2569 2916 2608; x_wconf 91' lang='lat' dir='ltr'><strong>non</strong></span> <span class='ocrx_word' id='word_1_476' title='bbox 2947 2555 3132 2614; x_wconf 88' lang='lat' dir='ltr'><strong>liceat,</strong></span> <span class='ocrx_word' id='word_1_477' title='bbox 3163 2554 3229 2607; x_wconf 91' lang='lat' dir='ltr'><strong>de</strong></span> <span class='ocrx_word' id='word_1_478' title='bbox 3261 2554 3418 2606; x_wconf 91' lang='lat' dir='ltr'><strong>modo</strong></span> <span class='ocrx_word' id='word_1_479' title='bbox 3449 2552 3624 2608; x_wconf 84' lang='lat' dir='ltr'><strong>tamen</strong></span> <span class='ocrx_word' id='word_1_480' title='bbox 3651 2567 3708 2606; x_wconf 84' lang='lat' dir='ltr'><strong>ac</strong></span> <span class='ocrx_word' id='word_1_481' title='bbox 3738 2567 3814 2604; x_wconf 82' lang='lat' dir='ltr'><strong>ra-</strong></span> 
     </span>
    </p>
   </div>
   <div class='ocr_carea' id='block_1_65' title="bbox 2252 2622 3814 2694">
    <p class='ocr_par' dir='ltr' id='par_1_65' title="bbox 2252 2622 3814 2694">
     <span class='ocr_line' id='line_1_65' title="bbox 2252 2622 3814 2694; baseline -0.001 -18"><span class='ocrx_word' id='word_1_482' title='bbox 2252 2623 2398 2679; x_wconf 89' lang='lat' dir='ltr'><strong>tione</strong></span> <span class='ocrx_word' id='word_1_483' title='bbox 2416 2640 2518 2692; x_wconf 88' lang='lat' dir='ltr'><strong>qua</strong></span> <span class='ocrx_word' id='word_1_484' title='bbox 2540 2624 2589 2678; x_wconf 92' lang='lat' dir='ltr'><strong>id</strong></span> <span class='ocrx_word' id='word_1_485' title='bbox 2603 2625 3046 2694; x_wconf 84' lang='lat' dir='ltr'><strong>contigeritvarie</strong></span> <span class='ocrx_word' id='word_1_486' title='bbox 3063 2625 3301 2694; x_wconf 84' lang='lat' dir='ltr'><strong>sentiunt</strong></span> <span class='ocrx_word' id='word_1_487' title='bbox 3320 2624 3658 2693; x_wconf 89' lang='lat' dir='ltr'><strong>interpretes.</strong></span> <span class='ocrx_word' id='word_1_488' title='bbox 3683 2622 3814 2676; x_wconf 84' lang='lat' dir='ltr'><strong>Non-</strong></span> 
     </span>
    </p>
   </div>
   <div class='ocr_carea' id='block_1_66' title="bbox 2251 2693 3813 2761">
    <p class='ocr_par' dir='ltr' id='par_1_66' title="bbox 2251 2693 3813 2761">
     <span class='ocr_line' id='line_1_66' title="bbox 2251 2693 3813 2761; baseline -0.001 -15"><span class='ocrx_word' id='word_1_489' title='bbox 2251 2695 2384 2748; x_wconf 89' lang='lat' dir='ltr'><strong>nulli</strong></span> <span class='ocrx_word' id='word_1_490' title='bbox 2407 2697 2716 2748; x_wconf 88' lang='lat' dir='ltr'><strong>existimant</strong></span> <span class='ocrx_word' id='word_1_491' title='bbox 2737 2693 2906 2751; x_wconf 80' lang='lat' dir='ltr'><strong>Solem</strong></span> <span class='ocrx_word' id='word_1_492' title='bbox 2930 2697 2982 2750; x_wconf 91' lang='lat' dir='ltr'><strong>in</strong></span> <span class='ocrx_word' id='word_1_493' title='bbox 3006 2694 3250 2756; x_wconf 73' lang='lat' dir='ltr'><strong>insuanti.</strong></span> <span class='ocrx_word' id='word_1_494' title='bbox 3269 2693 3372 2748; x_wconf 89' lang='lat' dir='ltr'><strong>hoc</strong></span> <span class='ocrx_word' id='word_1_495' title='bbox 3384 2706 3486 2761; x_wconf 90' lang='lat' dir='ltr'><strong>est,</strong></span> <span class='ocrx_word' id='word_1_496' title='bbox 3515 2695 3813 2748; x_wconf 81' lang='lat' dir='ltr'><strong>brevissimo</strong></span> 
     </span>
    </p>
   </div>
   <div class='ocr_carea' id='block_1_67' title="bbox 2252 2765 3813 2831">
    <p class='ocr_par' dir='ltr' id='par_1_67' title="bbox 2252 2765 3813 2831">
     <span class='ocr_line' id='line_1_67' title="bbox 2252 2765 3813 2831; baseline -0.003 -13"><span class='ocrx_word' id='word_1_497' title='bbox 2252 2767 2506 2831; x_wconf 86' lang='lat' dir='ltr'><strong>temporis</strong></span> <span class='ocrx_word' id='word_1_498' title='bbox 2527 2767 2829 2828; x_wconf 80' lang='lat' dir='ltr'><strong>intervallo,</strong></span> <span class='ocrx_word' id='word_1_499' title='bbox 2853 2766 3231 2820; x_wconf 82' lang='lat' dir='ltr'><strong>retrocessisse</strong></span> <span class='ocrx_word' id='word_1_500' title='bbox 3253 2765 3441 2819; x_wconf 89' lang='lat' dir='ltr'><strong>decem</strong></span> <span class='ocrx_word' id='word_1_501' title='bbox 3467 2766 3710 2831; x_wconf 78' lang='lat' dir='ltr'><strong>gradibus</strong></span> <span class='ocrx_word' id='word_1_502' title='bbox 3729 2777 3813 2816; x_wconf 89' lang='lat' dir='ltr'><strong>seu</strong></span> 
     </span>
    </p>
   </div>
   <div class='ocr_carea' id='block_1_68' title="bbox 2254 2835 3814 2906">
    <p class='ocr_par' dir='ltr' id='par_1_68' title="bbox 2254 2835 3814 2906">
     <span class='ocr_line' id='line_1_68' title="bbox 2254 2835 3814 2906; baseline -0.003 -18"><span class='ocrx_word' id='word_1_503' title='bbox 2254 2835 2436 2899; x_wconf 89' lang='lat' dir='ltr'><strong>horis,</strong></span> <span class='ocrx_word' id='word_1_504' title='bbox 2479 2853 2598 2904; x_wconf 75' lang='lat' dir='ltr'><strong>qua:</strong></span> <span class='ocrx_word' id='word_1_505' title='bbox 2637 2852 2741 2904; x_wconf 83' lang='lat' dir='ltr'><strong>per</strong></span> <span class='ocrx_word' id='word_1_506' title='bbox 2781 2837 2949 2890; x_wconf 81' lang='lat' dir='ltr'><strong>lineas</strong></span> <span class='ocrx_word' id='word_1_507' title='bbox 2992 2836 3258 2904; x_wconf 80' lang='lat' dir='ltr'><strong>horologii</strong></span> <span class='ocrx_word' id='word_1_508' title='bbox 3301 2836 3737 2906; x_wconf 85' lang='lat' dir='ltr'><strong>designabantur,</strong></span> <span class='ocrx_word' id='word_1_509' title='bbox 3764 2841 3814 2885; x_wconf 91' lang='lat' dir='ltr'><strong>ut</strong></span> 
     </span>
    </p>
   </div>
   <div class='ocr_carea' id='block_1_69' title="bbox 2253 2905 3810 2977">
    <p class='ocr_par' dir='ltr' id='par_1_69' title="bbox 2253 2905 3810 2977">
     <span class='ocr_line' id='line_1_69' title="bbox 2253 2905 3810 2977; baseline -0.002 -19"><span class='ocrx_word' id='word_1_510' title='bbox 2253 2907 2429 2960; x_wconf 89' lang='lat' dir='ltr'><strong>solent</strong></span> <span class='ocrx_word' id='word_1_511' title='bbox 2460 2907 2514 2960; x_wconf 92' lang='lat' dir='ltr'><strong>in</strong></span> <span class='ocrx_word' id='word_1_512' title='bbox 2547 2907 2834 2977; x_wconf 84' lang='lat' dir='ltr'><strong>horologiis</strong></span> <span class='ocrx_word' id='word_1_513' title='bbox 2864 2907 3158 2961; x_wconf 89' lang='lat' dir='ltr'><strong>sciotericis</strong></span> <span class='ocrx_word' id='word_1_514' title='bbox 3187 2913 3302 2960; x_wconf 78' lang='lat' dir='ltr'><strong>sive</strong></span> <span class='ocrx_word' id='word_1_515' title='bbox 3333 2905 3600 2977; x_wconf 79' lang='lat' dir='ltr'><strong>solaribus</strong></span> <span class='ocrx_word' id='word_1_516' title='bbox 3623 2947 3635 2968; x_wconf 89' lang='grc'>,</span> <span class='ocrx_word' id='word_1_517' title='bbox 3666 2905 3810 2977; x_wconf 74' lang='lat' dir='ltr'><strong>nimi-</strong></span> 
     </span>
    </p>
   </div>
   <div class='ocr_carea' id='block_1_70' title="bbox 2254 2972 3815 3045">
    <p class='ocr_par' dir='ltr' id='par_1_70' title="bbox 2254 2972 3815 3045">
     <span class='ocr_line' id='line_1_70' title="bbox 2254 2972 3815 3045; baseline -0.003 -15"><span class='ocrx_word' id='word_1_518' title='bbox 2254 2993 2371 3030; x_wconf 91' lang='lat' dir='ltr'><strong>rum</strong></span> <span class='ocrx_word' id='word_1_519' title='bbox 2422 2978 2489 3031; x_wconf 89' lang='lat' dir='ltr'><strong>ab</strong></span> <span class='ocrx_word' id='word_1_520' title='bbox 2530 2980 2659 3031; x_wconf 94' lang='lat' dir='ltr'><strong>hora</strong></span> <span class='ocrx_word' id='word_1_521' title='bbox 2699 2972 2904 3031; x_wconf 76' lang='lat' dir='ltr'><strong>decima</strong></span> <span class='ocrx_word' id='word_1_522' title='bbox 2943 2978 3009 3030; x_wconf 90' lang='lat' dir='ltr'><strong>ad</strong></span> <span class='ocrx_word' id='word_1_523' title='bbox 3054 2978 3241 3031; x_wconf 88' lang='lat' dir='ltr'><strong>horam</strong></span> <span class='ocrx_word' id='word_1_524' title='bbox 3286 2979 3514 3045; x_wconf 88' lang='lat' dir='ltr'><strong>primam</strong></span> <span class='ocrx_word' id='word_1_525' title='bbox 3564 2976 3664 3030; x_wconf 89' lang='lat' dir='ltr'><strong>diei</strong></span> <span class='ocrx_word' id='word_1_526' title='bbox 3706 2972 3815 3028; x_wconf 79' lang='lat' dir='ltr'><strong>arti-</strong></span> 
     </span>
    </p>
   </div>
   <div class='ocr_carea' id='block_1_71' title="bbox 565 3042 3812 3118">
    <p class='ocr_par' dir='ltr' id='par_1_71' title="bbox 565 3042 3812 3118">
     <span class='ocr_line' id='line_1_71' title="bbox 565 3042 3812 3118; baseline -0 -19"><span class='ocrx_word' id='word_1_527' title='bbox 565 3042 777 3118; x_wconf 64' lang='lat' dir='ltr'><strong>clause</strong></span> <span class='ocrx_word' id='word_1_528' title='bbox 807 3042 1381 3118; x_wconf 70' lang='lat' dir='ltr'><strong>scripturaedisserit,</strong></span> <span class='ocrx_word' id='word_1_529' title='bbox 1410 3059 1461 3101; x_wconf 91' lang='lat' dir='ltr'><strong>et</strong></span> <span class='ocrx_word' id='word_1_530' title='bbox 1492 3042 1931 3118; x_wconf 31' lang='lat' dir='ltr'><strong>enarratlibrvttt</strong></span> <span class='ocrx_word' id='word_1_531' title='bbox 1955 3044 2139 3098; x_wconf 80' lang='lat' dir='ltr'><strong>Moral.</strong></span> <span class='ocrx_word' id='word_1_532' title='bbox 2173 3042 2218 3105; x_wconf 90' lang='lat' dir='ltr'>C</span> <span class='ocrx_word' id='word_1_533' title='bbox 2252 3047 2460 3111; x_wconf 86' lang='lat' dir='ltr'><strong>ﬁcialis,</strong></span> <span class='ocrx_word' id='word_1_534' title='bbox 2511 3059 2671 3118; x_wconf 91' lang='lat' dir='ltr'><strong>atque</strong></span> <span class='ocrx_word' id='word_1_535' title='bbox 2727 3049 2851 3102; x_wconf 90' lang='lat' dir='ltr'><strong>inde</strong></span> <span class='ocrx_word' id='word_1_536' title='bbox 2893 3063 3080 3102; x_wconf 89' lang='lat' dir='ltr'><strong>rursus</strong></span> <span class='ocrx_word' id='word_1_537' title='bbox 3119 3042 3337 3101; x_wconf 79' lang='lat' dir='ltr'><strong>cursum</strong></span> <span class='ocrx_word' id='word_1_538' title='bbox 3381 3064 3538 3102; x_wconf 88' lang='lat' dir='ltr'><strong>suum</strong></span> <span class='ocrx_word' id='word_1_539' title='bbox 3579 3047 3812 3118; x_wconf 78' lang='lat' dir='ltr'><strong>diurnum</strong></span> 
     </span>
    </p>
   </div>
   <div class='ocr_carea' id='block_1_72' title="bbox 564 3115 2142 3186">
    <p class='ocr_par' dir='ltr' id='par_1_72' title="bbox 564 3115 2142 3186">
     <span class='ocr_line' id='line_1_72' title="bbox 564 3115 2142 3186; baseline -0.001 -17"><span class='ocrx_word' id='word_1_540' title='bbox 564 3130 686 3180; x_wconf 89' lang='lat' dir='ltr'><strong>cap.</strong></span> <span class='ocrx_word' id='word_1_541' title='bbox 717 3117 803 3180; x_wconf 79' lang='lat'><strong>36,</strong></span> <span class='ocrx_word' id='word_1_542' title='bbox 829 3115 918 3170; x_wconf 91' lang='lat' dir='ltr'><strong>ubi</strong></span> <span class='ocrx_word' id='word_1_543' title='bbox 950 3126 1229 3186; x_wconf 87' lang='lat' dir='ltr'><strong>postquam</strong></span> <span class='ocrx_word' id='word_1_544' title='bbox 1271 3126 1676 3181; x_wconf 69' lang='lat' dir='ltr'><strong>ostentatorium,</strong></span> <span class='ocrx_word' id='word_1_545' title='bbox 1709 3127 1761 3170; x_wconf 87' lang='lat' dir='ltr'><strong>et</strong></span> <span class='ocrx_word' id='word_1_546' title='bbox 1787 3117 2142 3186; x_wconf 16' lang='lat' dir='ltr'><strong>gloriosoﬁrum</strong></span> 
     </span>
    </p>
   </div>
   <div class='ocr_carea' id='block_1_73' title="bbox 566 3185 2142 3255">
    <p class='ocr_par' dir='ltr' id='par_1_73' title="bbox 566 3185 2142 3255">
     <span class='ocr_line' id='line_1_73' title="bbox 566 3185 2142 3255; baseline -0.001 -16"><span class='ocrx_word' id='word_1_547' title='bbox 566 3200 746 3239; x_wconf 85' lang='lat' dir='ltr'><strong>mores</strong></span> <span class='ocrx_word' id='word_1_548' title='bbox 773 3187 1030 3255; x_wconf 84' lang='lat' dir='ltr'><strong>graphice</strong></span> <span class='ocrx_word' id='word_1_549' title='bbox 1068 3185 1330 3253; x_wconf 87' lang='lat' dir='ltr'><strong>depinxit,</strong></span> <span class='ocrx_word' id='word_1_550' title='bbox 1367 3189 1581 3242; x_wconf 88' lang='lat' dir='ltr'><strong>demum</strong></span> <span class='ocrx_word' id='word_1_551' title='bbox 1624 3187 1695 3240; x_wconf 88' lang='lat' dir='ltr'><strong>ita</strong></span> <span class='ocrx_word' id='word_1_552' title='bbox 1737 3186 1918 3238; x_wconf 89' lang='lat' dir='ltr'><strong>snhdit</strong></span> <span class='ocrx_word' id='word_1_553' title='bbox 1950 3204 1962 3237; x_wconf 87' lang='lat'><strong>:</strong></span> <span class='ocrx_word' id='word_1_554' title='bbox 2000 3185 2142 3250; x_wconf 86' lang='lat' dir='ltr'><strong>Quo-</strong></span> 
     </span>
    </p>
   </div>
   <div class='ocr_carea' id='block_1_74' title="bbox 566 3255 2148 3324">
    <p class='ocr_par' dir='ltr' id='par_1_74' title="bbox 566 3255 2148 3324">
     <span class='ocr_line' id='line_1_74' title="bbox 566 3255 2148 3324; baseline 0.001 -17"><span class='ocrx_word' id='word_1_555' title='bbox 566 3271 682 3308; x_wconf 88' lang='lat' dir='ltr'><strong>rum</strong></span> <span class='ocrx_word' id='word_1_556' title='bbox 711 3258 934 3324; x_wconf 78' lang='lat' dir='ltr'><strong>profecto</strong></span> <span class='ocrx_word' id='word_1_557' title='bbox 956 3259 1111 3310; x_wconf 78' lang='lat' dir='ltr'><strong>vitam</strong></span> <span class='ocrx_word' id='word_1_558' title='bbox 1135 3258 1229 3310; x_wconf 87' lang='lat' dir='ltr'><strong>illa</strong></span> <span class='ocrx_word' id='word_1_559' title='bbox 1257 3259 1454 3311; x_wconf 88' lang='lat' dir='ltr'><strong>cunctis</strong></span> <span class='ocrx_word' id='word_1_560' title='bbox 1478 3257 1746 3311; x_wconf 88' lang='lat' dir='ltr'><strong>notissima</strong></span> <span class='ocrx_word' id='word_1_561' title='bbox 1779 3255 2012 3308; x_wconf 62' lang='lat' dir='ltr'><strong>Ezechias</strong></span> <span class='ocrx_word' id='word_1_562' title='bbox 2038 3255 2148 3308; x_wconf 86' lang='lat' dir='ltr'><strong>cul-</strong></span> 
     </span>
    </p>
   </div>
   <div class='ocr_carea' id='block_1_75' title="bbox 569 3327 2146 3399">
    <p class='ocr_par' dir='ltr' id='par_1_75' title="bbox 569 3327 2146 3399">
     <span class='ocr_line' id='line_1_75' title="bbox 569 3327 2146 3399; baseline 0.002 -22"><span class='ocrx_word' id='word_1_563' title='bbox 569 3343 637 3394; x_wconf 86' lang='lat' dir='ltr'><strong>pa</strong></span> <span class='ocrx_word' id='word_1_564' title='bbox 679 3327 934 3394; x_wconf 82' lang='lat' dir='ltr'><strong>ﬁguravit,</strong></span> <span class='ocrx_word' id='word_1_565' title='bbox 977 3332 1065 3398; x_wconf 87' lang='lat' dir='ltr'><strong>qui</strong></span> <span class='ocrx_word' id='word_1_566' title='bbox 1108 3339 1397 3399; x_wconf 85' lang='lat' dir='ltr'><strong>postquam,</strong></span> <span class='ocrx_word' id='word_1_567' title='bbox 1441 3345 1544 3381; x_wconf 90' lang='lat' dir='ltr'><strong>una</strong></span> <span class='ocrx_word' id='word_1_568' title='bbox 1584 3343 1728 3397; x_wconf 88' lang='lat' dir='ltr'><strong>prece</strong></span> <span class='ocrx_word' id='word_1_569' title='bbox 1765 3330 1952 3399; x_wconf 36' lang='lat' dir='ltr'><strong>etusub</strong></span> <span class='ocrx_word' id='word_1_570' title='bbox 1994 3329 2146 3399; x_wconf 84' lang='lat' dir='ltr'><strong>unius</strong></span> 
     </span>
    </p>
   </div>
   <div class='ocr_carea' id='block_1_76' title="bbox 570 3396 2148 3471">
    <p class='ocr_par' dir='ltr' id='par_1_76' title="bbox 570 3396 2148 3471">
     <span class='ocr_line' id='line_1_76' title="bbox 570 3396 2148 3471; baseline 0.001 -23"><span class='ocrx_word' id='word_1_571' title='bbox 570 3400 734 3471; x_wconf 84' lang='lat' dir='ltr'><strong>noctis</strong></span> <span class='ocrx_word' id='word_1_572' title='bbox 759 3399 946 3471; x_wconf 84' lang='lat' dir='ltr'><strong>spatio,</strong></span> <span class='ocrx_word' id='word_1_573' title='bbox 970 3396 1169 3452; x_wconf 74' lang='lat' dir='ltr'><strong>centum</strong></span> <span class='ocrx_word' id='word_1_574' title='bbox 1203 3400 1458 3471; x_wconf 84' lang='lat' dir='ltr'><strong>octoginta</strong></span> <span class='ocrx_word' id='word_1_575' title='bbox 1484 3396 1704 3463; x_wconf 71' lang='lat' dir='ltr'><strong>quinque</strong></span> <span class='ocrx_word' id='word_1_576' title='bbox 1731 3396 1896 3471; x_wconf 78' lang='lat' dir='ltr'><strong>millia</strong></span> <span class='ocrx_word' id='word_1_577' title='bbox 1923 3397 2148 3471; x_wconf 80' lang='lat' dir='ltr'><strong>hostium</strong></span> 
     </span>
    </p>
   </div>
   <div class='ocr_carea' id='block_1_77' title="bbox 570 3469 2148 3539">
    <p class='ocr_par' dir='ltr' id='par_1_77' title="bbox 570 3469 2148 3539">
     <span class='ocr_line' id='line_1_77' title="bbox 570 3469 2148 3539; baseline 0.002 -21"><span class='ocrx_word' id='word_1_578' title='bbox 570 3469 750 3539; x_wconf 81' lang='lat' dir='ltr'><strong>angelo</strong></span> <span class='ocrx_word' id='word_1_579' title='bbox 782 3470 991 3538; x_wconf 81' lang='lat' dir='ltr'><strong>feriente</strong></span> <span class='ocrx_word' id='word_1_580' title='bbox 1015 3469 1332 3538; x_wconf 50' lang='lat' dir='ltr'><strong>prostravit:</strong></span> <span class='ocrx_word' id='word_1_581' title='bbox 1344 3479 1608 3539; x_wconf 87' lang='lat' dir='ltr'><strong>postquam</strong></span> <span class='ocrx_word' id='word_1_582' title='bbox 1629 3469 1830 3521; x_wconf 86' lang='lat' dir='ltr'><strong>occasui</strong></span> <span class='ocrx_word' id='word_1_583' title='bbox 1858 3469 2148 3539; x_wconf 76' lang='lat' dir='ltr'><strong>proximum</strong></span> 
     </span>
    </p>
   </div>
   <div class='ocr_carea' id='block_1_78' title="bbox 571 3537 2148 3609">
    <p class='ocr_par' dir='ltr' id='par_1_78' title="bbox 571 3537 2148 3609">
     <span class='ocr_line' id='line_1_78' title="bbox 571 3537 2148 3609; baseline 0.001 -20"><span class='ocrx_word' id='word_1_584' title='bbox 571 3537 640 3589; x_wconf 88' lang='lat' dir='ltr'><strong>ad</strong></span> <span class='ocrx_word' id='word_1_585' title='bbox 673 3537 861 3593; x_wconf 88' lang='lat' dir='ltr'><strong>altiora</strong></span> <span class='ocrx_word' id='word_1_586' title='bbox 890 3537 1208 3609; x_wconf 76' lang='lat' dir='ltr'><strong>caelispatia</strong></span> <span class='ocrx_word' id='word_1_587' title='bbox 1245 3537 1403 3594; x_wconf 85' lang='lat' dir='ltr'><strong>solem</strong></span> <span class='ocrx_word' id='word_1_588' title='bbox 1434 3541 1667 3602; x_wconf 78' lang='lat' dir='ltr'><strong>reduxit;</strong></span> <span class='ocrx_word' id='word_1_589' title='bbox 1695 3547 1965 3608; x_wconf 86' lang='lat' dir='ltr'><strong>postquam</strong></span> <span class='ocrx_word' id='word_1_590' title='bbox 1992 3538 2148 3591; x_wconf 84' lang='lat' dir='ltr'><strong>vitam</strong></span> 
     </span>
    </p>
   </div>
   <div class='ocr_carea' id='block_1_79' title="bbox 570 3609 2142 3682">
    <p class='ocr_par' dir='ltr' id='par_1_79' title="bbox 570 3609 2142 3682">
     <span class='ocr_line' id='line_1_79' title="bbox 570 3609 2142 3682; baseline 0.001 -21"><span class='ocrx_word' id='word_1_591' title='bbox 570 3612 944 3682; x_wconf 71' lang='lat' dir='ltr'><strong>propinquante</strong></span> <span class='ocrx_word' id='word_1_592' title='bbox 963 3616 1074 3682; x_wconf 85' lang='lat' dir='ltr'><strong>jam</strong></span> <span class='ocrx_word' id='word_1_593' title='bbox 1103 3614 1318 3665; x_wconf 87' lang='lat' dir='ltr'><strong>termino</strong></span> <span class='ocrx_word' id='word_1_594' title='bbox 1347 3621 1664 3666; x_wconf 87' lang='lat' dir='ltr'><strong>coarctatam</strong></span> <span class='ocrx_word' id='word_1_595' title='bbox 1692 3611 1745 3662; x_wconf 89' lang='lat' dir='ltr'><strong>iu</strong></span> <span class='ocrx_word' id='word_1_596' title='bbox 1775 3620 2000 3682; x_wconf 86' lang='lat' dir='ltr'><strong>tempora</strong></span> <span class='ocrx_word' id='word_1_597' title='bbox 2031 3609 2142 3662; x_wconf 89' lang='lat' dir='ltr'><strong>lon-</strong></span> 
     </span>
    </p>
   </div>
   <div class='ocr_carea' id='block_1_80' title="bbox 569 3679 2148 3752">
    <p class='ocr_par' dir='ltr' id='par_1_80' title="bbox 569 3679 2148 3752">
     <span class='ocr_line' id='line_1_80' title="bbox 569 3679 2148 3752; baseline 0.003 -22"><span class='ocrx_word' id='word_1_598' title='bbox 569 3679 716 3749; x_wconf 86' lang='lat' dir='ltr'><strong>giora</strong></span> <span class='ocrx_word' id='word_1_599' title='bbox 759 3679 1028 3748; x_wconf 69' lang='lat' dir='ltr'><strong>protelaiiit</strong></span> <span class='ocrx_word' id='word_1_600' title='bbox 1073 3699 1090 3735; x_wconf 89' lang='lat'><strong><em>:</em></strong></span> <span class='ocrx_word' id='word_1_601' title='bbox 1141 3685 1388 3752; x_wconf 79' lang='lat' dir='ltr'><strong>susceptis</strong></span> <span class='ocrx_word' id='word_1_602' title='bbox 1427 3683 1728 3752; x_wconf 81' lang='lat' dir='ltr'><strong>Babylonici</strong></span> <span class='ocrx_word' id='word_1_603' title='bbox 1775 3680 1908 3752; x_wconf 86' lang='lat' dir='ltr'><strong>regis</strong></span> <span class='ocrx_word' id='word_1_604' title='bbox 1957 3682 2148 3734; x_wconf 86' lang='lat' dir='ltr'><strong>nuntiis</strong></span> 
     </span>
    </p>
   </div>
   <div class='ocr_carea' id='block_1_81' title="bbox 571 3700 2151 3826">
    <p class='ocr_par' dir='ltr' id='par_1_81' title="bbox 571 3700 2151 3826">
     <span class='ocr_line' id='line_1_81' title="bbox 571 3700 2148 3752; baseline 0.003 -22"><span class='ocrx_word' id='word_1_605' title='bbox 571 3700 716 3749; x_wconf 87' lang='lat' dir='ltr'><strong>gwra</strong></span> <span class='ocrx_word' id='word_1_606' title='bbox 759 3700 1028 3748; x_wconf 77' lang='lat' dir='ltr'><strong>protemvtt</strong></span> <span class='ocrx_word' id='word_1_607' title='bbox 1073 3700 1090 3735; x_wconf 89' lang='lat'><strong><em>:</em></strong></span> <span class='ocrx_word' id='word_1_608' title='bbox 1141 3700 1259 3736; x_wconf 89' lang='lat' dir='ltr'><strong>susc</strong></span> <span class='ocrx_word' id='word_1_609' title='bbox 1328 3700 1388 3737; x_wconf 82' lang='lat' dir='ltr'><strong>ns</strong></span> <span class='ocrx_word' id='word_1_610' title='bbox 1427 3700 1728 3752; x_wconf 75' lang='lat' dir='ltr'><strong>uanytomcr</strong></span> <span class='ocrx_word' id='word_1_611' title='bbox 1775 3700 1908 3746; x_wconf 74' lang='lat' dir='ltr'><strong>regis</strong></span> <span class='ocrx_word' id='word_1_612' title='bbox 1957 3700 2148 3734; x_wconf 87' lang='lat' dir='ltr'><strong>nunms</strong></span> 
     </span>
     <span class='ocr_line' id='line_1_82' title="bbox 571 3700 2151 3826; baseline 0.003 -26"><span class='ocrx_word' id='word_1_613' title='bbox 571 3757 704 3803; x_wconf 84' lang='lat' dir='ltr'><strong>bona</strong></span> <span class='ocrx_word' id='word_1_614' title='bbox 750 3754 923 3826; x_wconf 85' lang='lat' dir='ltr'><strong>omnia</strong></span> <span class='ocrx_word' id='word_1_615' title='bbox 969 3770 1083 3826; x_wconf 75' lang='lat' dir='ltr'><strong>quae</strong></span> <span class='ocrx_word' id='word_1_616' title='bbox 1121 3700 1408 3826; x_wconf 54' lang='lat' dir='ltr'><strong>possigzbat</strong></span> <span class='ocrx_word' id='word_1_617' title='bbox 1450 3753 1702 3818; x_wconf 79' lang='lat' dir='ltr'><strong>Ostendit;</strong></span> <span class='ocrx_word' id='word_1_618' title='bbox 1746 3751 1836 3805; x_wconf 87' lang='lat' dir='ltr'><strong>sed</strong></span> <span class='ocrx_word' id='word_1_619' title='bbox 1886 3752 2151 3826; x_wconf 74' lang='lat' dir='ltr'><strong>prop/tcta:</strong></span> 
     </span>
    </p>
   </div>
   <div class='ocr_carea' id='block_1_82' title="bbox 569 3824 2150 3892">
    <p class='ocr_par' dir='ltr' id='par_1_82' title="bbox 569 3824 2150 3892">
     <span class='ocr_line' id='line_1_83' title="bbox 569 3824 2150 3892; baseline 0.003 -22"><span class='ocrx_word' id='word_1_620' title='bbox 569 3835 690 3874; x_wconf 82' lang='lat' dir='ltr'><strong>voce</strong></span> <span class='ocrx_word' id='word_1_621' title='bbox 721 3825 952 3886; x_wconf 83' lang='lat' dir='ltr'><strong>protinus</strong></span> <span class='ocrx_word' id='word_1_622' title='bbox 979 3824 1170 3879; x_wconf 81' lang='lat' dir='ltr'><strong>audivit</strong></span> <span class='ocrx_word' id='word_1_623' title='bbox 1200 3842 1217 3878; x_wconf 91' lang='lat'><strong><em>:</em></strong></span> <span class='ocrx_word' id='word_1_624' title='bbox 1248 3824 1378 3878; x_wconf 87' lang='lat' dir='ltr'><strong>Ecce</strong></span> <span class='ocrx_word' id='word_1_625' title='bbox 1403 3826 1510 3880; x_wconf 87' lang='lat' dir='ltr'><strong>dies</strong></span> <span class='ocrx_word' id='word_1_626' title='bbox 1532 3828 1750 3885; x_wconf 82' lang='lat' dir='ltr'><strong>venient,</strong></span> <span class='ocrx_word' id='word_1_627' title='bbox 1776 3832 1823 3876; x_wconf 89' lang='lat' dir='ltr'><strong>et</strong></span> <span class='ocrx_word' id='word_1_628' title='bbox 1853 3825 2150 3892; x_wconf 81' lang='lat' dir='ltr'><strong>auferentur</strong></span> 
     </span>
    </p>
   </div>
   <div class='ocr_carea' id='block_1_83' title="bbox 571 3892 2151 3961">
    <p class='ocr_par' dir='ltr' id='par_1_83' title="bbox 571 3892 2151 3961">
     <span class='ocr_line' id='line_1_84' title="bbox 571 3892 2151 3961; baseline 0.004 -21"><span class='ocrx_word' id='word_1_629' title='bbox 571 3892 741 3943; x_wconf 88' lang='lat' dir='ltr'><strong>omnia</strong></span> <span class='ocrx_word' id='word_1_630' title='bbox 769 3910 884 3960; x_wconf 69' lang='lat' dir='ltr'><strong>qua:</strong></span> <span class='ocrx_word' id='word_1_631' title='bbox 925 3896 974 3946; x_wconf 88' lang='lat' dir='ltr'><strong>in</strong></span> <span class='ocrx_word' id='word_1_632' title='bbox 1005 3896 1156 3949; x_wconf 87' lang='lat' dir='ltr'><strong>domo</strong></span> <span class='ocrx_word' id='word_1_633' title='bbox 1186 3905 1274 3948; x_wconf 91' lang='lat' dir='ltr'><strong>tua</strong></span> <span class='ocrx_word' id='word_1_634' title='bbox 1302 3906 1440 3961; x_wconf 86' lang='lat' dir='ltr'><strong>sunt,</strong></span> <span class='ocrx_word' id='word_1_635' title='bbox 1469 3897 1522 3949; x_wconf 90' lang='lat' dir='ltr'><strong>in</strong></span> <span class='ocrx_word' id='word_1_636' title='bbox 1551 3894 1865 3961; x_wconf 85' lang='lat' dir='ltr'><strong>Babylonem</strong></span> <span class='ocrx_word' id='word_1_637' title='bbox 1895 3909 1912 3946; x_wconf 88' lang='lat'><strong><em>:</em></strong></span> <span class='ocrx_word' id='word_1_638' title='bbox 1944 3909 2046 3945; x_wconf 86' lang='lat' dir='ltr'><strong>non</strong></span> <span class='ocrx_word' id='word_1_639' title='bbox 2068 3907 2151 3946; x_wconf 84' lang='lat' dir='ltr'><strong>re-</strong></span> 
     </span>
    </p>
   </div>
   <div class='ocr_carea' id='block_1_84' title="bbox 573 3960 2152 4032">
    <p class='ocr_par' dir='ltr' id='par_1_84' title="bbox 573 3960 2152 4032">
     <span class='ocr_line' id='line_1_85' title="bbox 573 3960 2152 4032; baseline 0.003 -21"><span class='ocrx_word' id='word_1_640' title='bbox 573 3960 832 4032; x_wconf 81' lang='lat' dir='ltr'><strong>linquetur</strong></span> <span class='ocrx_word' id='word_1_641' title='bbox 868 3965 1167 4032; x_wconf 87' lang='lat' dir='ltr'><strong>quidquam,</strong></span> <span class='ocrx_word' id='word_1_642' title='bbox 1202 3967 1324 4017; x_wconf 84' lang='lat' dir='ltr'><strong>dicit</strong></span> <span class='ocrx_word' id='word_1_643' title='bbox 1351 3960 1622 4019; x_wconf 84' lang='lat' dir='ltr'><strong>Dominus.</strong></span> <span class='ocrx_word' id='word_1_644' title='bbox 1650 3960 1760 4023; x_wconf 80' lang='lat' dir='ltr'><strong>S‘ic.</strong></span> <span class='ocrx_word' id='word_1_645' title='bbox 1794 3965 1868 4016; x_wconf 87' lang='lat' dir='ltr'><strong>sic</strong></span> <span class='ocrx_word' id='word_1_646' title='bbox 1907 3963 2152 4015; x_wconf 88' lang='lat' dir='ltr'><strong>nimirum</strong></span> 
     </span>
    </p>
   </div>
   <div class='ocr_carea' id='block_1_85' title="bbox 571 4030 2152 4102">
    <p class='ocr_par' dir='ltr' id='par_1_85' title="bbox 571 4030 2152 4102">
     <span class='ocr_line' id='line_1_86' title="bbox 571 4030 2152 4102; baseline 0.003 -22"><span class='ocrx_word' id='word_1_647' title='bbox 571 4030 1166 4101; x_wconf 45' lang='lat' dir='ltr'><strong>hypocrita&#39;postquam</strong></span> <span class='ocrx_word' id='word_1_648' title='bbox 1184 4036 1382 4102; x_wconf 82' lang='lat' dir='ltr'><strong>magnis</strong></span> <span class='ocrx_word' id='word_1_649' title='bbox 1404 4037 1670 4088; x_wconf 82' lang='lat' dir='ltr'><strong>virtutibus</strong></span> <span class='ocrx_word' id='word_1_650' title='bbox 1691 4042 2004 4092; x_wconf 73' lang='lat' dir='ltr'><strong>excrescunt,</strong></span> <span class='ocrx_word' id='word_1_651' title='bbox 2032 4033 2152 4099; x_wconf 88' lang='lat' dir='ltr'><strong>quia</strong></span> 
     </span>
    </p>
   </div>
   <div class='ocr_carea' id='block_1_86' title="bbox 570 4102 2151 4175">
    <p class='ocr_par' dir='ltr' id='par_1_86' title="bbox 570 4102 2151 4175">
     <span class='ocr_line' id='line_1_87' title="bbox 570 4102 2151 4175; baseline 0.004 -25"><span class='ocrx_word' id='word_1_652' title='bbox 570 4116 744 4175; x_wconf 77' lang='lat' dir='ltr'><strong>cavere</strong></span> <span class='ocrx_word' id='word_1_653' title='bbox 767 4102 1108 4175; x_wconf 82' lang='lat' dir='ltr'><strong>malignorum</strong></span> <span class='ocrx_word' id='word_1_654' title='bbox 1133 4105 1406 4175; x_wconf 81' lang='lat' dir='ltr'><strong>spirituum</strong></span> <span class='ocrx_word' id='word_1_655' title='bbox 1438 4104 1652 4158; x_wconf 79' lang='lat' dir='ltr'><strong>insidias</strong></span> <span class='ocrx_word' id='word_1_656' title='bbox 1679 4104 1963 4173; x_wconf 84' lang='lat' dir='ltr'><strong>negligunt,</strong></span> <span class='ocrx_word' id='word_1_657' title='bbox 1993 4110 2039 4175; x_wconf 82' lang='lat' dir='ltr'><strong>et</strong></span> <span class='ocrx_word' id='word_1_658' title='bbox 2069 4119 2151 4156; x_wconf 88' lang='lat' dir='ltr'><strong>ce-</strong></span> 
     </span>
    </p>
   </div>
   <div class='ocr_carea' id='block_1_87' title="bbox 573 4171 2152 4237">
    <p class='ocr_par' dir='ltr' id='par_1_87' title="bbox 573 4171 2152 4237">
     <span class='ocr_line' id='line_1_88' title="bbox 573 4171 2152 4237; baseline 0.003 -16"><span class='ocrx_word' id='word_1_659' title='bbox 573 4171 672 4222; x_wconf 87' lang='lat' dir='ltr'><strong>lari</strong></span> <span class='ocrx_word' id='word_1_660' title='bbox 710 4173 764 4225; x_wconf 87' lang='lat' dir='ltr'><strong>in</strong></span> <span class='ocrx_word' id='word_1_661' title='bbox 803 4171 992 4226; x_wconf 80' lang='lat' dir='ltr'><strong>eisdem</strong></span> <span class='ocrx_word' id='word_1_662' title='bbox 1017 4173 1288 4227; x_wconf 80' lang='lat' dir='ltr'><strong>virtutibus</strong></span> <span class='ocrx_word' id='word_1_663' title='bbox 1317 4175 1530 4237; x_wconf 86' lang='lat' dir='ltr'><strong>nolunt;</strong></span> <span class='ocrx_word' id='word_1_664' title='bbox 1559 4175 1687 4227; x_wconf 89' lang='lat' dir='ltr'><strong>bona</strong></span> <span class='ocrx_word' id='word_1_665' title='bbox 1716 4171 2152 4226; x_wconf 44' lang='lat' dir='ltr'><strong>sua&#39;ostendendo</strong></span> 
     </span>
    </p>
   </div>
   <div class='ocr_carea' id='block_1_88' title="bbox 571 4239 1962 4312">
    <p class='ocr_par' dir='ltr' id='par_1_88' title="bbox 571 4239 1962 4312">
     <span class='ocr_line' id='line_1_89' title="bbox 571 4239 1962 4312; baseline 0.003 -23"><span class='ocrx_word' id='word_1_666' title='bbox 571 4239 798 4312; x_wconf 83' lang='lat' dir='ltr'><strong>hostium</strong></span> <span class='ocrx_word' id='word_1_667' title='bbox 828 4244 1061 4310; x_wconf 79' lang='lat' dir='ltr'><strong>faciunt:</strong></span> <span class='ocrx_word' id='word_1_668' title='bbox 1103 4253 1149 4296; x_wconf 85' lang='lat' dir='ltr'><strong>et</strong></span> <span class='ocrx_word' id='word_1_669' title='bbox 1188 4243 1457 4312; x_wconf 87' lang='lat' dir='ltr'><strong>prodentes</strong></span> <span class='ocrx_word' id='word_1_670' title='bbox 1495 4245 1661 4298; x_wconf 88' lang='lat' dir='ltr'><strong>subito</strong></span> <span class='ocrx_word' id='word_1_671' title='bbox 1702 4243 1962 4304; x_wconf 86' lang='lat' dir='ltr'><strong>amittunt,</strong></span> 
     </span>
    </p>
   </div>
   <div class='ocr_carea' id='block_1_89' title="bbox 573 4311 2152 4383">
    <p class='ocr_par' dir='ltr' id='par_1_89' title="bbox 573 4311 2152 4383">
     <span class='ocr_line' id='line_1_90' title="bbox 573 4311 2152 4383; baseline 0.003 -22"><span class='ocrx_word' id='word_1_672' title='bbox 573 4311 699 4383; x_wconf 87' lang='lat' dir='ltr'><strong>quid</strong></span> <span class='ocrx_word' id='word_1_673' title='bbox 751 4313 953 4383; x_wconf 75' lang='lat' dir='ltr'><strong>diutius</strong></span> <span class='ocrx_word' id='word_1_674' title='bbox 1011 4311 1272 4366; x_wconf 79' lang='lat' dir='ltr'><strong>studentes</strong></span> <span class='ocrx_word' id='word_1_675' title='bbox 1333 4325 1632 4383; x_wconf 86' lang='lat' dir='ltr'><strong>operantur.</strong></span> <span class='ocrx_word' id='word_1_676' title='bbox 1685 4313 1813 4383; x_wconf 66' lang='lat' dir='ltr'><strong>&quot;me</strong></span> <span class='ocrx_word' id='word_1_677' title='bbox 1858 4313 2152 4382; x_wconf 86' lang='lat' dir='ltr'><strong>Gregorius</strong></span> 
     </span>
    </p>
   </div>
   <div class='ocr_carea' id='block_1_90' title="bbox 575 4381 2152 4453">
    <p class='ocr_par' dir='ltr' id='par_1_90' title="bbox 575 4381 2152 4453">
     <span class='ocr_line' id='line_1_91' title="bbox 575 4381 2152 4453; baseline 0.005 -23"><span class='ocrx_word' id='word_1_678' title='bbox 575 4381 854 4453; x_wconf 70' lang='lat' dir='ltr'><strong>aptissime</strong></span> <span class='ocrx_word' id='word_1_679' title='bbox 891 4383 956 4436; x_wconf 90' lang='lat' dir='ltr'><strong>ad</strong></span> <span class='ocrx_word' id='word_1_680' title='bbox 987 4381 1376 4438; x_wconf 85' lang='lat' dir='ltr'><strong>illustrandum</strong></span> <span class='ocrx_word' id='word_1_681' title='bbox 1389 4384 1530 4438; x_wconf 91' lang='lat' dir='ltr'><strong>hunc</strong></span> <span class='ocrx_word' id='word_1_682' title='bbox 1543 4383 1785 4440; x_wconf 85' lang='lat' dir='ltr'><strong>Cassiani</strong></span> <span class='ocrx_word' id='word_1_683' title='bbox 1802 4381 2008 4453; x_wconf 89' lang='lat' dir='ltr'><strong>locum(</strong></span> <span class='ocrx_word' id='word_1_684' title='bbox 2021 4383 2152 4438; x_wconf 84' lang='lat' dir='ltr'><strong>Vide</strong></span> 
     </span>
    </p>
   </div>
   <div class='ocr_carea' id='block_1_91' title="bbox 573 4447 1776 4526">
    <p class='ocr_par' dir='ltr' id='par_1_91' title="bbox 573 4447 1776 4526">
     <span class='ocr_line' id='line_1_92' title="bbox 573 4447 1776 4526; baseline 0.005 -25"><span class='ocrx_word' id='word_1_685' title='bbox 573 4447 766 4526; x_wconf 72' lang='lat' dir='ltr'><strong>Isidor.</strong></span> <span class='ocrx_word' id='word_1_686' title='bbox 797 4454 887 4526; x_wconf 73' lang='lat' dir='ltr'><strong>lib.</strong></span> <span class='ocrx_word' id='word_1_687' title='bbox 919 4469 974 4508; x_wconf 88' lang='lat' dir='ltr'><strong>Ill</strong></span> <span class='ocrx_word' id='word_1_688' title='bbox 1007 4455 1070 4508; x_wconf 86' lang='lat' dir='ltr'><strong>de</strong></span> <span class='ocrx_word' id='word_1_689' title='bbox 1097 4454 1312 4509; x_wconf 87' lang='lat' dir='ltr'><strong>Summo</strong></span> <span class='ocrx_word' id='word_1_690' title='bbox 1338 4453 1632 4526; x_wconf 85' lang='lat' dir='ltr'><strong>Bonocap.</strong></span> <span class='ocrx_word' id='word_1_691' title='bbox 1663 4454 1776 4522; x_wconf 71' lang='grc'>25).</span> 
     </span>
    </p>
   </div>
   <div class='ocr_carea' id='block_1_92' title="bbox 648 4520 2147 4593">
    <p class='ocr_par' dir='ltr' id='par_1_92' title="bbox 648 4520 2147 4593">
     <span class='ocr_line' id='line_1_93' title="bbox 648 4520 2147 4593; baseline 0.003 -19"><span class='ocrx_word' id='word_1_692' title='bbox 648 4520 674 4558; x_wconf 71' lang='grc' dir='ltr'>δ</span> <span class='ocrx_word' id='word_1_693' title='bbox 705 4521 1049 4580; x_wconf 88' lang='lat' dir='ltr'><strong>Interdictum</strong></span> <span class='ocrx_word' id='word_1_694' title='bbox 1081 4526 1344 4580; x_wconf 82' lang='lat' dir='ltr'><strong>hactenus</strong></span> <span class='ocrx_word' id='word_1_695' title='bbox 1380 4520 1657 4593; x_wconf 77' lang='lat' dir='ltr'><strong>legebatur</strong></span> <span class='ocrx_word' id='word_1_696' title='bbox 1679 4566 1694 4586; x_wconf 89' lang='lat'><strong>,</strong></span> <span class='ocrx_word' id='word_1_697' title='bbox 1725 4520 1884 4579; x_wconf 81' lang='lat' dir='ltr'><strong>etiam</strong></span> <span class='ocrx_word' id='word_1_698' title='bbox 1937 4523 1989 4578; x_wconf 89' lang='lat' dir='ltr'><strong>in</strong></span> <span class='ocrx_word' id='word_1_699' title='bbox 2035 4524 2147 4578; x_wconf 90' lang='lat' dir='ltr'><strong>edi-</strong></span> 
     </span>
    </p>
   </div>
   <div class='ocr_carea' id='block_1_93' title="bbox 572 4590 2152 4665">
    <p class='ocr_par' dir='ltr' id='par_1_93' title="bbox 572 4590 2152 4665">
     <span class='ocr_line' id='line_1_94' title="bbox 572 4590 2152 4665; baseline 0.004 -22"><span class='ocrx_word' id='word_1_700' title='bbox 572 4590 723 4646; x_wconf 88' lang='lat' dir='ltr'><strong>tione</strong></span> <span class='ocrx_word' id='word_1_701' title='bbox 773 4595 1106 4650; x_wconf 86' lang='lat' dir='ltr'><strong>Plantiniana</strong></span> <span class='ocrx_word' id='word_1_702' title='bbox 1153 4605 1208 4651; x_wconf 89' lang='lat' dir='ltr'><strong>et</strong></span> <span class='ocrx_word' id='word_1_703' title='bbox 1251 4590 1616 4665; x_wconf 69' lang='lat' dir='ltr'><strong>Lugduirensi,</strong></span> <span class='ocrx_word' id='word_1_704' title='bbox 1643 4611 1762 4650; x_wconf 91' lang='lat' dir='ltr'><strong>cum</strong></span> <span class='ocrx_word' id='word_1_705' title='bbox 1793 4606 1969 4649; x_wconf 87' lang='lat' dir='ltr'><strong>tamen</strong></span> <span class='ocrx_word' id='word_1_706' title='bbox 1994 4610 2152 4650; x_wconf 90' lang='lat' dir='ltr'><strong>nemo</strong></span> 
     </span>
    </p>
   </div>
   <div class='ocr_carea' id='block_1_94' title="bbox 573 4665 2155 4734">
    <p class='ocr_par' dir='ltr' id='par_1_94' title="bbox 573 4665 2155 4734">
     <span class='ocr_line' id='line_1_95' title="bbox 573 4665 2155 4734; baseline 0.004 -21"><span class='ocrx_word' id='word_1_707' title='bbox 573 4677 680 4716; x_wconf 87' lang='lat' dir='ltr'><strong>non</strong></span> <span class='ocrx_word' id='word_1_708' title='bbox 715 4665 892 4720; x_wconf 81' lang='lat' dir='ltr'><strong>videat</strong></span> <span class='ocrx_word' id='word_1_709' title='bbox 920 4667 1201 4734; x_wconf 86' lang='lat' dir='ltr'><strong>legendum</strong></span> <span class='ocrx_word' id='word_1_710' title='bbox 1231 4681 1352 4721; x_wconf 90' lang='lat' dir='ltr'><strong>esse</strong></span> <span class='ocrx_word' id='word_1_711' title='bbox 1379 4668 1652 4729; x_wconf 84' lang='lat' dir='ltr'><strong>indictum,</strong></span> <span class='ocrx_word' id='word_1_712' title='bbox 1683 4678 1741 4719; x_wconf 89' lang='lat' dir='ltr'><strong>ut</strong></span> <span class='ocrx_word' id='word_1_713' title='bbox 1770 4674 1826 4719; x_wconf 91' lang='lat' dir='ltr'><strong>et</strong></span> <span class='ocrx_word' id='word_1_714' title='bbox 1856 4666 2155 4720; x_wconf 86' lang='lat' dir='ltr'><strong>manuscri-</strong></span> 
     </span>
    </p>
   </div>
   <div class='ocr_carea' id='block_1_95' title="bbox 573 4734 2150 4804">
    <p class='ocr_par' dir='ltr' id='par_1_95' title="bbox 573 4734 2150 4804">
     <span class='ocr_line' id='line_1_96' title="bbox 573 4734 2150 4804; baseline 0.003 -19"><span class='ocrx_word' id='word_1_715' title='bbox 573 4734 648 4801; x_wconf 85' lang='lat' dir='ltr'><strong>pti</strong></span> <span class='ocrx_word' id='word_1_716' title='bbox 680 4734 892 4792; x_wconf 85' lang='lat' dir='ltr'><strong>docent.</strong></span> <span class='ocrx_word' id='word_1_717' title='bbox 935 4738 1124 4792; x_wconf 91' lang='lat' dir='ltr'><strong>ludixit</strong></span> <span class='ocrx_word' id='word_1_718' title='bbox 1156 4739 1322 4803; x_wconf 89' lang='lat' dir='ltr'><strong>enim,</strong></span> <span class='ocrx_word' id='word_1_719' title='bbox 1367 4753 1471 4792; x_wconf 91' lang='lat' dir='ltr'><strong>non</strong></span> <span class='ocrx_word' id='word_1_720' title='bbox 1513 4737 1798 4791; x_wconf 81' lang='lat' dir='ltr'><strong>interdixit</strong></span> <span class='ocrx_word' id='word_1_721' title='bbox 1827 4736 1989 4790; x_wconf 71' lang='lat' dir='ltr'><strong>[Salus</strong></span> <span class='ocrx_word' id='word_1_722' title='bbox 2025 4751 2150 4804; x_wconf 89' lang='lat' dir='ltr'><strong>pro-</strong></span> 
     </span>
    </p>
   </div>
   <div class='ocr_carea' id='block_1_96' title="bbox 569 4805 2150 4878">
    <p class='ocr_par' dir='ltr' id='par_1_96' title="bbox 569 4805 2150 4878">
     <span class='ocr_line' id='line_1_97' title="bbox 569 4805 2150 4878; baseline 0.001 -19"><span class='ocrx_word' id='word_1_723' title='bbox 569 4806 730 4874; x_wconf 86' lang='lat' dir='ltr'><strong>pheta</strong></span> <span class='ocrx_word' id='word_1_724' title='bbox 783 4807 1025 4862; x_wconf 63' lang='lat' dir='ltr'><strong>Ezechias</strong></span> <span class='ocrx_word' id='word_1_725' title='bbox 1073 4809 1186 4878; x_wconf 87' lang='lat' dir='ltr'><strong>regi</strong></span> <span class='ocrx_word' id='word_1_726' title='bbox 1235 4809 1521 4863; x_wconf 90' lang='lat' dir='ltr'><strong>terminum</strong></span> <span class='ocrx_word' id='word_1_727' title='bbox 1567 4808 1710 4871; x_wconf 75' lang='lat' dir='ltr'><strong>vine,</strong></span> <span class='ocrx_word' id='word_1_728' title='bbox 1753 4821 1874 4860; x_wconf 89' lang='lat' dir='ltr'><strong>cum</strong></span> <span class='ocrx_word' id='word_1_729' title='bbox 1920 4805 1987 4860; x_wconf 89' lang='lat' dir='ltr'><strong>ad</strong></span> <span class='ocrx_word' id='word_1_730' title='bbox 2029 4821 2150 4878; x_wconf 89' lang='lat' dir='ltr'><strong>eum</strong></span> 
     </span>
    </p>
   </div>
   <div class='ocr_carea' id='block_1_97' title="bbox 569 4877 2153 4946">
    <p class='ocr_par' dir='ltr' id='par_1_97' title="bbox 569 4877 2153 4946">
     <span class='ocr_line' id='line_1_98' title="bbox 569 4877 2153 4946; baseline 0.001 -17"><span class='ocrx_word' id='word_1_731' title='bbox 569 4887 918 4944; x_wconf 66' lang='lat' dir='ltr'><strong>aegrotantem</strong></span> <span class='ocrx_word' id='word_1_732' title='bbox 951 4877 1148 4933; x_wconf 85' lang='lat' dir='ltr'><strong>missus</strong></span> <span class='ocrx_word' id='word_1_733' title='bbox 1171 4879 1305 4933; x_wconf 88' lang='lat' dir='ltr'><strong>dixit</strong></span> <span class='ocrx_word' id='word_1_734' title='bbox 1341 4897 1352 4930; x_wconf 92' lang='lat'>:</span> <span class='ocrx_word' id='word_1_735' title='bbox 1404 4878 1632 4944; x_wconf 88' lang='lat' dir='ltr'><strong>Dispone</strong></span> <span class='ocrx_word' id='word_1_736' title='bbox 1666 4877 1842 4931; x_wconf 89' lang='lat' dir='ltr'><strong>domui</strong></span> <span class='ocrx_word' id='word_1_737' title='bbox 1871 4886 2003 4930; x_wconf 74' lang='lat' dir='ltr'><strong>tute:</strong></span> <span class='ocrx_word' id='word_1_738' title='bbox 2031 4877 2153 4946; x_wconf 87' lang='lat' dir='ltr'><strong>quia</strong></span> 
     </span>
    </p>
   </div>
   <div class='ocr_carea' id='block_1_98' title="bbox 569 4947 2146 5020">
    <p class='ocr_par' dir='ltr' id='par_1_98' title="bbox 569 4947 2146 5020">
     <span class='ocr_line' id='line_1_99' title="bbox 569 4947 2146 5020; baseline 0.001 -22"><span class='ocrx_word' id='word_1_739' title='bbox 569 4951 806 5002; x_wconf 88' lang='lat' dir='ltr'><strong>morieris</strong></span> <span class='ocrx_word' id='word_1_740' title='bbox 839 4959 912 5009; x_wconf 86' lang='lat' dir='ltr'><strong>tu,</strong></span> <span class='ocrx_word' id='word_1_741' title='bbox 943 4960 990 5002; x_wconf 89' lang='lat' dir='ltr'><strong>et</strong></span> <span class='ocrx_word' id='word_1_742' title='bbox 1017 4966 1118 5003; x_wconf 89' lang='lat' dir='ltr'><strong>non</strong></span> <span class='ocrx_word' id='word_1_743' title='bbox 1148 4950 1279 5003; x_wconf 83' lang='lat' dir='ltr'><strong>vives</strong></span> <span class='ocrx_word' id='word_1_744' title='bbox 1314 4949 1401 5019; x_wconf 85' lang='lat' dir='ltr'><strong>(IV</strong></span> <span class='ocrx_word' id='word_1_745' title='bbox 1436 4950 1564 5020; x_wconf 85' lang='lat' dir='ltr'><strong>Reg.</strong></span> <span class='ocrx_word' id='word_1_746' title='bbox 1596 4965 1687 5013; x_wconf 82' lang='lat' dir='ltr'><strong>xx,</strong></span> <span class='ocrx_word' id='word_1_747' title='bbox 1719 4947 2146 5020; x_wconf 70' lang='lat' dir='ltr'><strong>Isaiwxxxvnt).</strong></span> 
     </span>
    </p>
   </div>
   <div class='ocr_carea' id='block_1_99' title="bbox 645 5019 2153 5087">
    <p class='ocr_par' dir='ltr' id='par_1_99' title="bbox 645 5019 2153 5087">
     <span class='ocr_line' id='line_1_100' title="bbox 645 5019 2153 5087; baseline 0.002 -17"><span class='ocrx_word' id='word_1_748' title='bbox 645 5031 666 5056; x_wconf 72' lang='grc' dir='ltr'><strong><em>ο</em></strong></span> <span class='ocrx_word' id='word_1_749' title='bbox 700 5021 979 5087; x_wconf 87' lang='lat' dir='ltr'><strong>Quomodo</strong></span> <span class='ocrx_word' id='word_1_750' title='bbox 1027 5020 1274 5075; x_wconf 80' lang='lat' dir='ltr'><strong>Ezechiae</strong></span> <span class='ocrx_word' id='word_1_751' title='bbox 1317 5019 1620 5086; x_wconf 87' lang='lat' dir='ltr'><strong>quindecim</strong></span> <span class='ocrx_word' id='word_1_752' title='bbox 1671 5021 1794 5072; x_wconf 89' lang='lat' dir='ltr'><strong>anni</strong></span> <span class='ocrx_word' id='word_1_753' title='bbox 1837 5019 2000 5072; x_wconf 88' lang='lat' dir='ltr'><strong>additi</strong></span> <span class='ocrx_word' id='word_1_754' title='bbox 2045 5021 2153 5073; x_wconf 89' lang='lat' dir='ltr'><strong>sint</strong></span> 
     </span>
    </p>
   </div>
   <div class='ocr_carea' id='block_1_100' title="bbox 569 5089 2151 5160">
    <p class='ocr_par' dir='ltr' id='par_1_100' title="bbox 569 5089 2151 5160">
     <span class='ocr_line' id='line_1_101' title="bbox 569 5089 2151 5160; baseline 0.001 -18"><span class='ocrx_word' id='word_1_755' title='bbox 569 5099 693 5158; x_wconf 79' lang='lat' dir='ltr'><strong>post</strong></span> <span class='ocrx_word' id='word_1_756' title='bbox 714 5091 968 5145; x_wconf 91' lang='lat' dir='ltr'><strong>indictum</strong></span> <span class='ocrx_word' id='word_1_757' title='bbox 993 5091 1116 5144; x_wconf 65' lang='lat' dir='ltr'><strong>vitae</strong></span> <span class='ocrx_word' id='word_1_758' title='bbox 1145 5091 1454 5152; x_wconf 85' lang='lat' dir='ltr'><strong>terminum,</strong></span> <span class='ocrx_word' id='word_1_759' title='bbox 1483 5091 1778 5160; x_wconf 87' lang='lat' dir='ltr'><strong>mortisque</strong></span> <span class='ocrx_word' id='word_1_760' title='bbox 1804 5089 1943 5144; x_wconf 90' lang='lat' dir='ltr'><strong>diem</strong></span> <span class='ocrx_word' id='word_1_761' title='bbox 1973 5090 2151 5160; x_wconf 81' lang='lat' dir='ltr'><strong>Domi-</strong></span> 
     </span>
    </p>
   </div>
   <div class='ocr_carea' id='block_1_101' title="bbox 569 5159 2151 5231">
    <p class='ocr_par' dir='ltr' id='par_1_101' title="bbox 569 5159 2151 5231">
     <span class='ocr_line' id='line_1_102' title="bbox 569 5159 2151 5231; baseline 0.001 -18"><span class='ocrx_word' id='word_1_762' title='bbox 569 5163 621 5214; x_wconf 91' lang='lat' dir='ltr'><strong>ni</strong></span> <span class='ocrx_word' id='word_1_763' title='bbox 652 5163 914 5217; x_wconf 81' lang='lat' dir='ltr'><strong>seuteutia</strong></span> <span class='ocrx_word' id='word_1_764' title='bbox 948 5163 1290 5227; x_wconf 72' lang='lat' dir='ltr'><strong>przelinitum.</strong></span> <span class='ocrx_word' id='word_1_765' title='bbox 1322 5171 1380 5215; x_wconf 90' lang='lat' dir='ltr'><strong>ut</strong></span> <span class='ocrx_word' id='word_1_766' title='bbox 1406 5160 1609 5218; x_wconf 78' lang='lat' dir='ltr'><strong>Auctor</strong></span> <span class='ocrx_word' id='word_1_767' title='bbox 1634 5159 1891 5231; x_wconf 89' lang='lat' dir='ltr'><strong>loquitur,</strong></span> <span class='ocrx_word' id='word_1_768' title='bbox 1924 5159 2151 5231; x_wconf 38' lang='grc' dir='ltr'><strong>Περι-θ-</strong></span> 
     </span>
    </p>
   </div>
   <div class='ocr_carea' id='block_1_102' title="bbox 567 5230 2146 5302">
    <p class='ocr_par' dir='ltr' id='par_1_102' title="bbox 567 5230 2146 5302">
     <span class='ocr_line' id='line_1_103' title="bbox 567 5230 2146 5302; baseline 0 -18"><span class='ocrx_word' id='word_1_769' title='bbox 567 5235 749 5300; x_wconf 79' lang='lat' dir='ltr'><strong>gorius</strong></span> <span class='ocrx_word' id='word_1_770' title='bbox 791 5233 1004 5302; x_wconf 72' lang='lat' dir='ltr'><strong>egregio</strong></span> <span class='ocrx_word' id='word_1_771' title='bbox 1054 5233 1234 5286; x_wconf 88' lang='lat' dir='ltr'><strong>itidem</strong></span> <span class='ocrx_word' id='word_1_772' title='bbox 1265 5232 1513 5301; x_wconf 84' lang='lat' dir='ltr'><strong>explicat,</strong></span> <span class='ocrx_word' id='word_1_773' title='bbox 1560 5242 1611 5284; x_wconf 90' lang='lat' dir='ltr'><strong>et</strong></span> <span class='ocrx_word' id='word_1_774' title='bbox 1656 5230 1877 5286; x_wconf 79' lang='lat' dir='ltr'><strong>resolvit</strong></span> <span class='ocrx_word' id='word_1_775' title='bbox 1905 5230 1969 5284; x_wconf 92' lang='lat' dir='ltr'><strong>ad</strong></span> <span class='ocrx_word' id='word_1_776' title='bbox 2002 5230 2146 5284; x_wconf 90' lang='lat' dir='ltr'><strong>illum</strong></span> 
     </span>
    </p>
   </div>
   <div class='ocr_carea' id='block_1_103' title="bbox 569 5303 2149 5372">
    <p class='ocr_par' dir='ltr' id='par_1_103' title="bbox 569 5303 2149 5372">
     <span class='ocr_line' id='line_1_104' title="bbox 569 5303 2149 5372; baseline 0 -18"><span class='ocrx_word' id='word_1_777' title='bbox 569 5305 742 5355; x_wconf 87' lang='lat' dir='ltr'><strong>locum</strong></span> <span class='ocrx_word' id='word_1_778' title='bbox 783 5303 904 5366; x_wconf 79' lang='lat' dir='ltr'><strong>Job,</strong></span> <span class='ocrx_word' id='word_1_779' title='bbox 952 5303 1274 5357; x_wconf 82' lang='lat' dir='ltr'><strong>Constituisti</strong></span> <span class='ocrx_word' id='word_1_780' title='bbox 1313 5305 1556 5357; x_wconf 85' lang='lat' dir='ltr'><strong>terminos</strong></span> <span class='ocrx_word' id='word_1_781' title='bbox 1599 5306 1733 5372; x_wconf 85' lang='lat' dir='ltr'><strong>ejus,</strong></span> <span class='ocrx_word' id='word_1_782' title='bbox 1773 5304 1861 5370; x_wconf 89' lang='lat' dir='ltr'><strong>qui</strong></span> <span class='ocrx_word' id='word_1_783' title='bbox 1900 5304 2149 5372; x_wconf 74' lang='lat' dir='ltr'><strong>prmteriri</strong></span> 
     </span>
    </p>
   </div>
   <div class='ocr_carea' id='block_1_104' title="bbox 565 5369 2149 5442">
    <p class='ocr_par' dir='ltr' id='par_1_104' title="bbox 565 5369 2149 5442">
     <span class='ocr_line' id='line_1_105' title="bbox 565 5369 2149 5442; baseline 0.001 -19"><span class='ocrx_word' id='word_1_784' title='bbox 565 5389 667 5424; x_wconf 86' lang='lat' dir='ltr'><strong>non</strong></span> <span class='ocrx_word' id='word_1_785' title='bbox 696 5382 950 5442; x_wconf 86' lang='lat' dir='ltr'><strong>poterunt.</strong></span> <span class='ocrx_word' id='word_1_786' title='bbox 985 5373 1048 5426; x_wconf 81' lang='lat' dir='ltr'><strong>Et</strong></span> <span class='ocrx_word' id='word_1_787' title='bbox 1077 5375 1141 5435; x_wconf 88' lang='lat' dir='ltr'><strong>si,</strong></span> <span class='ocrx_word' id='word_1_788' title='bbox 1181 5375 1374 5440; x_wconf 87' lang='lat' dir='ltr'><strong>inquit,</strong></span> <span class='ocrx_word' id='word_1_789' title='bbox 1401 5389 1572 5442; x_wconf 19' lang='lat' dir='ltr'><strong>annos,</strong></span> <span class='ocrx_word' id='word_1_790' title='bbox 1599 5369 1883 5438; x_wconf 77' lang='lat' dir='ltr'><strong>quindecim</strong></span> <span class='ocrx_word' id='word_1_791' title='bbox 1901 5369 2149 5425; x_wconf 69' lang='lat' dir='ltr'><strong>Ezechiel:</strong></span> 
     </span>
    </p>
   </div>
   <div class='ocr_carea' id='block_1_105' title="bbox 565 5441 2149 5508">
    <p class='ocr_par' dir='ltr' id='par_1_105' title="bbox 565 5441 2149 5508">
     <span class='ocr_line' id='line_1_106' title="bbox 565 5441 2149 5508; baseline 0.002 -15"><span class='ocrx_word' id='word_1_792' title='bbox 565 5444 676 5508; x_wconf 87' lang='lat' dir='ltr'><strong>regi</strong></span> <span class='ocrx_word' id='word_1_793' title='bbox 697 5441 770 5495; x_wconf 74' lang='lat' dir='ltr'><strong>ad</strong></span> <span class='ocrx_word' id='word_1_794' title='bbox 797 5446 954 5497; x_wconf 84' lang='lat' dir='ltr'><strong>ritum</strong></span> <span class='ocrx_word' id='word_1_795' title='bbox 981 5446 1179 5497; x_wconf 86' lang='lat' dir='ltr'><strong>addidit</strong></span> <span class='ocrx_word' id='word_1_796' title='bbox 1205 5447 1526 5508; x_wconf 87' lang='lat' dir='ltr'><strong>omnipotens</strong></span> <span class='ocrx_word' id='word_1_797' title='bbox 1550 5441 1711 5504; x_wconf 84' lang='lat' dir='ltr'><strong>Deus,</strong></span> <span class='ocrx_word' id='word_1_798' title='bbox 1739 5458 1852 5495; x_wconf 89' lang='lat' dir='ltr'><strong>cum</strong></span> <span class='ocrx_word' id='word_1_799' title='bbox 1878 5457 1990 5494; x_wconf 89' lang='lat' dir='ltr'><strong>eum</strong></span> <span class='ocrx_word' id='word_1_800' title='bbox 2020 5445 2149 5496; x_wconf 88' lang='lat' dir='ltr'><strong>mori</strong></span> 
     </span>
    </p>
   </div>
   <div class='ocr_carea' id='block_1_106' title="bbox 567 5511 2148 5584">
    <p class='ocr_par' dir='ltr' id='par_1_106' title="bbox 567 5511 2148 5584">
     <span class='ocr_line' id='line_1_107' title="bbox 567 5511 2148 5584; baseline 0.003 -22"><span class='ocrx_word' id='word_1_801' title='bbox 567 5513 819 5577; x_wconf 82' lang='lat' dir='ltr'><strong>permisit,</strong></span> <span class='ocrx_word' id='word_1_802' title='bbox 852 5523 971 5566; x_wconf 90' lang='lat' dir='ltr'><strong>tunc</strong></span> <span class='ocrx_word' id='word_1_803' title='bbox 997 5532 1112 5566; x_wconf 89' lang='lat' dir='ltr'><strong>eum</strong></span> <span class='ocrx_word' id='word_1_804' title='bbox 1141 5516 1395 5584; x_wconf 71' lang='lat' dir='ltr'><strong>prmscivit</strong></span> <span class='ocrx_word' id='word_1_805' title='bbox 1424 5530 1529 5567; x_wconf 86' lang='lat' dir='ltr'><strong>esse</strong></span> <span class='ocrx_word' id='word_1_806' title='bbox 1561 5515 1891 5566; x_wconf 76' lang='lat' dir='ltr'><strong>moriturum.</strong></span> <span class='ocrx_word' id='word_1_807' title='bbox 1925 5511 2053 5584; x_wconf 74' lang='lat' dir='ltr'><strong>Qua</strong></span> <span class='ocrx_word' id='word_1_808' title='bbox 2093 5513 2148 5566; x_wconf 88' lang='lat' dir='ltr'><strong>in</strong></span> 
     </span>
    </p>
   </div>
   <div class='ocr_carea' id='block_1_107' title="bbox 567 5582 2144 5654">
    <p class='ocr_par' dir='ltr' id='par_1_107' title="bbox 567 5582 2144 5654">
     <span class='ocr_line' id='line_1_108' title="bbox 567 5582 2144 5654; baseline 0.003 -23"><span class='ocrx_word' id='word_1_809' title='bbox 567 5584 856 5654; x_wconf 71' lang='lat' dir='ltr'><strong>r_e_qutestio</strong></span> <span class='ocrx_word' id='word_1_810' title='bbox 884 5585 1068 5643; x_wconf 83' lang='lat' dir='ltr'><strong>oritur-.</strong></span> <span class='ocrx_word' id='word_1_811' title='bbox 1101 5582 1357 5653; x_wconf 85' lang='lat' dir='ltr'><strong>quomodo</strong></span> <span class='ocrx_word' id='word_1_812' title='bbox 1380 5586 1426 5638; x_wconf 90' lang='lat' dir='ltr'><strong>ei</strong></span> <span class='ocrx_word' id='word_1_813' title='bbox 1457 5601 1548 5652; x_wconf 85' lang='lat' dir='ltr'><strong>per</strong></span> <span class='ocrx_word' id='word_1_814' title='bbox 1577 5585 1874 5654; x_wconf 76' lang='lat' dir='ltr'><strong>praplietaui</strong></span> <span class='ocrx_word' id='word_1_815' title='bbox 1903 5582 2144 5635; x_wconf 86' lang='lat' dir='ltr'><strong>dicatur:</strong></span> 
     </span>
    </p>
   </div>
   <div class='ocr_carea' id='block_1_108' title="bbox 567 5648 2146 5722">
    <p class='ocr_par' dir='ltr' id='par_1_108' title="bbox 567 5648 2146 5722">
     <span class='ocr_line' id='line_1_109' title="bbox 567 5648 2146 5722; baseline 0.004 -22"><span class='ocrx_word' id='word_1_816' title='bbox 567 5648 797 5717; x_wconf 87' lang='lat' dir='ltr'><strong>Dispone</strong></span> <span class='ocrx_word' id='word_1_817' title='bbox 823 5653 995 5704; x_wconf 85' lang='lat' dir='ltr'><strong>domui</strong></span> <span class='ocrx_word' id='word_1_818' title='bbox 1027 5648 1144 5716; x_wconf 73' lang='lat' dir='ltr'><strong>tute,</strong></span> <span class='ocrx_word' id='word_1_819' title='bbox 1173 5655 1293 5722; x_wconf 80' lang='lat' dir='ltr'><strong>quia</strong></span> <span class='ocrx_word' id='word_1_820' title='bbox 1321 5648 1548 5707; x_wconf 82' lang='lat' dir='ltr'><strong>morieris</strong></span> <span class='ocrx_word' id='word_1_821' title='bbox 1577 5648 1652 5718; x_wconf 79' lang='lat' dir='ltr'><strong>tu,</strong></span> <span class='ocrx_word' id='word_1_822' title='bbox 1672 5648 1721 5707; x_wconf 80' lang='lat' dir='ltr'><strong>et</strong></span> <span class='ocrx_word' id='word_1_823' title='bbox 1743 5671 1845 5707; x_wconf 89' lang='lat' dir='ltr'><strong>non</strong></span> <span class='ocrx_word' id='word_1_824' title='bbox 1865 5655 1997 5706; x_wconf 78' lang='lat' dir='ltr'><strong>vives</strong></span> <span class='ocrx_word' id='word_1_825' title='bbox 2022 5667 2041 5706; x_wconf 88' lang='lat'><strong><em>:</em></strong></span> <span class='ocrx_word' id='word_1_826' title='bbox 2063 5655 2146 5707; x_wconf 86' lang='lat' dir='ltr'><strong>cui</strong></span> 
     </span>
    </p>
   </div>
   <div class='ocr_carea' id='block_1_109' title="bbox 570 5723 2138 5799">
    <p class='ocr_par' dir='ltr' id='par_1_109' title="bbox 570 5723 2138 5799">
     <span class='ocr_line' id='line_1_110' title="bbox 570 5723 2138 5799; baseline 0.007 -27"><span class='ocrx_word' id='word_1_827' title='bbox 570 5735 684 5772; x_wconf 79' lang='lat' dir='ltr'><strong>cum</strong></span> <span class='ocrx_word' id='word_1_828' title='bbox 714 5723 890 5774; x_wconf 87' lang='lat' dir='ltr'><strong>mortis</strong></span> <span class='ocrx_word' id='word_1_829' title='bbox 921 5724 1170 5780; x_wconf 85' lang='lat' dir='ltr'><strong>sententia</strong></span> <span class='ocrx_word' id='word_1_830' title='bbox 1201 5724 1339 5791; x_wconf 82' lang='lat' dir='ltr'><strong>dicta</strong></span> <span class='ocrx_word' id='word_1_831' title='bbox 1366 5733 1455 5789; x_wconf 84' lang='lat' dir='ltr'><strong>est,</strong></span> <span class='ocrx_word' id='word_1_832' title='bbox 1488 5725 1724 5791; x_wconf 81' lang='lat' dir='ltr'><strong>protinus</strong></span> <span class='ocrx_word' id='word_1_833' title='bbox 1745 5725 1813 5782; x_wconf 79' lang='lat' dir='ltr'><strong>ad</strong></span> <span class='ocrx_word' id='word_1_834' title='bbox 1836 5727 1948 5796; x_wconf 80' lang='lat' dir='ltr'><strong>ejus</strong></span> <span class='ocrx_word' id='word_1_835' title='bbox 1976 5724 2138 5799; x_wconf 73' lang='lat' dir='ltr'><strong>laery-</strong></span> 
     </span>
    </p>
   </div>
   <div class='ocr_carea' id='block_1_110' title="bbox 2000 4242 2154 4311">
    <p class='ocr_par' dir='ltr' id='par_1_110' title="bbox 2000 4242 2154 4311">
     <span class='ocr_line' id='line_1_111' title="bbox 2000 4242 2154 4311; baseline 0.006 -17"><span class='ocrx_word' id='word_1_836' title='bbox 2000 4242 2154 4311; x_wconf 86' lang='lat' dir='ltr'><strong>quid-</strong></span> 
     </span>
    </p>
   </div>
   <div class='ocr_carea' id='block_1_111' title="bbox 2248 3114 3810 3188">
    <p class='ocr_par' dir='ltr' id='par_1_111' title="bbox 2248 3114 3810 3188">
     <span class='ocr_line' id='line_1_112' title="bbox 2248 3114 3810 3188; baseline -0.003 -18"><span class='ocrx_word' id='word_1_837' title='bbox 2248 3114 2668 3188; x_wconf 52' lang='lat' dir='ltr'><strong>redintegras&#39;se,</strong></span> <span class='ocrx_word' id='word_1_838' title='bbox 2696 3135 2756 3172; x_wconf 86' lang='lat' dir='ltr'><strong>ac</strong></span> <span class='ocrx_word' id='word_1_839' title='bbox 2778 3119 2979 3173; x_wconf 87' lang='lat' dir='ltr'><strong>sensim</strong></span> <span class='ocrx_word' id='word_1_840' title='bbox 3005 3119 3072 3172; x_wconf 88' lang='lat' dir='ltr'><strong>ad</strong></span> <span class='ocrx_word' id='word_1_841' title='bbox 3096 3133 3344 3172; x_wconf 91' lang='lat' dir='ltr'><strong>occasum</strong></span> <span class='ocrx_word' id='word_1_842' title='bbox 3375 3117 3723 3186; x_wconf 64' lang='lat' dir='ltr'><strong>processisse.</strong></span> <span class='ocrx_word' id='word_1_843' title='bbox 3746 3114 3810 3167; x_wconf 83' lang='lat' dir='ltr'><strong>Ita</strong></span> 
     </span>
    </p>
   </div>
   <div class='ocr_carea' id='block_1_112' title="bbox 2247 3188 3809 3256">
    <p class='ocr_par' dir='ltr' id='par_1_112' title="bbox 2247 3188 3809 3256">
     <span class='ocr_line' id='line_1_113' title="bbox 2247 3188 3809 3256; baseline -0.004 -13"><span class='ocrx_word' id='word_1_844' title='bbox 2247 3189 2529 3243; x_wconf 70' lang='lat' dir='ltr'><strong>Chaldmus</strong></span> <span class='ocrx_word' id='word_1_845' title='bbox 2561 3190 2966 3256; x_wconf 84' lang='lat' dir='ltr'><strong>Paraphrastes.</strong></span> <span class='ocrx_word' id='word_1_846' title='bbox 3017 3189 3120 3244; x_wconf 83' lang='lat' dir='ltr'><strong>Alii</strong></span> <span class='ocrx_word' id='word_1_847' title='bbox 3165 3204 3290 3243; x_wconf 79' lang='lat' dir='ltr'><strong>vero</strong></span> <span class='ocrx_word' id='word_1_848' title='bbox 3318 3189 3612 3256; x_wconf 81' lang='lat' dir='ltr'><strong>Opinantur</strong></span> <span class='ocrx_word' id='word_1_849' title='bbox 3656 3188 3809 3239; x_wconf 86' lang='lat' dir='ltr'><strong>lineas</strong></span> 
     </span>
    </p>
   </div>
   <div class='ocr_carea' id='block_1_113' title="bbox 2249 3258 3812 3329">
    <p class='ocr_par' dir='ltr' id='par_1_113' title="bbox 2249 3258 3812 3329">
     <span class='ocr_line' id='line_1_114' title="bbox 2249 3258 3812 3329; baseline -0.002 -18"><span class='ocrx_word' id='word_1_850' title='bbox 2249 3259 2514 3326; x_wconf 81' lang='lat' dir='ltr'><strong>horologii</strong></span> <span class='ocrx_word' id='word_1_851' title='bbox 2542 3277 2646 3313; x_wconf 93' lang='lat' dir='ltr'><strong>nou</strong></span> <span class='ocrx_word' id='word_1_852' title='bbox 2675 3261 2989 3329; x_wconf 61' lang='lat' dir='ltr'><strong>designasse</strong></span> <span class='ocrx_word' id='word_1_853' title='bbox 3012 3261 3172 3313; x_wconf 87' lang='lat' dir='ltr'><strong>horas</strong></span> <span class='ocrx_word' id='word_1_854' title='bbox 3193 3261 3450 3326; x_wconf 77' lang='lat' dir='ltr'><strong>integras,</strong></span> <span class='ocrx_word' id='word_1_855' title='bbox 3468 3259 3564 3312; x_wconf 85' lang='lat' dir='ltr'><strong>sed</strong></span> <span class='ocrx_word' id='word_1_856' title='bbox 3587 3258 3812 3329; x_wconf 71' lang='lat' dir='ltr'><strong>dimidia-</strong></span> 
     </span>
    </p>
   </div>
   <div class='ocr_carea' id='block_1_114' title="bbox 2251 3325 3814 3398">
    <p class='ocr_par' dir='ltr' id='par_1_114' title="bbox 2251 3325 3814 3398">
     <span class='ocr_line' id='line_1_115' title="bbox 2251 3325 3814 3398; baseline -0.004 -15"><span class='ocrx_word' id='word_1_857' title='bbox 2251 3339 2370 3383; x_wconf 85' lang='lat' dir='ltr'><strong>tas:</strong></span> <span class='ocrx_word' id='word_1_858' title='bbox 2404 3325 2584 3398; x_wconf 87' lang='lat' dir='ltr'><strong>itaque</strong></span> <span class='ocrx_word' id='word_1_859' title='bbox 2625 3333 2765 3385; x_wconf 91' lang='lat' dir='ltr'><strong>diem</strong></span> <span class='ocrx_word' id='word_1_860' title='bbox 2799 3325 2968 3384; x_wconf 80' lang='lat' dir='ltr'><strong>istum</strong></span> <span class='ocrx_word' id='word_1_861' title='bbox 3020 3330 3206 3384; x_wconf 89' lang='lat' dir='ltr'><strong>decem</strong></span> <span class='ocrx_word' id='word_1_862' title='bbox 3263 3325 3412 3384; x_wconf 74' lang='lat' dir='ltr'><strong>hoi-is</strong></span> <span class='ocrx_word' id='word_1_863' title='bbox 3463 3325 3814 3382; x_wconf 83' lang='lat' dir='ltr'><strong>tantummodo</strong></span> 
     </span>
    </p>
   </div>
   <div class='ocr_carea' id='block_1_115' title="bbox 2249 3398 3817 3469">
    <p class='ocr_par' dir='ltr' id='par_1_115' title="bbox 2249 3398 3817 3469">
     <span class='ocr_line' id='line_1_116' title="bbox 2249 3398 3817 3469; baseline -0.004 -15"><span class='ocrx_word' id='word_1_864' title='bbox 2249 3403 2576 3463; x_wconf 81' lang='lat' dir='ltr'><strong>excrevisse,</strong></span> <span class='ocrx_word' id='word_1_865' title='bbox 2593 3402 2831 3469; x_wconf 89' lang='lat' dir='ltr'><strong>quinque</strong></span> <span class='ocrx_word' id='word_1_866' title='bbox 2851 3402 3102 3455; x_wconf 82' lang='lat' dir='ltr'><strong>videlicet</strong></span> <span class='ocrx_word' id='word_1_867' title='bbox 3129 3402 3178 3453; x_wconf 90' lang='lat' dir='ltr'><strong>in</strong></span> <span class='ocrx_word' id='word_1_868' title='bbox 3209 3411 3544 3469; x_wconf 74' lang='lat' dir='ltr'><strong>retrogresSn</strong></span> <span class='ocrx_word' id='word_1_869' title='bbox 3565 3401 3627 3452; x_wconf 90' lang='lat' dir='ltr'><strong>ad</strong></span> <span class='ocrx_word' id='word_1_870' title='bbox 3650 3398 3817 3469; x_wconf 85' lang='lat' dir='ltr'><strong>Orien-</strong></span> 
     </span>
    </p>
   </div>
   <div class='ocr_carea' id='block_1_116' title="bbox 2252 3466 3817 3539">
    <p class='ocr_par' dir='ltr' id='par_1_116' title="bbox 2252 3466 3817 3539">
     <span class='ocr_line' id='line_1_117' title="bbox 2252 3466 3817 3539; baseline -0.003 -15"><span class='ocrx_word' id='word_1_871' title='bbox 2252 3482 2390 3526; x_wconf 65' lang='lat' dir='ltr'><strong>tem.</strong></span> <span class='ocrx_word' id='word_1_872' title='bbox 2419 3481 2473 3524; x_wconf 90' lang='lat' dir='ltr'><strong>et</strong></span> <span class='ocrx_word' id='word_1_873' title='bbox 2499 3466 2754 3539; x_wconf 80' lang='lat' dir='ltr'><strong>quinque</strong></span> <span class='ocrx_word' id='word_1_874' title='bbox 2782 3475 2830 3524; x_wconf 95' lang='lat' dir='ltr'><strong>iu</strong></span> <span class='ocrx_word' id='word_1_875' title='bbox 2877 3487 3097 3526; x_wconf 90' lang='lat' dir='ltr'><strong>recursu</strong></span> <span class='ocrx_word' id='word_1_876' title='bbox 3123 3471 3189 3523; x_wconf 89' lang='lat' dir='ltr'><strong>ad</strong></span> <span class='ocrx_word' id='word_1_877' title='bbox 3221 3466 3666 3537; x_wconf 52' lang='lat' dir='ltr'><strong>idem&#39;punctum,</strong></span> <span class='ocrx_word' id='word_1_878' title='bbox 3690 3466 3817 3522; x_wconf 88' lang='lat' dir='ltr'><strong>unde</strong></span> 
     </span>
    </p>
   </div>
   <div class='ocr_carea' id='block_1_117' title="bbox 2251 3541 3817 3596">
    <p class='ocr_par' dir='ltr' id='par_1_117' title="bbox 2251 3541 3817 3596">
     <span class='ocr_line' id='line_1_118' title="bbox 2251 3541 3817 3596; baseline -0.004 0"><span class='ocrx_word' id='word_1_879' title='bbox 2251 3549 2661 3596; x_wconf 70' lang='lat' dir='ltr'><strong>retrocesserat.</strong></span> <span class='ocrx_word' id='word_1_880' title='bbox 2713 3542 2910 3596; x_wconf 86' lang='lat' dir='ltr'><strong>llornm</strong></span> <span class='ocrx_word' id='word_1_881' title='bbox 2965 3545 3278 3595; x_wconf 90' lang='lat' dir='ltr'><strong>alterutrum</strong></span> <span class='ocrx_word' id='word_1_882' title='bbox 3335 3542 3571 3596; x_wconf 75' lang='lat' dir='ltr'><strong>sensisse</strong></span> <span class='ocrx_word' id='word_1_883' title='bbox 3620 3541 3817 3592; x_wconf 84' lang='lat' dir='ltr'><strong>videtur</strong></span> 
     </span>
    </p>
   </div>
   <div class='ocr_carea' id='block_1_118' title="bbox 2249 3612 3815 3679">
    <p class='ocr_par' dir='ltr' id='par_1_118' title="bbox 2249 3612 3815 3679">
     <span class='ocr_line' id='line_1_119' title="bbox 2249 3612 3815 3679; baseline -0.005 -12"><span class='ocrx_word' id='word_1_884' title='bbox 2249 3613 2559 3675; x_wconf 58' lang='lat' dir='ltr'><strong>Cassianus,</strong></span> <span class='ocrx_word' id='word_1_885' title='bbox 2591 3613 2716 3666; x_wconf 85' lang='lat' dir='ltr'><strong>dum</strong></span> <span class='ocrx_word' id='word_1_886' title='bbox 2745 3614 2875 3667; x_wconf 83' lang='lat' dir='ltr'><strong>dicit</strong></span> <span class='ocrx_word' id='word_1_887' title='bbox 2903 3612 3221 3678; x_wconf 85' lang='lat' dir='ltr'><strong>duplicatum</strong></span> <span class='ocrx_word' id='word_1_888' title='bbox 3247 3614 3406 3679; x_wconf 78' lang='lat' dir='ltr'><strong>fuisse</strong></span> <span class='ocrx_word' id='word_1_889' title='bbox 3426 3613 3560 3665; x_wconf 86' lang='lat' dir='ltr'><strong>diem</strong></span> <span class='ocrx_word' id='word_1_890' title='bbox 3593 3614 3815 3663; x_wconf 67' lang='lat' dir='ltr'><strong>univrrso</strong></span> 
     </span>
    </p>
   </div>
   <div class='ocr_carea' id='block_1_119' title="bbox 2251 3682 3812 3746">
    <p class='ocr_par' dir='ltr' id='par_1_119' title="bbox 2251 3682 3812 3746">
     <span class='ocr_line' id='line_1_120' title="bbox 2251 3682 3812 3746; baseline 0.001 -10"><span class='ocrx_word' id='word_1_891' title='bbox 2251 3684 2398 3740; x_wconf 87' lang='lat' dir='ltr'><strong>orbi.</strong></span> <span class='ocrx_word' id='word_1_892' title='bbox 2426 3683 2633 3737; x_wconf 87' lang='lat' dir='ltr'><strong>duabus</strong></span> <span class='ocrx_word' id='word_1_893' title='bbox 2661 3691 2842 3737; x_wconf 83' lang='lat' dir='ltr'><strong>tamen</strong></span> <span class='ocrx_word' id='word_1_894' title='bbox 2889 3682 3034 3737; x_wconf 88' lang='lat' dir='ltr'><strong>horis</strong></span> <span class='ocrx_word' id='word_1_895' title='bbox 3074 3682 3253 3737; x_wconf 89' lang='lat' dir='ltr'><strong>adhuc</strong></span> <span class='ocrx_word' id='word_1_896' title='bbox 3299 3683 3634 3736; x_wconf 81' lang='lat' dir='ltr'><strong>restantibus</strong></span> <span class='ocrx_word' id='word_1_897' title='bbox 3661 3722 3674 3746; x_wconf 90' lang='lat'><strong>,</strong></span> <span class='ocrx_word' id='word_1_898' title='bbox 3705 3692 3812 3737; x_wconf 83' lang='lat' dir='ltr'><strong>cum</strong></span> 
     </span>
    </p>
   </div>
   <div class='ocr_carea' id='block_1_120' title="bbox 2251 3750 3814 3823">
    <p class='ocr_par' dir='ltr' id='par_1_120' title="bbox 2251 3750 3814 3823">
     <span class='ocr_line' id='line_1_121' title="bbox 2251 3750 3814 3823; baseline -0.004 -17"><span class='ocrx_word' id='word_1_899' title='bbox 2251 3755 2476 3823; x_wconf 88' lang='lat' dir='ltr'><strong>quilibet</strong></span> <span class='ocrx_word' id='word_1_900' title='bbox 2504 3754 2620 3808; x_wconf 89' lang='lat' dir='ltr'><strong>dies</strong></span> <span class='ocrx_word' id='word_1_901' title='bbox 2643 3755 2958 3818; x_wconf 68' lang='lat' dir='ltr'><strong>artiﬁcialis,</strong></span> <span class='ocrx_word' id='word_1_902' title='bbox 2978 3765 3033 3808; x_wconf 92' lang='lat' dir='ltr'><strong>et</strong></span> <span class='ocrx_word' id='word_1_903' title='bbox 3060 3753 3313 3822; x_wconf 72' lang='lat' dir='ltr'><strong>quaelibet</strong></span> <span class='ocrx_word' id='word_1_904' title='bbox 3335 3769 3440 3806; x_wconf 84' lang='lat' dir='ltr'><strong>nox</strong></span> <span class='ocrx_word' id='word_1_905' title='bbox 3465 3754 3517 3805; x_wconf 90' lang='lat' dir='ltr'><strong>in</strong></span> <span class='ocrx_word' id='word_1_906' title='bbox 3547 3750 3814 3806; x_wconf 79' lang='lat' dir='ltr'><strong>duodecim</strong></span> 
     </span>
    </p>
   </div>
   <div class='ocr_carea' id='block_1_121' title="bbox 2251 3823 3814 3894">
    <p class='ocr_par' dir='ltr' id='par_1_121' title="bbox 2251 3823 3814 3894">
     <span class='ocr_line' id='line_1_122' title="bbox 2251 3823 3814 3894; baseline -0.003 -19"><span class='ocrx_word' id='word_1_907' title='bbox 2251 3837 2432 3894; x_wconf 79' lang='lat' dir='ltr'><strong>partes</strong></span> <span class='ocrx_word' id='word_1_908' title='bbox 2460 3827 2696 3894; x_wconf 67' lang='lat' dir='ltr'><strong>aequales</strong></span> <span class='ocrx_word' id='word_1_909' title='bbox 2723 3839 2816 3878; x_wconf 87' lang='lat' dir='ltr'><strong>seu</strong></span> <span class='ocrx_word' id='word_1_910' title='bbox 2857 3825 3018 3894; x_wconf 85' lang='lat' dir='ltr'><strong>horas</strong></span> <span class='ocrx_word' id='word_1_911' title='bbox 3046 3823 3187 3892; x_wconf 88' lang='lat' dir='ltr'><strong>apud</strong></span> <span class='ocrx_word' id='word_1_912' title='bbox 3221 3833 3432 3878; x_wconf 86' lang='lat' dir='ltr'><strong>veteres</strong></span> <span class='ocrx_word' id='word_1_913' title='bbox 3470 3824 3814 3880; x_wconf 89' lang='lat' dir='ltr'><strong>divideretur,</strong></span> 
     </span>
    </p>
   </div>
   <div class='ocr_carea' id='block_1_122' title="bbox 2254 3893 3814 3962">
    <p class='ocr_par' dir='ltr' id='par_1_122' title="bbox 2254 3893 3814 3962">
     <span class='ocr_line' id='line_1_123' title="bbox 2254 3893 3814 3962; baseline -0.003 -14"><span class='ocrx_word' id='word_1_914' title='bbox 2254 3893 2307 3948; x_wconf 82' lang='lat' dir='ltr'><strong>ut</strong></span> <span class='ocrx_word' id='word_1_915' title='bbox 2335 3911 2479 3962; x_wconf 61' lang='lat' dir='ltr'><strong>stupe</strong></span> <span class='ocrx_word' id='word_1_916' title='bbox 2519 3893 2720 3950; x_wconf 89' lang='lat' dir='ltr'><strong>dictum</strong></span> <span class='ocrx_word' id='word_1_917' title='bbox 2761 3905 2866 3950; x_wconf 90' lang='lat' dir='ltr'><strong>est.</strong></span> <span class='ocrx_word' id='word_1_918' title='bbox 2900 3893 3080 3948; x_wconf 86' lang='lat' dir='ltr'><strong>Tertia</strong></span> <span class='ocrx_word' id='word_1_919' title='bbox 3113 3904 3167 3947; x_wconf 88' lang='lat' dir='ltr'><strong>et</strong></span> <span class='ocrx_word' id='word_1_920' title='bbox 3199 3894 3378 3948; x_wconf 88' lang='lat' dir='ltr'><strong>verior</strong></span> <span class='ocrx_word' id='word_1_921' title='bbox 3412 3895 3681 3948; x_wconf 85' lang='lat' dir='ltr'><strong>sententia</strong></span> <span class='ocrx_word' id='word_1_922' title='bbox 3708 3899 3781 3944; x_wconf 72' lang='lat' dir='ltr'><strong>est</strong></span> <span class='ocrx_word' id='word_1_923' title='bbox 3802 3928 3814 3951; x_wconf 82' lang='lat'><strong>.</strong></span> 
     </span>
    </p>
   </div>
   <div class='ocr_carea' id='block_1_123' title="bbox 2251 3962 3819 4035">
    <p class='ocr_par' dir='ltr' id='par_1_123' title="bbox 2251 3962 3819 4035">
     <span class='ocr_line' id='line_1_124' title="bbox 2251 3962 3819 4035; baseline -0.005 -16"><span class='ocrx_word' id='word_1_924' title='bbox 2251 3966 2548 4035; x_wconf 87' lang='lat' dir='ltr'><strong>quamlibet</strong></span> <span class='ocrx_word' id='word_1_925' title='bbox 2578 3967 2793 4029; x_wconf 89' lang='lat' dir='ltr'><strong>lineam,</strong></span> <span class='ocrx_word' id='word_1_926' title='bbox 2825 3981 2920 4028; x_wconf 78' lang='lat' dir='ltr'><strong>seu</strong></span> <span class='ocrx_word' id='word_1_927' title='bbox 2943 3967 3164 4033; x_wconf 86' lang='lat' dir='ltr'><strong>gradum</strong></span> <span class='ocrx_word' id='word_1_928' title='bbox 3201 3965 3384 4018; x_wconf 85' lang='lat' dir='ltr'><strong>horam</strong></span> <span class='ocrx_word' id='word_1_929' title='bbox 3417 3967 3704 4035; x_wconf 76' lang='lat' dir='ltr'><strong>integram,</strong></span> <span class='ocrx_word' id='word_1_930' title='bbox 3731 3962 3819 4013; x_wconf 89' lang='lat' dir='ltr'><strong>hoc</strong></span> 
     </span>
    </p>
   </div>
   <div class='ocr_carea' id='block_1_124' title="bbox 2255 4034 3818 4104">
    <p class='ocr_par' dir='ltr' id='par_1_124' title="bbox 2255 4034 3818 4104">
     <span class='ocr_line' id='line_1_125' title="bbox 2255 4034 3818 4104; baseline -0.006 -14"><span class='ocrx_word' id='word_1_931' title='bbox 2255 4034 2357 4097; x_wconf 81' lang='lat' dir='ltr'><strong>est,</strong></span> <span class='ocrx_word' id='word_1_932' title='bbox 2384 4038 2613 4104; x_wconf 79' lang='lat' dir='ltr'><strong>Spatium</strong></span> <span class='ocrx_word' id='word_1_933' title='bbox 2639 4040 2796 4090; x_wconf 91' lang='lat' dir='ltr'><strong>unius</strong></span> <span class='ocrx_word' id='word_1_934' title='bbox 2821 4038 2965 4089; x_wconf 74' lang='lat' dir='ltr'><strong>hora:</strong></span> <span class='ocrx_word' id='word_1_935' title='bbox 2988 4037 3333 4104; x_wconf 82' lang='lat' dir='ltr'><strong>designasse;</strong></span> <span class='ocrx_word' id='word_1_936' title='bbox 3358 4049 3420 4088; x_wconf 89' lang='lat' dir='ltr'><strong>ac</strong></span> <span class='ocrx_word' id='word_1_937' title='bbox 3445 4035 3671 4102; x_wconf 88' lang='lat' dir='ltr'><strong>proinde</strong></span> <span class='ocrx_word' id='word_1_938' title='bbox 3695 4034 3818 4104; x_wconf 84' lang='lat' dir='ltr'><strong>hunc</strong></span> 
     </span>
    </p>
   </div>
   <div class='ocr_carea' id='block_1_125' title="bbox 2255 4101 3815 4174">
    <p class='ocr_par' dir='ltr' id='par_1_125' title="bbox 2255 4101 3815 4174">
     <span class='ocr_line' id='line_1_126' title="bbox 2255 4101 3815 4174; baseline -0.005 -15"><span class='ocrx_word' id='word_1_939' title='bbox 2255 4105 2396 4160; x_wconf 89' lang='lat' dir='ltr'><strong>diem</strong></span> <span class='ocrx_word' id='word_1_940' title='bbox 2418 4101 2636 4160; x_wconf 77' lang='lat' dir='ltr'><strong>auctum</strong></span> <span class='ocrx_word' id='word_1_941' title='bbox 2659 4107 2822 4161; x_wconf 82' lang='lat' dir='ltr'><strong>luisse</strong></span> <span class='ocrx_word' id='word_1_942' title='bbox 2846 4107 3032 4174; x_wconf 72' lang='lat' dir='ltr'><strong>viginti</strong></span> <span class='ocrx_word' id='word_1_943' title='bbox 3064 4101 3240 4159; x_wconf 78' lang='lat' dir='ltr'><strong>horis:</strong></span> <span class='ocrx_word' id='word_1_944' title='bbox 3271 4114 3325 4159; x_wconf 90' lang='lat' dir='ltr'><strong>et</strong></span> <span class='ocrx_word' id='word_1_945' title='bbox 3356 4101 3464 4159; x_wconf 85' lang='lat' dir='ltr'><strong>non</strong></span> <span class='ocrx_word' id='word_1_946' title='bbox 3489 4101 3815 4174; x_wconf 87' lang='lat' dir='ltr'><strong>solummodo</strong></span> 
     </span>
    </p>
   </div>
   <div class='ocr_carea' id='block_1_126' title="bbox 2255 4171 3819 4245">
    <p class='ocr_par' dir='ltr' id='par_1_126' title="bbox 2255 4171 3819 4245">
     <span class='ocr_line' id='line_1_127' title="bbox 2255 4171 3819 4245; baseline -0.004 -16"><span class='ocrx_word' id='word_1_947' title='bbox 2255 4176 2612 4243; x_wconf 87' lang='lat' dir='ltr'><strong>duplicatum,</strong></span> <span class='ocrx_word' id='word_1_948' title='bbox 2645 4178 2739 4230; x_wconf 87' lang='lat' dir='ltr'><strong>sed</strong></span> <span class='ocrx_word' id='word_1_949' title='bbox 2784 4171 3270 4242; x_wconf 54' lang='lat' dir='ltr'><strong>lere—triplicatum</strong></span> <span class='ocrx_word' id='word_1_950' title='bbox 3291 4218 3306 4239; x_wconf 88' lang='lat'><strong>,</strong></span> <span class='ocrx_word' id='word_1_951' title='bbox 3339 4185 3395 4229; x_wconf 92' lang='lat' dir='ltr'><strong>ut</strong></span> <span class='ocrx_word' id='word_1_952' title='bbox 3433 4177 3527 4245; x_wconf 90' lang='lat' dir='ltr'><strong>qui</strong></span> <span class='ocrx_word' id='word_1_953' title='bbox 3562 4176 3709 4229; x_wconf 86' lang='lat' dir='ltr'><strong>horis</strong></span> <span class='ocrx_word' id='word_1_954' title='bbox 3738 4171 3819 4225; x_wconf 84' lang='lat' dir='ltr'><strong>tri—</strong></span> 
     </span>
    </p>
   </div>
   <div class='ocr_carea' id='block_1_127' title="bbox 2254 4246 3817 4315">
    <p class='ocr_par' dir='ltr' id='par_1_127' title="bbox 2254 4246 3817 4315">
     <span class='ocr_line' id='line_1_128' title="bbox 2254 4246 3817 4315; baseline -0.004 -15"><span class='ocrx_word' id='word_1_955' title='bbox 2254 4248 2399 4315; x_wconf 87' lang='lat' dir='ltr'><strong>ginta</strong></span> <span class='ocrx_word' id='word_1_956' title='bbox 2427 4246 2634 4299; x_wconf 68' lang='lat' dir='ltr'><strong>duabus</strong></span> <span class='ocrx_word' id='word_1_957' title='bbox 2667 4248 2967 4301; x_wconf 90' lang='lat' dir='ltr'><strong>illustratus</strong></span> <span class='ocrx_word' id='word_1_958' title='bbox 3005 4247 3202 4310; x_wconf 81' lang='lat' dir='ltr'><strong>fuerit,</strong></span> <span class='ocrx_word' id='word_1_959' title='bbox 3239 4247 3355 4300; x_wconf 90' lang='lat' dir='ltr'><strong>sole</strong></span> <span class='ocrx_word' id='word_1_960' title='bbox 3383 4261 3545 4312; x_wconf 90' lang='lat' dir='ltr'><strong>supra</strong></span> <span class='ocrx_word' id='word_1_961' title='bbox 3582 4247 3817 4315; x_wconf 56' lang='lat' dir='ltr'><strong>horizon:</strong></span> 
     </span>
    </p>
   </div>
   <div class='ocr_carea' id='block_1_128' title="bbox 2259 4309 3819 4388">
    <p class='ocr_par' dir='ltr' id='par_1_128' title="bbox 2259 4309 3819 4388">
     <span class='ocr_line' id='line_1_129' title="bbox 2259 4309 3819 4388; baseline -0.003 -19"><span class='ocrx_word' id='word_1_962' title='bbox 2259 4309 2362 4388; x_wconf 57' lang='lat' dir='ltr'><strong>(om</strong></span> <span class='ocrx_word' id='word_1_963' title='bbox 2391 4319 2678 4372; x_wconf 84' lang='lat' dir='ltr'><strong>existente.</strong></span> <span class='ocrx_word' id='word_1_964' title='bbox 2703 4317 2834 4383; x_wconf 62' lang='lat' dir='ltr'><strong>Quae</strong></span> <span class='ocrx_word' id='word_1_965' title='bbox 2857 4318 3072 4388; x_wconf 90' lang='lat' dir='ltr'><strong>quidem</strong></span> <span class='ocrx_word' id='word_1_966' title='bbox 3097 4309 3362 4372; x_wconf 75' lang='lat' dir='ltr'><strong>sententia</strong></span> <span class='ocrx_word' id='word_1_967' title='bbox 3395 4309 3476 4388; x_wconf 73' lang='lat' dir='ltr'><strong>est</strong></span> <span class='ocrx_word' id='word_1_968' title='bbox 3499 4315 3560 4370; x_wconf 88' lang='grc' dir='ltr'><strong>Β.</strong></span> <span class='ocrx_word' id='word_1_969' title='bbox 3597 4309 3819 4388; x_wconf 77' lang='lat' dir='ltr'><strong>Dionysii</strong></span> 
     </span>
    </p>
   </div>
   <div class='ocr_carea' id='block_1_129' title="bbox 2256 4381 3820 4458">
    <p class='ocr_par' dir='ltr' id='par_1_129' title="bbox 2256 4381 3820 4458">
     <span class='ocr_line' id='line_1_130' title="bbox 2256 4381 3820 4458; baseline -0.009 -10"><span class='ocrx_word' id='word_1_970' title='bbox 2256 4385 2616 4458; x_wconf 58' lang='lat' dir='ltr'><strong>Areopagitje,</strong></span> <span class='ocrx_word' id='word_1_971' title='bbox 2648 4381 2745 4442; x_wconf 77' lang='lat' dir='ltr'><strong>cui</strong></span> <span class='ocrx_word' id='word_1_972' title='bbox 2781 4381 2894 4458; x_wconf 54' lang='lat' dir='ltr'><strong>pra?</strong></span> <span class='ocrx_word' id='word_1_973' title='bbox 2928 4389 3142 4444; x_wconf 60' lang='lat' dir='ltr'><strong>caeteris</strong></span> <span class='ocrx_word' id='word_1_974' title='bbox 3187 4387 3519 4442; x_wconf 82' lang='lat' dir='ltr'><strong>credendum</strong></span> <span class='ocrx_word' id='word_1_975' title='bbox 3552 4427 3566 4449; x_wconf 94' lang='lat'><strong>,</strong></span> <span class='ocrx_word' id='word_1_976' title='bbox 3601 4381 3820 4458; x_wconf 57' lang='lat' dir='ltr'><strong>cnm&#39;ab</strong></span> 
     </span>
    </p>
   </div>
   <div class='ocr_carea' id='block_1_130' title="bbox 2257 4451 3818 4527">
    <p class='ocr_par' dir='ltr' id='par_1_130' title="bbox 2257 4451 3818 4527">
     <span class='ocr_line' id='line_1_131' title="bbox 2257 4451 3818 4527; baseline -0.003 -17"><span class='ocrx_word' id='word_1_977' title='bbox 2257 4451 2501 4526; x_wconf 77' lang='lat' dir='ltr'><strong>apostolo</strong></span> <span class='ocrx_word' id='word_1_978' title='bbox 2533 4455 2700 4512; x_wconf 86' lang='lat' dir='ltr'><strong>Paulo</strong></span> <span class='ocrx_word' id='word_1_979' title='bbox 2730 4451 3036 4527; x_wconf 74' lang='lat' dir='ltr'><strong>huiusmodi</strong></span> <span class='ocrx_word' id='word_1_980' title='bbox 3085 4458 3342 4527; x_wconf 86' lang='lat' dir='ltr'><strong>mysteria</strong></span> <span class='ocrx_word' id='word_1_981' title='bbox 3380 4468 3435 4512; x_wconf 87' lang='lat' dir='ltr'><strong>et</strong></span> <span class='ocrx_word' id='word_1_982' title='bbox 3464 4472 3666 4527; x_wconf 19' lang='lat' dir='ltr'><strong>arcana,</strong></span> <span class='ocrx_word' id='word_1_983' title='bbox 3688 4451 3818 4506; x_wconf 85' lang='lat' dir='ltr'><strong>haud</strong></span> 
     </span>
    </p>
   </div>
   <div class='ocr_carea' id='block_1_131' title="bbox 2257 4526 3820 4597">
    <p class='ocr_par' dir='ltr' id='par_1_131' title="bbox 2257 4526 3820 4597">
     <span class='ocr_line' id='line_1_132' title="bbox 2257 4526 3820 4597; baseline -0.003 -15"><span class='ocrx_word' id='word_1_984' title='bbox 2257 4527 2419 4583; x_wconf 89' lang='lat' dir='ltr'><strong>dubie</strong></span> <span class='ocrx_word' id='word_1_985' title='bbox 2460 4527 2731 4583; x_wconf 86' lang='lat' dir='ltr'><strong>didicerit.</strong></span> <span class='ocrx_word' id='word_1_986' title='bbox 2773 4526 2823 4582; x_wconf 87' lang='lat' dir='ltr'><strong>Is</strong></span> <span class='ocrx_word' id='word_1_987' title='bbox 2861 4533 3006 4585; x_wconf 90' lang='lat' dir='ltr'><strong>enim</strong></span> <span class='ocrx_word' id='word_1_988' title='bbox 3048 4531 3098 4582; x_wconf 93' lang='lat' dir='ltr'><strong>in</strong></span> <span class='ocrx_word' id='word_1_989' title='bbox 3133 4526 3362 4597; x_wconf 86' lang='lat' dir='ltr'><strong>Epistol.</strong></span> <span class='ocrx_word' id='word_1_990' title='bbox 3393 4529 3448 4593; x_wconf 91' lang='lat'><strong>7,</strong></span> <span class='ocrx_word' id='word_1_991' title='bbox 3480 4527 3544 4581; x_wconf 89' lang='lat' dir='ltr'><strong>ad</strong></span> <span class='ocrx_word' id='word_1_992' title='bbox 3576 4526 3820 4597; x_wconf 70' lang='lat' dir='ltr'><strong>Polycar-</strong></span> 
     </span>
    </p>
   </div>
   <div class='ocr_carea' id='block_1_132' title="bbox 2257 4596 3816 4670">
    <p class='ocr_par' dir='ltr' id='par_1_132' title="bbox 2257 4596 3816 4670">
     <span class='ocr_line' id='line_1_133' title="bbox 2257 4596 3816 4670; baseline -0.002 -19"><span class='ocrx_word' id='word_1_993' title='bbox 2257 4613 2381 4668; x_wconf 91' lang='lat' dir='ltr'><strong>pum</strong></span> <span class='ocrx_word' id='word_1_994' title='bbox 2415 4599 2751 4670; x_wconf 84' lang='lat' dir='ltr'><strong>episcopum,</strong></span> <span class='ocrx_word' id='word_1_995' title='bbox 2777 4599 2844 4653; x_wconf 82' lang='lat' dir='ltr'><strong>de</strong></span> <span class='ocrx_word' id='word_1_996' title='bbox 2874 4601 2975 4654; x_wconf 92' lang='lat' dir='ltr'><strong>hoc</strong></span> <span class='ocrx_word' id='word_1_997' title='bbox 3001 4596 3258 4654; x_wconf 87' lang='lat' dir='ltr'><strong>miraculo</strong></span> <span class='ocrx_word' id='word_1_998' title='bbox 3280 4599 3534 4667; x_wconf 89' lang='lat' dir='ltr'><strong>loquens:</strong></span> <span class='ocrx_word' id='word_1_999' title='bbox 3558 4596 3816 4670; x_wconf 70' lang='grc' dir='ltr'><strong>ρηωάᾳηι,</strong></span> 
     </span>
    </p>
   </div>
   <div class='ocr_carea' id='block_1_133' title="bbox 2257 4666 3814 4738">
    <p class='ocr_par' dir='ltr' id='par_1_133' title="bbox 2257 4666 3814 4738">
     <span class='ocr_line' id='line_1_134' title="bbox 2257 4666 3814 4738; baseline -0.004 -16"><span class='ocrx_word' id='word_1_1000' title='bbox 2257 4666 2464 4737; x_wconf 59' lang='lat' dir='ltr'><strong>inquit,</strong></span> <span class='ocrx_word' id='word_1_1001' title='bbox 2487 4666 2869 4738; x_wconf 40' lang='lat' dir='ltr'><strong>dies—perpetuo</strong></span> <span class='ocrx_word' id='word_1_1002' title='bbox 2896 4673 3090 4724; x_wconf 86' lang='lat' dir='ltr'><strong>lumine</strong></span> <span class='ocrx_word' id='word_1_1003' title='bbox 3120 4671 3276 4737; x_wconf 88' lang='lat' dir='ltr'><strong>triplo</strong></span> <span class='ocrx_word' id='word_1_1004' title='bbox 3305 4666 3463 4737; x_wconf 80' lang='lat' dir='ltr'><strong>ferme</strong></span> <span class='ocrx_word' id='word_1_1005' title='bbox 3487 4685 3645 4736; x_wconf 89' lang='lat' dir='ltr'><strong>quam</strong></span> <span class='ocrx_word' id='word_1_1006' title='bbox 3673 4666 3814 4726; x_wconf 85' lang='lat' dir='ltr'><strong>solet,</strong></span> 
     </span>
    </p>
   </div>
   <div class='ocr_carea' id='block_1_134' title="bbox 2255 4741 3818 4812">
    <p class='ocr_par' dir='ltr' id='par_1_134' title="bbox 2255 4741 3818 4812">
     <span class='ocr_line' id='line_1_135' title="bbox 2255 4741 3818 4812; baseline -0.003 -20"><span class='ocrx_word' id='word_1_1007' title='bbox 2255 4744 2425 4812; x_wconf 89' lang='lat' dir='ltr'><strong>major</strong></span> <span class='ocrx_word' id='word_1_1008' title='bbox 2447 4741 2628 4809; x_wconf 74' lang='lat' dir='ltr'><strong>effecta</strong></span> <span class='ocrx_word' id='word_1_1009' title='bbox 2653 4752 2725 4795; x_wconf 86' lang='lat' dir='ltr'><strong>est</strong></span> <span class='ocrx_word' id='word_1_1010' title='bbox 2751 4757 2769 4806; x_wconf 83' lang='lat'><strong>,&#39;</strong></span> <span class='ocrx_word' id='word_1_1011' title='bbox 2796 4753 2843 4796; x_wconf 90' lang='lat' dir='ltr'><strong>et</strong></span> <span class='ocrx_word' id='word_1_1012' title='bbox 2873 4742 3053 4795; x_wconf 62' lang='lat' dir='ltr'><strong>coelum</strong></span> <span class='ocrx_word' id='word_1_1013' title='bbox 3080 4743 3219 4794; x_wconf 89' lang='lat' dir='ltr'><strong>intra</strong></span> <span class='ocrx_word' id='word_1_1014' title='bbox 3248 4741 3429 4811; x_wconf 79' lang='lat' dir='ltr'><strong>viginti</strong></span> <span class='ocrx_word' id='word_1_1015' title='bbox 3458 4742 3617 4812; x_wconf 79' lang='lat' dir='ltr'><strong>horas</strong></span> <span class='ocrx_word' id='word_1_1016' title='bbox 3645 4781 3658 4798; x_wconf 93' lang='lat'><strong>,</strong></span> <span class='ocrx_word' id='word_1_1017' title='bbox 3689 4747 3818 4806; x_wconf 77' lang='lat' dir='ltr'><strong>quem</strong></span> 
     </span>
    </p>
   </div>
   <div class='ocr_carea' id='block_1_135' title="bbox 2256 4810 3815 4882">
    <p class='ocr_par' dir='ltr' id='par_1_135' title="bbox 2256 4810 3815 4882">
     <span class='ocr_line' id='line_1_136' title="bbox 2256 4810 3815 4882; baseline -0.002 -19"><span class='ocrx_word' id='word_1_1018' title='bbox 2256 4810 2364 4876; x_wconf 80' lang='lat' dir='ltr'><strong>iam</strong></span> <span class='ocrx_word' id='word_1_1019' title='bbox 2401 4821 2641 4882; x_wconf 72' lang='lat' dir='ltr'><strong>exegerat</strong></span> <span class='ocrx_word' id='word_1_1020' title='bbox 2672 4829 2877 4865; x_wconf 87' lang='lat' dir='ltr'><strong>cursum</strong></span> <span class='ocrx_word' id='word_1_1021' title='bbox 2899 4853 2915 4878; x_wconf 94' lang='lat'><strong>,</strong></span> <span class='ocrx_word' id='word_1_1022' title='bbox 2946 4812 3325 4881; x_wconf 86' lang='lat' dir='ltr'><strong>retrogradiens</strong></span> <span class='ocrx_word' id='word_1_1023' title='bbox 3373 4810 3604 4882; x_wconf 87' lang='lat' dir='ltr'><strong>repetiit,</strong></span> <span class='ocrx_word' id='word_1_1024' title='bbox 3642 4813 3815 4880; x_wconf 85' lang='lat' dir='ltr'><strong>ipsum-</strong></span> 
     </span>
    </p>
   </div>
   <div class='ocr_carea' id='block_1_136' title="bbox 2254 4882 3819 4952">
    <p class='ocr_par' dir='ltr' id='par_1_136' title="bbox 2254 4882 3819 4952">
     <span class='ocr_line' id='line_1_137' title="bbox 2254 4882 3819 4952; baseline 0 -19"><span class='ocrx_word' id='word_1_1025' title='bbox 2254 4897 2350 4949; x_wconf 90' lang='lat' dir='ltr'><strong>que</strong></span> <span class='ocrx_word' id='word_1_1026' title='bbox 2375 4890 2534 4934; x_wconf 84' lang='lat' dir='ltr'><strong>totunt</strong></span> <span class='ocrx_word' id='word_1_1027' title='bbox 2563 4899 2744 4936; x_wconf 84' lang='lat' dir='ltr'><strong>rursus</strong></span> <span class='ocrx_word' id='word_1_1028' title='bbox 2774 4883 2911 4936; x_wconf 85' lang='lat' dir='ltr'><strong>intra</strong></span> <span class='ocrx_word' id='word_1_1029' title='bbox 2938 4882 3112 4952; x_wconf 81' lang='lat' dir='ltr'><strong>decem</strong></span> <span class='ocrx_word' id='word_1_1030' title='bbox 3156 4883 3286 4934; x_wconf 89' lang='lat' dir='ltr'><strong>alias</strong></span> <span class='ocrx_word' id='word_1_1031' title='bbox 3317 4898 3446 4952; x_wconf 83' lang='lat' dir='ltr'><strong>nova</strong></span> <span class='ocrx_word' id='word_1_1032' title='bbox 3477 4882 3704 4952; x_wconf 56' lang='lat' dir='ltr'><strong>quodam</strong></span> <span class='ocrx_word' id='word_1_1033' title='bbox 3743 4890 3819 4952; x_wconf 62' lang='grc' dir='ltr'><strong>ηα·</strong></span> 
     </span>
    </p>
   </div>
   <div class='ocr_carea' id='block_1_137' title="bbox 2257 4946 3818 5023">
    <p class='ocr_par' dir='ltr' id='par_1_137' title="bbox 2257 4946 3818 5023">
     <span class='ocr_line' id='line_1_138' title="bbox 2257 4946 3818 5023; baseline -0.006 -19"><span class='ocrx_word' id='word_1_1034' title='bbox 2257 4946 2392 5005; x_wconf 80' lang='lat' dir='ltr'><strong>tione</strong></span> <span class='ocrx_word' id='word_1_1035' title='bbox 2435 4953 2674 5021; x_wconf 80' lang='lat' dir='ltr'><strong>confecit.</strong></span> <span class='ocrx_word' id='word_1_1036' title='bbox 2723 4953 2839 5007; x_wconf 87' lang='lat' dir='ltr'><strong>Hoc</strong></span> <span class='ocrx_word' id='word_1_1037' title='bbox 2889 4947 3116 5023; x_wconf 77' lang='lat' dir='ltr'><strong>profecto</strong></span> <span class='ocrx_word' id='word_1_1038' title='bbox 3163 4946 3818 5023; x_wconf 34' lang='lat' dir='ltr'><strong>niiraculuin‘Dabglonios</strong></span> 
     </span>
    </p>
   </div>
   <div class='ocr_carea' id='block_1_138' title="bbox 2255 5020 3816 5092">
    <p class='ocr_par' dir='ltr' id='par_1_138' title="bbox 2255 5020 3816 5092">
     <span class='ocr_line' id='line_1_139' title="bbox 2255 5020 3816 5092; baseline -0.002 -20"><span class='ocrx_word' id='word_1_1039' title='bbox 2255 5029 2376 5092; x_wconf 86' lang='lat' dir='ltr'><strong>tunc</strong></span> <span class='ocrx_word' id='word_1_1040' title='bbox 2402 5024 2581 5076; x_wconf 87' lang='lat' dir='ltr'><strong>merito</strong></span> <span class='ocrx_word' id='word_1_1041' title='bbox 2609 5024 2822 5085; x_wconf 90' lang='lat' dir='ltr'><strong>terruit,</strong></span> <span class='ocrx_word' id='word_1_1042' title='bbox 2848 5020 2896 5078; x_wconf 85' lang='lat' dir='ltr'><strong>et</strong></span> <span class='ocrx_word' id='word_1_1043' title='bbox 2926 5020 3110 5090; x_wconf 79' lang='lat' dir='ltr'><strong>absque</strong></span> <span class='ocrx_word' id='word_1_1044' title='bbox 3139 5039 3334 5092; x_wconf 87' lang='lat' dir='ltr'><strong>pugna,</strong></span> <span class='ocrx_word' id='word_1_1045' title='bbox 3371 5020 3652 5092; x_wconf 54' lang='lat' dir='ltr'><strong>Ezechiae,</strong></span> <span class='ocrx_word' id='word_1_1046' title='bbox 3673 5020 3816 5092; x_wconf 68' lang='lat' dir='ltr'><strong>utqui</strong></span> 
     </span>
    </p>
   </div>
   <div class='ocr_carea' id='block_1_139' title="bbox 2254 5088 3814 5165">
    <p class='ocr_par' dir='ltr' id='par_1_139' title="bbox 2254 5088 3814 5165">
     <span class='ocr_line' id='line_1_140' title="bbox 2254 5088 3814 5165; baseline -0.004 -19"><span class='ocrx_word' id='word_1_1047' title='bbox 2254 5091 2364 5165; x_wconf 67' lang='lat' dir='ltr'><strong>Deo</strong></span> <span class='ocrx_word' id='word_1_1048' title='bbox 2412 5101 2677 5165; x_wconf 82' lang='lat' dir='ltr'><strong>putaretur</strong></span> <span class='ocrx_word' id='word_1_1049' title='bbox 2717 5093 2930 5165; x_wconf 66' lang='lat' dir='ltr'><strong>aequalis</strong></span> <span class='ocrx_word' id='word_1_1050' title='bbox 2951 5134 2964 5157; x_wconf 91' lang='lat'><strong>,</strong></span> <span class='ocrx_word' id='word_1_1051' title='bbox 2996 5088 3228 5163; x_wconf 56' lang='lat' dir='ltr'><strong>subjecit:</strong></span> <span class='ocrx_word' id='word_1_1052' title='bbox 3258 5092 3387 5165; x_wconf 60' lang='lat' dir='ltr'><strong>_H:tj_c</strong></span> <span class='ocrx_word' id='word_1_1053' title='bbox 3430 5092 3494 5144; x_wconf 82' lang='lat' dir='ltr'><strong>D:</strong></span> <span class='ocrx_word' id='word_1_1054' title='bbox 3527 5088 3814 5160; x_wconf 72' lang='lat' dir='ltr'><strong>Dionysius.</strong></span> 
     </span>
    </p>
   </div>
   <div class='ocr_carea' id='block_1_140' title="bbox 2255 5161 3818 5232">
    <p class='ocr_par' dir='ltr' id='par_1_140' title="bbox 2255 5161 3818 5232">
     <span class='ocr_line' id='line_1_141' title="bbox 2255 5161 3818 5232; baseline -0.005 -15"><span class='ocrx_word' id='word_1_1055' title='bbox 2255 5163 2334 5217; x_wconf 86' lang='lat' dir='ltr'><strong>Ex</strong></span> <span class='ocrx_word' id='word_1_1056' title='bbox 2357 5163 2552 5229; x_wconf 87' lang='lat' dir='ltr'><strong>quibus</strong></span> <span class='ocrx_word' id='word_1_1057' title='bbox 2588 5173 2729 5232; x_wconf 88' lang='lat' dir='ltr'><strong>patet</strong></span> <span class='ocrx_word' id='word_1_1058' title='bbox 2764 5161 2956 5218; x_wconf 78' lang='lat' dir='ltr'><strong>vanum</strong></span> <span class='ocrx_word' id='word_1_1059' title='bbox 2989 5161 3111 5222; x_wconf 61' lang='lat' dir='ltr'><strong>esse</strong></span> <span class='ocrx_word' id='word_1_1060' title='bbox 3140 5178 3201 5215; x_wconf 88' lang='lat' dir='ltr'><strong>ac</strong></span> <span class='ocrx_word' id='word_1_1061' title='bbox 3251 5161 3404 5217; x_wconf 83' lang='lat' dir='ltr'><strong>futile</strong></span> <span class='ocrx_word' id='word_1_1062' title='bbox 3447 5176 3642 5215; x_wconf 87' lang='lat' dir='ltr'><strong>eorum</strong></span> <span class='ocrx_word' id='word_1_1063' title='bbox 3688 5169 3818 5232; x_wconf 80' lang='lat' dir='ltr'><strong>com-</strong></span> 
     </span>
    </p>
   </div>
   <div class='ocr_carea' id='block_1_141' title="bbox 2255 5227 3816 5303">
    <p class='ocr_par' dir='ltr' id='par_1_141' title="bbox 2255 5227 3816 5303">
     <span class='ocr_line' id='line_1_142' title="bbox 2255 5227 3816 5303; baseline -0.005 -18"><span class='ocrx_word' id='word_1_1064' title='bbox 2255 5227 2491 5288; x_wconf 83' lang='lat' dir='ltr'><strong>mentum</strong></span> <span class='ocrx_word' id='word_1_1065' title='bbox 2521 5227 2610 5303; x_wconf 81' lang='lat' dir='ltr'><strong>qui</strong></span> <span class='ocrx_word' id='word_1_1066' title='bbox 2636 5243 2827 5303; x_wconf 88' lang='lat' dir='ltr'><strong>putant</strong></span> <span class='ocrx_word' id='word_1_1067' title='bbox 2849 5237 2947 5286; x_wconf 78' lang='lat' dir='ltr'><strong>hcc</strong></span> <span class='ocrx_word' id='word_1_1068' title='bbox 2973 5233 3288 5286; x_wconf 85' lang='lat' dir='ltr'><strong>miraculum</strong></span> <span class='ocrx_word' id='word_1_1069' title='bbox 3313 5234 3485 5286; x_wconf 85' lang='lat' dir='ltr'><strong>solum</strong></span> <span class='ocrx_word' id='word_1_1070' title='bbox 3518 5227 3816 5303; x_wconf 77' lang='lat' dir='ltr'><strong>apparuisse</strong></span> 
     </span>
    </p>
   </div>
   <div class='ocr_carea' id='block_1_142' title="bbox 2255 5298 3814 5372">
    <p class='ocr_par' dir='ltr' id='par_1_142' title="bbox 2255 5298 3814 5372">
     <span class='ocr_line' id='line_1_143' title="bbox 2255 5298 3814 5372; baseline -0.006 -16"><span class='ocrx_word' id='word_1_1071' title='bbox 2255 5303 2306 5356; x_wconf 92' lang='lat' dir='ltr'><strong>iu</strong></span> <span class='ocrx_word' id='word_1_1072' title='bbox 2342 5298 2824 5372; x_wconf 57' lang='lat' dir='ltr'><strong>horologio&#39;Achaz</strong></span> <span class='ocrx_word' id='word_1_1073' title='bbox 2852 5318 2947 5356; x_wconf 86' lang='lat' dir='ltr'><strong>seu</strong></span> <span class='ocrx_word' id='word_1_1074' title='bbox 2983 5303 3245 5363; x_wconf 62' lang='lat' dir='ltr'><strong>Ezechiae,</strong></span> <span class='ocrx_word' id='word_1_1075' title='bbox 3273 5319 3396 5356; x_wconf 90' lang='lat' dir='ltr'><strong>cum</strong></span> <span class='ocrx_word' id='word_1_1076' title='bbox 3433 5317 3536 5355; x_wconf 91' lang='lat' dir='ltr'><strong>non</strong></span> <span class='ocrx_word' id='word_1_1077' title='bbox 3561 5298 3627 5356; x_wconf 90' lang='lat' dir='ltr'><strong>in</strong></span> <span class='ocrx_word' id='word_1_1078' title='bbox 3650 5298 3814 5355; x_wconf 65' lang='lat' dir='ltr'><strong>Juda&#39;a</strong></span> 
     </span>
    </p>
   </div>
   <div class='ocr_carea' id='block_1_143' title="bbox 2253 5373 3811 5444">
    <p class='ocr_par' dir='ltr' id='par_1_143' title="bbox 2253 5373 3811 5444">
     <span class='ocr_line' id='line_1_144' title="bbox 2253 5373 3811 5444; baseline -0.003 -19"><span class='ocrx_word' id='word_1_1079' title='bbox 2253 5380 2480 5444; x_wconf 86' lang='lat' dir='ltr'><strong>tantum,</strong></span> <span class='ocrx_word' id='word_1_1080' title='bbox 2511 5374 2606 5429; x_wconf 88' lang='lat' dir='ltr'><strong>sed</strong></span> <span class='ocrx_word' id='word_1_1081' title='bbox 2639 5375 2690 5428; x_wconf 94' lang='lat' dir='ltr'><strong>iu</strong></span> <span class='ocrx_word' id='word_1_1082' title='bbox 2742 5374 2992 5427; x_wconf 72' lang='lat' dir='ltr'><strong>Chaldaea</strong></span> <span class='ocrx_word' id='word_1_1083' title='bbox 3026 5375 3196 5427; x_wconf 81' lang='lat' dir='ltr'><strong>visum</strong></span> <span class='ocrx_word' id='word_1_1084' title='bbox 3241 5373 3403 5426; x_wconf 83' lang='lat' dir='ltr'><strong>fuerit</strong></span> <span class='ocrx_word' id='word_1_1085' title='bbox 3437 5390 3448 5424; x_wconf 89' lang='lat'><strong>:</strong></span> <span class='ocrx_word' id='word_1_1086' title='bbox 3478 5373 3626 5426; x_wconf 89' lang='lat' dir='ltr'><strong>unde</strong></span> <span class='ocrx_word' id='word_1_1087' title='bbox 3648 5383 3698 5426; x_wconf 89' lang='lat' dir='ltr'><strong>et</strong></span> <span class='ocrx_word' id='word_1_1088' title='bbox 3729 5378 3811 5444; x_wconf 63' lang='lat' dir='ltr'><strong>re}</strong></span> 
     </span>
    </p>
   </div>
   <div class='ocr_carea' id='block_1_144' title="bbox 2253 5443 3817 5514">
    <p class='ocr_par' dir='ltr' id='par_1_144' title="bbox 2253 5443 3817 5514">
     <span class='ocr_line' id='line_1_145' title="bbox 2253 5443 3817 5514; baseline -0.004 -19"><span class='ocrx_word' id='word_1_1089' title='bbox 2253 5443 2541 5514; x_wconf 84' lang='lat' dir='ltr'><strong>BabyIOnis</strong></span> <span class='ocrx_word' id='word_1_1090' title='bbox 2569 5447 2784 5498; x_wconf 88' lang='lat' dir='ltr'><strong>nuntios</strong></span> <span class='ocrx_word' id='word_1_1091' title='bbox 2816 5445 2960 5496; x_wconf 86' lang='lat' dir='ltr'><strong>misit</strong></span> <span class='ocrx_word' id='word_1_1092' title='bbox 3001 5447 3063 5496; x_wconf 90' lang='lat' dir='ltr'><strong>ad</strong></span> <span class='ocrx_word' id='word_1_1093' title='bbox 3098 5445 3381 5498; x_wconf 81' lang='lat' dir='ltr'><strong>Ezechiam</strong></span> <span class='ocrx_word' id='word_1_1094' title='bbox 3423 5458 3546 5497; x_wconf 90' lang='lat' dir='ltr'><strong>cum</strong></span> <span class='ocrx_word' id='word_1_1095' title='bbox 3596 5443 3817 5514; x_wconf 78' lang='lat' dir='ltr'><strong>innueri-</strong></span> 
     </span>
    </p>
   </div>
   <div class='ocr_carea' id='block_1_145' title="bbox 2251 5512 3817 5583">
    <p class='ocr_par' dir='ltr' id='par_1_145' title="bbox 2251 5512 3817 5583">
     <span class='ocr_line' id='line_1_146' title="bbox 2251 5512 3817 5583; baseline -0.004 -15"><span class='ocrx_word' id='word_1_1096' title='bbox 2251 5512 2379 5579; x_wconf 75' lang='lat' dir='ltr'><strong>bus,</strong></span> <span class='ocrx_word' id='word_1_1097' title='bbox 2405 5525 2516 5569; x_wconf 92' lang='lat' dir='ltr'><strong>tum</strong></span> <span class='ocrx_word' id='word_1_1098' title='bbox 2549 5527 2602 5567; x_wconf 91' lang='lat' dir='ltr'><strong>ut</strong></span> <span class='ocrx_word' id='word_1_1099' title='bbox 2633 5515 2681 5567; x_wconf 91' lang='lat' dir='ltr'><strong>ei</strong></span> <span class='ocrx_word' id='word_1_1100' title='bbox 2711 5514 2778 5568; x_wconf 89' lang='lat' dir='ltr'><strong>de</strong></span> <span class='ocrx_word' id='word_1_1101' title='bbox 2811 5515 3050 5568; x_wconf 87' lang='lat' dir='ltr'><strong>miranda</strong></span> <span class='ocrx_word' id='word_1_1102' title='bbox 3073 5515 3188 5583; x_wconf 82' lang='lat' dir='ltr'><strong>ejus</strong></span> <span class='ocrx_word' id='word_1_1103' title='bbox 3219 5515 3495 5567; x_wconf 82' lang='lat' dir='ltr'><strong>curatione</strong></span> <span class='ocrx_word' id='word_1_1104' title='bbox 3527 5512 3817 5583; x_wconf 61' lang='lat' dir='ltr'><strong>gratularef</strong></span> 
     </span>
    </p>
   </div>
   <div class='ocr_carea' id='block_1_146' title="bbox 2253 5578 3814 5655">
    <p class='ocr_par' dir='ltr' id='par_1_146' title="bbox 2253 5578 3814 5655">
     <span class='ocr_line' id='line_1_147' title="bbox 2253 5578 3814 5655; baseline -0.005 -18"><span class='ocrx_word' id='word_1_1105' title='bbox 2253 5578 2370 5649; x_wconf 70' lang='lat' dir='ltr'><strong>tur;</strong></span> <span class='ocrx_word' id='word_1_1106' title='bbox 2400 5597 2505 5639; x_wconf 87' lang='lat' dir='ltr'><strong>tum</strong></span> <span class='ocrx_word' id='word_1_1107' title='bbox 2538 5595 2592 5638; x_wconf 89' lang='lat' dir='ltr'><strong>ut</strong></span> <span class='ocrx_word' id='word_1_1108' title='bbox 2619 5587 2989 5655; x_wconf 76' lang='lat' dir='ltr'><strong>interrogarent</strong></span> <span class='ocrx_word' id='word_1_1109' title='bbox 3022 5586 3084 5638; x_wconf 90' lang='lat' dir='ltr'><strong>de</strong></span> <span class='ocrx_word' id='word_1_1110' title='bbox 3102 5578 3343 5655; x_wconf 76' lang='lat' dir='ltr'><strong>portento</strong></span> <span class='ocrx_word' id='word_1_1111' title='bbox 3363 5625 3377 5648; x_wconf 88' lang='lat'><strong>,</strong></span> <span class='ocrx_word' id='word_1_1112' title='bbox 3403 5578 3550 5650; x_wconf 83' lang='lat' dir='ltr'><strong>quod</strong></span> <span class='ocrx_word' id='word_1_1113' title='bbox 3572 5578 3814 5636; x_wconf 65' lang='lat' dir='ltr'><strong>acciderat</strong></span> 
     </span>
    </p>
   </div>
   <div class='ocr_carea' id='block_1_147' title="bbox 2250 5654 3817 5723">
    <p class='ocr_par' dir='ltr' id='par_1_147' title="bbox 2250 5654 3817 5723">
     <span class='ocr_line' id='line_1_148' title="bbox 2250 5654 3817 5723; baseline -0.002 -16"><span class='ocrx_word' id='word_1_1114' title='bbox 2250 5672 2402 5723; x_wconf 81' lang='lat' dir='ltr'><strong>super</strong></span> <span class='ocrx_word' id='word_1_1115' title='bbox 2428 5666 2652 5720; x_wconf 84' lang='lat' dir='ltr'><strong>terram,</strong></span> <span class='ocrx_word' id='word_1_1116' title='bbox 2689 5663 2743 5707; x_wconf 86' lang='lat' dir='ltr'><strong>ut</strong></span> <span class='ocrx_word' id='word_1_1117' title='bbox 2773 5654 3002 5709; x_wconf 76' lang='lat' dir='ltr'><strong>habetur</strong></span> <span class='ocrx_word' id='word_1_1118' title='bbox 3029 5655 3170 5709; x_wconf 68' lang='lat' dir='ltr'><strong>l’tb&#39;o</strong></span> <span class='ocrx_word' id='word_1_1119' title='bbox 3199 5655 3438 5710; x_wconf 63' lang='lat' dir='ltr'><strong>secundo</strong></span> <span class='ocrx_word' id='word_1_1120' title='bbox 3464 5654 3703 5717; x_wconf 64' lang='lat' dir='ltr'><strong>Paralip.</strong></span> <span class='ocrx_word' id='word_1_1121' title='bbox 3735 5661 3817 5714; x_wconf 81' lang='lat' dir='ltr'><strong>ca-</strong></span> 
     </span>
    </p>
   </div>
   <div class='ocr_carea' id='block_1_148' title="bbox 2252 5726 2942 5806">
    <p class='ocr_par' dir='ltr' id='par_1_148' title="bbox 2252 5726 2942 5806">
     <span class='ocr_line' id='line_1_149' title="bbox 2252 5726 2942 5806; baseline 0.004 -25"><span class='ocrx_word' id='word_1_1122' title='bbox 2252 5730 2360 5806; x_wconf 83' lang='lat' dir='ltr'><strong>pite</strong></span> <span class='ocrx_word' id='word_1_1123' title='bbox 2387 5726 2661 5802; x_wconf 84' lang='lat' dir='ltr'><strong>trigesimo</strong></span> <span class='ocrx_word' id='word_1_1124' title='bbox 2687 5736 2942 5792; x_wconf 79' lang='lat' dir='ltr'><strong>secundo.</strong></span> 
     </span>
    </p>
   </div>
  </div>
