4014 6200
156 248 249 306 409

159 366 327 421 mania
358 364 683 421 documenta
713 366 1001 431 virtutum,
1030 366 1256 435 qualiter
1282 365 1443 420 fuerit
1467 367 1731 422 successi-
1756 372 1809 430 Α

155 460 252 513 bus
273 459 386 514 suis
399 460 590 524 elisus,
604 458 724 512 audi
737 458 1074 526 Scripturam
1089 461 1389 514 narrantem
1406 475 1420 512 :
1436 456 1506 513 In
1527 457 1728 526 diebus,

153 552 345 621 inquit,
374 550 483 604 illis
518 551 778 619 cegrotauit
806 548 1060 611 Ezechias
1101 567 1263 620 usque
1303 552 1370 604 ad
1411 560 1647 618 mortem,
1677 559 1732 606 et

155 643 330 697 oravit
371 641 674 709 Dominum,
712 649 766 697 et
799 641 1074 697 exaudivit
1103 658 1250 710 eum,
1284 653 1338 699 et
1375 643 1521 699 dedit
1565 646 1613 698 ei
1659 646 1732 699 si-

151 751 339 803 gnum,
362 733 492 788 illud
510 733 718 788 scilicet
739 732 880 802 quod
908 733 1137 803 legimus
1157 733 1225 790 de
1251 736 1381 790 solis
1402 735 1584 789 datum
1611 749 1730 791 esse

155 827 332 880 reditu
375 840 469 895 per
507 825 694 881 Isaiam
735 825 1048 895 pr0phetam
1091 825 1148 880 in
1188 837 1384 896 quarto
1424 827 1729 898 Regnorum

157 918 298 972 libro
328 934 341 971 :
375 927 399 954 ⁸
421 917 525 973 Sed
555 932 692 981 non,
726 917 920 988 inquit,
954 919 1254 973 secundum
1297 921 1584 987 beneﬁcia,
1614 936 1732 991 qua:

155 1017 448 1077 acceperat,
482 1009 736 1065 retribuit
763 1010 813 1064 ei
856 1027 868 1062 :
913 1011 1034 1079 quia
1063 1010 1332 1066 elevatum
1360 1021 1444 1067 est
1471 1026 1568 1067 cor
1593 1013 1727 1081 ejus,

157 1109 206 1154 et
238 1098 377 1154 facta
402 1109 484 1154 est
511 1111 703 1154 contra
745 1115 867 1156 eum
893 1103 996 1168 ira,
1029 1113 1083 1156 et
1119 1113 1312 1157 contra
1340 1103 1532 1158 ludam
1565 1113 1619 1159 et
1642 1104 1730 1160 Je-

159 1194 383 1247 rusalem
415 1211 428 1246 :
461 1192 882 1262 humiliatusque
906 1203 990 1250 est
1015 1204 1221 1264 postea,
1252 1211 1318 1250 eo
1347 1195 1493 1267 quod
1519 1198 1732 1251 exalta-

157 1293 265 1338 tum
295 1295 436 1340 esset
465 1301 557 1340 cor
585 1286 740 1355 ejus,
775 1295 882 1339 tam
923 1287 1040 1356 ipse
1083 1303 1242 1356 quam
1274 1287 1602 1343 habitatores
1641 1288 1734 1344 Je-

155 1377 400 1442 rusalem,
433 1388 485 1431 et
516 1377 720 1432 idcirco
753 1393 863 1432 non
894 1380 1045 1432 venit
1074 1394 1237 1448 super
1279 1394 1375 1434 eos
1407 1380 1490 1433 ira
1524 1380 1736 1435 Domini

153 1469 204 1520 in
236 1467 419 1523 diebus
444 1468 693 1525 Ezechiae
729 1470 818 1540 (IV
855 1469 987 1540 Reg.
1026 1473 1142 1540 xx).
1173 1471 1346 1538 Quam
1382 1471 1734 1539 perniciosus,

153 1586 304 1638 quam
347 1574 525 1641 gravis
564 1581 650 1626 est
689 1573 944 1627 elationis
981 1571 1234 1626 morbus!
1269 1572 1455 1626 Tanta:
1489 1572 1734 1642 justitite,

155 1683 310 1728 tantae
338 1674 594 1742 virtutes,
625 1683 776 1730 tanta
807 1674 942 1729 fides
969 1683 1128 1745 atque
1155 1674 1390 1740 devotio,
1434 1690 1550 1744 qua:
1583 1684 1737 1730 natu-

677 250 766 305 ΒΕ
805 248 1281 306 C(ENOBIORUM
1321 248 1572 306 INSTIT.
1617 248 1742 305 LIB.
1785 250 1874 306 Χι.
1903 279 1974 293 -
2004 250 2092 308 DE
2131 249 2404 307 SPIRITU
2443 250 2879 308 CENODOXIE.

3334 239 3434 307 Ηο

2452 367 2679 426 CAPUT
2718 369 2806 425 XI.

1868 455 2186 528 Exemplum
2210 459 2347 530 regis
2376 457 2518 514 Oziw
2543 460 2770 526 eiusdem
2803 464 2966 517 morbi
2993 463 3104 518 labe
3129 474 3380 534 superati.

1903 549 2064 606 Ozias
2095 550 2256 620 hujus
2293 567 2454 621 quem
2490 555 3034 612 commemoravimus
3071 558 3213 627 regis
3243 556 3271 596 δ
3295 567 3416 614 ata-

1831 659 1955 710 vus,
2002 644 2056 698 in
2102 643 2357 700 omnibus
2394 661 2608 716 quoque
2640 649 2757 716 ipse
2786 647 3079 719 Scriptura:
3113 653 3422 710 testimonio

1831 736 2194 804 collaudatus,
2219 747 2342 806 post
2365 739 2599 808 ingentia
2611 741 2865 796 virtutum
2889 757 3104 798 suarum
3127 747 3417 814 praeconia,

1831 840 1954 898 post
1996 828 2309 885 innumeros
2343 830 2644 900 triumphos
2671 848 2804 901 quos
2853 834 3153 890 devotionis
3191 851 3254 891 ac
3293 837 3416 894 fidei

1832 935 1946 975 suae
1989 921 2188 977 merito
2229 925 2585 994 perpetravit,
2629 925 2781 981 disce
2835 937 2856 965 ο
2898 929 3128 998 qualiter
3168 931 3240 984 sit
3267 940 3417 987 vana:

1833 1013 2020 1083 gloriae
2062 1013 2297 1070 elatione
2339 1016 2606 1085 dejectus.
2652 1019 2720 1072 Et
2761 1033 3038 1088 egressum
3077 1030 3178 1088 est,
3224 1023 3415 1093 inquit,

1834 1124 2030 1163 nomen
2075 1108 2217 1164 Ozize
2248 1120 2467 1179 pr0pter
2507 1112 2648 1181 quod
2681 1113 3036 1168 auxiliaretur
3071 1115 3120 1170 ei
3164 1115 3420 1172 Dominus

1835 1212 1892 1257 et
1916 1203 2324 1257 corroborasset
2344 1202 2530 1269 illum;
2559 1214 2612 1258 et
2644 1220 2765 1259 cum
2797 1205 3079 1261 roboratus
3111 1215 3276 1275 esset,
3309 1210 3419 1264 ele-

1836 1305 2017 1350 vatum
2058 1305 2140 1350 est
2178 1311 2273 1351 cor
2312 1297 2430 1365 ejus
2474 1297 2524 1350 in
2570 1298 2848 1353 interitum
2880 1314 3061 1366 suum,
3105 1311 3158 1355 et
3187 1301 3419 1371 neglexit

1838 1388 2124 1443 Dominum
2175 1389 2342 1443 Deum
2391 1405 2547 1444 suum
2606 1391 2669 1460 (ll
2721 1391 2960 1459 Paralip.
3010 1392 3182 1464 xxvi).
3229 1393 3421 1449 Cernis

1837 1481 1983 1536 aliud
2034 1483 2338 1550 exemplum
2404 1483 2571 1538 ruinae
2633 1484 2985 1552 gravissimae,
3052 1493 3107 1540 et
3157 1487 3422 1554 conspicis

1839 1575 1974 1630 duos
2012 1577 2158 1629 viros
2195 1585 2302 1630 tam
2344 1575 2522 1645 justos
2569 1586 2785 1646 tamque
2825 1579 3096 1648 perfectos
3134 1577 3418 1647 triumphis

1841 1669 1953 1722 suis
1993 1653 2155 1737 atque
2195 1667 2431 1722 victoriis
2476 1667 2640 1724 fuisse
2690 1668 2985 1724 confectos.
3033 1668 3186 1725 Unde
3227 1669 3421 1726 videtis

155 1791 260 1829 ram
290 1776 467 1846 ipsam
506 1791 572 1831 ac
607 1777 772 1830 ιοιίυε
815 1776 997 1830 mundi
1029 1777 1176 1844 leges
1205 1775 1490 1830 immutare
1519 1791 1734 1831 meme-
1763 1750 1812 1810 B
1838 1777 1997 1827 quam
2053 1761 2342 1830 perniciosi
2396 1777 2576 1817 rerum
2628 1763 2985 1817 secundarum
3043 1762 3256 1816 soleant
3302 1777 3420 1818 esse

126 1887 297 1942 'rnnt,
345 1893 452 1931 una
484 1876 722 1932 elatione
748 1877 1045 1946 depereunt
1084 1893 1098 1932 :
1134 1875 1207 1930 Ita
1244 1888 1300 1930 ut
1332 1878 1598 1932 universis
1627 1877 1736 1932 vir—

155 1979 360 2033 tutibus
399 1981 534 2045 suis,
577 1995 642 2034 ac
684 1980 728 2034 si
771 1995 874 2034 non
914 1981 1160 2044 fuissent,
1201 1980 1459 2035 oblivioni
1501 1981 1732 2046 traditis,

154 2082 280 2135 iram
337 2081 550 2137 Domini
602 2083 885 2137 confestim
938 2082 1286 2151 suscepisset,
1338 2082 1440 2136 nisi
1487 2098 1606 2138 eam
1655 2098 1738 2136 re-

152 2193 358 2250 sumpta
387 2183 696 2238 humilitate
726 2184 1023 2253 placasset;
1065 2193 1122 2237 ut
1156 2184 1246 2253 qui
1277 2182 1346 2238 de
1374 2191 1486 2237 tam
1518 2184 1738 2238 excelso

151 2285 464 2338 meritorum
504 2282 738 2354 fastigio,
789 2284 1024 2339 elatione
1069 2284 1396 2354 impellente,
1437 2285 1735 2352 deciderat,

151 2399 257 2437 non
303 2384 403 2439 nisi
445 2399 541 2454 per
569 2384 782 2440 eosdem
815 2401 1029 2440 rursum
1074 2384 1394 2440 humilitatis
1424 2385 1626 2456 gradus
1672 2385 1736 2440 ad

151 2486 404 2540 amissum
453 2486 663 2541 culmen
705 2486 1048 2541 ascenderet.
1078 2486 1172 2540 Vis
1213 2487 1359 2541 aliud
1395 2502 1610 2558 quoque
1647 2503 1741 2542 ex-

149 2585 372 2655 emplum
405 2586 603 2642 similis
634 2586 806 2640 ruinae
837 2585 1116 2655 percipere
1136 2586 1161 2638 ‘i

1838 1868 2139 1918 successus,
2183 1854 2253 1906 ita
2297 1864 2351 1906 ut
2381 1853 2470 1922 qui
2498 1869 2601 1910 non
2633 1863 2921 1923 potuerunt
2945 1855 3190 1909 adversis
3216 1854 3419 1925 frangi;

1842 1947 2132 2015 prosperis,
2166 1947 2208 1998 si
2243 1947 2441 2001 incauti
2467 1947 2684 2011 fuerint,
2717 1949 2893 2001 acrius
2923 1947 3222 2012 eliduntur;
3255 1957 3310 2000 et
3330 1948 3420 2016 qui

1840 2039 1895 2092 in
1925 2037 2178 2092 conflictu
2215 2047 2376 2108 atque
2403 2037 2519 2112 θεῷ
2561 2039 2746 2092 mortis
2774 2047 3062 2093 evaserunt
3088 2037 3417 2103 discrimina,

1841 2131 2059 2199 tropteis
2091 2129 2323 2198 pr0priis
2347 2129 2732 2197 triumphisque
2761 2130 3132 2183 succumbant.

2451 2219 2676 2275 CAPUT
2719 2218 2832 2273 XII.

2061 2312 2271 2366 Diversa
2311 2312 2601 2365 testimonia
2641 2321 2820 2364 contra
2850 2307 3204 2362 cenodoxiam.

1914 2405 2038 2460 Ideo
2071 2404 2362 2473 Apostolus
2391 2414 2570 2458 monet
2601 2401 2666 2458 ιδ
2703 2403 2879 2457 Nolite
2902 2401 3015 2467 ﬁeri
3045 2403 3214 2454 inanis
3240 2401 3425 2473 gloria:

1840 2500 2013 2569 cupidi
2038 2497 2242 2569 (Colat.
2275 2497 2328 2567 v)
2358 2513 2372 2560 ;
2401 2506 2456 2553 et
2484 2498 2741 2552 Dominus
2775 2497 3073 2551 Pharisaeos
3109 2496 3381 2564 castigans
3411 2516 3422 2550 :

1845 2599 1869 2626 ο
1902 2589 2192 2656 Quomodo,
2228 2590 2423 2656 inquit,
2457 2605 2543 2643 vos
2575 2590 2787 2660 potestis
2826 2588 3052 2655 credere,
3084 2588 3171 2656 qui
3208 2588 3425 2659 gloriam

1212 2722 1470 2778 ALARDI
1507 2722 1742 2779 GAZIEI
1780 2722 2343 2782 COMMENTARIUS.

224 2850 248 2876 ι
268 2839 481 2908 Nempe
505 2839 786 2903 Ezechias,
810 2837 913 2893 hoc
939 2847 1042 2904 est,
1070 2853 1174 2892 non
1199 2853 1316 2893 eam
1341 2854 1500 2907 quam
1525 2838 1734 2903 debuit,

153 2926 243 2978 pro
270 2913 433 2964 tantis
468 2909 748 2964 beneficiis
770 2925 796 2962 a
835 2911 940 2963 Deo
973 2909 1230 2978 acceptis,
1257 2911 1418 2963 animi
1451 2910 1738 2979 gratitudi-

155 2998 287 3045 nem,
309 2983 638 3045 religionem
666 2997 726 3034 ac
750 2981 1092 3036 devotionem
1119 2980 1370 3034 exhibuit
1393 2997 1404 3032 :
1435 2981 1541 3036 Sed
1564 2981 1735 3034 eleva-

155 3060 250 3105 tum
270 3062 339 3106 est
361 3070 456 3106 cor
476 3054 610 3122 ejus,
635 3053 686 3104 id
705 3061 810 3118 est,
835 3052 1086 3119 superbia
1104 3052 1326 3105 elotum.
1349 3050 1569 3104 Initium
1589 3052 1733 3105 enim

154 3125 305 3177 omnis
335 3125 537 3191 peccati
567 3124 806 3189 superbia
834 3123 1020 3191 (Eccli.
1065 3122 1160 3191 x);
1191 3130 1350 3191 atque
1377 3139 1442 3176 ex
1470 3137 1532 3177 ea
1567 3122 1738 3190 tripli-

155 3195 226 3246 cis
247 3199 415 3261 culpa:
449 3203 637 3246 notam
664 3195 917 3248 incurrit:
943 3193 1002 3244 I°
1027 3193 1448 3262 ingratitudinis,
1472 3194 1598 3260 quia
1628 3208 1734 3247 non

1845 2848 1967 2907 post
1989 2839 2390 2906 separationem
2416 2837 2599 2892 decem
2627 2838 2856 2892 tribuum
2890 2839 2990 2892 sub
3011 2853 3137 2907 rege
3155 2839 3424 2905 Roboam.

1846 2924 2002 2978 reges
2030 2910 2191 2962 Israel
2215 2909 2615 2978 distinguantur
2636 2923 2664 2962 a
2695 2909 2910 2976 regibus
2930 2909 3062 2963 Juda
3081 2949 3097 2975 ,
3119 2910 3171 2964 in
3196 2927 3426 2977 quorum

1845 2977 2072 3053 numero
2105 2979 2352 3053 decimus
2402 2977 2596 3053 tertius
2642 2987 2725 3033 est
2753 2981 2953 3053 Dzias.
2984 2979 3181 3053 Exstat
3213 2985 3428 3053 egregia

1845 3050 2068 3104 homilia
2104 3051 2163 3103 D.
2205 3049 2361 3103 Joan.
2393 3048 2764 3120 Chrysostomi
2799 3050 2850 3104 in
2900 3051 3032 3105 illud
3065 3069 3077 3104 :
3111 3048 3322 3107 Elatum
3345 3048 3428 3108 'est

1842 3137 1936 3192 cor
1963 3120 2104 3175 Ozite
2142 3121 2331 3192 (Tom.
2362 3118 2434 3192 I).

1913 3191 1939 3276 (ξ
1965 3191 2275 3277 υριο.γετι›ο
2297 3191 3366 3277 xsvéidgotLuts'npra'notatumJAdcap.
3394 3195 3437 3249 1·

155 3263 288 3318 dedit
315 3266 555 3336 gloriam
586 3266 696 3318 Deo
733 3263 800 3319 de
831 3263 1059 3336 victoria
1087 3261 1138 3317 et
1169 3266 1292 3332 fuga
1319 3264 1695 3318 Sennaclierib
1720 3296 1734 3330 ,-
1763 3261 1810 3322 C
1842 3261 2045 3336 ltujus).
2080 3264 2194 3318 Huc
2221 3276 2431 3336 spectat
2453 3265 2513 3317 D.
2543 3261 2807 3336 Basirliiiin
2834 3265 3054 3336 Regulis
3087 3261 3429 3321 Brevioribus

158 3335 369 3404 eamque
400 3337 647 3390 fortasse
683 3335 850 3404 magis
879 3335 990 3387 suis
1023 3336 1230 3388 meritis
1260 3350 1418 3402 qnam
1449 3336 1544 3389 Dei
1577 3339 1739 3389 bene-

160 3404 270 3460 ficio
298 3420 588 3478 acceptam
623 3406 774 3470 tulit,
815 3405 1110 3478 secundum
1159 3405 1413 3478 Hebraeos
1438 3424 1450 3458 :
1480 3421 1637 3472 quam
1669 3405 1739 3459 ob

157 3490 357 3531 causam
396 3477 456 3532 in
495 3478 744 3530 morbum
782 3477 1164 3546 gravissimum
1200 3477 1410 3537 incidit,
1443 3493 1548 3543 quo
1575 3492 1736 3545 (egro-

161 3550 268 3620 lavit
298 3565 462 3620 usque
492 3547 560 3598 ad
588 3557 800 3600 mortem
821 3563 839 3612 ;
864 3546 928 3598 2°
953 3547 1245 3620 jactantim,
1279 3547 1656 3620 ostentationis
1686 3557 1741 3620 et

160 3616 320 3690 inanis
345 3616 568 3690 glori:t-,
588 3620 712 3671 dum
739 3619 1098 3690 delegatimte
1128 3629 1181 3672 et
1210 3618 1576 3686 gratulatione
1600 3619 1740 3687 regis

160 3687 426 3760 Babylonii
465 3687 573 3742 sibi
605 3688 962 3757 applaudens,
997 3691 1278 3742 thesauros
1300 3701 1500 3760 sunset
1523 3704 1737 3742 omnem

162 3758 398 3828 pompam
460 3761 668 3827 regiam
725 3760 913 3826 legatis
970 3760 1205 3812 ostendit
1253 3759 1363 3826 (IV
1400 3758 1595 3828 Regum
1638 3775 1738 3825 xx,

161 3825 306 3884 Isaia:
333 3846 506 3884 χχχιχ
527 3825 579 3897 l;
610 3831 672 3884 5°
705 3825 962 3898 neglecta:
985 3825 1267 3884 charitatis
1297 3847 1420 3898 erga
1468 3825 1739 3897 proximo-

160 3914 276 3972 rum
313 3903 554 3972 salutent
592 3919 604 3952 :
634 3898 762 3952 Cum
790 3901 983 3972 enim,_
1008 3901 1178 3972 inquit
1226 3902 1459 3972 Cyrillns
1490 3899 1741 3972 (Libnm

163 3969 210 4020 in
256 3970 457 4025 Isaiam
479 3971 500 4042 )
523 4017 536 4037 ,
584 3972 829 4041 profectis
859 3986 922 4023 ea:
946 3969 1227 4041 Babylone,
1258 3969 1618 4037 omnipotentis
1650 3970 1744 4025 Dei

163 4044 348 4095 auxilia
400 4042 620 4095 diversis
660 4042 972 4111 tenporibus
1015 4043 1239 4096 exhibita
1275 4053 1323 4096 et
1368 4043 1745 4095 incredibilium

163 4113 340 4165 harum
384 4129 565 4166 rerum
605 4113 928 4182 splendorem
971 4129 1033 4164 ac
1072 4113 1507 4182 magniﬁcentiam
1553 4113 1745 4166 illustri

164 4185 454 4236 narratione
466 4199 720 4251 exponere
737 4181 1012 4248 debuisset,
1039 4195 1088 4234 ut
1113 4181 1278 4250 αἰρδί
1299 4199 1499 4252 quoque
1521 4183 1746 4236 divinam

164 4253 520 4307 excellentiam
549 4264 596 4305 et
637 4255 881 4305 invictam
911 4253 1123 4306 Domini
1153 4264 1451 4324 potestatem
1480 4270 1542 4307 ea:
1580 4255 1746 4320 ipsius

162 4326 478 4395 sermonibus
511 4326 672 4395 magis
699 4324 1013 4395 admirantes
1041 4333 1414 4377 reuerterentur
1438 4326 1489 4376 in
1525 4326 1748 4388 patriam

165 4393 338 4465 divina
368 4393 658 4465 cognitione
690 4393 989 4460 locupletati
1032 4396 1135 4465 (sic
1188 4398 1315 4447 enim
1349 4397 1495 4449 licuit
1543 4407 1589 4448 et
1631 4397 1748 4448 aliis

165 4463 578 4535 prodesse,'cum
609 4463 665 4515 hi
697 4463 1072 4530 renuntiarent,
1111 4481 1224 4533 quae
1253 4466 1604 4535 didicissent),
1656 4467 1749 4520 hoc

167 4531 253 4583 ille
274 4535 490 4606 minime
532 4535 670 4603 fecit,
715 4537 803 4587 sed
839 4537 888 4589 in
937 4531 1206 4590 humanam
1239 4538 1406 4603 pozius
1441 4531 1750 4606 jactantiam

172 4604 436 4677 prolapsus
460 4617 556 4677 est,
577 4622 668 4657 nec
693 4622 839 4677 suam
865 4609 1083 4676 gloriam
1105 4624 1166 4660 ex
1186 4607 1266 4660 Itis
1295 4604 1650 4677 rebus‘quibus
1678 4618 1752 4661 est

173 4669 449 4748 honoratus
468 4693 497 4728 a
523 4675 654 4741 Deo,
679 4676 767 4729 sed
789 4693 851 4730 ea:
865 4669 1012 4748 regni
1038 4679 1298 4748 opulentia
1321 4669 1612 4748 testittiauit,
1641 4689 1749 4733 etc.

238 4741 264 4779 δ
293 4744 574 4811 Mendose,
609 4748 695 4801 vel
728 4758 876 4801 certe
923 4741 1144 4802 abusive
1175 4759 1365 4801 atavus
1397 4741 1610 4814 ponitur
1655 4764 1751 4816 pro

175 4827 389 4880 proavo,
418 4819 507 4885 qui
540 4827 622 4871 est
668 4818 750 4870 avi
783 4828 972 4888 pater.
1004 4819 1282 4887 Siquidem
1328 4817 1572 4888 Ezechiae
1611 4821 1751 4888 regis

176 4894 319 4960 inter
349 4889 550 4960 Aclntz,
588 4902 721 4960 avus
770 4887 1036 4960 Joathan,
1074 4905 1300 4953 proavus
1350 4887 1541 4949 Ozias,
1576 4887 1752 4960 quiet

173 4954 410 5026 Marias,
435 4958 639 5011 abavus
669 4958 934 5023 Amasias,
969 4972 1158 5013 atavus
1182 4960 1572 5026 deniqquoas,
1595 4954 1662 5015 'ut
1685 4978 1748 5017 ex

175 5023 659 5101 historia_Regnm
713 5028 1190 5101 tnanifestnnt__est
1216 5023 1471 5101 (IV'Reg.
1505 5049 1622 5098 vtu,
1657 5049 1752 5098 xv,

177 5097 366 5172 xv1;_ll
399 5096 584 5150 Parol.
617 5114 750 5172 μιν
781 5110 990 5172 ct-seq.;
1023 5099 1088 5154 IV
1120 5096 1248 5172 Reg.
1276 5100 1358 5169 v).

244 5177 264 5241 ἢ
290 5166 429 5241 Dum
451 5169 793 5224 sacerdotum
814 5170 1048 5240 officium
1072 5166 1337 5237 usurpare
1349 5172 1538 5224 voluit.
1557 5173 1632 5226 De
1645 5189 1752 5241 quo

175 5235 367 5306 Snitlas
402 5249 509 5292 tum
540 5242 857 5306 Scripturm,
900 5235 1010 5293 toni
1044 5242 1167 5295 huic
1204 5235 1324 5294 loco
1351 5235 1750 5297 consentanee:

180 5303 347 5370 Osias,
375 5309 569 5378 inquit,
590 5303 681 5364 rei:
702 5310 935 5375 Israelis,
962 5313 1075 5374 pius
1099 5313 1216 5378 fuit,
1239 5311 1327 5363 sed
1352 5313 1500 5364 rebus
1521 5313 1756 5366 secundis

176 5380 376 5452 elatus,
397 5396 484 5448 per
505 5383 793 5433 vecordiam
821 5383 929 5446 ipse
956 5381 1066 5434 Deo
1096 5399 1185 5452 per
1214 5397 1322 5434 sese
1347 5383 1641 5452 sacrificare
1666 5399 1756 5435 uo-

179 5442 290 5522 luit,
323 5450 376 5499 id
397 5442 693 5522 quod-salis
718 5442 900 5504 licebat
925 5442 1296 5505 sacerdotibus.
1330 5442 1553 5517 Cumque
1576 5455 1757 5507 odores

176 5521 242 5593 tu
275 5524 466 5593 templo
509 5521 842 5586 incendisset,
892 5524 1158 5593 confestim
1188 5525 1420 5589 leprosus
1462 5522 1626 5593 factus
1656 5533 1750 5576 est.

182 5584 415 5663 Obducta
446 5595 572 5644 enim
603 5603 676 5644 est
708 5584 863 5662 facies
891 5584 1003 5663 ejus
1031 5595 1176 5662 lepra
1205 5584 1257 5646 in
1291 5584 1477 5662 templo
1509 5591 1751 5663 Domini;

177 5660 344 5726 itaque
373 5675 489 5714 eum
517 5663 636 5716 inde
684 5660 1090 5717 abstraxerunt.‘
1116 5665 1241 5718 Hmc
1277 5660 1400 5723 ille,‘
1437 5662 1529 5731 qui
1574 5670 1748 5717 tamen

185 5741 276 5806 pro
305 5745 435 5804 rege
465 5731 674 5798 Israelis
699 5734 944 5816 esactius
973 5735 1196 5797 dixisset
1223 5749 1402 5808 regem
1432 5735 1598 5800 luna;
1627 5746 1746 5794 cum

1777 4648 1832 4707 D

1844 3333 2201 3400 interrogatio
2222 3333 2294 3388 25
2325 3335 2381 3388 in
2414 3335 2529 3389 lizrc
2561 3335 2722 3389 verba
2754 3354 2766 3388 :
2819 3335 2947 3388 Cum
2985 3337 3262 3402 Apostolus
3293 3339 3430 3390 dicat

1843 3405 1976 3476 alias
2007 3405 2410 3476 quidemLNon
2458 3406 2738 3476 efﬁciamur
2775 3408 2946 3460 inanis
2977 3407 3158 3476 gloria:
3205 3408 3424 3473 cupidi;

1845 3475 1981 3529 alias
2007 3490 2194 3539 autem,
2225 3475 2346 3529 Non
2377 3477 2446 3529 ad
2478 3475 2685 3530 oculum
2715 3475 3006 3537 servientes.
3037 3478 3182 3544 quasi
3207 3475 3433 3530 homini-

1846 3547 1938 3600 bus
1975 3549 2233 3618 placentes
2264 3545 2480 3617 (Ephcs.
2516 3551 2632 3618 Vt);
2663 3547 2790 3613 Quis
2825 3558 2902 3618 est
2928 3547 3101 3618 inanis
3131 3549 3313 3618 gloriae
3337 3565 3432 3618 cu-

1847 3614 1996 3685 pidus
2011 3619 2036 3670 7
2051 3621 2222 3687 etquis
2242 3614 2534 3671 hominibus
2557 3614 2798 3684 placens?
2820 3614 3155 3687 Responsio}
3175 3614 3430 3687 Equidem

1845 3689 2015 3741 inanis
2043 3685 2224 3758 gloriae
2250 3689 2492 3758 cupidum
2512 3689 2746 3758 existimo
2766 3701 2873 3738 esse
2897 3685 3058 3758 illum
3073 3689 3164 3752 qui
3182 3685 3432 3753 simplicis

1846 3754 2204 3812 tantummodo
2235 3754 2414 3823 gloria:
2443 3755 2718 3807 mundana:
2770 3770 2950 3814 causa,
2981 3754 3058 3805 vel
3101 3768 3216 3821 qua:
3251 3770 3283 3823 a
3310 3769 3429 3821 spe-

1845 3829 2104 3882 ctantibus
2130 3827 2206 3880 vel
2231 3822 2294 3878 ab
2314 3825 2641 3879 audientibus
2666 3825 2767 3891 ipsi
2795 3824 3044 3888 nascitur,
3077 3822 3276 3892 aliquid
3306 3823 3434 3892 facit

1848 3900 2061 3965 dit'itue;
2089 3895 2378 3950 hominibus
2411 3896 2694 3964 placentem
2724 3904 2912 3965 autem,
2938 3893 3237 3965 quicumque
3255 3896 3322 3948 ad
3347 3912 3433 3948 vo-

1847 3963 2097 4024 luntateim
2114 3968 2340 4037 alicujus
2367 3963 2610 4030 hominis,
2632 3975 2684 4019 ut
2701 3965 2802 4035 ipsi
2823 3963 3044 4036 placeat,
3069 3964 3269 4035 aliquid
3282 3968 3433 4036 facit,
3523 4004 3529 4009 ~

1851 4041 1966 4094 licet
1994 4040 2252 4108 culpabile
2279 4039 2345 4091 sit
2375 4038 2516 4109 quod
2543 4037 2686 4107 facit.

1925 4121 1946 4148 ο
1976 4112 2040 4165 D.
2073 4107 2431 4181 Hieronymus
2459 4108 2524 4181 ad
2556 4107 2903 4181 Eustochium
2944 4108 3010 4163 de
3040 4107 3289 4181 custodia
3319 4107 3432 4161 vir-

1848 4183 2089 4251 ginitatis
2111 4178 2309 4250 (Epist.
2332 4179 2427 4250 ‘22)
2454 4199 2465 4233 :
2499 4179 2524 4232 Ι
2534 4180 2647 4234 llud
2677 4196 2877 4252 quoque
2904 4181 2994 4233 tibi
3020 4178 3292 4252 vitandum
3315 4187 3390 4252 est
3415 4221 3431 4245 ,

1850 4248 1914 4306 ite
1939 4248 2311 4324 inanis'glorite
2327 4248 2512 4305 ardore
2541 4248 2798 4324 capiaris.
2821 4250 3116 4324 Quomodo,
3150 4248 3433 4324 inquitAJe-

1851 4337 1968 4387 sus,
1999 4321 2206 4390 potestis
2231 4325 2456 4387 credere,
2500 4321 2718 4392 gloriam
2758 4325 2823 4376 ab
2856 4323 3146 4375 hominibus
3176 4321 3436 4390 accipien-

1851 4403 1926 4448 tes
1951 4395 1974 4447 ?
2018 4394 2149 4447 Vide
2171 4395 2322 4462 quale
2344 4395 2535 4448 malum
2567 4396 2654 4458 sit,
2687 4395 2823 4460 quod
2845 4395 2928 4462 qui
2957 4392 3191 4446 habuerit
3222 4409 3324 4445 non
3354 4408 3440 4457 po-

1853 4473 1952 4518 test
1979 4465 2206 4518 credere.
2260 4464 2370 4530 Nos
2407 4481 2527 4534 vero
2565 4467 2839 4518 dicamus:
2888 4464 3144 4534 Quoniam
3196 4463 3438 4534 glaciatio

1854 4551 1967 4588 mea
1998 4534 2329 4607 tuesd(Psal.
2352 4536 2458 4607 ιιι).
2485 4533 2550 4588 Et
2573 4538 2659 4604 qui
2688 4536 2962 4607 gloriatur,
2996 4537 3048 4607 in
3076 4533 3299 4607 Domino
3325 4533 3438 4607 glo:

1856 4607 2015 4659 rietur
2045 4605 2088 4675 (1
2117 4602 2234 4660 Cbr.
2266 4609 2328 4675 ι).
2362 4602 2425 4660 Πζ
2457 4602 2784 4675 Augustinus
2829 4606 2923 4660 lib.
2961 4620 2993 4657 v
3021 4605 3087 4658 de
3131 4604 3292 4662 Civit.
3330 4602 3438 4658 Dei

1857 4691 1976 4745 cap.
2021 4678 2117 4732 Νι
2167 4676 2298 4730 Tam
2326 4687 2400 4730 est
2433 4677 2529 4730 hoc
2569 4679 2742 4730 vitium
2765 4677 3028 4729 inimicum
3061 4675 3161 4745 pia:
3205 4675 3328 4743 ﬁdei
3349 4718 3362 4742 ,
3395 4675 3441 4728 si

1859 4743 2027 4817 major,
2051 4751 2116 4802 sit
2141 4749 2195 4801 in
2234 4749 2388 4802 corde
2413 4747 2672 4816 cupiditas
2714 4747 2896 4816 gloria:
2937 4762 3092 4816 quam
3117 4743 3213 4799 Dei
3242 4747 3394 4797 timor
3418 4783 3435 4808 ,

1858 4819 1936 4871 vel
1961 4836 2124 4884 amor,
2156 4828 2211 4872 ut
2256 4819 2506 4872 Dominus
2542 4819 2766 4873 diceret:
2798 4817 3066 4882 Quomodo
3097 4817 3307 4884 potestis
3330 4830 3441 4867 cre-

1858 4889 2004 4962 dere,
2031 4886 2245 4962 gloriam
2271 4891 2334 4941 ab
2361 4891 2576 4941 invicem
2607 4897 2976 4962 exspectantes,
3002 4899 3051 4962 et
3071 4887 3290 4962 gloriam
3326 4899 3440 4962 quis:

1860 4977 1891 5011 a
1928 4954 2051 5012 solo'
2070 4959 2172 5012 Deo
2216 4969 2288 5010 est
2338 4975 2439 5011 non
2465 4954 2737 5025 quaeritis?
2782 4958 2932 5023 Quod
2973 4954 3102 5010 enim
3140 4954 3440 5026 Itujusmodi

1860 5030 2040 5098 gloriae
2087 5028 2342 5095 appetitus
2376 5022 2506 5098 ﬁdei
2547 5022 2828 5098 multorum
2879 5022 3439 5098 obstiterit,r'decl_arat

1858 5094 2086 5150 Joannes
2114 5094 2228 5163 cap.
2259 5097 2560 5150 xudicens:
2587 5097 2672 5150 Ea:
2701 5098 3022 5163 principibus
3040 5097 3187 5149 multi
3207 5094 3440 5148 credide-

1861 5177 1981 5220 runt
2002 5169 2055 5219 in
2081 5183 2232 5231 eum;
2260 5167 2347 5219 sed
2376 5175 2582 5236 propter
2606 5167 2901 5220 Pltarisaros
2924 5165 3434 5236 nonconﬁtebantur,

1862 5247 1916 5292 ut
1941 5254 1968 5292 e
1996 5254 2254 5309 synagoga
2273 5253 2373 5290 non
2395 5234 2722 5308 ejicerentur,
2748 5237 3036 5309 dilexerunt
3064 5238 3198 5309 enim
3221 5234 3440 5309 gloriam

1865 5304 2142 5381 hominum
2167 5304 2328 5380 magis
2367 5304 2516 5377 quam
2563 5309 2783 5381 gloriam
2829 5304 3436 5381 Dei._|tadAu_gustinu_s.

1865 5380 2000 5436 Vide
2024 5375 2654 5451 Caj»:tanunijentac.v10
2679 5380 2908 5451 (Quaest.
2931 5377 3012 5446 2),
3032 5377 3118 5451 ubi
3144 5377 3303 5430 docet
3332 5375 3441 5451 illis

1863 5453 2045 5507 verbis
2075 5446 2285 5508 Domini
2321 5446 2612 5521 significari
2657 5446 2854 5517 duplex
2901 5448 3349 5517 impedimentum
3379 5446 3443 5500 fl-

1865 5523 1951 5578 dei
1978 5542 1989 5576 :
2019 5526 2246 5577 alterum
2293 5523 2601 5591 positivum,
2632 5521 2775 5591 quod
2805 5530 2890 5575 est
2929 5529 3189 5590 appetere
3213 5527 3268 5572 et
3295 5533 3444 5587 qua:-

1860 5610 1983 5650 rere
2005 5596 2215 5649 inanem
2243 5594 2468 5664 gloriam
2496 5593 2805 5656 hominum;
2832 5592 3060 5646 alterum
3090 5591 3460 5664 privatixum,,

1859 5669 1971 5736 sive
2005 5661 2331 5736 negativuin,
2364 5665 2504 5734 quod
2537 5675 2619 5719 est
2648 5680 2754 5719 non
2779 5679 3025 5736 quaerere
3054 5663 3272 5736 glorian
3314 5661 3426 5736 Dei.

1858 5734 1961 5798 hoc
1977 5731 2455 5805 estfcutlestem'et
2475 5731 2865 5808 sempiternam
2878 5731 3125 5809 gloriam.
3146 5731 3261 5797 Non
3289 5734 3433 5815 enim
