4004 6198
644 288 743 344 ιιι

1958 283 2225 341 IOANNIS
2263 283 2570 342 CASSIANI

3767 287 3849 342 ιιι

641 405 702 455 ab
735 403 946 456 invicem
975 405 1221 476 accipitis,
1246 411 1290 458 et
1319 403 1536 476 gloriam
1560 417 1676 474 qua?
1697 418 1727 456 a
1753 402 1864 456 solo
1889 399 1994 456 Deo
2019 411 2088 454 est
2113 417 2212 456 non
2241 405 2289 465 Α
2316 401 2512 456 divites
2539 409 2631 456 aut
2670 399 2879 456 nouiles
2927 401 3178 470 habeant,
3231 401 3314 458 vel
3346 400 3492 472 quod
3522 400 3741 456 militiam
3769 399 3848 454 ho-

640 495 868 562 quceritis
899 493 1084 566 (Joan.
1111 497 1210 566 v)?
1266 495 1342 548 De
1371 495 1453 550 his
1486 504 1540 550 et
1571 495 1760 548 beatus
1795 493 1956 548 David
1983 509 2106 548 cum
2137 493 2218 547 in-

639 585 1020 640 terminatione
1049 585 1178 640 dicit
1202 604 1214 640 :
1253 587 1508 654 Quoniam
1541 587 1677 642 Deus
1707 587 1972 656 dissipavit
1999 603 2115 640 ossa
2135 603 2220 642 eo-

640 691 753 730 rum
780 677 869 748 qui
896 677 1182 732 hominibus
1217 685 1239 714 "
1275 677 1482 746 placent
1517 677 1692 748 (Psal.
1746 679 1864 746 LII).

1221 810 1452 868 CAPUT
1491 811 1627 867 XIII.

785 923 980 992 Quibus
1008 925 1175 978 modis
1213 924 1496 978 cenodoxia
1538 923 1844 982 monachum
1885 923 2069 994 pulset.

704 1034 854 1090 Solet
901 1037 1060 1091 etiam
1119 1036 1488 1105 incipientium
1533 1045 1779 1104 mentes,
1814 1043 1868 1091 et
1909 1052 2096 1092 eorum
2124 1037 2215 1108 qui

635 1127 814 1182 minus
837 1126 1031 1192 adhuc,
1061 1128 1143 1182 vel
1177 1127 1378 1182 virtute
1405 1126 1589 1192 animi,
1615 1127 1698 1182 vel
1723 1127 1945 1182 scientia
1971 1127 2216 1197 profece-

634 1229 783 1286 runt,
807 1219 834 1258 ι)
863 1229 954 1274 aut
983 1229 1202 1290 prepter
1233 1235 1423 1274 sonum
1447 1219 1598 1274 vocis
1627 1219 1910 1284 extollere,
1936 1220 2082 1290 quod
2112 1219 2216 1274 sci-

635 1313 762 1370 licet
793 1313 1121 1370 modulatius
1150 1313 1401 1384 psallant,
1424 1313 1674 1384 autquod
1703 1315 1813 1368 sint
1840 1325 1861 1353 ο
1887 1315 2063 1370 exesis
2094 1329 2212 1368 car-

633 1405 824 1474 nibus,
871 1407 954 1461 vel
985 1421 1214 1478 corpore
1261 1405 1544 1472 lautiores,
1577 1405 1720 1462 daut
1771 1407 1914 1476 quod
1961 1417 2211 1476 parentes

2321 511 2589 568 noresque
2621 488 3065 568 contempserint.
3099 493 3370 550 Interdum
3407 493 3570 549 etiam
3606 489 3846 559 dignitates

2319 601 2374 648 et
2392 606 2544 661 epes,
2577 605 2696 662 qua:
2718 589 2856 644 forte
2879 603 2980 644 nec
3000 579 3332 660 apprehendi
3358 585 3580 658 quidem
3604 584 3847 656 aliquando

2319 686 2660 756 potuissent,
2719 681 3002 756 persuadet
3048 680 3356 754 quempiam
3415 677 3664 752 perfacile
3713 676 3846 731 fuisse

2319 778 2678 846 adepturum,
2725 776 2771 830 si
2815 781 3220 846 perseverasset
3249 773 3300 828 in
3333 772 3566 836 stmulo,
3615 784 3734 828 vana
3773 783 3848 838 spe

2319 870 2480 926 etiam
2522 868 2587 923 de
2631 867 2851 922 incertis
2894 865 3088 922 inﬂans
3112 881 3260 932 eum,
3288 875 3340 919 et
3367 865 3434 919 de
3466 863 3549 918 his
3577 877 3691 934 qua:
3725 874 3849 918 num-

2319 977 2476 1036 quam
2513 960 2796 1029 possedit;
2843 957 2990 1014 velut
3025 958 3113 1030 qui
3153 972 3217 1013 ea
3246 956 3664 1028 contempserit,
3713 950 3887 1042 gloria”

2319 1053 2570 1108 vanitatis
2598 1051 2884 1108 extollens.
3863 1057 3892 1080 ιι

2902 1119 2983 1175 CA
2995 1117 3126 1175 PUT
3167 1117 3309 1175 XIV.

2462 1211 2904 1282 Quemadmodum
2939 1211 3211 1284 clericatus
3249 1211 3471 1284 gradum
3511 1215 3744 1284 suggerat

2933 1283 3276 1338 amittendum.

2391 1413 2412 1439 ε
2443 1399 2851 1472 Nonnumquam
2879 1413 3010 1455 vero
3039 1397 3058 1437 τ
3086 1397 3369 1454 clericatus
3390 1397 3638 1472 gradum,
3667 1403 3718 1455 et
3741 1393 3859 1453 desi-

1707 1517 1964 1572 ALARDI
2003 1515 2240 1573 GAZXEI
2279 1513 2838 1572 COMMENTARIUS.

633 1608 806 1678 magis
825 1609 1045 1678 interise
1071 1609 1364 1662 convenire
1395 1611 1618 1678 possunt
1639 1608 1811 1676 gloria
1839 1609 1928 1662 Dei
1962 1619 2016 1662 et
2044 1609 2214 1678 gloria

634 1677 908 1733 hominum
943 1677 984 1746 (I
1016 1678 1133 1731 Lor.
1162 1693 1178 1732 ι
1211 1687 1256 1731 et
1285 1679 1368 1748 tt),
1401 1677 1556 1746 Quam
1602 1679 1867 1746 sapientia
1900 1679 1990 1731 Dei
2024 1677 2080 1732 et
2120 1693 2211 1732 sa-

633 1751 835 1816 pientia
866 1749 1164 1811 hominum,
1193 1763 1418 1816 quarum
1461 1751 1625 1803 altera
1659 1750 1810 1802 alteri
1843 1749 2069 1802 stultitia
2103 1761 2204 1802 est.

2319 1623 2531 1672 corpore
2573 1603 2853 1676 lautiores,
2885 1605 3099 1659 videtur
3130 1605 3508 1674 paraphrastes
3555 1621 3655 1676 pro
3699 1605 3860 1661 eodem

2321 1677 2638 1744 expositive,
2682 1691 2784 1730 non
2809 1675 3152 1742 disjunctive,
3184 1677 3448 1744 accipere.
3477 1675 3570 1733 Sic
3597 1679 3734 1733 enim
3764 1677 3864 1731 red-

2315 1747 2415 1806 dit.
2446 1749 2594 1814 quasi
2619 1763 2780 1818 unum
2806 1747 2878 1800 sit
2905 1747 3228 1812 membrum,
3253 1748 3330 1802 uel
3355 1749 3480 1818 quia
3497 1749 3742 1804 tenuioris
3768 1755 3864 1801 sunt

634 1817 864 1876 Proinde
915 1821 1006 1888 qui
1049 1821 1274 1874 alteram
1317 1829 1578 1886 sectatur,
1625 1820 1852 1873 alteram
1903 1830 2214 1875 contemnat
2245 1823 2288 1884 B
2317 1820 2568 1886 corporis,
2592 1817 2740 1886 quasi
2776 1819 3031 1870 lautiores
3062 1821 3170 1871 sint
3205 1817 3501 1880 tenuiOres,
3527 1819 3860 1873 delicatiores.

633 1906 858 1948 necesse
879 1901 980 1944 081.

705 1971 732 1999 ⁸
773 1963 826 2016 Id
857 1971 971 2018 est.
1019 1969 1106 2030 qui
1153 1962 1204 2014 in
1236 1959 1464 2029 gratiam
1492 1960 1772 2013 hominum
1820 1969 1876 2014 et
1917 1961 2212 2014 carnalium

633 2035 928 2088 amicorum
955 2031 1046 2086 Dei
1079 2043 1279 2085 metum
1309 2031 1588 2088 deserunt.
1625 2031 1873 2084 Bilariam
1905 2031 2046 2083 enim
2081 2047 2211 2084 eon-

636 2105 788 2172 tingit
819 2117 917 2157 nos
947 2104 1160 2170 placere
1193 2102 1531 2156 hominibus:
1577 2115 1688 2155 uno
1708 2102 1880 2172 tundo
1909 2102 2123 2170 quando
2148 2117 2213 2158 eo

633 2171 740 2228 line
770 2183 974 2228 tantum
1017 2174 1325 2226 hominibus
1357 2173 1567 2240 placere
1599 2171 1900 2237 studemus,
1939 2180 1996 2225 ut
2025 2188 2210 2226 eorum

633 2247 856 2315 gratiam
887 2253 939 2298 ct
961 2245 1200 2315 favorem
1225 2258 1570 2315 aucupentur,
1605 2244 1744 2312 quod
1779 2245 1992 2312 quidem
2021 2259 2212 2312 pecca-

635 2314 744 2370 tum
777 2323 894 2374 cst,
928 2314 1161 2368 maxime
1192 2314 1236 2366 si
1268 2315 1338 2367 ob
1368 2315 1417 2366 id
1451 2315 1557 2368 Deo
1605 2315 1920 2381 di~pltcere,
1967 2315 2068 2367 hoc
2095 2325 2209 2378 est,

633 2387 802 2440 Deum
834 2384 1110 2438 olfendere
1139 2399 1245 2436 non
1269 2399 1571 2448 vereamur,
1597 2385 1664 2438 de
1690 2399 1796 2452 quo
1827 2384 2115 2450 Apostolus
2145 2385 2212 2439 ad

633 2455 814 2510 Galat.
839 2471 891 2522 th:
927 2454 988 2510 Si
1013 2455 1181 2506 adhuc
1210 2454 1495 2508 hominibus
1519 2456 1790 2523 placerem,
1824 2455 2017 2508 Christi
2041 2471 2212 2510 servus

635 2542 739 2594 non
783 2541 980 2588 essem;
1023 2526 1130 2578 alio
1161 2524 1320 2579 modo
1353 2527 1623 2594 placemus
1655 2525 1959 2578 hominibus
1993 2535 2213 2594 propter

635 2593 806 2650 Deum
831 2640 844 2662 ,
890 2595 1186 2649 auuavendo
1218 2611 1244 2646 a
1290 2595 1446 2649 nobis
1487 2597 1663 2649 omnia
1707 2596 1952 2648 scandala
1982 2604 2034 2648 et
2067 2593 2212 2663 qutu-

634 2683 866 2734 cumque
885 2667 1000 2719 aliis
1023 2667 1108 2720 0th
1131 2666 1342 2719 ndicqu
1361 2681 1482 2720 esse
1507 2675 1748 2730 possunt,
1773 2667 1951 2720 ethoc
1979 2681 2081 2719 non
2103 2675 2208 2720 tum

633 2747 716 2793 est
746 2739 955 2807 placere
989 2737 1292 2790 hominibus
1324 2752 1479 2807 quam
1517 2737 1644 2792 Deo.
1681 2737 1832 2792 Unde
1872 2737 2010 2790 idem
2067 2739 2211 2805 Apo-

631 2806 803 2862 Stolus
832 2809 938 2861 alio
969 2809 1082 2862 loco
1109 2808 1270 2860 dicit:
1305 2806 1432 2861 Sine
1451 2807 1914 2874 offensionecstote
1939 2807 2138 2862 Judteis
2164 2815 2212 2861 et

631 2877 898 2946 Gentibus,
928 2879 1056 2950 sicut
1084 2889 1133 2950 et
1153 2893 1252 2950 ego
1281 2877 1510 2930 omnibus
1537 2895 1626 2946 per
1655 2879 1846 2950 omnia
1867 2878 2042 2940 placeo
2067 2917 2088 2950 ,_
2109 2895 2212 2932 non
2256 2901 2268 2914 -

631 2967 862 3020 quaerens
891 2949 1028 3019 quod
1068 2947 1202 3020 mihi
1223 2950 1369 3020 utile,
1417 2951 1506 3020 sed
1537 2950 1670 3020 quod
1701 2949 1896 3013 multis,
1933 2957 1987 3020 ut
2010 2947 2212 3002 salven-

633 3018 714 3074 ιω·
733 3021 778 3091 (1
809 3018 930 3074 (lor.
963 3021 1044 3091 tt):
1078 3019 1229 3091 Unde
1262 3019 1422 3091 infert
1459 3019 1518 3091 ιι.
1549 3019 1909 3091 Ilieronymus
1939 3018 2211 3091 (Inbcom-

632 3087 882 3143 mentm-io
907 3090 976 3141 ad
1005 3087 1125 3141 Gal.
1155 3088 1208 3150 v)
1236 3107 1247 3139 :
1285 3089 1344 3142 Si
1385 3089 1499 3157 fieri
1525 3099 1688 3158 potest
1713 3087 1766 3142 ut
1792 3088 1986 3157 pariter
2019 3088 2124 3142 Deo
2160 3096 2210 3141 et

633 3161 920 3214 hominibus
973 3159 1290 3228 placeamus,
1323 3160 1632 3228 placendum
1660 3166 1736 3212 est
1785 3169 1843 3228 et,
1879 3158 2207 3223 hominibus;

632 3231 712 3283 sin
741 3239 910 3282 autent
942 3227 1042 3281 non
1063 3227 1331 3296 placemus
1351 3227 1663 3294 hominibus,
1688 3229 1786 3280 nisi
1819 3227 1922 3282 Deo
1947 3229 2207 3294 displicea-

633 3317 768 3364 mus,
821 3298 927 3352 Deo
969 3299 1131 3364 magis
1177 3315 1332 3366 quant
1379 3298 1670 3350 hominibus
1707 3299 1905 3367 placere
1953 3299 2208 3353 debemus.

637 3371 779 3425 Idem
809 3371 856 3421 in
887 3369 1126 3434 Epistula
1163 3375 1226 3422 ad
1263 3368 1658 3422 Pammachium
1697 3368 1894 3436 (Epist.
1926 3367 2048 3436 9.6):
2085 3367 2211 3421 Pri-

635 3457 718 3494 ma
737 3481 752 3502 ,
779 3439 982 3509 inquit,
1013 3439 1174 3492 virtus
1201 3449 1276 3492 est
1319 3439 1556 3492 monachi
1597 3449 1916 3492 contemnere
1945 3439 2211 3492 hominum

642 3513 850 3580 iudicia,
880 3519 928 3564 et
969 3525 1166 3574 sensper
1197 3510 1427 3580 Apostoli
1457 3511 1718 3562 recordari
1752 3510 2000 3563 dicentis:
2031 3509 2094 3562 Si
2115 3510 2212 3563 ad-

671 3599 735 3636 uc
759 3580 1052 3634 hominibus
1081 3583 1353 3650 placerem,
1385 3580 1573 3636 Christi
1603 3595 1772 3634 servus
1794 3596 1896 3634 non
1923 3595 2101 3636 essem.

703 3651 731 3692 δ
765 3653 935 3722 Hujus
961 3652 1038 3705 rei
1063 3651 1300 3721 lepidum
1323 3652 1628 3722 exemplum
1651 3655 1816 3705 ret'crt
1835 3650 2104 3706 Caesarius
2125 3651 2210 3705 his

629 3725 812 3782 verbis
839 3721 856 3778 ἑ
887 3721 1134 3792 Tempore
1155 3722 1404 3792 quodam,
1433 3721 1632 3776 clericis
1649 3722 1956 3792 quibusdam
1981 3724 2034 3778 in
2053 3723 2210 3776 eccle-

631 3797 709 3850 sia
738 3794 962 3860 quadam
985 3795 1223 3848 saeculari
1273 3794 1503 3863 fortiter,
1533 3793 1588 3846 id
1629 3805 1734 3857 est,
1766 3794 2046 3848 clamorose
2085 3810 2214 3848 can-

633 3867 883 3930 tantibus,
915 3881 1018 3916 non
1047 3867 1244 3925 (levate,
1277 3875 1322 3914 et
1351 3880 1496 3918 uoces
1547 3865 1890 3916 ttunultuosas
1918 3866 1967 3916 in
1997 3864 2212 3919 sublime

634 3933 932 3986 tollentibus
952 3973 964 3994 ,
997 3934 1122 3985 vidit
1153 3938 1302 3986 hoino
1353 3935 1568 4001 quidam
1603 3935 1906 4002 religiosus,
1959 3936 2046 4002 qui
2077 3941 2214 4002 forte

635 4013 758 4057 tunc
801 4003 990 4070 adfuit,
1037 4004 1306 4070 quemdam
1352 4005 1710 4056 dte‘mouemitt
1742 4006 1850 4056 loco
1887 4007 2210 4063 eminentiori
2255 4052 2258 4056 .

631 4081 879 4138 stantem,
909 4087 1114 4124 saccum
1143 4089 1380 4138 magnum
1404 4085 1448 4124 at
1471 4075 1681 4134 longum
1727 4073 1778 4124 in
1807 4075 2018 4128 sinistra
2055 4091 2212 4130 manu

635 4155 824 4207 tenere,
855 4145 940 4213 qui
963 4143 1282 4195 cantantium
1319 4157 1458 4196 voces
1485 4143 1669 4196 dextra
1698 4145 2088 4213 latius_e.ctcnsa
2115 4161 2209 4198 ca-

635 4216 826 4286 piebat,
855 4211 915 4267 ac
939 4215 994 4268 in
1027 4213 1262 4286 eu‘tttdettt
1283 4229 1516 4286 saccum
1559 4215 1805 4268 mittebat.
1853 4211 1970 4286 Illis
2006 4218 2210 4279 extilelo

633 4283 784 4340 cantu
811 4287 943 4339 inter
967 4303 1022 4338 se
1046 4283 1409 4354 gloriantibus,
1441 4293 1698 4346 tamquam
1729 4287 1815 4351 qui
1843 4283 1966 4338 bene
1985 4293 2032 4337 et
2063 4289 2213 4353 forti-

633 4366 712 4410 ter
745 4356 911 4409 Deum
953 4353 1270 4418 laudassent,
1319 4353 1583 4422 respondit
1615 4355 1700 4408 ille
1719 4360 1805 4422 qui
1834 4357 2027 4408 viderat
2051 4357 2207 4410 visio-

631 4445 748 4482 nem
775 4443 790 4479 :
821 4427 958 4481 Bene
975 4428 1180 4496 quidem
1211 4428 1471 4489 cantastis,
1507 4441 1593 4494 qui
1625 4442 1824 4478 saccum
1850 4428 2055 4495 plenum
2087 4443 2210 4480 con-

2316 1889 2384 1942 At
2413 1903 2544 1942 vero
2575 1889 2804 1941 similius
2831 1888 3078 1941 videntur
3121 1889 3208 1942 hic
3251 1889 3358 1942 duo
3405 1890 3671 1953 membra,
3703 1889 3748 1943 id
3775 1897 3884 1952 est,-

2313 1958 2421 2013 duo
2446 1973 2640 2028 genera
2666 1959 2940 2012 hominum
2970 1959 3251 2028 distingui,
3280 1969 3336 2014 et
3363 1960 3624 2014 lautiores
3667 1959 3862 2026 intelligi

2317 2029 2400 2100 vel
2431 2029 2803 2093 forntosiores,
2837 2031 2920 2100 vel
2947 2031 3250 2100 pinguiores
3293 2039 3347 2084 et
3375 2030 3734 2100 valentiores;
3759 2043 3862 2100 naut

2315 2099 2489 2152 lautus
2517 2111 2663 2153 certe
2695 2115 2801 2152 non
2831 2099 3026 2154 dicitur
3048 2099 3138 2167 qui
3168 2109 3248 2156 est
3270 2099 3446 2156 exesis
3475 2103 3755 2168 carnibus,
3786 2099 3863 2154 sed

2313 2171 2406 2239 qui
2427 2172 2566 2224 bene
2589 2170 2800 2224 habitus
2830 2179 2883 2224 et
2909 2172 3106 2224 cultus.

2385 2237 2411 2278 ά
2445 2241 2514 2298 Ut
2552 2242 2638 2296 ille
2671 2245 2986 2308 unonachus,
3019 2243 3104 2308 qui
3137 2241 3200 2296 Ι).
3231 2243 3526 2300 Benedicto
3552 2243 3622 2298 ad
3652 2255 3864 2299 mensam

2314 2311 2644 2376 inserviens,
2669 2311 2897 2380 superba
2913 2311 3236 2376 cogitatione
3256 2315 3390 2368 intra
3407 2329 3465 2369 se
3486 2315 3735 2368 dicebat:
3761 2313 3866 2378 Quis

2313 2393 2388 2436 est
2413 2383 2513 2442 hic,
2544 2385 2629 2436 cui
2672 2399 2764 2452 ego
2793 2383 3123 2437 manducanti
3161 2385 3364 2450 assiste,
3413 2385 3682 2439 lucernam
3721 2393 3864 2452 teneo,

2309 2455 2572 2508 seruitium
2595 2449 2871 2522 impendo?
2913 2455 3026 2522 quis
3057 2470 3164 2508 sum
3193 2471 3306 2522 ego,
3329 2465 3384 2508 ut
3409 2455 3496 2508 isti
3535 2455 3785 2510 serviam?
3804 2449 3868 2506 Ad

2311 2539 2458 2591 quem
2479 2527 2552 2576 vir
2581 2525 2675 2577 Dei
2705 2540 2985 2596 conversus
3002 2523 3281 2596 increpavit
3311 2542 3422 2596 eum
3462 2525 3640 2596 dicens
3669 2543 3685 2582 :
3731 2527 3870 2594 Signa

2313 2609 2400 2647 cor
2427 2604 2572 2668 lttttt_tt
2595 2637 2609 2660 ,
2653 2600 2834 2668 frater,
2865 2595 2986 2668 quid
3020 2603 3092 2668 est
3133 2595 3272 2668 quod
3314 2595 3584 2668 loqueris?
3630 2597 3870 2668 signat-or

2313 2673 2452 2736 tuum
2487 2665 2666 2736 (Greg.
2709 2665 2798 2718 lib.
2841 2663 3057 2736 tt_Dial.
3091 2663 3280 2736 τζὲῡ).
3325 2663 3512 2720 Simile
3543 2675 3630 2722 est
3659 2663 3793 2736 quod
3815 2663 3872 2717 de

2313 2733 2478 2816 fratre
2496 2731 2789 2790 'Leo'nardo
2820 2734 2984 2790 refert
3017 2731 3388 2790 Bonaventura
3411 2737 3464 2790 in
3493 2736 3616 2791 Vita
3639 2731 3698 2792 S'.
3727 2735 3872 2790 Fran-

2311 2819 2418 2860 οιες
2427 2821 2440 2858 l
2449 2843 2460 2854 .

2386 2887 2408 2912 θ
2433 2875 2720 2948 Dionysius
2744 2875 2900 2948 paulo
2927 2873 3162 2948 clarius:
3205 2869 3616 2948 Nonnumquam
3643 2893 3756 2934 uero
3787 2877 3870 2930 int-

2311 2946 2460 3018 mittit
2489 2945 2730 3018 affectum
2753 2945 3262 3018 gradusﬂclericatns,
3287 2945 3704 3018 desideriumque
3725 2961 3874 3018 sacer-

2311 3017 2440 3070 dotii
2467 3027 2557 3070 aut
2585 3015 2908 3070 diaconatus.
2935 3015 3064 3072 Nam
3094 3019 3224 3072 satis
3251 3017 3546 3086 improprie
3565 3015 3768 3074 dicitur
3793 3017 3876 3072 im-

2312 3089 2528 3142 mittere
2557 3087 2780 3156 gradum
2806 3088 3116 3158 clericatus,
3149 3104 3244 3158 pro
3271 3091 3464 3144 allecto
3494 3105 3587 3144 seu
3623 3087 3875 3146 desiderio

2311 3159 2618 3212 clericatus.
2640 3158 2810 3229 Porro
2831 3157 2897 3229 ad
2916 3157 3288 3229 repritnendos
3317 3159 3624 3229 huiusmodi
3648 3161 3874 3225 allectus,

2311 3241 2374 3280 ac
2409 3243 2748 3297 praepropera
2780 3227 3044 3298 desideria
3073 3227 3427 3298 quorumdam
3461 3233 3874 3292 monachorum,

2313 3298 2413 3370 qui
2429 3297 2738 3370 clericatum
2779 3307 2834 3352 et
2869 3297 3538 3370 ordinesecclesiasticos
3567 3309 3878 3370 praemature

2311 3368 2550 3420 ambiunt
2579 3377 2632 3422 et
2659 3367 2941 3434 all‘ectant,
2989 3369 3277 3426 salubriter
3305 3371 3373 3426 ab
3403 3367 3650 3428 Ecclesia
3680 3379 3878 3426 cautum

2310 3450 2414 3500 est,
2437 3455 2500 3513 ne
2518 3438 2794 3513 monachus
2821 3440 3007 3513 absque
3030 3440 3234 3513 licentia
3254 3443 3334 3496 sui
3359 3443 3565 3513 prmlati
3585 3443 3880 3513 ordinetur;

2307 3509 2570 3576 quoniam.
2595 3509 2766 3577 inquit
2793 3510 3332 3578 pontifex,honestius
3359 3509 3404 3566 et
3425 3513 3585 3568 tutius
3615 3523 3690 3568 est
3718 3510 3880 3566 subdi-

2310 3587 2392 3654 tos
2404 3579 2625 3654 debitam
2649 3581 2933 3654 praepositis
2953 3581 3650 3654 obedientiamimpendendo
3683 3584 3738 3636 in
3763 3582 3884 3650 infe-

2309 3651 2432 3724 riori
2451 3651 3006 3724 utinisteriotleservire,
3028 3668 3187 3722 quam
3204 3669 3318 3706 cum
3337 3651 3738 3724 pra-positorum
3756 3667 3886 3724 scap-

2309 3721 2428 3774 dalo
2477 3723 2732 3795 graduum
2780 3717 3105 3795 superiorum
3151 3717 3426 3795 appetere:
3447 3717 3762 3795 dignitatem
3796 3717 3886 3791 (De

2311 3801 2464 3864 temp.
2485 3791 2694 3856 ardia.,
2726 3808 2772 3864 c.
2807 3791 2887 3864 Ad
2921 3807 3092 3864 aures.
3139 3791 3338 3864 Concil.
3386 3791 3620 3864 Trident.
3663 3810 3762 3848 ses.
3810 3803 3890 3864 xiv

2309 3880 2358 3934 ς.
2389 3860 2422 3918 1’
2461 3865 2522 3915 ἀι»
2561 3863 2794 3934 Refor.).
2827 3863 2964 3934 Ilinc
2993 3863 3155 3916 etiam
3189 3863 3248 3916 D.
3285 3861 3613 3918 Benedictus
3653 3879 3776 3932 cap.
3827 3860 3890 3914 63

2309 3933 2528 4006 Regula:
2557 3931 2883 4006 itaistatuit:
2915 3931 2974 4006 Si
3003 3933 3116 4006 quis
3137 3931 3788 4006 abbassibi‘presbyteru’m
3808 3939 3890 3983 aut

2310 4005 2584 4058 diaconunt
2611 4004 2840 4072 ordinari
2869 4003 3090 4073 petierit,
3126 4005 3187 4058 de
3227 4003 3332 4058 suis
3378 4004 3536 4075 eligat
3575 4003 3668 4074 qui
3711 4005 3892 4074 dignus

2311 4075 2371 4128 sit
2401 4075 2684 4128 sacerdotio
2711 4075 2894 4144 fungi;
2917 4075 3180 4128 ordinatus
3209 4084 3378 4128 autem
3405 4085 3575 4130 careat-
3599 4076 3888 4144 elationem.

2309 4154 2398 4198 aut
2427 4141 2736 4214 superbiam,
2762 4141 2866 4198 et'c.
2903 4145 3166 4200 Cancrum
3189 4159 3255 4200 ex
3287 4145 3388 4198 hoc
3411 4147 3529 4198 loco
3557 4147 3728 4200 etiam
3749 4141 3888 4214 colli-

2309 4213 2800 4284 gimus'monachos
2831 4214 2993 4280 olim,
3026 4215 3146 4270 licet
3179 4215 3425 4284 primitus
3451 4229 3516 4268 ex
3541 4231 3640 4270 sua
3687 4213 3897 4284 profes-

2311 4285 2460 4340 sione
2483 4295 2534 4338 et
2563 4286 2872 4340 conditione
2903 4285 3022 4340 laici
3052 4285 3404 4351 haberentur,
3428 4296 3482 4339 ut
3514 4285 3649 4340 alias
3682 4284 3896 4340 tuonui-

2312 4369 2450 4418 mus,
2477 4356 2704 4410 subinde
2727 4364 2906 4410 tamen
2933 4355 2998 4410 ad
3023 4355 3336 4410 clericatum
3368 4364 3422 4408 et
3453 4356 3678 4412 ordines
3713 4365 3900 4410 sacros

2309 4425 2518 4480 admitti
2543 4441 2604 4480 ac
2638 4427 2944 4495 promoveri
2997 4429 3199 4481 solere.
3236 4423 3391 4480 Unde
3425 4425 3486 4480 D.
3527 4425 3900 4495 Hieronymus

635 4500 797 4554 lastis.
835 4493 1140 4550 Mirantibus
1169 4496 1273 4550 illis
1301 4505 1348 4550 et
1375 4493 1800 4566 interrogantibus
1828 4493 1919 4550 cur
1949 4498 2044 4550 hoc
2071 4499 2212 4553 dice-
2236 4565 2260 4566 ί
2312 4495 2590 4551 Rusticum
2639 4493 2960 4552 monachum
2992 4497 3227 4566 qualiter
3265 4497 3328 4550 ad
3373 4495 3583 4566 hocse
3611 4493 3898 4566 disponat.

633 4579 734 4631 ret,
789 4569 1036 4620 visionem
1075 4569 1146 4622 eis
1191 4569 1444 4632 exposuit.
1483 4565 1581 4622 Sic
1621 4568 1710 4620 ille
1755 4567 1966 4637 (Ctesar.
2019 4565 2204 4624 Cister.
2235 4565 2287 4628 Ι)
2312 4567 2605 4622 admonens
2637 4567 2700 4637 (li

635 4637 725 4692 lib.
752 4653 800 4689 tv
831 4637 1016 4690 Mirac.
1046 4655 1092 4692 ε.
1125 4637 1202 4706 5).
1235 4638 1344 4691 Huc
1369 4639 1598 4704 pertinet
1621 4639 1760 4705 quod
1785 4639 1971 4692 scribit
2007 4640 2063 4694 Ι).
2097 4640 2208 4696 Au-

631 4707 878 4776 gustinus
929 4725 962 4760 χ
1000 4706 1334 4762 Confessinn.
1365 4706 1518 4775 (Cap.
1563 4710 1661 4777 55)
1689 4707 1858 4777 {Cum
1905 4711 2207 4766 reminiscor

631 4777 892 4846 lacrymas
920 4793 1056 4831 meas
1078 4793 1207 4846 quas
1241 4777 1348 4846 fudi
1378 4779 1444 4832 ad
1467 4775 1651 4832 cantus
1693 4775 1966 4838 Ecclesiae.
2010 4781 2062 4832 in
2091 4783 2204 4846 pri-

631 4845 844 4899 mordiis
865 4845 1174 4916 recuperata:
1204 4845 1324 4912 fidei
1349 4863 1490 4908 mete.
1511 4857 1558 4900 et
1577 4865 1708 4902 nunc
1738 4850 1845 4915 ipse
1865 4865 2203 4916 commoveor,

631 4935 732 4971 non
759 4927 938 4986 cantu,
971 4919 1061 4970 sed
1090 4917 1238 4970 rebus
1265 4933 1376 4986 qua:
1405 4927 1695 4982 cantantur,
1721 4934 1836 4971 cum
1866 4920 2062 4988 liquida
2089 4937 2205 4976 voce

627 4997 676 5062 et
711 4990 1212 5062 convenientissima”
1233 4988 1585 5043 modulatione
1624 4999 1900 5062 curuantur
1921 5007 1938 5050 ,'
1963 5008 2203 5062 magnam

624 5060 846 5113 instituti
902 5061 1057 5130 huius
1099 5060 1370 5114 utilitatem
1412 5077 1654 5129 agnosco.
1699 5059 1895 5118 Tamen
1923 5059 2205 5116 cum'mihi

625 5133 818 5184 accidit
853 5141 906 5184 ut
939 5147 1025 5202 me
1059 5132 1280 5202 amplius
1326 5143 1508 5186 cantus
1549 5148 1702 5199 quam
1739 5149 1820 5185 res
1853 5149 1964 5201 quat
2002 5137 2204 5186 canitur

625 5212 843 5263 ntoveat,
859 5201 1126 5272 poenaliter
1146 5201 1228 5256 me
1253 5218 1464 5272 peccare
1483 5203 1748 5270 confiteor,
1773 5213 1820 5254 ct
1849 5213 1971 5256 tunc
1997 5205 2202 5256 mallem

625 5287 730 5326 non
759 5275 941 5328 audire
969 5283 1261 5328 cantantem

698 5353 718 5380 ε
748 5345 800 5397 Id
821 5353 924 5409 est,
945 5359 1176 5413 corpore
1195 5343 1415 5412 jejuniis
1437 5351 1749 5410 extenuato,
1775 5352 1865 5395 aut
1893 5344 2200 5398 macilento.

625 5411 671 5484 Ε
688 5418 852 5469 uicino
875 5411 1108 5484 namque,
1127 5416 1271 5468 aitD.
1297 5413 1788 5484 GregariusUIo-m.
1821 5413 1888 5468 5°)
1911 5415 1960 5466 in
1987 5413 2201 5483 Euam),

619 5483 978 5540 abstinentiam
1007 5483 1175 5538 carnis
1201 5500 1584 5553 nantturttquant
1615 5483 1746 5538 cana
1775 5485 1940 5554 gloria
1968 5485 2195 5538 obsidet:

619 5555 742 5622 quia
772 5557 894 5610 dum
923 5558 1144 5610 tenuitas
1173 5556 1226 5608 in
1255 5571 1486 5624 corpore,
1521 5555 1642 5608 dum
1669 5558 1839 5625 pallor
1871 5557 1923 5608 in
1953 5555 2098 5608 cultu
2127 5571 2199 5608 re-

619 5625 865 5698 spicitur,
893 5629 1050 5698 uirtus
1073 5627 1339 5698 patefacta
1359 5627 1633 5690 laudatur;
1664 5635 1710 5679 et
1739 5635 1884 5678 tanto
1904 5641 1955 5678 se
1986 5626 2198 5680 celerius

621 5695 760 5768 foras
788 5696 980 5762 fundit,
1013 5695 1200 5768 quanto
1227 5697 1294 5748 ad
1319 5696 1577 5768 lttttltttttos
1607 5699 1784 5750 oculos
1823 5713 1910 5768 per
1941 5707 2200 5768 ostensum

617 5763 870 5832 pallorem
899 5763 1033 5818 exit.
1057 5767 1221 5818 l’orro
1259 5767 1400 5836 quod
1436 5766 1520 5818 hic
1559 5779 1801 5836 sequitur
1823 5763 1886 5820 in
1919 5777 2087 5836 testu,
2123 5765 2201 5832 vel

2693 4567 2704 4580 ἢ

2711 4569 2828 4636 pist.
2874 4566 2962 4638 d):
2995 4563 3348 4638 Sirclericatus
3379 4564 3638 4638 teititillat
3689 4563 3902 4638 deside-

2310 4641 2465 4704 rium,
2482 4633 2812 4710 discas‘quod
2833 4633 2997 4710 possis
3035 4637 3212 4710 docere
3229 4681 3244 4708 ,
3270 4646 3316 4690 et
3344 4633 3700 4710 rationabilem
3730 4637 3901 4704 hospi-

2306 4720 2402 4764 tem
2431 4709 2617 4775 olferas
2646 4706 2888 4774 Christo;
2915 4725 2975 4762 ne
3015 4709 3160 4762 miles
3186 4706 3454 4776 antequam
3478 4707 3576 4776 tiro
3597 4747 3612 4768 ,
3651 4722 3724 4776 ne
3758 4711 3898 4776 prius

2307 4773 2546 4849 magister
2575 4780 2644 4832 sis
2665 4796 2815 4844 quant
2841 4773 3142 4848 discipulus.
3171 4777 3230 4832 Et
3263 4773 3401 4832 in'l'ra'
3427 4791 3444 4832 :
3477 4773 3586 4849 Ita,
3615 4773 3716 4842 ait,
3741 4773 3904 4849 aged

2309 4846 2412 4902 vice
2441 4851 2492 4902 in
2519 4851 2846 4915 monasterio,
2875 4859 2927 4902 ut
2951 4846 3168 4902 clericus
3194 4864 3301 4902 esse
3331 4847 3593 4909 merearis,
3627 4857 3685 4899 ut
3723 4846 3904 4898 adole-

2304 4919 2546 4974 scentiam
2587 4931 2726 4972 tuam
2766 4921 2908 4974 nulla
2933 4920 3082 4974 sorde
3121 4918 3458 4972 commacules
3482 4956 3496 4981 ,
3543 4925 3598 4969 ut
3632 4916 3705 4968 ad
3737 4916 3906 4969 altare

2307 4988 2495 5044 Christi
2524 4991 2670 5059 quasi
2697 4989 2760 5042 de
2799 4991 3021 5043 thalamo
3050 4990 3191 5058 virgo
3223 4989 3489 5056 procedas,
3515 4997 3560 5040 et
3589 4983 3790 5040 habeas
3819 4985 3908 5038 de-

2312 5060 2438 5128 foris
2462 5061 2649 5112 bonum
2672 5061 3031 5122 testimonium,
3057 5059 3355 5128 feminaeque
3375 5065 3668 5128 nomeujtuu
3679 5074 3733 5128 nt
3755 5071 3908 5112 noee-

2311 5117 2414 5185 i‘int
2432 5141 2478 5183 et.
2495 5131 2690 5184 uultum
2711 5131 2953 5184 nesciant.
2974 5117 3038 5184 Et
3057 5117 3217 5198 epist.
3241 5117 3310 5182 *ἑν-’7
3333 5139 3516 5182 narrat
3545 5117 3604 5182 S.
3629 5127 3912 5181 [siderum

2311 5203 2623 5270 episcopum
2671 5202 2852 5256 Paulae
2891 5199 3065 5254 vidua:
3114 5199 3275 5252 Rom.
3329 5199 3651 5270 localtetras
3693 5207 3914 5270 sanctae

2310 5267 2548 5327 νίειιιιηιὶ
2595 5272 2894 5326 occurrisse
2929 5285 3051 5325 cum
3085 5267 3566 5324 innumerabilibus
3597 5267 3915 5324 monacho-

2307 5357 2430 5398 rum
2459 5341 2648 5403 turbis,
2689 5357 2752 5394 ex
2781 5341 2974 5410 quibus
3003 5341 3198 5396 multos
3247 5337 3604 5394 sacerdmalis
3634 5343 3696 5392 et
3725 5337 3920 5392 leviti-

2312 5426 2408 5470 cus
2433 5411 2754 5466 sublimabat
2773 5411 2992 5480 gradus.

2384 5481 2403 5522 τ
2431 5483 2506 5540 De
2523 5483 2670 5554 clero
2688 5491 2747 5554 et
2769 5477 3027 5554 clericatu
3054 5495 3151 5550 pro
3176 5479 3282 5535 loci
3304 5479 3464 5554 hujus
3487 5477 3920 5554 opportunitate

2308 5553 2738 5620 videturaliquid
2753 5545 3070 5618 dicendum,
3085 5567 3206 5606 cutn
3223 5545 3582 5606 tnonachatﬁs
3605 5545 3920 5620 clericatui

2315 5617 2882 5697 perquamsital'tinis,
2915 5633 2962 5697 et
2992 5617 3181 5697 omnes
3213 5621 3464 5697 monachi
3484 5617 3770 5697 gaudeant
3785 5619 3920 5697 ρή-

2310 5689 2508 5764 ῑιίιοεξίο
2537 5694 2774 5748 clericali
2807 5709 2869 5764 ex
2901 5693 3123 5764 decreto
3151 5693 3451 5764 Innocentit
3480 5689 3918 5764 Secuttdi_((3_ap.

2312 5767 2370 5821 Si
2391 5759 2506 5836 quis
2531 5764 2790 5832 suadente,
2825 5763 2912 5840 t'l,
2936 5780 2986 5832 q.
3017 5761 3104 5831 4):
3137 5776 3325 5818 omnes
3355 5763 3482 5816 item
3508 5759 3778 5818 monachi
3811 5761 3924 5816 hoc
