4004 6198
585 189 684 241 Η5

584 302 784 356 inultos
838 315 941 354 non
1000 299 1172 354 solum
1225 297 1660 354 conversationis
1717 297 1933 360 forma,
1987 311 2173 351 verum
2202 305 2252 362 Α

583 395 743 450 etiam
773 393 1020 448 doctrina
1048 407 1144 448 sua
1181 406 1545 458 sermoneque
1578 399 1603 427 ι
1637 390 1994 445 lucraturum.
2027 388 2178 444 Facit

584 499 746 552 etiam
783 498 834 551 in
859 495 1174 562 solitudine,
1209 495 1292 550 vel
1325 495 1377 549 in
1401 493 1594 549 cellula
1621 503 2071 560 commorantem,
2103 493 2181 549 di-

589 614 868 653 versorum
893 599 1083 653 domos
1127 612 1188 651 ac
1220 597 1549 651 monasteria
1584 604 1765 652 mente
1807 607 1966 667 atque
1996 597 2177 652 animo

584 700 898 765 circumire,
943 708 997 754 et
1041 697 1396 768 plurimorum
1443 700 1837 754 conversiones
1866 698 2179 772 [conversa-

587 800 782 871 tionesj
812 799 913 855 sub
944 800 1298 854 incitamento
1319 800 1648 871 imaginariae
1670 801 2064 862 exhortationis
2085 817 2175 857 ac-

583 903 817 970 quirere.
865 899 1058 970 Agitur
1109 900 1290 972 itaque
1340 900 1524 956 infelix
1574 905 1753 957 anima
1800 904 1889 958 tali
1938 905 2176 960 vanitate

583 1004 729 1059 velut
777 1003 1208 1073 profundissimo
1260 1019 1459 1072 sopore
1498 1005 1719 1073 delusa,
1775 1017 1831 1061 ut
1861 1006 2178 1078 plerumque

549 1157 562 1163 -.
584 1108 893 1178 hujusmodi
917 1108 1309 1178 cogitationum
1343 1109 1516 1164 illecta
1541 1109 1850 1178 dulcedine,
1879 1121 1932 1164 et
1969 1110 2054 1165 his
2084 1126 2181 1180 op-

582 1211 724 1281 pleta
781 1209 1122 1276 simulacris,
1161 1225 1230 1266 ne
1269 1222 1572 1281 praesentes
1615 1213 1836 1283 quidem
1893 1222 2044 1266 actus
2095 1213 2181 1268 vel

583 1313 776 1369 fratres
793 1314 972 1370 valeat
987 1313 1366 1384 contemplari,
1391 1314 1517 1369 dum
1535 1314 1620 1369 his
1642 1331 1761 1384 quae
1779 1314 2169 1385 cogitationum

583 1419 968 1489 pervagatione
986 1417 1215 1488 vigilans
1233 1417 1544 1483 somniavit,
1568 1415 1870 1473 delectatur
1886 1417 1936 1471 in
1947 1417 2177 1484 haerere.

583 1521 738 1590 quasi
772 1521 938 1576 veris.

1891 183 2170 240 JOANNIS
2208 183 2519 242 CASSIANI
3737 197 3821 252 ιη

2875 301 3106 362 CAPUT
3143 303 3260 360 XV.

2525 398 2796 466 Quomodo
2821 398 3108 454 cenodoxia
3135 409 3352 454 mentem
3390 399 3619 455 inebriet.

2354 490 2570 546 Memini
2603 490 2886 560 cujusdam
2929 493 3098 558 senis,
3139 506 3263 547 cum
3307 492 3360 546 in
3410 506 3592 548 eremo
3628 493 3823 563 Scythia

2280 598 2656 639 commorarer
2681 583 2846 655 (Vide
2875 583 3054 638 collat.
3080 599 3099 639 ι
3125 601 3174 638 c.
3200 585 3252 655 l)
3270 625 3285 650 ,
3317 585 3552 656 quicum
3580 585 3642 641 ad
3668 586 3824 642 cellam

2279 677 2561 749 cujusdam
2595 677 2799 745 fratris,
2831 679 3003 748 gratia
3029 679 3386 745 visitationis,
3413 679 3690 736 adveniens
3714 681 3826 735 ostio

2279 771 2740 841 approxiinasset,
2791 771 3140 843 audissetque
3174 787 3296 826 eum
3342 772 3600 844 quiddam
3641 774 3830 829 obmur-

2283 874 2587 922 murantem
2613 867 2959 932 intrinsecus,
2977 867 3250 937 paululum
3265 866 3528 930 substitit,
3543 881 3831 938 cognoscere

2281 959 2471 1014 volens
2499 960 2753 1030 quidnam
2785 960 2852 1016 de
2893 960 3191 1031 Scripturis
3225 961 3460 1032 legeret;
3491 963 3598 1027 vel,
3627 964 3747 1017 sicut
3770 971 3834 1017 est

2282 1052 2470 1118 moris,
2501 1067 2736 1122 operans
2765 1054 3080 1107 memoriter
3109 1062 3439 1109 recenseret.
3469 1052 3705 1124 Cumque
3733 1054 3836 1123 piis.

2280 1144 2453 1200 simus
2475 1145 2788 1214 explorator
2822 1159 2954 1199 aure
2999 1144 3287 1214 diligenter
3319 1126 3572 1216 applicita
3602 1145 3841 1200 curiosius

2285 1237 2644 1303 auscultaret,
2670 1238 2740 1290 ita
2771 1251 2895 1293 eum
2928 1238 3133 1306 reperit
3162 1237 3321 1307 huius
3343 1237 3568 1308 spiritus
3596 1237 3842 1307 impugna-

2286 1329 2431 1385 tione
2461 1331 2780 1400 pellectum,
2830 1339 2890 1384 ut
2946 1331 3000 1384 in
3031 1330 3262 1385 ecclesia
3315 1329 3498 1385 facere
3527 1346 3586 1386 se
3628 1330 3844 1386 crederet

2283 1423 2714 1478 exhortatoriam
2744 1423 2890 1495 plebi
2923 1437 3262 1479 sermonem.
3295 1423 3547 1495 Cumque
3578 1424 3846 1480 subsistens

2282 1531 2452 1572 senex
2479 1517 2728 1573 audisset
2758 1533 2884 1572 eum
2909 1516 2938 1556 ι’
2967 1518 3177 1574 [iniisse
3221 1526 3511 1574 tractatum
3531 1561 3545 1586 ,
3592 1529 3645 1576 et
3673 1527 3848 1574 mutato

2284 1626 2499 1666 rursum
2548 1611 2732 1668 officio
2795 1622 2816 1651 ε
2864 1611 3151 1668 celebrare
3204 1613 3352 1668 velut
3394 1612 3680 1669 diaconum
3726 1623 3848 1668 cate-

1669 1751 1925 1816 ALABDI
1963 1749 2192 1806 (ΖΛΖΑΞΙ
2230 1749 2799 1806 COMMENTARIUS.

586 1870 770 1924 siliarii
794 1871 865 1924 tui
885 1887 901 1926 :
920 1869 1168 1923 Nouimus
1192 1869 1327 1922 enim
1357 1870 1627 1938 episcOpos
1645 1867 1978 1938 jejunantes,
2002 1876 2049 1918 et
2073 1881 2181 1918 rno-
2210 1869 2259 1929 B
2287 1866 2464 1919 tendos
2493 1867 2625 1919 alios
2663 1874 2710 1920 et
2751 1867 3001 1935 regendos
3043 1865 3317 1920 diabolicis
3361 1866 3693 1920 illusionibus
3727 1866 3850 1920 insti-

587 1943 779 1995 nachos
801 1942 1121 1994 comedentes
1143 1983 1156 2002 ,
1192 1951 1299 1994 etc.
1332 1938 1460 1992 ΙΙαέ
1493 1951 1536 1992 et
1583 1940 1686 1992 alia
1738 1941 1890 2006 plura
1938 1939 1991 1990 id
2017 1953 2176 2006 genus

588 2013 902 2066 Athanasius
945 2013 1011 2064 ad
1045 2009 1408 2075 Dracontium,
1441 2027 1588 2080 quem
1618 2012 1827 2064 tandem
1854 2009 2176 2076 persuasisse

586 2093 818 2147 constat,
846 2096 891 2137 et
923 2099 1013 2154 pro
1041 2083 1145 2150 ﬁde
1187 2082 1442 2154 catholica
1474 2092 1681 2154 strenue
1705 2089 1988 2154 certantem
2012 2095 2172 2154 ,_c_um

585 2156 704 2208 aliis
733 2149 1252 2208 orthodoxissanctis
1275 2153 1528 2222 episcopis
1552 2171 1644 2223 pro
1667 2153 1778 2222 ipsa
1800 2153 1902 2220 [ide
1935 2149 2176 2204 exsilium

586 2227 802 2279 subiisse
843 2227 978 2279 idem
1008 2225 1324 2278 Athanasius
1360 2224 1540 2277 tradit.
1585 2224 1872 2291 Ilttcnsque
1915 2223 2178 2276 Baronius

587 2300 655 2353 de
679 2298 906 2350 monach
927 2312 1001 2350 ιιυ
1028 2309 1082 2349 ct
1104 2296 1368 2350 clericatu
1396 2294 1598 2362 pariter
1620 2293 1954 2360 conjunctis.
1977 2293 2174 2346 Verum

587 2385 708 2423 cum
741 2377 951 2422 constet
983 2368 1258 2436 apostolos
1291 2375 1347 2419 et
1376 2367 1577 2436 inultos
1616 2365 1981 2432 apostolorum
2013 2363 2178 2417 disci-

588 2441 744 2508 pulos
777 2454 882 2491 non
931 2435 1113 2491 solum
1155 2435 1470 2508 tuonastica:
1501 2436 1625 2508 vitae
1660 2452 1898 2490 normam
1936 2436 2177 2508 tenuisse

589 2505 641 2562 ct
671 2511 920 2563 docuisse
947 2549 960 2569 ,
991 2518 1156 2576 atque
1210 2506 1348 2560 adeo
1401 2506 1790 2560 monachorum
1836 2505 1958 2559 novi
1988 2505 2180 2559 Testa-

591 2579 757 2633 menti
788 2581 1060 2647 principes
1085 2579 1388 2640 exstitiSse,
1421 2576 1512 2630 sed
1546 2586 1601 2630 et
1630 2577 1920 2632 sacerdotii
1943 2591 2178 2644 evange-

591 2652 677 2706 lici
707 2650 974 2714 primitias
1004 2649 1223 2712 tulisse;
1257 2663 1595 2713 consequens
1627 2659 1729 2713 est,
1766 2657 1822 2701 ut
1854 2650 2020 2716 prima
2059 2662 2175 2698 ino-

593 2721 853 2776 nachatus
882 2732 934 2776 et
961 2722 1251 2776 clericatus
1277 2719 1593 2786 conjunctio
1622 2719 1687 2772 ad
1721 2721 1862 2786 ipsos
1895 2718 2177 2772 referenda

593 2797 664 2847 sit
690 2811 701 2845 :
729 2810 846 2860 quae
873 2803 1050 2848 tamen
1079 2793 1446 2860 postmodum,
1470 2791 1822 2845 saevientibus
1843 2789 2180 2860 persecutio-

594 2881 720 2919 num
756 2865 1028 2931 procellis,
1061 2863 1372 2934 aliquandiu
1409 2862 1728 2934 interrupta,
1763 2861 2002 2924 tandem,
2050 2875 2178 2934 pace

595 2935 853 2990 Ecclesia:
884 2935 1093 2990 reddita
1120 2933 1402 3005 ,"primutn
1451 2934 1502 2987 in
1544 2933 1787 3005 Oriente
1813 2936 1918 3005 sub
1944 2933 2180 3005 Antonio

592 3017 648 3060 et
670 3006 988 3068 Athanasio,
1025 3001 1260 3075 utroque
1290 3020 1502 3074 magno,
1529 3005 1652 3059 dein
1678 3006 1730 3059 in
1755 3003 2049 3075 Occidente
2074 3001 2178 3075 sub

591 3079 715 3132 aliis
757 3079 1113 3133 sanctissimis
1158 3073 1288 3130 viris
1335 3073 1679 3141 rellorncrit,
1715 3086 1769 3129 ut
1824 3074 1992 3128 refert
2038 3073 2176 3126 idem

595 3149 862 3204 Baronius
887 3191 902 3212 .
937 3165 999 3203 ac
1039 3149 1256 3206 demum
1303 3150 1417 3200 toto
1463 3157 1728 3200 terrarum
1762 3147 1893 3200 orlie
1925 3154 2136 3210 recepta
2159 3184 2175 3206 ,

594 3231 650 3274 et
672 3223 1028 3287 frequentata,
1058 3219 1263 3287 legibus
1292 3219 1510 3284 insuper
1533 3216 1921 3287 ecclesiasticis
1945 3215 2176 3287 saucita,

593 3300 648 3345 et
669 3285 982 3358 approhata,
1006 3285 1174 3358 magis
1199 3305 1260 3342 ac
1284 3291 1452 3355 magis
1475 3287 1822 3341 increluierit.
1841 3285 1992 3341 Unde
2014 3288 2177 3358 etiam

593 3356 1264 3427 apuilGratianmuinulti
1289 3368 1504 3413 exstant
1532 3373 1770 3412 canones
1801 3358 1867 3411 de
1900 3356 2180 3410 monachis

593 3434 658 3485 ad
688 3432 1000 3486 clericatum
1032 3439 1085 3483 et
1135 3444 1355 3484 munera
1401 3429 1764 3482 ecclesiastica
1785 3470 1799 3493 ,
1833 3443 1931 3482 nec
1976 3443 2080 3481 non
2113 3427 2180 3480 ad

595 3519 780 3556 curaui
814 3504 1112 3556 animarum
1147 3510 1203 3555 et
1249 3503 1486 3570 regimen
1541 3498 1904 3554 Ecclesiarum
1959 3513 2179 3568 promo-

599 3576 814 3637 vendis;
856 3573 907 3627 in
949 3574 1141 3638 quibus
1194 3581 1276 3627 est
1334 3575 1418 3624 illa
1473 3571 1536 3624 D.
1591 3571 1874 3640 Augustini
1924 3571 2180 3638 praeclara

592 3645 896 3710 sententia,
926 3654 981 3699 et
1013 3644 1136 3698 huic
1180 3643 1302 3697 loco
1329 3640 1666 3697 conveniens
1688 3685 1701 3707 ,
1745 3657 1847 3711 qua
1889 3641 2182 3694 ιιιιιιιδειιοε

593 3717 787 3771 insulae
808 3716 1079 3777 Caiirarizc
1101 3715 1179 3769 sic
1203 3716 1494 3784 alloquitur
1517 3713 1713 3784 (Epist.
1733 3713 1844 3782 sl):
1864 3711 1965 3766 Vos
1985 3723 2177 3775 autent,

594 3792 801 3856 fratres,
821 3787 1156 3843 exhortamur
1183 3789 1235 3840 in
1262 3786 1506 3849 Domino,
1535 3796 1588 3838 ut
1611 3787 1930 3856 propositum
1960 3793 2182 3836 vestrum

593 3862 919 3921 custodiatis,
951 3870 999 3912 et
1029 3875 1186 3926 usque
1220 3860 1269 3911 in
1303 3858 1456 3926 ﬁnem
1491 3859 1840 3926 perseveretis.
1863 3857 1926 3908 At
1956 3857 2000 3907 si
2029 3869 2186 3926 quam

594 3945 802 3999 operam
832 3941 1046 3982 vestram
1087 3924 1248 3982 mater
1278 3924 1510 3982 Ecclesia
1541 3928 1927 3999 desideraverit,
1957 3941 2047 3977 nec
2076 3924 2185 3978 ela-

595 3998 731 4053 tione
761 3999 912 4052 avida
953 4000 1266 4068 suscipiatis,
1303 4017 1391 4051 nec
1424 3999 1714 4068 blandiente
1739 3998 1943 4051 desidia
1967 4012 2184 4060 respua-

595 4074 689 4135 tis;
729 4071 819 4123 sed
845 4070 960 4122 miti
991 4067 1145 4121 corde
1175 4069 1530 4134 obtemperetis
1567 4067 1674 4122 Deo
1693 4107 1707 4132 ,
1742 4084 1859 4119 cum
1889 4075 2186 4118 mansuetu-

595 4141 714 4194 dine
771 4151 1033 4204 portantes
1072 4155 1185 4192 eum
1231 4141 1318 4208 qui
1359 4156 1444 4190 vos
1487 4141 1647 4205 regit,
1697 4141 1782 4206 qui
1833 4137 2008 4208 dirigit
2042 4137 2186 4190 mites

598 4213 650 4264 in
671 4213 894 4279 judicio,
924 4209 1008 4277 qui
1039 4213 1180 4262 docet
1206 4207 1497 4261 mansuetos
1529 4211 1634 4262 vias
1662 4226 1803 4262 suas.
1835 4207 1944 4260 Nec
1966 4220 2187 4260 vestrum

597 4284 760 4334 otium
800 4282 1188 4334 necessitatibus
1221 4279 1468 4332 Ecclesia:
1500 4283 1839 4350 praeponatis,
1885 4279 1968 4330 cui
2009 4287 2191 4350 partu-

598 4354 751 4405 rienti
799 4353 842 4404 si
885 4351 1015 4404 nulli
1062 4353 1179 4403 boni
1212 4349 1507 4403 ministrare,
1549 4351 1754 4411 vellent,
1803 4349 2059 4418 quomodo
2091 4365 2186 4402 na-

599 4424 863 4477 sceremini
908 4439 1009 4475 non
1053 4423 1368 4477 inveniretis.
1403 4423 1477 4474 lla
1505 4422 1860 4492 Augustinus.
1907 4418 1976 4474 At
2007 4419 2074 4474 de
2107 4421 2190 4476 his

604 4495 765 4547 modo
795 4498 946 4549 satis.

664 4575 701 4617 ,α
728 4566 850 4618 llrcc
874 4575 956 4619 est
982 4563 1287 4632 vulpecula,
1313 4579 1430 4630 qua:
1456 4573 1589 4619 teste
1610 4563 1669 4617 D.
1695 4561 1968 4617 Bernardo
1989 4562 2187 4634 (Serm.

605 4635 672 4690 64
700 4638 750 4689 in
777 4634 1036 4708 Cantica),
1065 4635 1519 4708 multosdecipit,
1545 4635 1637 4703 qui
1664 4634 1729 4688 de
1761 4634 1987 4708 aliorum
2018 4635 2191 4708 salute

603 4717 654 4762 et
686 4704 1038 4761 conversione
1064 4705 1305 4771 solliciti,
1327 4719 1477 4761 suam
1500 4709 1738 4773 ipsorum
1763 4705 1994 4758 salutem
2023 4704 2193 4774 negli-

604 4789 765 4846 gant,
799 4778 938 4845 quod
973 4789 1086 4844 est,
1129 4775 1267 4845 apud
1308 4775 1553 4830 Plautum
1586 4793 1598 4828 :
1626 4777 1858 4846 alienum
1885 4789 2070 4843 agrum
2103 4790 2190 4831 se-

603 4865 746 4912 rere,
780 4860 836 4902 et
877 4864 1032 4903 suum
1072 4849 1347 4902 deScrere.
1386 4849 1502 4914 Quo
1535 4861 1592 4901 se
1632 4846 1764 4900 Vili"
1797 4845 2072 4900 laborasse
2099 4855 2194 4901 aut

605 4923 844 4974 titillatos
879 4920 1042 4974 fuisse
1068 4921 1368 4975 Germanus
1396 4921 1585 4983 ahlias,
1622 4917 1790 4972 nostri
1820 4916 2062 4970 Cassiani
2095 4932 2190 4971 so-

603 4993 717 5045 cius
737 5033 750 5057 ,
775 5008 897 5046 cum
923 4991 1110 5056 eodem
1143 4990 1279 5056 apud
1310 4991 1562 5043 abbatem
1594 4993 1890 5048 Alit-aliain,
1919 4989 2192 5057 professus

604 5073 686 5116 cst
717 5065 799 5116 his
829 5063 1005 5116 verbis
1028 5060 1256 5132 (Collat.
1284 5060 1352 5114 24
1381 5079 1498 5127 cap.
1540 5063 1592 5130 I)
1626 5080 1637 5112 :
1670 5059 1896 5128 Insuper
1923 5063 2078 5114 etiam
2103 5077 2192 5131 spe

602 5137 841 5189 inanium
887 5135 1193 5204 gaudiorum
1238 5135 1464 5185 animum
1519 5137 1886 5201 pascebamus,
1935 5133 2194 5204 credentes

605 5208 831 5274 fructum
859 5202 947 5258 nos
971 5206 1247 5258 maximum
1275 5214 1604 5274 percepturos
1628 5205 1690 5256 de
1711 5205 2038 5256 conversione
2061 5202 2195 5274 mul-

605 5272 796 5338 torum,
822 5278 908 5346 qui
938 5279 1074 5328 velut
1099 5272 1282 5346 nostro
1301 5285 1467 5328 essent
1492 5275 1560 5326 ad
1594 5277 1724 5346 viam
1753 5275 1935 5326 salutis
1958 5272 2194 5346 εςιῖεηψιο

605 5363 666 5399 ac
688 5344 894 5401 monitis
913 5344 1375 5418 dirigendiQuatn
1399 5361 1588 5418 eorum
1613 5345 1830 5418 stultam
1855 5344 2191 5418 opinionem,

606 5418 794 5480 immo,
816 5428 872 5471 ut
896 5414 1069 5483 ιοοεῐι,
1096 5415 1418 5470 diaholicam
1445 5416 1746 5468 illusionem
1771 5416 1847 5467 sic
1876 5416 1988 5482 ipso
2011 5414 2194 5468 redar-

608 5489 722 5556 guit
779 5505 844 5543 ac
893 5490 1091 5543 refutat
1135 5485 1280 5540 :IIis
1331 5487 1657 5540 illusionibus
1705 5495 1857 5553 atque
1904 5485 2193 5551 dispendiis

611 5575 784 5613 omnes
832 5561 1114 5612 admodum
1144 5558 1374 5624 inﬁrmos
1413 5574 1618 5612 necesse
1657 5571 1730 5610 est
1775 5557 2067 5626 implicari,
2097 5557 2186 5624 qui

612 5647 732 5689 cum
761 5632 912 5684 etiam
941 5632 1001 5682 de
1025 5645 1120 5683 sua
1145 5626 1314 5681 salute
1339 5629 1440 5682 sint
1472 5629 1636 5692 dubii,
1672 5631 1866 5698 ipsique
1889 5628 2057 5680 adhuc
2079 5645 2188 5685 ma-

621 5702 822 5764 gisterio
861 5711 1014 5778 atque
1057 5701 1382 5756 institutione
1411 5709 1591 5770 egeant
1635 5699 1843 5768 aliena,
1876 5700 1944 5758 ad
1981 5716 2190 5770 cartoer-

2284 1947 2506 2008 gantur;
2554 1937 2742 2006 quique
2787 1939 2941 1990 etiam
2985 1938 3033 1990 si
3080 1939 3335 2004 potuerint
3377 1938 3508 1991 lucri
3560 1938 3752 2008 aliquid
3800 1954 3851 1992 es

2279 2009 2627 2076 quorumdam
2658 2009 2989 2062 conversione
3029 2009 3350 2077 conquirere,
3394 2010 3716 2079 impatientia
3749 2025 3849 2074 sua,

2279 2089 2432 2149 atque
2479 2080 2764 2151 inconditis
2814 2081 3042 2133 moribus
3087 2079 3340 2148 quiequid
3385 2082 3718 2151 acquisierint
3755 2098 3851 2151 per-

2280 2148 2430 2206 dunt.
2467 2148 2613 2204 Illud
2645 2167 2865 2222 namque
2907 2152 3016 2216 eis,
3059 2151 3196 2220 quod
3245 2148 3469 2222 Aggwus
3509 2148 3853 2221 prapheta‘de-

2278 2221 2488 2286 scribit,
2533 2223 2723 2293 eveniet
2755 2237 2774 2275 :
2802 2221 2869 2275 Et
2922 2236 3037 2292 qua:
3075 2221 3336 2293 mercedes
3369 2236 3675 2293 congregat,
3715 2224 3852 2274 mittet

2279 2309 2364 2346 eas
2405 2296 2453 2347 in
2484 2292 2752 2346 sacculum
2783 2304 3051 2364 pertusum
3079 2293 3281 2360 (Αριρωὶ
3308 2292 3370 2364 1).
3409 2292 3542 2347 Vere
3567 2292 3707 2348 enim
3728 2293 3852 2346 lucra

2277 2381 2376 2416 sua
2407 2366 2456 2416 in
2498 2374 2766 2436 pertusum
2795 2363 3060 2436 sacculum
3109 2363 3336 2427 condit,
3365 2367 3452 2429 qui
3495 2366 3745 2435 quidquid
3781 2379 3852 2433 per

2279 2435 2506 2490 aliorum
2533 2437 2917 2490 conversionem
2939 2435 3140 2488 videtur
3161 2436 3445 2504 acquirere,
3473 2436 3854 2506 intemperantia

2280 2508 2453 2579 cordis
2491 2509 2572 2560 sui
2607 2518 2653 2561 et
2699 2507 3007 2576 quotidiana
3046 2507 3209 2559 animi
3251 2507 3852 2579 distentionedisperdit.

2281 2577 2470 2648 Itaque
2495 2579 2604 2646 ﬁet,
2652 2588 2708 2630 ut
2748 2579 2873 2631 dum
2896 2580 3160 2644 ulteriora
3201 2578 3348 2630 lucra
3387 2594 3477 2649 per
3509 2577 3737 2631 aliorum
3763 2593 3853 2630 cre-

2280 2649 2408 2701 dunt
2447 2649 2820 2703 institutionem
2860 2665 3049 2719 parare
3083 2665 3136 2719 se
3175 2665 3354 2718 posse,
3383 2651 3538 2702 etiam
3568 2666 3670 2703 sua
3707 2665 3857 2703 corre-

2281 2721 2448 2774 ctione
2471 2720 2756 2787 priventur.
2787 2718 2913 2773 Huic
2944 2720 3054 2773 ille.
3085 2718 3142 2772 In
3176 2720 3424 2774 eamdem
3455 2721 3784 2775 sententiam
3804 2719 3854 2772 D.

2280 2789 2574 2857 Gregorius
2608 2791 2700 2844 lib.
2731 2805 2868 2861 xxxi
2901 2791 3180 2844 Moralium
3205 2833 3219 2855 ,
3253 2790 3341 2844 ubi
3376 2790 3445 2845 de
3470 2792 3704 2861 singulis
3733 2790 3860 2844 vitiis

2279 2862 2605 2933 capitalibus
2652 2862 2763 2931 agit
2791 2881 2803 2916 :
2839 2859 3026 2914 Inanis
3056 2861 3256 2933 gloria,
3315 2862 3485 2916 inouil
3543 2859 3712 2930 (Cap.
3744 2861 3855 2928 52),

2281 2931 2533 2986 devictum
2586 2949 2674 2986 cor
2723 2933 2873 3000 quasi
2925 2947 2990 2986 ex
3014 2931 3215 2985 ratione
3261 2934 3387 2986 solet
3438 2934 3732 2999 exhortari,
3761 2948 3858 2985 cum

2280 3003 2443 3075 dicit:
2469 3003 2630 3057 Debes
2674 3007 2877 3075 majora
2908 3014 3170 3073 appetere,
3206 3012 3260 3056 ut
3286 3020 3388 3072 quo
3419 3013 3678 3075 potestate
3705 3003 3861 3075 volue-

2278 3074 2352 3127 ris
2403 3075 2592 3128 multos
2639 3073 2916 3140 excedere,
2965 3091 3025 3128 eo
3074 3073 3454 3145 etiamrualea’s
3495 3077 3684 3130 multis
3724 3073 3862 3145 prod-

2282 3161 2412 3198 esse.
2447 3145 2578 3200 Vide
2618 3145 2872 3200 eumdem
2925 3145 2980 3199 in
3023 3144 3288 3199 Pastorali
3333 3159 3453 3212 cap.
3501 3145 3527 3197 1
3557 3187 3571 3209 ,
3635 3144 3858 3200 DpBer-

2284 3216 2510 3270 nardum
2540 3231 2706 3271 sertn.
2738 3218 2807 3272 64
2839 3217 2894 3286 in
2939 3215 3184 3281 Cantica,
3219 3225 3271 3270 et
3302 3231 3421 3286 qua:
3466 3218 3778 3272 notavimus
3806 3214 3862 3269 ad

2283 3301 2404 3354 cap.
2437 3289 2459 3341 I
2496 3288 2800 3341 collationis
2829 3285 2921 3340 24.
3325 3285 3328 3286 ⁷
3575 3331 3582 3338 .

2357 3357 2383 3396 ιι
2407 3357 2626 3412 Maleim
2637 3373 2881 3422 pressum
2899 3365 3089 3414 antea:
3108 3355 3297 3412 Fuisse
3324 3367 3626 3413 tractatum.
3649 3359 3862 3427 Dionys.

2287 3425 2335 3480 F
2338 3430 2496 3482 inisse
2524 3445 2841 3494 sermonem,
2887 3429 2936 3483 id
2968 3438 3080 3494 est,
3111 3431 3544 3484 exhortationem
3577 3425 3866 3484 c0nciona-

2286 3501 2499 3564 loriam,
2527 3517 2686 3568 quam
2736 3501 2828 3554 ille
2875 3500 3130 3554 nimirum
3165 3499 3554 3569 meditabatur,
3586 3503 3742 3555 velut
3767 3500 3868 3554 dia-

2287 3585 2543 3626 conorum
2570 3587 2720 3626 more
2749 3571 2816 3624 ad
2847 3585 2967 3624 eam
3000 3586 3060 3626 se
3091 3585 3423 3640 praeparans,
3459 3573 3866 3640 imaginatione,

2287 3657 2394 3697 non
2426 3642 2601 3712 reipsa
2622 3686 2636 3708 ,
2670 3643 2952 3697 diaconus.

2293 3756 2295 3758 .
2363 3725 2384 3752 ο
2421 3715 2605 3777 Vetus,
2639 3724 2692 3769 et
2719 3713 2929 3783 vulgata
2945 3722 3028 3767 est
3058 3713 3236 3767 Missae
3264 3712 3546 3767 distinctio
3578 3713 3632 3767 in
3661 3715 3869 3768 Missam

2287 3786 2798 3840 catechumenorum
2833 3785 2976 3852 (hoc
3001 3793 3112 3846 est,
3164 3799 3351 3838 eorum
3396 3784 3490 3853 qui
3541 3785 3593 3838 in
3633 3786 3740 3839 fide
3783 3784 3864 3837 in-

2289 3857 2648 3910 struebantur
2676 3857 2912 3909 nondum
2943 3854 3232 3924 baptizati)
3278 3866 3332 3908 et
3361 3855 3576 3909 Missam
3609 3857 3871 3910 fidelium.

2289 3925 2535 3981 Priorem
2564 3927 2707 3980 enim
2757 3925 2930 3980 Missa:
2963 3937 3202 3994 partem,
3230 3926 3298 3980 ab
3349 3927 3570 3980 introitu
3623 3928 3874 3981 nimirum

2290 4013 2459 4066 usque
2489 3998 2557 4051 ad
2585 3997 2918 4052 ollertorium
2937 4037 2953 4062 ,
2983 3997 3246 4052 vocabant
3282 3997 3496 4052 Missam
3525 3998 3877 4053 catechume-

2291 4083 2484 4122 norum
2505 4109 2518 4130 ,
2547 4069 2690 4134 quod
2728 4068 2781 4140 in
2821 4083 2884 4122 ea
2925 4068 3114 4123 liceret
3141 4067 3548 4124 cateclunnenis
3582 4080 3637 4123 et
3667 4067 3877 4140 publice

2292 4140 2679 4206 ρωιιίιεηιὼιιε
2709 4139 2936 4205 adesse,
2962 4155 3064 4207 qna
3097 4148 3152 4193 et
3190 4140 3434 4195 absoluta
3464 4139 3878 4194 dimittebantur

2290 4226 2321 4264 e
2347 4211 2567 4279 templo,
2593 4211 2936 4266 manentibus
2955 4211 3203 4265 fidelibus
3223 4226 3240 4275 ;
3260 4213 3519 4279 reliquam
3547 4226 3679 4265 vero
3707 4210 3880 4265 Missae

2291 4281 2630 4336 celebranda:
2659 4296 2899 4350 partem,
2942 4283 3027 4337 cui
3067 4283 3165 4335 soli
3197 4281 3386 4337 fideles
3415 4282 3686 4338 interesse
3727 4287 3879 4350 pote-

2292 4361 2432 4417 rant,
2465 4348 2718 4407 dicebant
2752 4352 2968 4407 Missam
3019 4351 3279 4406 lidelium.
3305 4353 3487 4422 Cujus,
3514 4354 3589 4406 rei
3631 4348 3886 4406 meminit

2295 4424 2355 4477 D.
2386 4423 2720 4492 Augustinus
2749 4439 2916 4478 serm.
2941 4424 3045 4478 257
3077 4424 3162 4476 hic
3201 4421 3391 4478 verbis
3417 4441 3428 4476 :
3467 4421 3595 4476 Ecce
3615 4433 3743 4492 post
3772 4437 3884 4474 ser-

2295 4491 2496 4546 monem
2525 4495 2583 4564 [it
2609 4493 2772 4548 Missa
2802 4494 3213 4559 catechumenis,
3245 4505 3451 4549 manent
3480 4491 3678 4562 ﬁdeles.
3712 4491 3885 4564 Lecto

2297 4563 2558 4634 siquidem
2583 4565 2895 4634 Evangelio,
2918 4575 2972 4619 et
2994 4566 3241 4636 symbolo
3259 4607 3272 4628 ,
3298 4578 3389 4619 aut
3419 4577 3668 4636 sermone
3700 4563 3882 4624 finito,

2225 4619 2272 4680 ί)
2296 4619 2588 4702 διιίυψιθιη
2623 4619 3048 4706 ριηιέθιῦἰιιιιιῆ
3065 4619 3390 4691 olferreiitur
3418 4638 3473 4690 in
3501 4635 3656 4688 altari
3679 4619 3886 4706 conse;

2294 4707 2513 4773 oranda,
2546 4703 2808 4762 diaconus
2848 4709 2902 4762 in
2950 4707 3190 4762 Ecclesia
3224 4707 3414 4761 Latina
3458 4706 3674 4776 puhlice
3703 4703 3887 4759 accla-

2295 4779 2510 4849 mabat:
2545 4778 2606 4832 Si
2634 4779 2749 4849 quis
2788 4795 2889 4832 non
2921 4778 3264 4849 communicat
3286 4817 3300 4840 ,
3343 4777 3428 4832 det
3467 4778 3670 4842 locum,
3701 4785 3765 4830 ut
3802 4789 3889 4849 re-

2296 4849 2400 4902 fert
2432 4848 2496 4903 D.
2537 4846 2830 4918 Gregorius
2859 4849 3001 4904 libro
3047 4848 3285 4904 secundo
3330 4849 3672 4918 dialogorum
3705 4846 3887 4914 capite

2295 4919 2557 4989 vigesimo
2590 4920 2753 4975 tertio
2778 4935 2793 4985 ;
2815 4921 2901 4974 vel
2936 4922 3036 4973 hoc
3063 4921 3223 4974 modo
3253 4937 3264 4971 ί
3303 4918 3366 4974 Si
3391 4921 3506 4986 quis
3534 4929 3608 4972 est
3637 4918 3893 4970 catechu-

2295 5008 2492 5062 menus,
2523 5001 2668 5062 exeat
2707 4993 2848 5062 foras
2871 5033 2885 5051 .
2920 5001 2975 5043 ut
3002 4991 3239 5045 Isidorus
3261 5001 3309 5045 et
3342 4990 3626 5062 [iurandus
3653 5000 3893 5062 an_nota-

2243 5111 2266 5129 ,
2298 5074 2421 5116 runt
2441 5061 2663 5132 (Isidor.
2687 5057 2724 5116 ιζ
2745 5079 2795 5118 vr
2822 5062 3048 5132 Etymol.
3071 5079 3121 5114 c.
3140 5064 3338 5125 ultim.;
3363 5061 3600 5132 Durand.
3622 5062 3674 5132 in
3697 5057 3889 5132 Ratio.

2298 5133 2391 5187 lib.
2423 5129 2474 5188 Iv
2502 5152 2548 5188 c.
2574 5134 2634 5198 ’ἐς
2665 5129 3028 5196 Demochares,
3055 5131 3144 5187 lib.
3175 5149 3250 5197 tv,
3277 5132 3430 5195 c.52,
3453 5149 3566 5202 cap.
3586 5129 3680 5200 58)
3704 5146 3720 5184 :
3745 5131 3897 5183 sicut

2299 5206 2438 5273 apud
2458 5204 2680 5260 Grmcos
2707 5206 2921 5273 liturgia
2938 5202 3342 5277 Chrysostomi,’
3357 5202 3467 5259 ὅσοι
3496 5203 3896 5277 κατηχούμενος.

2298 5271 2601 5353 git/iaetu,
2629 5271 2965 5353 quicumque
2982 5271 3118 5353 estis
3141 5275 3538 5353 catechumeni,
3573 5271 3896 5353 abscedite.

2300 5342 2433 5402 Hinc
2455 5342 2709 5401 Alcuinus
2731 5346 2819 5400 lib.
2843 5347 2907 5402 de
2937 5345 3140 5401 Divinis
3161 5345 3392 5400 Officiis:
3421 5343 3657 5407 Missam,
3683 5342 3873 5410 inquit

2297 5417 2776 5472 catechumenorum
2789 5433 3008 5471 canones
3027 5418 3226 5480 dicunt,
3248 5421 3492 5486 quoniam
3511 5423 3624 5482 post
3639 5413 3899 5486 Evange-

2298 5490 2353 5543 lii
2378 5491 2646 5543 lectionem
2667 5489 2922 5555 incipiunt
2953 5487 3206 5542 celebrari
3225 5483 3379 5541 sacra
3397 5487 3665 5556 mysteria,
3691 5483 3900 5556 quibus

2296 5560 2518 5626 nullum,
2538 5562 2632 5614 nisi
2658 5553 2987 5629 baptizatum,
3024 5561 3273 5613 interesse
3290 5559 3426 5612 licet.
3451 5553 3601 5629 Tunc
3621 5553 3902 5629 enimda-

2294 5643 2466 5686 mante
2504 5627 2746 5696 diacono,
2778 5632 2933 5685 iidem
2964 5627 3316 5685 catechumeni
3345 5628 3684 5683 mittebantur
3716 5627 3900 5693 foras.

2299 5703 2422 5768 Haec
2439 5703 2550 5762 ille.
2570 5703 2680 5760 Hac
2699 5703 2880 5778 itaque
2901 5703 3112 5760 ratione
3136 5702 3423 5758 dicebatur
3443 5700 3704 5757 diaconus
3734 5705 3901 5753 cate.
