4014 6200
90 275 179 338 617

604 271 692 329 DE
729 267 1214 329 C(ENOBIORUM
1250 260 1496 323 INSTIT.
1539 260 1673 322 L‘IB.
1714 260 1805 324 XI.
1831 296 1905 309 —
1931 260 2022 322 DE
2060 265 2334 323 SPIRITU
2371 265 2811 327 CENODOXIE.

3254 270 3361 334 “8

86 396 352 451 chuments
386 388 643 453 Missam,
700 395 829 440 tunc
877 384 1098 438 demum
1145 379 1373 450 pulsavit
1411 378 1615 433 ostium
1648 395 1661 430 :
1693 384 1745 441 Α
1770 378 2177 449 congressibus,
2211 387 2500 448 antequam
2531 381 2935 450 supervoniant,
2966 382 3191 450 eruditi,
3223 402 3361 456 qua-

88 488 163 558 qui
189 498 466 555 egressus,
492 491 894 547 occurrensque
922 475 1064 539 seni,
1090 472 1440 528 veneratione
1471 469 1628 524 solita
1645 508 1661 534 ,

50 560 540 673 {introducensque
561 587 684 627 eum
701 578 763 647 ,f‘
777 583 940 638 quam
965 567 1093 621 olim
1118 566 1360 629 venerit,
1387 561 1666 632 cogitatio-

84 687 200 725 num
234 684 458 725 suarum
490 665 827 721 conscientia
867 658 1239 723 remordente,
1273 655 1564 726 perquirit,
1597 669 1665 708 ne

80 767 283 821 scilicet
311 761 520 816 diutius
544 767 694 814 stans
724 754 789 810 ad
818 753 1013 809 ostium
1049 749 1301 819 injuriam
1334 746 1663 817 pertulisset,

82 856 392 928 ioculariter
436 866 603 907 senex
655 857 911 920 grateque
965 842 1294 914 respondit:
1328 839 1529 906 Modo,
1583 839 1668 893 in-

80 950 285 1019 quiens,
319 945 463 1011 veni,
495 940 713 1014 quando
742 950 797 995 ιιι
829 940 1048 994 missam
1080 934 1493 991 catechumenis
1526 932 1670 988 cele-

82 1043 286 1097 brabas.
625 1078 629 1082 ~

664 1123 896 1182 CAPUT
936 1120 1055 1177 XVI

87 1226 229 1290 Quod
250 1224 404 1278 aliter
423 1222 551 1277 vitia
572 1218 743 1273 curari
762 1233 864 1298 non
890 1216 1114 1295 possint,
1132 1212 1234 1266 nisi
1264 1226 1444 1265 eorum
1464 1209 1671 1263 radices

561 1300 606 1345 et
636 1303 810 1343 causa:
837 1294 1177 1340 innotuertnt.

150 1410 500 1467 Hazcidcirco
549 1410 795 1463 inserere
836 1406 963 1459 huic
989 1401 1253 1474 opusculo
1301 1398 1674 1455 necessarium

84 1503 235 1569 duxi,
259 1501 284 1541 δ
311 1514 367 1556 ut
398 1501 466 1557 de
495 1497 970 1569 impugnationum
1004 1494 1097 1558 vi,
1126 1500 1286 1560 atque
1313 1490 1505 1545 ordine
1526 1489 1679 1542 vitio-

82 1613 218 1662 rum,
253 1596 451 1666 quibus
483 1592 818 1648 miserabilis
846 1590 1023 1643 anima
1051 1588 1344 1649 laceratur,
1375 1599 1478 1638 non
1502 1582 1675 1637 solum

86 1687 313 1753 ratione,
344 1685 440 1740 sed
473 1684 641 1739 etiam
670 1679 934 1751 exemplis
960 1676 1239 1739 instructi,
1260 1674 1325 1728 ad
1352 1672 1675 1729 devitandos

1770 474 1895 528 liter
1925 489 2237 544 prtecavere
2271 486 2323 528 et
2353 490 2647 531 occurerre
2678 478 2760 532 eis
2791 479 2880 534 vel
2930 480 3227 551 conﬂigere
3272 483 3367 539 de-

1766 565 1963 633 beant,
2000 566 2362 622 instruantur.
2383 566 2451 623 Ut
2482 569 2659 624 solent
2689 571 3004 641 peritissimi
3028 574 3363 631 medicorum

1768 671 1876 711 non
1900 656 2075 710 solum
2102 656 2309 713 mederi
2337 660 2697 728 praesentibus
2726 663 2952 731 morbis,
2985 681 3175 720 verum
3197 668 3362 725 etiam
3390 681 3393 685 '

1769 747 1963 804 futuris
1980 750 2175 821 peritia
2190 751 2369 820 sagaci
2393 766 2703 821 occurrere,
2731 770 2931 826 eosque
2957 760 3242 827 praeceptis
3269 760 3358 816 vel
3395 793 3415 819 ,ι

1770 842 1982 911 poculis
2012 843 2341 898 salutaribus
2381 846 2718 913 przevenire;
2751 846 2824 901 ita
2859 848 2910 902 hi
2937 826 3157 918 quoque
3188 852 3366 906 veris-

1771 935 1893 991 simi
1921 936 2231 991 animarum
2257 937 2473 1005 medici,
2493 948 2517 976 °
2540 954 2851 995 emersuras
2878 942 3218 999 valetudines
3246 960 3370 1000 cor-

1773 1027 1921 1082 dium
1950 1028 2183 1098 spiritali
2212 1030 2526 1095 collatione,
2557 1032 2705 1087 velut
2731 1035 2964 1103 quodam
2991 1036 3199 1091 cmlesti
3230 1039 3371 1093 anti-
3404 1027 3432 1055 τ’

1774 1118 1902 1174 doto
1947 1132 2343 1189 pra-necantes,
2401 1124 2452 1177 in
2498 1123 2774 1193 juniorum
2823 1128 3099 1183 mentibus
3127 1145 3234 1183 non
3270 1145 3367 1199 pa-

1777 1213 1987 1267 tiuntur
2016 1213 2330 1275 adolescere
2351 1255 2365 1278 ,
2397 1216 2708 1283 aperientes
2738 1218 2815 1273 eis
2865 1228 2921 1273 et
2971 1234 3162 1275 causas
3194 1221 3369 1277 immi-

1776 1305 2018 1359 nentium
2056 1305 2363 1374 passionum
2389 1348 2404 1372 ,
2437 1317 2491 1363 et
2520 1308 2759 1364 remedia
2789 1312 3113 1368 sanitatum.

2353 1397 2579 1456 CAPUT
2630 1401 2798 1460 XVII.

1817 1488 1971 1555 Quod
2000 1490 2282 1544 monachus
2310 1492 2551 1547 mulieres
2575 1503 2623 1546 et
2649 1496 2915 1566 episcOpos
2945 1498 3104 1551 vitare
3126 1498 3328 1553 debeat.

1848 1583 2186 1653 Quapropter
2215 1585 2329 1640 haec
2356 1596 2438 1641 est
2469 1587 2770 1656 antiquitus
2796 1588 3012 1643 Patrum
3042 1605 3369 1659 permanens

1781 1690 1923 1730 nunc
1957 1689 2127 1745 usque
2155 1679 2423 1731 sententia
2442 1718 2458 1744 ,
2492 1694 2651 1748 quam
2689 1681 2932 1748 proferre
2958 1682 3076 1736 sine
3100 1698 3218 1738 mea
3235 1699 3371 1738 con-

82 1782 306 1851 laqueos
337 1787 393 1835 et
421 1777 757 1847 multiplices
802 1785 823 1812 ο
862 1770 1139 1841 decipulas
1172 1768 1374 1822 inimici
1402 1767 1675 1821 cautiores
1706 1776 1752 1837 Β
1781 1769 1997 1825 fusione
2026 1785 2133 1825 non
2156 1782 2371 1841 potero,
2403 1772 2493 1842 qui
2524 1787 2627 1827 nec
2656 1788 2968 1843 germanam
2995 1777 3166 1831 vitare
3195 1778 3367 1846 potui,
3418 1808 3423 1811 ε

82 1888 198 1929 esse
262 1873 560 1941 possimus.
612 1870 686 1924 Ita
742 1881 972 1935 namque
1019 1862 1389 1918 indiﬂ‘erenter
1443 1859 1559 1913 haec
1602 1857 1671 1912 ab

82 1965 360 2036 (Egyptiis
389 1962 642 2017 Patribus
674 1961 1020 2029 proferuntur
1062 1956 1113 2008 in
1147 1952 1378 2008 medium
1401 1992 1414 2016 ,
1464 1962 1519 2004 ut
1551 1965 1670 2004 om-

86 2062 231 2114 nium
264 2058 525 2112 vitiorum
570 2054 896 2117 certamina,
938 2049 1023 2104 vel
1076 2049 1161 2101 illa
1211 2061 1329 2116 quae
1374 2044 1671 2114 patiuntur,

82 2154 162 2208 vel
206 2154 297 2207 illa
333 2167 455 2219 qua:
502 2148 714 2216 passuri
764 2152 892 2201 sunt
928 2144 1175 2214 juniores
1200 2181 1214 2205 ,
1246 2140 1509 2193 relatione
1548 2149 1682 2203 sua,

86 2256 362 2316 tamquam
384 2242 478 2314 qui
505 2242 682 2296 adhuc
702 2256 761 2295 ea
784 2239 1108 2301 sustineant,
1141 2234 1281 2304 apud
1309 2248 1401 2287 eos
1426 2233 1685 2301 detegant

82 2349 247 2408 atque
305 2336 608 2400 denudent,
657 2348 761 2403 quo
810 2328 1209 2399 exponentibus
1268 2325 1347 2381 eis
1400 2324 1684 2378 illusiones

80 2433 333 2485 omnium
366 2426 705 2499 passionum,
738 2422 763 2462 ει
791 2423 1121 2494 quicumque
1152 2418 1528 2488 incipientium
1559 2426 1686 2471 sunt

81 2536 139 2576 ac
170 2519 546 2590 frequentium
586 2517 811 2587 spiritu,
846 2514 1297 2571 colluctationum
1341 2524 1563 2565 suarum
1599 2524 1685 2563 ar-

84 2629 213 2668 cana
246 2619 606 2682 cognoscant,
635 2617 689 2664 et
715 2623 778 2663 ea
804 2618 1074 2676 tamquam
1109 2605 1163 2658 in
1191 2602 1411 2672 speculo
1437 2609 1681 2656 contem-

86 2706 319 2774 plantes,
357 2712 413 2758 et
441 2716 635 2757 causas
664 2701 918 2755 vitiorum
949 2698 1146 2768 quibus
1179 2697 1480 2766 pulsantur,
1504 2703 1560 2748 et
1590 2709 1679 2749 re-

86 2802 259 2856 media
309 2800 667 2855 doceantur:
707 2798 1012 2852 futurorum
1060 2807 1277 2863 quoque
1325 2790 1680 2845 certaminum

1782 1876 1882 1916 nec
1911 1863 2154 1930 episcOpi
2199 1863 2432 1918 evadere
2489 1880 2715 1931 manus,
2766 1867 3092 1922 omnimodis
3127 1866 3147 1905 ί
3184 1884 3373 1923 mona—

1782 1958 1944 2012 chum
1974 1956 2157 2027 fugere
2184 1957 2382 2013 debere
2431 1959 2687 2014 mulieres
2714 1970 2765 2016 et
2796 1962 3098 2031 episcopos.
3156 1962 3359 2017 Neuter

1781 2051 1924 2105 enim
1977 2049 2103 2103 sinit
2158 2064 2326 2117 eum,
2392 2066 2551 2119 quem
2614 2051 2781 2106 semel
2837 2068 2948 2107 suae
3004 2051 3362 2108 familiaritati

1784 2142 2119 2208 devinxerit,
2153 2143 2237 2197 vel
2266 2143 2431 2213 quieti
2461 2143 2674 2197 cellulae
2703 2144 2924 2198 ulterius
2956 2159 3173 2212 operam
3207 2145 3359 2211 dare,

1788 2234 1872 2287 vel
1918 2232 2112 2288 divinae
2143 2234 2364 2289 theoria:
2406 2248 2504 2303 per
2557 2244 2864 2289 sanctarum
2896 2250 3075 2291 rerum
3114 2235 3368 2293 intuitum

1789 2328 2093 2397 purissimis
2134 2328 2305 2383 oculis
2335 2328 2625 2383 inhaerere.

2356 2418 2581 2475 CAPUT
2622 2419 2805 2476 XVIII.

2006 2512 2254 2567 Remedia
2299 2514 2545 2567 adversus
2594 2515 2892 2569 cenodoxiaa
2930 2515 3147 2571 malum.

1862 2603 2096 2673 Ideoque
2147 2604 2345 2658 athleta
2380 2601 2612 2671 Christi,
2644 2606 2732 2674 qui
2762 2621 2949 2659 verum
2974 2621 3038 2660 ac
3081 2609 3381 2677 spiritalem

1791 2710 2019 2766 agonem
2076 2697 2322 2767 legitime
2356 2707 2567 2751 certare
2596 2696 2872 2751 desiderat
2893 2737 2909 2759 ,
2943 2697 3081 2754 hanc
3108 2702 3385 2759 multifor-

1791 2803 1934 2841 mem
1968 2790 2285 2858 variamquc
2317 2787 2545 2843 bestiam
2584 2789 2910 2845 omnimodis
2939 2806 3200 2861 superare
3232 2794 3387 2851 festi-

1165 2906 1420 2963 ALARDI
1460 2903 1696 2961 GAZIEI
1732 2903 2293 2961 COMMENTARIUS.

88 3030 384 3084 chumenis
413 3028 633 3081 Missam
664 3022 972 3085 celebrare,
997 3019 1101 3074 hoc
1130 3027 1239 3085 est,
1266 3016 1689 3073 catechumenos

1797 3018 1981 3085 fugere
2010 3015 2209 3071 debere
2246 3024 2519 3071 consortia
2565 3032 2852 3074 munerum
2872 3062 2889 3089 ,
2918 3020 3055 3078 adeo
3083 3033 3140 3079 ut
3166 3026 3231 3083 D.
3257 3028 3388 3085 Hie.

88 3104 282 3155 missos
309 3104 519 3163 Iacere,
552 3106 644 3151 aut
674 3095 955 3149 dimittere
976 3106 1099 3146 cum
1123 3090 1354 3163 solemni
1385 3088 1561 3155 aliqua
1593 3086 1687 3140 ad-
1717 3088 1763 3150 C
1797 3102 2058 3163 ronymus
2081 3088 2403 3163 monachum
2432 3104 2541 3163 nec
2559 3104 2679 3163 cum
2711 3086 2885 3147 matre
2903 3093 3120 3163 quidem
3147 3096 3394 3158 habitare

90 3175 429 3229 monitione.
459 3160 550 3223 aut
582 3166 994 3229 exhortatione;
1032 3160 1173 3229 quod
1213 3160 1451 3214 ofﬁcium
1497 3173 1687 3211 mona-

90 3244 222 3297 chus
254 3246 379 3305 ille,
412 3240 481 3294 de
519 3254 628 3308 quo
656 3236 744 3290 hic
773 3236 974 3306 agitur,
1004 3232 1228 3304 juvenili
1257 3230 1442 3286 studio
1471 3229 1694 3283 aﬂ'ecta-

92 3316 197 3377 bat,
228 3327 283 3368 et
310 3311 526 3366 imitari
555 3309 869 3363 conabatur.

162 3371 195 3421 ι’
221 3388 411 3453 Quam
440 3382 595 3445 olim,
628 3380 682 3434 id
724 3390 807 3433 est
829 3418 843 3441 ,
876 3391 1034 3453 quam
1076 3373 1282 3453 pridem
1308 3371 1556 3453 venerit,
1598 3386 1697 3453 seu

96 3444 363 3524 quanidiu
394 3454 611 3507 steterit
642 3461 770 3504 ante
792 3444 994 3524 ostium
1015 3488 1030 3513 ,
1063 3444 1500 3524 et_an.i_njuriam
1524 3444 1693 3524 aeris,

94 3514 175 3579 vel
214 3526 545 3580 molestiam
593 3520 1018 3590 exspectationis
1068 3518 1171 3571 sub
1215 3516 1319 3590 (lio
1359 3514 1695 3590 pertulisset.

98 3598 253 3652 Aliud
292 3595 522 3650 interim
566 3585 749 3647 animo
791 3591 1059 3660 agitabat,
1104 3585 1702 3660 remordentescilicet

98 3668 444 3724 conscientia
474 3665 635 3719 anxia
662 3704 676 3728 ,
704 3678 774 3717 an
806 3655 989 3715 senior
1017 3658 1279 3714 audiisset
1305 3672 1429 3712 eum
1450 3655 1696 3710 diaconi-

100 3748 337 3794 lantetn.

167 3809 195 3848 δ
223 3808 712 3881 Impugnationum
733 3846 746 3867 ,
781 3802 833 3857 id
861 3799 1383 3881 est,_t_ent;_t'tionum.
1412 3796 1585 3880 Simili
1617 3813 1704 3880 r_a-_

103 3868 331 3936 tiocinio
350 3868 491 3935 usus
514 3889 595 3932 est
620 3876 712 3929 lib.
740 3890 811 3928 vn
833 3889 953 3939 cap.
982 3872 1050 3927 l3
1076 3889 1087 3923 :
1116 3868 1265 3935 Haec,
1292 3869 1483 3937 inquit,
1512 3869 1704 3922 nemini

101 3954 390 4005 rideantur
418 3948 712 4017 superﬂua,
740 3945 819 3999 vel
846 3944 1082 4017 molesta.
1117 3940 1405 4017 Nisi-enim
1436 3940 1583 4005 prius
1609 3955 1703 3992 ea:-

98 4026 275 4092 posita
305 4011 514 4093 fuerint
547 4011 1067 4093 generavulnerum,
1096 4011 1407 4093 _et‘oriqines
1437 4026 1705 4093 causaeque

100 4080 412 4148 morborum
447 4080 638 4161 fuerint
660 4090 957 4161 indagator,
979 4101 1068 4161 nec
1089 4080 1312 4151 inﬁrmis
1338 4086 1522 4161 poterit
1553 4080 1708 4161 αεϋιὶτ

101 4166 208 4217 beri
259 4153 503 4236 congrua
551 4153 824 4236 medicina}
860 4156 1103 4236 curatio,
1137 4169 1225 4236 nec
1264 4153 1451 4206 validis
1481 4153 1708 4236 conferri

97 4237 360 4304 perfecta:
372 4222 638 4304 “custodia
657 4230 934 4304 sanitatis:
957 4226 1094 4280 Nam
1123 4226 1330 4304 etlhwc,
1362 4232 1407 4276 et
1437 4222 1599 4304 multo
1625 4222 1708 4277 his

98 4294 262 4373 plura
292 4306 368 4357 ad
399 4303 793 4356 instructionem
813 4299 1085 4371 juniorum
1113 4294 1278 4373 solent
1319 4311 1351 4347 a
1378 4294 1666 4373 senioribus
1689 4333 1705 4359 ,

100 4364 187 4442 qui
214 4379 535 4429 innumeros
559 4364 876 4442 diversorum
898 4385 1047 4422 casus
1070 4383 1129 4419 ac
1146 4367 1324 4442 ruinas
1337 4364 1541 4442 experti
1563 4375 1706 4428 sunt,

1798 3156 2079 3235 permittat
2112 3156 2320 3229 (Epist.
2347 3162 2380 3213 4
2410 3172 2455 3213 et
2478 3160 2545 3235 47
2568 3160 2585 3231 )
2607 3203 2621 3229 ,
2650 3173 2823 3235 tamen
2850 3156 2977 3235 quid
3008 3166 3109 3221 hoc
3136 3168 3201 3223 ad
3233 3156 3396 3226 ceno;

1796 3231 2013 3314 doxiam
2041 3272 2067 3314 ,_
2089 3246 2189 3314 seu
2212 3247 2403 3314 vanam
2450 3232 2727 3314 glorianti
2786 3231 2993 3292 Deinde
3022 3254 3141 3309 quae
3169 3256 3390 3312 compa-

1798 3303 1937 3357 ratio
1982 3312 2076 3356 aut
2103 3301 2340 3379 affinitas
2394 3305 2533 3379 inter
2579 3304 2838 3379 mulieres
2869 3320 2919 3362 et
2954 3301 3271 3379 episcopos,
3298 3301 3390 3370 ἰιι

1796 3373 2379 3455 utrosquehparimodo
2414 3377 2594 3455 fugere
2624 3375 2822 3455 debeat
2851 3373 3195 3437 monachus?
3224 3382 3390 3455 (Vide

1800 3444 1979 3498 collat.
2013 3446 2080 3517 19
2110 3444 2655 3517 c.rI_6,cuin‘notis.)
2686 3447 2911 3501 Videtur
2943 3451 3071 3503 mihi
3104 3444 3252 3507 certe
3282 3456 3398 3510 haec

1799 3516 2063 3591 sententia
2097 3530 2124 3591 a
2159 3515 2253 3571 SS.
2287 3516 2394 3569 illis
2418 3514 2762 3591 Patribtt'sex
2795 3522 3082 3591 occasione
3113 3533 3168 3576 et
3197 3526 3396 3591 hyper-

1802 3585 1977 3640 bolice
2008 3588 2250 3655 prolata;
2275 3602 2395 3641 cum
2437 3589 2578 3639 enim
2610 3588 2845 3656 episcopi
2885 3591 3118 3645 subinde
3148 3592 3219 3645 ob
3235 3585 3399 3646 'd'efe-

1801 3666 1948 3711 ctum
1973 3657 2294 3719 clericorum
2319 3656 2615 3710 monachos
2636 3671 2666 3709 e
2692 3657 2942 3712 claustris
2968 3671 3021 3712 et
3047 3661 3264 3714 cellulis
3284 3666 3401 3719 suis

1803 3736 2130 3788 evocarent,
2163 3734 2218 3779 et
2250 3742 2319 3780 ex
2348 3728 2426 3780 eis
2457 3730 2542 3780 vel
2570 3728 2890 3794 episcopos,
2920 3729 3004 3782 vel
3031 3731 3168 3784 alios
3205 3733 3399 3787 Eccle-

1803 3800 2007 3854 siarum
2036 3795 2317 3869 prml‘ectos
2347 3795 2727 3869 instituerent,
2757 3806 2813 3869 ut
2844 3801 3095 3869 superius
3122 3812 3400 3861 ostensum

1806 3882 1922 3935 est;
1955 3868 2264 3935 complures
2296 3868 2543 3922 monachi
2583 3867 3036 3926 ambitionisaut
3084 3874 3402 3933 cenoduxia:

1805 3941 2037 3997 Stimulis
2066 3939 2270 4017 incitati
2311 3938 2476 3993 cellas
2504 3954 2629 3993 suas
2649 3937 2928 4017 deserere,
2958 3943 3123 3998 urbes
3149 3946 3403 4017 frequen-

1809 4022 1955 4076 tare,
1992 4011 2303 4085 popularem
2335 4025 2555 4085 auram
2590 4012 2814 4085 venari,
2867 4028 3032 4082 seque
3084 4018 3137 4070 in
3192 4011 3405 4085 episco-

1808 4098 1997 4159 porum
2029 4082 2257 4159 gratiam
2284 4127 2312 4159 ,A
2334 4083 2797 4159 benevolentiam,
2844 4100 2908 4139 ac
2953 4082 3401 4144 consuetudinem

1810 4156 2089 4209 insinuare
2127 4154 2457 4222 gestiebant.
2492 4156 2943 4223 nitebanturque;
2978 4170 3034 4212 ut
3066 4160 3130 4212 ad
3181 4160 3406 4216 clerica-

1816 4236 1922 4298 tum
1954 4234 2008 4278 et
2043 4227 2244 4295 gratius
2289 4224 2688 4298 ecclesiasticos
2726 4226 2888 4281 citius
2921 4243 3404 4298 promoverentur.

1811 4296 1983 4361 Quam
2018 4298 2350 4377 pravitatem
2403 4297 2648 4377 seniures
2680 4308 2731 4351 et
2762 4296 3062 4377 sanctiores
3104 4302 3356 4360 detestati
3390 4349 3406 4374 ,

1816 4366 2311 4447 sententiamillam
2358 4382 2465 4421 non
2490 4368 2628 4447 _sine
2684 4372 3100 4447 exaggeratione
3129 4387 3180 4429 et
3210 4366 3409 4447 hyperl

98 4435 149 4499 in
178 4446 484 4525 cottutione
514 4444 757 4514 proferri.
792 4441 937 4495 Idem
981 4452 1166 4493 rursus
1207 4438 1442 4491 inculcat
1473 4435 1569 4488 lib.
1599 4449 1706 4500 xu,
1738 4465 1790 4525 Β
1816 4437 1942 4525 bule
1966 4437 2315 4518 protulerunt
2340 4478 2353 4502 ,
2408 4448 2460 4493 et
2490 4435 2918 4525 inproverbi'um
2950 4453 3227 4498 verterunt
3249 4435 3267 4509 ζ
3288 4435 3409 4502 ino-

100 4533 226 4572 can.
262 4520 323 4572 4.

169 4536 505 4654 teLU'e-cipula
540 4583 755 4653 proprie
778 4591 861 4636 est
888 4581 1306 4654 instrumentum
1329 4576 1597 4654 quoddam
1621 4575 1716 4630 de-

100 4647 395 4726 cipiendis
422 4669 476 4711 et
509 4647 792 4722 capiettdis
814 4653 1004 4726 avibus
1034 4652 1119 4726 vel
1150 4650 1395 4726 muribus
1438 4647 1713 4726 idoneum.

102 4716 371 4782 sumitur
399 4716 739 4795 generaliter
786 4738 885 4789 pro
920 4721 1120 4795 fraude
1147 4730 1206 4795 et
1239 4720 1372 4795 dolo
1401 4717 1468 4771 ad
1495 4716 1718 4786 capien-

104 4801 237 4853 dntn
275 4789 546 4869 aliquem.
579 4794 971 4869 Paraphrastes
1000 4794 1149 4869 ponit
1184 4789 1441 4869 fallacias.

172 4870 199 4908 ἀ
243 4860 553 4941 Dionysius
585 4884 598 4919 :
628 4860 876 4919 Juniores
926 4860 1277 4934 ferventesque
1322 4860 1509 4930 spiritu
1554 4874 1719 4930 agno-

100 4953 255 4995 scant
290 4951 501 4994 secreta
514 4980 530 5004 ,
562 4950 665 4992 etc»

180 5024 205 5051 ε
244 5013 306 5067 Id
341 5022 464 5075 est,
512 5002 736 5063 morbos
779 5006 1106 5061 animorum.
1159 5002 1720 5075 Valetudinemienim

104 5100 133 5149 p
156 5084 321 5138 issim
354 5072 585 5151 usurpat
612 5079 814 5151 Auctor
842 5093 936 5151 pro
964 5075 1331 5151 invaletudine
1354 5088 1452 5128 seu
1478 5072 1721 5151 imbecil-

104 5143 287 5219 ἰιιτιιρ,
316 5143 523 5222 quippe
543 5166 666 5204 cum
683 5149 778 5222 illa
803 5143 1032 5222 etiamin
1054 5146 1250 5222 malam
1273 5154 1477 5222 partem
1493 5143 1721 5222 accipia-

102 5234 214 5291 tur,
253 5213 605 5278 testeCellio
634 5218 835 5289 (Noct.
857 5219 1013 5271 Attio.
1046 5217 1139 5269 lib.
1166 5231 1383 5291 xttqcaqp.
1406 5214 1486 5282 9).
1514 5213 1723 5291 Tertul-

101 5285 296 5350 lianus
333 5297 437 5349 lib.
486 5294 555 5347 de
604 5285 882 5360 Baptismo
929 5290 1151 5360 eap.5:
1191 5285 1487 5360 Piscinam,
1522 5286 1721 5360 inquit,

102 5369 362 5439 Angelus
407 5353 747 5439 interveniens
779 5353 1127 5439 commouebat
1149 5355 1339 5439 (loqu.
1365 5356 1452 5425 v);
1485 5353 1724 5439 obserua-

101 5424 236 5492 bant
259 5479 277 5504 ,
315 5438 419 5508 qui
451 5434 801 5508 valetudinem
828 5424 1193 5501 querebantur,
1226 5429 1279 5483 id
1309 5424 1425 5490 est,
1454 5424 1547 5495 qui
1578 5424 1726 5479 inﬁr-

103 5513 311 5563 mitate
331 5506 530 5575 aliqua
566 5506 974 5575 detinebantur.

180 5579 205 5621 ί
238 5567 547 5636 Neminem
580 5589 710 5646 puto
738 5574 856 5629 haec
876 5573 1042 5646 verba
1093 5572 1357 5646 lecturum
1389 5568 1594 5646 absque
1632 5567 1731 5646 ali-

99 5670 209 5723 qua
278 5639 703 5723 admiratione,
752 5654 843 5699 aut
900 5644 1254 5698 haesitatione.
1312 5641 1554 5723 Primum
1586 5639 1727 5719 enim

100 5709 404 5791 quorsum
438 5720 550 5775 hmc
582 5718 649 5772 ad
682 5728 1004 5791 pra-sentem
1039 5712 1365 5791 tractatum?
1422 5712 1533 5765 Etsi
1585 5709 1730 5766 enim

96 5785 505 5856 certissimum
566 5794 638 5847 sit
683 5785 1010 5852 monachos,
1052 5786 1099 5842 si
1142 5785 1446 5843 castitatem
1500 5789 1730 5851 ament,

1819 4508 2009 4588 nachis
2034 4547 2049 4571 ,
2077 4508 2120 4560 si
2157 4522 2288 4588 vere
2319 4508 2588 4588 monachi
2615 4525 2736 4588 esse
2765 4512 2966 4577 velint,
3025 4508 3405 4583 episcoporum

1819 4577 2044 4660 perinde
2072 4593 2133 4632 ac
2164 4578 2447 4660 mulierum
2481 4581 2899 4660 vitandam-esse
2930 4577 3405 4657 consuetudinem,

1817 4650 1958 4719 quod
1992 4649 2058 4701 ab
2090 4651 2338 4719 utrisque
2365 4652 2612 4706 monachi
2646 4670 2671 4704 a
2698 4654 2812 4706 suis
2842 4654 3056 4711 cellulis
3077 4666 3132 4711 et
3162 4673 3191 4710 a
3225 4649 3410 4713 studio

1818 4720 2291 4803 contemplationis
2367 4722 2861 4803 abstraherentttr;
2934 4735 2987 4780 et
3041 4727 3108 4780 ab
3168 4732 3412 4800 utrisque

1821 4791 1960 4845 idem
2014 4791 2342 4852 discrimen,
2386 4794 2574 4847 eadem
2632 4796 2961 4858 prmberetur
3018 4800 3234 4853 occasio
3284 4791 3380 4855 eva

1820 4863 1978 4944 gandi
2002 4863 2152 4944 ;_sed
2186 4879 2215 4916 a
2244 4865 2561 4944 mulieribus
2592 4864 2656 4944 ad
2689 4866 2965 4944 libidinem
2990 4910 3003 4931 ,
3027 4871 3114 4944 _ah_
3137 4875 3411 4939 episcopis

1820 4935 1888 4988 ad
1937 4933 2284 5006 ambitionem
2342 4943 2394 4985 et
2454 4935 2853 5006 cenodoxiam;
2896 4939 3039 5006 quod
3101 4933 3187 4992 hic
3244 4933 3406 4993 etiam

1822 5011 2011 5057 auctor
2044 5003 2183 5054 haud
2229 5003 2459 5056 obscure
2490 5004 2767 5069 insinuat,
2803 5003 2926 5059 dum
2958 5009 3174 5062 subdit:
3227 5023 3411 5062 neuter

1821 5076 1960 5129 enim
1986 5072 2106 5127 sinit
2133 5088 2269 5135 eum,
2299 5082 2402 5124 etc.
2444 5072 2602 5125 Tales
2648 5076 2810 5127 etiam
2862 5086 3078 5131 notaSse
3108 5079 3319 5131 videtur
3347 5081 3409 5132 D.

1826 5146 2185 5218 Hieronymus
2235 5144 2287 5195 in
2336 5142 2553 5218 epistol.
2604 5144 2668 5197 ad
2707 5145 3003 5218 Paulinum
3048 5147 3255 5218 (Epist.
3284 5148 3410 5218 15),

1827 5217 1916 5271 ubi
1942 5212 2263 5268 monachum
2306 5213 2603 5282 quemlibet
2636 5216 2736 5268 sub
2780 5218 2938 5270 unius
2990 5212 3412 5283 compellatione

1826 5288 2154 5355 alloquens:
2217 5284 2276 5340 Si
2331 5286 2522 5355 cupis,
2577 5287 2779 5355 inquit,
2834 5303 2942 5343 esse
2996 5289 3134 5357 quod
3182 5290 3408 5355 diceris,

1826 5356 2108 5412 monachus
2130 5401 2144 5426 ,
2194 5357 2250 5411 id
2294 5366 2388 5425 est,
2418 5358 2589 5431 solus;
2612 5358 2740 5431 quid
2772 5358 2902 5431 facis
2948 5356 3013 5412 in
3035 5361 3266 5431 urbibus,
3298 5377 3415 5431 qua:

1828 5432 2002 5501 utique
2040 5446 2142 5501 non
2187 5439 2309 5483 sunt
2347 5430 2574 5501 solorum
2600 5430 2926 5501 habitacula,
2960 5429 3049 5483 sed
3082 5429 3364 5485 multorum
3387 5432 3415 5487 .’

1831 5512 1885 5557 et
1910 5499 2036 5557 alibi
2062 5500 2259 5573 (Epist.
2291 5503 2317 5555 1
2352 5502 2419 5554 ad
2448 5500 2744 5571 Heliodor.)
2771 5519 2782 5554 :
2816 5499 3164 5572 Interpretare
3194 5505 3414 5558 vocabu-

1832 5573 1940 5646 lum
1972 5575 2229 5637 monachi,
2289 5575 2386 5625 hoc
2414 5583 2507 5646 est,
2549 5590 2730 5628 nomen
2780 5583 2967 5639 tuum;
3033 5575 3158 5642 quid
3206 5575 3335 5646 facis
3362 5576 3418 5630 in

1834 5644 1982 5698 turbo
2005 5674 2025 5707 ,ν
2051 5648 2139 5715 qui
2162 5646 2301 5698 solus
2332 5661 2383 5717 es
2408 5646 2433 5699 ?
2462 5645 2512 5699 id
2545 5655 2655 5710 est,
2686 5648 2774 5717 qui
2814 5645 3032 5717 prOprio
3058 5644 3318 5703 vocabulo
3359 5652 3421 5709 et

1834 5719 2235 5771 nomenclatura
2262 5716 2609 5773 solitudinem
2638 5716 2927 5789 prcliteris.

2315 5884 2346 5893 ε

2098 5885 2152 5894 -ρ-

2032 5925 2041 5933 "
2066 5920 2213 5939 -‘.._-r'-..

2222 5941 2323 5961 «GM
