4014 6200
614 331 718 388 423

1935 326 2219 385 IOANNIS
2255 327 2569 386 CASSIANI

3750 329 3862 386 42‘

609 449 719 518 jam
777 442 982 513 positos
1039 445 1094 496 in
1149 443 1620 498 consummatione
1683 441 1940 497 virtutum
2015 455 2199 496 morsu
2227 444 2282 504 Α
2305 440 2552 495 homines
2583 439 2799 509 proprie
2827 439 3078 508 pertinet.
3107 439 3271 510 Cujus
3307 441 3574 510 originem
3609 455 3665 495 ac
3693 457 3857 498 reme-

614 535 815 592 diriore
845 533 1164 605 depasceus.

1079 690 1089 699 ,
1246 627 1471 684 CAPUT
1523 628 1589 684 η.

943 719 1093 788 Quod
1123 719 1370 789 superbiai
1404 721 1506 774 duo
1546 720 1649 773 sint
1677 735 1881 790 genera.

692 821 720 851 ι
744 812 911 883 Cujus
958 811 1066 867 duo
1103 820 1227 866 sunt
1267 826 1464 882 genera
1502 830 1515 866 :
1566 827 1729 873 unum
1777 810 1879 864 hoc
1912 825 2019 879 quo
2061 809 2168 864 dixi

619 923 739 962 mus
801 905 1076 976 spiritales
1142 904 1291 959 viros
1347 918 1695 972 summosque
1753 902 1992 971 pulsari,
2054 899 2202 957 allud

616 999 762 1071 quod
813 1001 976 1053 etiam
1025 998 1348 1066 incipientes
1394 997 1748 1064 carnalesque
1806 994 2199 1064 complectitur.

622 1092 692 1147 Et
741 1092 870 1146 licet
913 1099 1198 1158 utrumque
1242 1088 1514 1158 superbire
1543 1102 1714 1158 genus
1763 1097 1868 1140 tam
1909 1087 1962 1141 in
2013 1088 2200 1153 Deum,

621 1200 780 1254 quam
831 1186 882 1237 in
928 1183 1173 1237 homines
1217 1184 1380 1236 noxia
1428 1180 1580 1235 inﬂet
1610 1181 1808 1246 elatio;
1846 1189 2023 1234 tamen
2069 1180 2204 1234 illud

623 1276 850 1346 primum
881 1273 1190 1345 specialiter
1218 1271 1449 1327 refertur
1479 1272 1544 1326 ad
1583 1269 1778 1342 Deum,
1811 1271 2107 1326 secundum
2136 1269 2203 1324 ad

2309 532 2394 587 dia
2425 531 2478 586 itt
2519 531 2908 600 posterioribus
2935 531 3104 585 libelli
3131 531 3290 600 hujus
3312 531 3467 602 (Cap.
3498 531 3613 602 24),
3641 531 3855 591 donante

2306 622 2442 687 Deo,
2476 621 2530 675 in
2574 631 2834 692 quantum
2867 636 3151 690 possumus
3191 637 3573 691 exsequemur.
3615 621 3743 678 Nunc
3778 623 3854 680 de

2309 713 2400 781 illo
2429 713 2632 784 priore,
2675 727 2784 784 quo
2829 712 3036 783 przel'ati
3066 726 3252 768 sumus
3299 713 3569 782 perfectos
3615 715 3857 785 praecipue

2311 807 2527 877 tentari,
2560 809 2899 880 propositum
2931 807 3087 862 nobis
3115 816 3199 861 est
3225 823 3393 878 pauca
3423 809 3704 864 disserere.

2907 895 3132 954 CAPUT
3168 898 3253 954 Ill.

2431 993 2584 1059 Quod
2609 993 2847 1064 superbia
2877 1006 3051 1045 omnes
3074 991 3264 1058 pariter
3296 993 3505 1048 virtutes
3543 997 3747 1065 auferat.

2381 1084 2593 1139 Nullum
2647 1097 2730 1139 est
2789 1083 2948 1153 igitur
2996 1083 3184 1137 vitium
3229 1082 3374 1138 aliud
3422 1085 3566 1153 quod
3598 1087 3663 1140 ita
3691 1101 3866 1141 omnes

2313 1175 2542 1230 virtutes
2572 1173 2891 1239 exhauriat,
2940 1183 3243 1244 cunctaque
3286 1174 3500 1244 justitia
3525 1186 3580 1230 et
3607 1178 3869 1231 sanctitate

2312 1267 2584 1322 hominem
2617 1267 2811 1335 SpOllel
2835 1281 2899 1320 ac
2928 1265 3191 1333 denudet,
3223 1276 3280 1321 ut
3302 1264 3331 1305 δ
3363 1267 3635 1337 superbiae
3655 1268 3867 1322 malum:

1706 1385 1961 1440 ALARDI
1999 1383 2234 1441 GAZIEI
2269 1380 2826 1438 COMMENTARIUS.

627 1534 777 1582 rudia:
821 1529 1006 1595 prabet
1038 1524 1337 1595 alimentum
1367 1523 1560 1595 arbori,
1592 1521 1665 1576 ait
1791 1521 2028 1595 Thomas
2055 1519 2206 1595 (1-2,

627 1619 679 1669 q.
717 1591 890 1669 Μαι.
925 1596 947 1648 l
983 1605 1030 1669 et
1053 1594 1133 1664 2).
1173 1594 1616 1669 Qonsiderandum
1662 1594 1814 1658 enim,
1848 1591 2207 1669 itiquit,_qu.od

629 1662 684 1725 in
713 1662 907 1722 actibus
936 1662 1256 1726 voluntariis,
1286 1664 1574 1734 cujusmodi
1605 1672 1723 1715 sunt
1749 1669 1986 1734 peccata,
2016 1662 2211 1734 duplex

630 1740 756 1794 ordo
785 1738 1054 1799 invenitur,
1098 1735 1293 1788 scilicet
1332 1729 1628 1786 intentionis
1657 1743 1702 1785 et
1731 1729 2098 1785 exsecutionis.
2149 1729 2212 1784 Et

632 1812 686 1864 in
718 1810 887 1877 priore
915 1805 1328 1877 quidemet-dine
1365 1803 1499 1877 illud
1535 1803 1735 1877 dicitur
1779 1803 2028 1877 primum,
2075 1801 2213 1872 quod

632 1872 782 1934 habet
830 1872 1079 1930 rationem
1109 1875 1252 1944 ﬁnis,
1300 1891 1387 1926 seu
1417 1874 1588 1941 ﬁnalis
1631 1889 1816 1926 causam
1857 1872 2002 1924 Finis
2045 1885 2213 1944 autem

2319 1518 2576 1591 cupiditas
2606 1518 2819 1584 reddat,
2849 1519 3052 1588 quando
3081 1531 3293 1589 possunt
3335 1521 3445 1591 siue
3488 1523 3714 1591 superbia
3753 1525 3876 1578 tales

2317 1590 2586 1663 ﬁeri,_sine
2600 1605 2711 1663 qua
2742 1593 2948 1663 omnino
2979 1606 3082 1644 non
3126 1601 3338 1660 possunt
3370 1589 3466 1646 Dei
3493 1589 3735 1663 pracepta
3759 1613 3877 1650 cois-

2317 1661 2492 1734 temni,
2523 1660 2704 1728 quibus
2737 1661 3069 1734 prohibentur
3113 1663 3283 1734 omnia
3314 1664 3407 1716 illa
3437 1665 3577 1717 mala
3604 1660 3709 1734 qua:
3733 1683 3876 1734 supe-

2315 1731 2423 1782 rius
2447 1732 2845 1796 comprehendi?
2869 1729 3098 1800 Ideoque
3116 1733 3162 1785 si
3183 1734 3412 1786 uolumus
3433 1729 3769 1789 consummare
3786 1729 3874 1789 no-

2318 1803 2409 1852 stri
2435 1800 2727 1874 certaminis
2748 1819 2973 1867 cursum,
3001 1818 3268 1855 cat-eamus
3292 1805 3342 1856 in
3364 1807 3542 1874 primis
3567 1808 3873 1874 cupiditatem

2318 1881 2470 1944 atque
2512 1872 2824 1940 superbiam,
2869 1889 2972 1924 non
3010 1873 3115 1924 duo
3160 1874 3319 1941 mala,
3366 1872 3458 1927 sed
3504 1872 3682 1943 unum,
3709 1895 3739 1929 a
3778 1895 3874 1944 quo

634 1953 686 2004 in
711 1949 943 2004 omnibus
967 1942 1117 2000 bonis
1135 1944 1498 2012 tentporalibus
1525 1943 1872 2015 acquirendis,
1894 1951 1965 1995 est
1988 1952 2040 1995 ut
2061 1942 2214 2015 homo
2245 1949 2292 2007 Β
2319 1943 2528 1993 trahunt
2562 1957 2730 1995 omnes
2762 1944 2887 2015 mali
2927 1953 3072 2015 actus
3102 1944 3318 1996 initium.
3357 1944 3498 1998 Nam
3525 1949 3634 2000 sine
3658 1942 3874 2015 superbia

633 2038 721 2091 per
751 2023 841 2072 illa
869 2015 1522 2091 quamdamperfectionem
1550 2013 1860 2091 singularem
1878 2022 1934 2091 _et
1960 2012 2214 2066 excellen-

635 2084 760 2145 tium
785 2084 1072 2142 habeat:et
1103 2084 1216 2138 ideo
1249 2101 1310 2139 ex
1357 2084 1454 2136 hac
1494 2095 1636 2152 parte
1683 2085 1942 2154 superbia,
1990 2099 2102 2151 qua:
2143 2094 2215 2138 est

635 2164 894 2231 appetitus
924 2157 1254 2231 excellentim.
1291 2156 1496 2231 ponitur
1526 2156 1729 2231 initium
1774 2157 1941 2231 omnis
1990 2157 2215 2231 peccati;

636 2224 725 2285 sed
745 2247 809 2284 ea:
833 2239 974 2295 parte
998 2224 1330 2282 exsecutionis
1356 2227 1573 2292 primum
1592 2225 1779 2278 dicitur
1796 2225 1849 2277 id
1872 2224 2004 2293 quod
2029 2224 2216 2293 pra'bet

640 2301 1075 2372 opportunitatem
1119 2297 1431 2372 adimplendi
1471 2298 1640 2372 omnio
1694 2296 1948 2372 desideria
2001 2299 2212 2372 peccati,

636 2365 774 2442 quod
806 2370 951 2424 habet
979 2371 1224 2442 rationem
1254 2365 1466 2442 radicis,
1516 2365 1961 2442 scilicet__divitia,j,
2007 2376 2051 2417 et
2101 2366 2216 2442 ideo

639 2436 700 2497 tia:
721 2443 818 2494 huc
845 2452 989 2508 parte
1031 2439 1248 2491 avaritia
1279 2437 1467 2508 dicitur
1496 2453 1602 2508 esse
1628 2438 1780 2490 radix
1805 2437 2037 2508 omnium,
2056 2436 2219 2490 malo-

639 2529 776 2565 rum.
807 2506 878 2564 ιιι.
911 2511 968 2562 D.
1003 2509 1239 2561 Thomas
1263 2506 1473 2631 μέλῃ
1507 2506 1653 2562 Sent.
1689 2508 1814 2559 dist.
1863 2507 1975 2574 41).
2027 2507 2217 2587 l’elrits

639 2599 765 2631 vero
797 2578 1130 2631 Lombirdus
1164 2593 1262 2631 nau
1288 2593 1320 2630 o
1365 2582 1522 2631 aliter
1552 2579 1689 2631 hunc
1726 2575 1940 2630 modum
1975 2578 2215 2631 resolvut.

639 2599 765 2636 vero
797 2578 1130 2634 Lombirdus
1164 2575 1320 2644 paulo
1365 2578 1522 2632 aliter
1552 2579 1689 2631 hunc
1726 2575 1940 2630 modum
1975 2578 2215 2643 resolvit,

639 2667 747 2722 quo
769 2666 927 2704 Sensu
949 2657 1235 2722 utrumque
1261 2648 1643 2722 radiudicutur
1667 2649 1903 2701 omnium
1929 2648 2214 2722 malorum.

641 2717 850 2776 scilicet
881 2720 1129 2788 superbia
1158 2729 1210 2771 ct
1253 2719 1537 2787 Cupiditas.
1586 2717 1889 2787 Utrumque,
1939 2719 2034 2778 ait,
2083 2728 2218 2772 recte

639 2793 833 2846 dictum
854 2806 960 2844 esse
985 2790 1305 2860 intelligitur,
1327 2791 1371 2842 si
1401 2806 1586 2858 genera
1629 2800 1952 2855 peccatorum
1981 2789 2215 2860 singulo-

641 2879 783 2932 rum,
821 2879 919 2914 non
961 2860 1169 2932 singula
1197 2876 1433 2930 generum
1476 2869 1688 2929 utraque
1733 2860 1986 2932 locutione
2026 2860 2219 2932 includi

641 2931 1010 3002 intelligantur.
1046 2930 1282 2984 'Nullum
1322 2933 1511 2999 quippe
1539 2948 1696 3002 genus
1743 2931 1936 3001 percuti
1965 2938 2043 3002 est
2081 2931 2218 3002 quod

642 3001 894 3057 interdum
921 3018 982 3055 ea:
999 3003 1235 3069 superbia
1258 3018 1359 3054 non
1380 3001 1665 3072 proveniat,
1685 3001 1884 3072 nullum
1909 3001 2058 3054 etiam
2080 3001 2218 3071 quod

641 3091 704 3128 ex
725 3073 1009 3139 cupiditate
1035 3073 1314 3142 aliquando
1338 3071 1438 3124 nan
1472 3071 1767 3125 descendat.
1790 3071 1921 3142 Sunt
1939 3073 2072 3142 cuitu
2100 3089 2220 3125 non-

643 3147 774 3198 nulli
793 3144 1060 3196 hominum
1079 3140 1163 3210 qui
1185 3158 1247 3196 ex
1263 3143 1544 3209 cupiditate
1559 3142 1688 3210 ﬁunt
1703 3141 1926 3210 superbi.
1945 3140 2036 3193 Est
2060 3143 2216 3207 enim,

645 3224 698 3268 ut
723 3216 793 3267 ait
818 3214 1158 3282 Augustinus,
1183 3215 1331 3266 homo
1351 3215 1436 3282 qui
1464 3229 1564 3264 non
1591 3221 1718 3266 esset
1739 3224 1941 3264 amator
1968 3215 2214 3278 pecunite,

645 3231 698 3268 ut
723 3231 793 3267 an
818 3231 894 3266 All
935 3231 1158 3276 ustmus,
1183 3231 1331 3266 nomo
1351 3231 1436 3282 qui
1464 3231 1564 3264 non
1591 3231 1718 3266 esset
1739 3231 1941 3264 amator
1968 3231 2214 3278 pecuniis,

644 3287 742 3339 nisi
773 3302 860 3354 per
892 3231 986 3335 liae
1017 3292 1220 3351 putaret
1248 3299 1301 3336 se
1328 3282 1740 3354 excellentiorem
1763 3298 1900 3346 esse;
1928 3283 2142 3354 ideoque
2163 3293 2218 3336 ut

642 3351 878 3416 excellat,
911 3354 1116 3406 divitias
1141 3355 1281 3420 cupit
1308 3369 1325 3406 :
1353 3353 1440 3404 tali
1473 3351 1669 3405 homini
1693 3369 1755 3404 ex.
1785 3353 2022 3420 superbia
2050 3351 2220 3406 abori-

643 3436 727 3478 tur
757 3425 1034 3496 cupiditas.
1067 3423 1139 3496 Et
1171 3433 1240 3476 est
1269 3423 1456 3496 aliquis
1487 3423 1697 3496 quinan
1724 3433 1920 3496 amaret
1949 3426 2213 3496 excellere,

645 3497 742 3549 nisi
775 3493 975 3562 putaret
1009 3511 1096 3562 per
1123 3495 1217 3547 hoc
1246 3493 1464 3564 majores
1493 3493 1695 3546 divitias
1723 3493 1937 3558 habere;
1963 3495 2076 3547 ideo
2101 3511 2218 3564 ergo

641 3567 888 3620 excellere
913 3566 1133 3626 laborat,
1157 3566 1278 3633 quia
1307 3563 1508 3617 divitias
1531 3563 1714 3617 habere
1735 3574 1908 3618 amat:
1932 3565 2050 3617 huic
2069 3563 2219 3620 innu-

643 3639 804 3690 scitur
827 3637 1083 3707 superbia,
1107 3637 1161 3689 id
1190 3648 1284 3692 est.
1317 3650 1459 3688 amor
1484 3636 1798 3707 excellentiae
1825 3651 1888 3688 ea:
1914 3636 2214 3704 cupiditate.

645 3707 798 3761 Patet
825 3705 944 3778 ergo
965 3709 1105 3778 quod
1128 3723 1189 3760 ea:
1215 3707 1456 3778 superbia
1479 3705 1757 3776 aliquando
1780 3707 2057 3775 cupiditas,
2089 3717 2135 3759 et
2159 3723 2222 3761 ea:

644 3777 925 3848 cupiditate
954 3777 1234 3848 aliquando
1265 3777 1502 3842 superbia
1532 3778 1719 3841 oritur;
1748 3788 1792 3830 et
1836 3779 1948 3831 ideo
1985 3779 2047 3830 de
2079 3787 2221 3831 utra-

641 3865 736 3914 que
766 3861 898 3902 recte
927 3849 1140 3908 dicitur,
1173 3851 1312 3918 quod
1338 3849 1400 3900 sit
1426 3850 1577 3902 radix
1613 3851 1777 3902 omnis
1806 3851 1946 3903 mali.
1980 3849 2102 3903 llaec
2130 3849 2221 3905 ille

641 3919 952 3989 (DemGenes.
985 3924 1052 3970 ad
1081 3921 1301 3972 litteram
1329 3919 1416 3972 lib.
1457 3935 1492 3972 ll
1522 3936 1568 3971 c.
1602 3918 1710 3989 l5).
1742 3918 1864 3973 Alio
1907 3921 2030 3974 item
2062 3919 2221 3989 modo

645 3989 704 4040 1).
741 3987 977 4053 Prosper
1004 3999 1282 4056 utramque
1313 3987 1678 4050 sententiam,
1697 3990 2062 4044 EcclesiaSIici
2091 3988 2222 4054 (Ec-

645 4055 767 4110 cles.
800 4059 854 4126 x)
885 4058 1094 4110 scilicet
1124 4069 1176 4111 et
1199 4055 1456 4125 ’Apostoli
1485 4059 1528 4123 (l
1561 4058 1783 4111 Timoth.
1814 4059 1914 4128 Vl),
1944 4061 2217 4126 conciliat,

645 4139 932 4196 utrumque
963 4129 1173 4192 vitium,
1195 4130 1499 4193 superbiam
1530 4129 1648 4180 ilico
1671 4138 1724 4180 et
1744 4128 2109 4194 cupiditatem,
2148 4130 2219 4184 ita

645 4201 788 4252 inter
809 4212 866 4252 se
887 4212 1208 4259 comparans
1232 4215 1248 4253 :
1270 4196 1396 4250 Cum
1427 4197 1655 4263 Spiritus
1679 4207 1884 4250 sanctus
1909 4201 1996 4266 qui
2021 4198 2220 4252 locutus

645 4277 718 4320 cst
747 4283 834 4333 per
871 4267 1188 4336 prophetam,
1223 4283 1310 4332 per
1339 4266 1641 4334 Apostolum
1661 4285 1860 4337 quoque
1898 4269 2092 4322 locutus
2129 4271 2218 4333 sit,

644 4353 733 4388 nec
755 4339 847 4389 sibi
877 4338 1036 4400 possit
1061 4353 1165 4390 esse
1192 4338 1450 4398 diversus,
1476 4337 1694 4389 sollicite
1721 4339 2044 4393 considerare
2071 4340 2238 4396 debe-.

645 4423 756 4458 nius
781 4423 940 4475 quare
964 4405 1052 4458 ille
1076 4406 1279 4458 initium
1320 4408 1514 4472 peccati
1541 4407 1856 4476 superbiant,
1881 4409 1965 4460 hic
1997 4411 2219 4464 radicem

644 4479 869 4529 omnium
907 4477 1159 4529 malorum
1204 4477 1534 4542 cupiditatem
1578 4478 1829 4531 nominari
1871 4482 2106 4534 voluerit.
2139 4481 2217 4536 An

646 4549 778 4616 forte
833 4561 1115 4619 sermonem
1175 4547 1525 4619 propheticum
1578 4547 1774 4602 Paulus
1825 4553 2116 4619 apostolus,
2163 4563 2220 4606 ut

645 4619 789 4672 solet.
816 4618 1088 4690 exposuit?
1113 4618 1528 4687 quandoquidem
1555 4622 1656 4671 sive
1685 4618 1888 4673 initium
1913 4623 2074 4675 omnis
2100 4639 2218 4690 pec-

2319 2027 2430 2082 qua:
2480 2021 2695 2076 possunt
2746 2013 2925 2066 saltem
2971 2013 3203 2066 inchoari
3245 2024 3470 2082 peccata,
3503 2033 3617 2070 cum
3651 2013 3874 2071 dicatur:

2319 2077 2536 2134 Initium
2567 2083 2733 2135 omnis
2782 2084 2975 2150 peccati
3014 2077 3296 2154 superbia?
3319 2088 3420 2138 Aut
3455 2077 3566 2140 sine
3594 2090 3872 2152 cupiditate,

2318 2167 2430 2227 qua;
2457 2161 2528 2205 est
2576 2153 2832 2206 malorum
2878 2153 3103 2227 omnium
3152 2156 3325 2220 radix,
3369 2173 3485 2224 qua:
3531 2170 3732 2227 possunt
3773 2161 3872 2226 ﬁeri

2320 2221 2478 2288 mala,
2520 2239 2634 2274 cum
2665 2227 2772 2298 sine
2795 2225 2985 2298 radice
3036 2227 3205 2298 omnia
3253 2237 3340 2278 aut
3383 2221 3541 2280 nulla
3565 2221 3870 2298 deputentur,

2319 2304 2409 2344 aut
2442 2295 2680 2346 mortua?
2709 2293 2904 2370 Deinde
2926 2297 2970 2370 si
2997 2297 3256 2370 quodlibet
3295 2308 3558 2370 peccatum
3606 2293 3874 2367 perpetrare

2318 2379 2677 2437 nonpossum,
2712 2367 2809 2418 nisi
2849 2367 2999 2420 mala:
3043 2367 3365 2421 delectatibni
3396 2373 3721 2437 consentiam,
3749 2371 3873 2437 quod

2319 2435 2620 2501 cupiditatis
2647 2446 2720 2488 est
2752 2439 3038 2504 prapriuin,
3073 2447 3121 2490 et
3147 2437 3240 2490 Dei
3271 2448 3525 2505 praecepta
3555 2435 3868 2502 cantantium,

2319 2505 2456 2573 quod
2481 2515 2554 2558 est
2583 2507 3072 2580 superbiteomalum,
3097 2512 3346 2572 quomodo
3373 2526 3476 2562 non
3507 2527 3571 2563 ea:
3599 2528 3692 2580 cup
3713 2515 3870 2572 ditate,

2320 2590 2437 2650 quat
2456 2585 2529 2626 est
2556 2577 2708 2650 radio;
2754 2577 3005 2650 malorum
3036 2579 3283 2644 omnium,
3313 2592 3358 2632 et
3404 2597 3466 2633 ea:
3496 2577 3745 2649 superbia.
3774 2596 3874 2650 qut!

2320 2646 2529 2718 initium
2551 2646 2714 2718 omnis
2739 2649 2930 2718 peccati
2947 2648 3154 2718 dicitur,
3176 2651 3405 2718 procedit
3429 2646 3579 2704 omne
3599 2646 3874 2717 peccatum?

2323 2715 2610 2790 lluctisque
2647 2717 2706 2790 D.
2748 2717 2978 2785 Prosper
3019 2717 3158 2786 (Lib.
3176 2715 3225 2772 ἰι
3268 2722 3332 2773 de
3387 2719 3505 2774 Vita
3557 2715 3868 2790 contemplat.

2321 2800 2364 2837 c.
2397 2787 2464 2854 4)
2489 2789 2799 2859 superbiam
2829 2801 2879 2841 et
2911 2791 3259 2854 eiipiditatem
3292 2791 3439 2859 largo
3474 2793 3630 2846 modo
3655 2787 3871 2855 sumens,

2323 2867 2484 2930 prout
2511 2858 2562 2908 in
2591 2861 2753 2930 t)tlllll_
2769 2867 2990 2926 peccato
3018 2860 3290 2915 invenitur
3311 2858 3529 2929 quidam
3559 2873 3872 2930 contemptus

2323 2929 2696 3003 mandatorum
2729 2928 2848 2991 Dei,
2873 2941 2933 3003 ut
2980 2930 3179 3003 dictum
3209 2942 3310 2993 est,
3333 2928 3395 2986 et
3420 2935 3662 3002 quaedam
3688 2928 3871 3003 cupidi-

2325 2997 2448 3050 tatis
2489 2999 2789 3074 inordinata
2831 3000 3074 3066 all‘ectio;
3119 3003 3390 3072 quomodo
3419 2997 3580 3059 omne
3621 2997 3869 3074 peccatum

2325 3078 2428 3121 tam
2458 3085 2523 3122 ex
2551 3071 2804 3144 superbia
2832 3086 2992 3144 quam
3030 3088 3095 3126 ex
3134 3071 3428 3142 cupiditate
3457 3071 3716 3144 procedit.
3753 3076 3866 3129 Vide

2325 3148 2506 3192 notata
2537 3140 2602 3194 ad
2630 3155 2746 3204 Cap.
2781 3142 2812 3194 6
2846 3141 2941 3194 lib.
2975 3160 3064 3198 VII.

2396 3221 2419 3244 ἰ
2451 3210 2566 3263 Alia
2593 3211 2783 3266 divisio
2807 3215 3072 3281 superbia:
3095 3215 3145 3266 in
3168 3215 3502 3280 Spiritualem
3529 3227 3581 3271 et
3606 3219 3869 3271 carnalem.

2323 3280 2668 3358 Spiritualem
2715 3280 3018 3352 vocatque:
3047 3285 3351 3358 spirituales
3393 3298 3447 3342 et
3486 3286 3745 3358 perfectos
3774 3288 3871 3355 pul-

2321 3363 2434 3426 s_:it;
2476 3352 2759 3426 carnalem
2799 3369 2918 3420 qua:
2959 3357 3224 3426 carnales,
3279 3358 3330 3410 id
3379 3352 3505 3422 est;
3534 3352 3870 3426 impertecios.

2321 3421 2582 3498 Eatndem
2608 3423 3011 3498 distinctionem
3063 3421 3302 3498 agnoscit
3334 3439 3386 3481 et
3412 3421 3642 3498 explicat
3669 3429 3725 3482 ll.
3755 3428 3866 3482 Gre-

2321 3494 2500 3568 gorius
2533 3493 2619 3568 his
2642 3496 2820 3568 verbis
2867 3494 3004 3565 (Lib.
3040 3493 3199 3551 xx'stv
3234 3497 3427 3551 Moral.
3454 3493 3501 3553 σῖ
3533 3501 3658 3568 19);
3711 3498 3869 3552 Scien-

2321 3565 2443 3616 dum
2473 3565 2619 3638 _quod
2647 3565 2754 3638 htec
2794 3567 2907 3638 ipsa
2929 3607 2944 3632 ,
2975 3567 3038 3621 de
3066 3585 3167 3638 qua
3199 3579 3478 3622 tractamus
3497 3611 3512 3638 ,
3571 3565 3716 3624 elatio
3759 3569 3872 3621 alios

2321 3650 2384 3686 ea:
2407 3636 2556 3712 rebus
2581 3637 2914 3712 sa'cularibus
2929 3681 2944 3706 ,
2965 3636 3102 3712 alios
3124 3655 3243 3712 vero
3269 3656 3332 3692 ea:
3353 3636 3507 3694 rebus
3549 3641 3872 3712 spiritualibiis

2321 3707 2580 3779 possidet:
2610 3705 2740 3760 alter
2778 3705 3242 3764 enimintumescit
3288 3727 3450 3779 auro,
3497 3705 3628 3765 alter
3668 3713 3872 3778 eloquio;

2321 3774 2453 3829 alter
2473 3778 2664 3844 inﬁmis
2688 3789 2732 3830 et
2755 3781 2965 3832 terrenis
2988 3782 3138 3833 rebus
3156 3822 3170 3847 ,
3201 3780 3332 3834 alter
3357 3774 3571 3836 sttmmis
3599 3774 3874 3836 eiulatibus-

2322 3864 2419 3922 que
2444 3849 2754 3922 uirtutibus:
2787 3865 2890 3902 una
2921 3862 3091 3905 tamen
3131 3853 3408 3922 eademque
3452 3869 3534 3906 res
3580 3865 3694 3906 ante
3720 3850 3874 3905 oculos

2325 3917 2418 3970 Dei
2467 3921 2639 3987 agitur
2669 3961 2682 3977 .
2741 3923 2970 3989 quamvis
3032 3922 3098 3976 ad
3155 3917 3382 3976 humana
3411 3924 3569 3977 corda
3601 3926 3787 3978 ueniens
3829 3922 3871 3972 in

2323 4004 2495 4060 eorum
2520 3989 2776 4060 obtutibus
2807 3993 3004 4046 diverso
3032 3994 3220 4046 amictu
3255 3993 3513 4058 pallietur.
3547 3995 3671 4048 llaec
3697 3993 3874 4060 (ἓτ-εεηο

2324 4059 2466 4135 rius,
2491 4070 2551 4135 ot
2584 4059 2665 4135 his
2701 4061 2896 4135 similia
2935 4062 3260 4134 Smaragdus
3298 4064 3463 4118 abbas
3496 4065 3548 4119 in
3577 4081 3695 4135 cap.
3726 4064 3756 4117 4
3789 4059 3873 4116 Re-

2322 4131 2462 4196 gulae
2491 4129 2552 4181 Ι).
2590 4128 2885 4184 Benedicti.

2398 4197 2422 4234 δ
2455 4202 2804 4276 Occiisionem
2831 4203 3206 4276 prrebentltmc
3228 4207 3388 4276 verba
3415 4205 3718 4276 inquirendi
3744 4203 3872 4276 quale

2327 4277 2601 4345 peccatum
2631 4271 2701 4323 sit
2727 4274 3000 4345 superbia.
3060 4275 3124 4328 Et
3175 4275 3389 4345 quidem
3421 4271 3501 4330 ex'
3531 4280 3634 4333 hoc
3661 4271 3872 4331 Cassiani

2322 4339 2676 4416 loco,_immo
2705 4358 2767 4395 ex
2800 4355 2912 4398 toto
2943 4344 3100 4414 hujus
3124 4339 3244 4399 libri
3268 4355 3531 4414 tractatu,
3563 4350 3697 4403 satis
3723 4355 3873 4416 aperte

2323 4410 2908 4487 colligitur__peccatum
2953 4410 3072 4469 esse
3118 4427 3308 4487 natura
3349 4432 3441 4471 sua
3483 4410 3578 4472 seu
3610 4434 3676 4473 ex
3705 4410 3874 4487 genere

2322 4494 2421 4558 suo
2447 4481 2782 4558 mortiferum
2801 4487 2986 4558 ,_quod
3013 4498 3067 4540 et
3101 4487 3160 4540 D.
3190 4486 3422 4542 Thomas
3445 4481 3733 4542 confirma?
3759 4490 3871 4558 (Art.

2323 4551 2386 4617 5,
2419 4551 2500 4626 ubi
2526 4561 2770 4626 supra).
2830 4555 3000 4612 Docet.
3055 4569 3228 4610 tamen
3279 4559 3328 4612 id
3353 4589 3360 4592 -
3387 4551 3779 4626 itttelligendtttti
3821 4558 3874 4609 de

2322 4623 2569 4698 superbia
2603 4631 2904 4693 completa,
2939 4644 3038 4697 qua
3071 4629 3281 4682 scilicet
3331 4630 3450 4698 quis
3478 4623 3835 4685 ita'extollilur
3857 4664 3868 4683 .

643 4690 766 4751 cuti,
797 4690 898 4768 sive
915 4689 1141 4768 radicem
1165 4690 1390 4768 omnium
1413 4695 1661 4768 malorum
1684 4691 1840 4754 dicat,
1873 4689 2214 4768 unum‘idem-
2244 4695 2296 4754 D
2325 4704 2379 4768 ut
2417 4694 2581 4747 Deum
2611 4689 2969 4768 contemnat,-
2997 4699 3080 4752 vel
3111 4699 3212 4768 legi
3245 4689 3440 4753 divi-nae
3467 4702 3602 4754 nolit
3630 4716 3748 4756 esse
3768 4698 3869 4752 sult-

643 4775 738 4827 que
765 4759 1040 4826 significet.
1076 4757 1242 4811 Porro
1270 4761 1528 4820 cupiditas
1564 4770 1714 4828 atque
1743 4763 1982 4827 superbia
2025 4764 2078 4815 in
2105 4773 2218 4816 tan-

643 4839 747 4881 tunt
779 4841 851 4881 est
878 4844 1035 4880 unum
1063 4831 1274 4891 malum,
1300 4839 1355 4882 ut
1385 4846 1475 4882 nec
1500 4832 1744 4900 superbus
1775 4833 1884 4886 sine
1914 4831 2215 4900 cupiditate,

646 4917 735 4971 nec
771 4901 879 4952 sine
918 4901 1153 4969 superbia
1179 4901 1398 4969 cupidus
1429 4905 1587 4967 possit
1613 4902 1848 4957 inveniri.
1882 4903 2146 4971 Siquidem
2174 4915 2219 4957 et

642 4969 898 5045 diabolus,
932 4971 982 5022 in
1011 4988 1108 5040 qua
1138 4981 1270 5045 tenet
1302 4972 1549 5045 superbia
1596 4969 1964 5041 principatum,
1999 4977 2220 5045 propriae

642 5041 903 5112 potestatis
948 5058 1008 5094 ac
1037 5042 1337 5117 perditionis
1368 5041 1606 5117 humana:
1636 5046 1854 5113 cupidus
1877 5041 2006 5112 fuit;
2036 5041 2221 5117 et'ipse

643 5116 793 5166 homo
828 5129 916 5177 per
943 5115 1217 5182 appeJituni
1241 5113 1436 5166 arboris
1460 5115 1755 5178 interdictae,
1783 5134 1844 5169 ac
1869 5118 2053 5170 divina:
2078 5113 2218 5171 simi-

643 5184 875 5236 litudinis
924 5183 1282 5250 affectionem,
1331 5188 1581 5239 morbosa
1635 5187 1878 5255 affectum
1922 5189 2216 5255 cupiditatis

643 5258 885 5308 ostendit.
907 5256 979 5306 De
999 5257 1235 5324 superbia
1258 5273 1477 5326 namque
1507 5269 1788 5310 nascuntur
1809 5257 2046 5322 ha'reses,
2075 5258 2213 5311 schi-

640 5337 820 5389 sinata,
848 5326 1209 5400 detractiones,
1241 5327 1457 5390 inuidia,
1483 5327 1778 5400 rerbositas,
1793 5330 2072 5400 jactantia,
2096 5344 2213 5382 con-

641 5400 908 5469 tentiones.
945 5399 1313 5469 animositotes,
1361 5399 1594 5469 ambitio,
1635 5398 1813 5460 elatio,
1861 5400 2211 5469 prtesuinptio,

639 5471 858 5538 inmitis,
893 5467 1217 5538 inquietudo,
1248 5468 1590 5538 mendacium,
1628 5469 1934 5538 periurium,
1967 5478 2011 5520 et
2033 5467 2216 5522 cit-tera

639 5534 957 5602 huiusmodi.
984 5535 1088 5589 Sed
1117 5538 1223 5589 huic
1251 5538 1365 5606 quis
1394 5537 1582 5589 dubitet
1609 5534 1672 5591 ex
1710 5540 1984 5607 cupiditate
2023 5554 2217 5606 quoque

639 5607 936 5671 procedere,
961 5621 1076 5678 cunt
1099 5624 1290 5671 omnes,
1317 5607 1405 5672 qui
1426 5610 1613 5678 fuerint
1644 5609 1747 5662 illis
1771 5609 1997 5661 omnibus
2030 5610 2219 5664 morbis

639 5691 765 5740 quos
811 5676 1067 5750 nominaui
1111 5679 1364 5742 corrupti,
1417 5676 1699 5750 habeantur
1739 5687 1786 5732 et
1835 5679 2046 5750 cupidi?
2089 5680 2221 5733 Item

639 5761 749 5816 cum
781 5742 1004 5816 gulosos,
1040 5748 1447 5816 intemperantes,
1477 5749 1723 5812 ebriosos,
1749 5742 1946 5812 avidos,
1981 5766 2220 5816 rapaces,

643 5812 964 5876 fornitarios,
997 5812 1277 5880 adulteros,
1307 5825 1645 5885 stupratores,
1673 5821 1908 5886 incestos,
1937 5812 2224 5892 ﬂagitiosus

2319 4764 2512 4838 j_ec_tus.
2541 4766 2621 4819 vel
2650 4769 2738 4836 qui
2765 4784 2829 4822 ex
2853 4764 2955 4822 hoc
2976 4764 3282 4838 contemptu
3307 4774 3708 4835 transgreditur
3730 4775 3868 4838 legem

2325 4834 2456 4899 Dei,
2483 4846 2575 4911 aut
2596 4834 2873 4911 praecepta
2906 4834 3243 4908 superiorum
3296 4840 3556 4911 (Leonar.
3592 4842 3733 4896 ιω.
3777 4834 3806 4894 l.
3832 4850 3871 4889 Iv

2323 4905 2558 4981 cap._4).
2594 4908 2722 4981 Nam
2756 4905 2800 4962 si
2826 4905 3113 4981 loquamur
3139 4911 3206 4965 de
3232 4905 3481 4980 superbia
3537 4915 3832 4981 incompleta
3859 4946 3868 4964 ν

2324 4991 2418 5052 seu
2447 4976 2755 5052 imperfecta
2775 5021 2790 5045 ,
2825 4976 2939 5035 huic
2967 4997 3071 5036 non
3101 4976 3317 5052 semper
3345 4993 3427 5036 est
3452 4976 3731 5052 peccatum
3762 4991 3872 5036 mot'

2325 5047 2454 5100 tale.
2488 5046 2653 5102 Sicuti
2682 5053 2836 5127 enim,
2866 5054 2956 5117 ait,
2985 5055 3036 5106 in
3060 5046 3355 5127 aliis,'qua:
3383 5046 3559 5127 ex'suo
3586 5072 3762 5127 genere
3778 5056 3870 5127 sun!

2324 5127 2541 5194 peccato
2572 5123 2809 5174 mortalia
2834 5165 2848 5189 ,
2893 5135 3016 5194 puta
3061 5124 3113 5176 in
3163 5122 3504 5194 fornicatione
3531 5122 3867 5179 et'adultcrioi

2325 5198 2444 5240 sunt
2470 5189 2630 5267 aliqui
2674 5205 2840 5267 motus
2889 5189 2977 5261 qui
3024 5189 3173 5247 sunt'
3189 5206 3398 5266 peccata
3448 5198 3673 5250 uenialia
3699 5200 3872 5267 propttf

2325 5274 2498 5335 eorum
2522 5261 2971 5329 iniperl'ectionem,
2996 5268 3114 5333 quia
3141 5261 3331 5319 scilicet
3353 5269 3670 5335 pra’veniunt
3691 5261 3871 5319 rationis

2315 5329 2601 5409 judicium,
2634 5343 2818 5410 etsunt
2849 5329 3030 5410 priet-er
3050 5329 3521 5410 ejusconsensum;
3567 5340 3638 5390 ita
3674 5341 3812 5410 etiam
3830 5337 3870 5410 ,τί
3950 5339 3951 5359 ‘

2322 5399 2457 5477 circa
2502 5403 2794 5477 superbiant
2831 5399 3018 5477 accidit
3042 5399 3179 5473 quod
3231 5409 3396 5474 aliqui
3447 5418 3614 5461 motus
3658 5401 3872 5477 superbit!

2322 5472 2422 5523 sint
2451 5471 2656 5540 peccata
2685 5474 2938 5539 venialia,
2995 5471 3118 5536 dum
3169 5479 3239 5530 eis
3287 5471 3423 5530 ratio
3474 5496 3578 5532 non
3628 5471 3868 5532 consentit-

2325 5540 2494 5594 Porro
2541 5559 2644 5618 non
2681 5550 2854 5618 sctum
2903 5548 3128 5599 mortale
3159 5563 3221 5601 ac
3253 5548 3592 5603 mortiferum
3625 5553 3866 5618 peccatum

2321 5627 2574 5686 censetur
2605 5615 2866 5682 superbia
2915 5619 3218 5684 completa,
3258 5619 3352 5672 sed
3399 5621 3564 5673 etiam
3610 5615 3865 5674 niaximum
3945 5683 3947 5686 ι

2323 5692 2378 5735 et
2433 5685 2802 5752 gravissimum
2859 5698 3198 5752 peccatorum
3230 5729 3242 5744 .
3294 5703 3359 5742 ex
3418 5691 3689 5744 communi
3741 5689 3865 5752 theae

2325 5751 2564 5827 Ipsorum
2613 5751 2878 5810 sententia
2926 5759 3186 5812 asseritur
3235 5760 3457 5827 (Navar.
3507 5777 3553 5814 c.
3603 5761 3674 5813 2)
3722 5776 3770 5812 it.
3800 5751 3863 5818 8)-

2327 5823 2482 5889 Quod
2521 5833 2699 5878 tamen
2741 5841 2846 5879 non
2893 5829 2967 5895 ita
3008 5823 3378 5897 accipiendum
3421 5838 3544 5897 est,
3575 5827 3729 5901 quasi
3755 5830 3868 5882 inter

3939 5877 3945 6109 Ι
