4014 6200
499 413 509 446 τ
567 401 667 458 451

567 633 598 673 a
626 631 685 672 se
714 615 975 683 dejectus,
1009 611 1061 664 in
1091 607 1482 678 protOplastum
1513 620 1762 675 serpens,
1795 605 2140 659 infirmitates

566 717 804 772 omnium
847 713 1098 766 vitiorum
1148 717 1203 762 et
1245 707 1496 761 materias
1541 706 1900 776 germinavit:
1944 704 1971 742 ι)
2013 705 2140 760 dum
2204 754 2209 760 .

565 818 709 873 enim
735 812 958 885 gloriam
983 809 1198 894 deitatis
1238 807 1443 861 arbitrii
1492 807 1738 862 libertate
1784 814 1838 861 et
1882 806 2140 861 industria

565 931 658 972 sua
683 913 908 971 credidit
926 927 986 966 se
1012 925 1172 980 posse
1200 910 1534 978 conquirere,
1581 909 1742 962 etiam
1773 908 1918 963 illam
1963 909 2140 978 perdi-

510 990 512 992 I
565 1014 660 1083 dit,
686 1028 846 1086 quam
874 1011 1099 1080 adeptus
1125 1008 1302 1065 fuerat
1321 1010 1495 1078 gratia
1526 1007 1858 1063 Conditoris.

1864 389 2152 454 _JOANNIS
2187 388 2498 447 CASSIANI

567 511 878 588 principalis
906 509 1099 566 morbi.
1133 518 1160 547 ει
1197 505 1296 575 Qui
1322 519 1535 561 rursum
1561 518 1659 575 per
1685 504 1832 559 illum
1853 507 1943 574 qui
1969 505 2141 560 fuerat
2166 518 2216 576 Α

3702 382 3789 436 4δῖ

2732 497 2741 500 ”
2851 491 3076 554 CAPUT
3115 491 3201 552 Vl.

2251 574 2401 642 Quod
2425 573 2674 641 superbia:
2703 570 2881 624 vitium
2914 570 2981 622 sit
3009 571 3062 622 in
3093 568 3267 647 ordine
3307 562 3680 647 colluctationis
3715 577 3788 616 es-

2364 670 2376 677 ‘
2403 652 2640 707 tremum,
2676 652 2899 709 tempore
2927 650 3090 692 tanten
3120 647 3165 691 et
3191 652 3384 705 ortgtne
3410 650 3648 707 primum.

2315 735 2500 804 Itaque
2527 733 2787 802 exemplis
2812 746 2876 787 ac
2914 729 3236 785 testimoniis
3259 727 3659 796 Scripturarum
3693 739 3787 779 ma-

2244 827 2592 883 nifestissime
2636 825 3034 895 comprobatur,
3082 821 3347 887 superbiae
3390 819 3570 874 labem
3619 829 3640 856 ο
3685 832 3784 872 cum

2246 918 2518 990 posterior
2537 917 2610 972 sit
2645 917 2699 972 in
2744 916 2933 971 ordine
2987 912 3351 976 conﬂictuum,
3382 910 3590 980 origine
3634 918 3785 963 tamen

2245 1012 2568 1066 anteriorem
2606 1024 2749 1076 esse,
2787 1008 3134 1076 omniumque
3174 1013 3516 1075 peccatorum
3554 1011 3607 1058 et
3630 1003 3788 1056 crimi-

2246 1115 2376 1155 num
2402 1113 2525 1155 esse
2562 1098 2883 1169 principium
2909 1114 2924 1161 ;
2969 1093 2995 1132 ἀ
3027 1110 3128 1150 nec
3155 1095 3298 1149 sicut
3332 1100 3530 1147 caetera
3572 1090 3686 1145 vitia
3711 1102 3786 1143 so-

1621 1276 1876 1333 ALARDI
1914 1276 2144 1333 GAZASI
2181 1275 2741 1334 COMMENTARIUS.

565 1432 873 1491 barathrum
897 1443 912 1489 ;
935 1434 1047 1479 tum
1072 1423 1124 1476 in
1153 1418 1565 1491 protoplastum,
1592 1415 1648 1470 id
1669 1426 1772 1491 est,
1798 1417 2025 1491 primum
2044 1415 2136 1491 ho-

565 1486 763 1558 minem
789 1501 855 1552 de
887 1486 1015 1549 limo
1067 1486 1226 1544 terra:
1270 1489 1584 1552 formatum;
1627 1487 1780 1558 cujus
1819 1486 2130 1558 etiampri-

565 1555 710 1628 iiiiini
745 1562 1243 1636 peccatum_fnisse
1293 1559 1626 1636 superbiant
1656 1555 1895 1636 declarat
1951 1555 2131 1608 divina

562 1625 857 1708 éc'riptitra,
882 1650 1000 1704 qua:
1030 1631 1337 1708 Ecclesiast.
1356 1625 1400 1708 ;x
1426 1627 1748 1708 et'l'obiteitv
1774 1625 1980 1708 inititim
2012 1639 2131 1706 orn-

562 1695 649 1766 uis
679 1695 962 1778 peccati-et
989 1699 1306 1778 perditionis
1353 1698 1478 1751 facit
1514 1697 1843 1778 superbiam.
1871 1695 2133 1778 Quamvis

2247 1430 2388 1468 mum
2416 1413 2540 1469 inde
2567 1411 2746 1467 omnia
2772 1412 2900 1467 vitia
2926 1410 3241 1482 pullulasse,
3270 1419 3326 1467 et
3353 1411 3404 1466 in
3435 1417 3600 1466 totum
3641 1426 3786 1482 genus

2238 1485 2529 1538 humanum
2561 1497 2924 1551 permanasse.

2309 1554 2336 1592 ι)
2375 1554 2611 1608 Tametsi
2637 1562 2845 1608 constat
2878 1563 2987 1607 tum
3022 1566 3090 1607 ex
3129 1551 3429 1620 Scriptura,
3462 1560 3570 1607 tum
3598 1569 3658 1609 ex
3695 1554 3782 1610 SS.

2240 1624 2471 1678 Patrum‘
2513 1625 2755 1678 doctrina
2789 1623 3016 1692 primum
3063 1623 3254 1676 Adami
3314 1632 3586 1691 peccatum
3639 1624 3785 1680 fuisse

2239 1695 2565 1762 superbiam,
2605 1702 2664 1747 ut
2693 1695 2802 1762 jam
2832 1692 3034 1747 dictum
3075 1702 3188 1757 est;
3243 1703 3419 1746 tamen
3482 1709 3587 1748 non
3642 1709 3785 1763 usque

562 1763 704 1837 enim
740 1778 851 1829 haec
884 1763 1004 1826 loca'
1043 1770 1231 1824 referri
1263 1779 1482 1836 possent
1529 1767 1594 1820 ad
1629 1775 1901 1853 peccattnn
1933 1765 2126 1853 angeli,
2163 1796 2209 1853 Β
2237 1766 2380 1853 pdeo
2419 1774 2807 1853 pr'omptumlac
2825 1764 2980 1844 facile
3009 1774 3090 1817 est
3111 1763 3390 1853 explicare
3409 1778 3528 1844 qua:
3557 1772 3610 1819 et
3635 1766 3784 1853 qualis

562 1830 704 1920 quod
733 1845 990 1920 absolute
1012 1842 1110 1920 init
1136 1830 1374 1920 omnium
1401 1830 1656 1920 primum,
1691 1843 1756 1920 ut
1774 1833 1974 1920 dictum
2007 1830 2090 1888 est
2115 1853 2131 1890 :
2163 1830 2209 1895 ν
2237 1834 2406 1920 fuerit
2423 1830 2519 1888 illa
2549 1830 2817 1920 superbia
2848 1834 2985 1920 et'in
3008 1848 3112 1902 quo
3139 1830 3328 1914 posita.
3351 1830 3635 1920 stsiantts
3654 1830 3782 1920 idem

565 1904 742 1974 t‘amcn
791 1913 1099 1968 credibilius
1121 1920 1202 1963 est
1232 1904 1664 1964 Ecclesiasticum
1708 1914 1763 1958 et
1790 1904 2013 1957 Tobiam
2047 1919 2134 1960 re-

562 1990 803 2057 spexisse
830 1987 892 2037 ad
927 1983 1459 2057 primnm_peccatum
1504 1977 1794 2057 primorum
1829 1985 2126 2057 parentum,

561 2047 700 2129 quod
729 2047 1040 2129 notiuserat
1077 2051 1244 2129 vulgo
1268 2065 1433 2129 quam
1485 2055 1784 2129 peccatum.
1816 2047 2128 2129 atti‘geﬂrum

565 2113 830 2197 ('Bellorm.
855 2125 942 2177 lib.
973 2138 1026 2176 ιιι
1054 2122 1114 2174 de
1138 2113 1366 2197 ‘flmﬁiss:
1395 2113 1590 2197 gratiae,
1617 2131 1730 2196 cap.
1758 2114 1825 2174 ις
1943 2113 2124 2197 Thom.

561 2185 676 2264 1-2,
707 2216 757 2267 q.
790 2197 908 2258 165,
939 2211 992 2248 a.
1028 2200 1041 2244 l
1068 2202 1112 2243 et
1133 2190 1212 2261 2).
1242 2185 1490 2267 Declarat
1523 2190 1622 2267 hoc
1652 2185 2131 2267 ipsuiriuelegantis-

560 2255 914 2323 simis'verbis
963 2273 1017 2316 et
1065 2255 1350 2314 sententiis
1379 2258 1469 2313 -D.
1519 2257 1743 2323 August.
1801 2255 1893 2308 lib.
1946 2270 2033 2307 xiv
2063 2255 2130 2309 dc

561 2340 721 2391 Civil.
768 2337 858 2389 Dei
891 2348 1008 2399 cap.
1038 2332 1104 2383 l5
1135 2331 1276 2383 hunc
1303 2336 1354 2380 in
1386 2325 1878 2399 modumscﬁbens
1912 2341 1924 2376 :
1955 2324 2020 2399 ln
2047 2341 2130 2399 oc-

560 2411 694 2460 culto
733 2416 898 2457 autem
925 2395 1047 2452 mali
1076 2415 1184 2450 esse
1211 2405 1491 2462 coeperunt,
1519 2405 1572 2448 ut
1602 2396 1654 2446 in
1685 2405 1915 2460 apertam
1952 2395 2127 2448 inobe-

561 2476 799 2529 dientiam
828 2473 1136 2524 laberentur.
1174 2466 1292 2519 Non
1320 2467 1453 2518 enim
1479 2465 1544 2517 ad
1570 2465 1762 2517 malum
1799 2481 1922 2532 opus
1961 2481 2131 2530 perve-

561 2547 776 2607 niretur,
801 2541 898 2593 nisi
927 2538 1264 2608 prcecessisset
1305 2535 1442 2588 mala
1470 2536 1724 2608 voluntas.
1779 2534 1940 2608 Porro
1964 2535 2129 2608 male:

560 2604 830 2668 voluntatis
852 2604 1048 2662 initium
1080 2607 1214 2670 quod
1239 2608 1397 2675 potuit
1428 2621 1551 2668 esse,
1581 2607 1676 2657 nisi
1707 2605 1982 2671 superbia?
2014 2604 2127 2657 lni-

561 2688 685 2737 tium
717 2684 849 2736 enim
879 2680 1038 2732 omnis
1090 2679 1276 2746 peccati
1306 2677 1541 2742 superbia
1569 2684 1641 2727 est
1664 2691 1681 2728 :
1708 2676 1831 2744 quid
1860 2685 2130 2746 est_autent

561 2753 810 2824 superbia,
839 2751 934 2824 nisi
967 2742 1214 2824 perversa:
1234 2746 1552 2801 celsitudinis
1573 2742 1845 2824 appetitus
1862 2747 1892 2824 ἶ).
1917 2742 2126 2824 Perver-

561 2816 769 2877 sa'enim
805 2816 1050 2874 celsitudo
1073 2827 1142 2869 est
1165 2819 1360 2870 deserto
1390 2833 1472 2878 eo,
1502 2817 1583 2868 cui
1624 2816 1764 2868 debet
1807 2816 2005 2867 animus
2047 2816 2128 2868 in-

561 2895 772 2951 luerere,
810 2888 1205 2961 principio,_sibi
1255 2885 1637 2961 quodammodo
1677 2886 1788 2951 ﬁeri
1831 2899 2129 2961 atqne‘esse

562 2954 888 3030 principium.
924 2958 1040 3030 Hoc
1072 2959 1124 3030 ﬁt
1147 2954 1376 3030 cumsibi
1404 2957 1557 3030 nimis
1583 2955 1774 3030 placet,
1810 2971 1923 3007 cum
1952 2954 2128 3030 abillo

562 3025 691 3086 bono
731 3025 1041 3084 immutabili
1070 3027 1261 3096 deﬁcit,
1291 3027 1426 3096 quod
1452 3027 1496 3078 ei
1526 3028 1686 3093 magis
1707 3026 1908 3094 placere
1929 3025 2125 3087 debuit,

562 3121 707 3170 quam
729 3105 836 3172 ipse
863 3102 993 3172 sibi._
1038 3097 1365 3172 Spontaneus
1389 3108 1460 3148 est
1509 3105 1677 3172 autem
1731 3096 1825 3172 iste
1869 3096 2126 3172 defectus:

815 3152 885 3222 isi
913 3152 1159 3242 voluntas
1189 3170 1242 3218 in
1280 3183 1468 3242 artiore
1493 3167 1769 3242 superioris
1801 3152 2129 3242 immutabilis
2157 3152 2200 3216 C

563 3236 700 3306 boni,
731 3260 761 3294 a
790 3257 888 3310 quo
931 3237 991 3290 ill
1003 3237 1288 3310 astrnbatur
1328 3245 1382 3288 ut
1420 3236 1628 3298 videret,
1654 3245 1740 3310 _et_
1767 3236 2129 3310 accendebatur

565 3328 615 3366 ut
644 3305 858 3374 amaret,
891 3307 1088 3361 stabilis
1118 3318 1436 3376 permaneret
1461 3322 1478 3369 ;
1516 3321 1623 3376 non,
1649 3305 1768 3358 inde
1793 3308 1859 3356 ad
1887 3306 1980 3357 sibi
2011 3305 2127 3370 pla-

564 3383 780 3436 cendum
810 3375 1139 3440 averteretur,
1169 3387 1214 3429 et
1239 3392 1300 3428 ea:
1343 3377 1436 3427 hoc
1493 3375 1850 3427 tenebresceret
1881 3387 1927 3426 et
1973 3376 2130 3444 frige-

563 3457 746 3517 sceret',
788 3460 842 3503 ut
891 3451 964 3501 vel
993 3448 1084 3500 illa
1119 3463 1286 3500 verum
1329 3446 1550 3498 crederet
1593 3445 1780 3497 dixisse
1823 3454 2126 3517 serpe..tem,

564 3526 635 3576 vel
657 3526 743 3576 ille
788 3521 880 3574 Dei
925 3517 1167 3570 mandato
1198 3517 1371 3569 uxoris
1415 3524 1728 3583 praeponeret
1777 3516 2129 3579 voluntatem;

563 3602 858 3662 putaretque
883 3605 935 3642 se
973 3587 1229 3662 venialiter
1269 3597 1693 3662 transgressorem
1722 3601 1828 3662 esse
1866 3586 2127 3662 prwcepti,

564 3656 604 3716 si
638 3665 752 3716 vita:
775 3656 885 3714 sum
909 3659 1100 3712 sociam
1147 3673 1247 3709 non
1289 3658 1538 3709 desereret
1595 3656 1747 3708 etiam
1790 3656 1841 3706 in
1891 3656 2139 3714 societate

564 3735 774 3803 peccati.
821 3729 938 3803 Non
961 3730 1094 3803 enim
1121 3731 1314 3803 malum
1327 3743 1467 3803 opus
1505 3725 1695 3793 factum
1722 3735 1813 3790 est,
1845 3726 2014 3803 idest,
2036 3726 2130 3803 illa

565 3796 921 3872 transgressio,
953 3810 1004 3850 ut
1030 3798 1138 3850 cibo
1169 3796 1420 3859 prohibito
1448 3796 1911 3872 vescerenturpn‘isi
1949 3796 2011 3872 ab
2059 3799 2130 3848 eis

565 3866 800 3940 animali
816 3873 930 3940 jam
962 3879 1161 3940 erant:
1208 3884 1364 3940 neque
1415 3866 1548 3940 enim
1602 3866 1743 3940 ﬁeret
1793 3866 1882 3918 ille
1902 3869 2129 3940 _fructus

565 3935 753 4005 malus,
785 3935 882 3990 nisi
919 3935 982 3987 ab
1012 3937 1190 3988 arbore
1216 3935 1370 3988 ntala.
1417 3937 1488 3988 Ita
1517 3936 1862 4002 Augustinus.
1881 3935 2132 4005 Consen-

567 4011 706 4064 tiunt
733 4017 786 4063 et
816 4006 906 4059 alii
939 4005 1140 4058 Patres.
1174 4006 1228 4057 S.
1272 4005 1499 4071 Prosper
1548 4007 1642 4056 lib.
1691 4020 1726 4056 ιι
1754 4005 1820 4057 de
1850 4004 1965 4057 Vita
1995 4019 2126 4058 con-

573 4080 876 4147 templativa
908 4090 1026 4147 cap.
1060 4073 1158 4147 t9:
1206 4071 1268 4147 Et
1299 4074 1421 4124 mihi
1442 4073 1664 4147 quidem,
1712 4074 1897 4147 inquit,
1932 4075 2131 4147 videtur

566 4141 703 4217 quod
742 4165 842 4199 non
871 4141 1071 4217 ederent
1109 4143 1173 4194 de
1214 4143 1353 4217 ligno
1406 4141 1681 4217 prohibito,
1733 4143 1831 4194 nisi
1867 4143 2131 4212 concupis-

567 4212 709 4280 sent;
736 4232 824 4267 nec
854 4215 1222 4280 concupisse-nt,
1251 4212 1349 4263 nisi
1388 4214 1594 4274 tentati;
1637 4224 1726 4264 nec
1793 4219 2128 4278 tentarentur,

568 4287 666 4338 nisi
697 4284 911 4345 deserti;
951 4298 1039 4333 nec
1071 4283 1419 4334 desererentur
1447 4298 1478 4332 a
1529 4281 1654 4342 Deo,
1706 4282 1803 4333 nisi
1845 4282 1943 4350 ipsi
1989 4282 2129 4350 prius

574 4355 856 4408 desererent
884 4355 1044 4403 Deum
1061 4369 1078 4415 ;
1109 4367 1198 4402 nec
1227 4352 1509 4403 desererent
1548 4349 1742 4413 Deunt,
1785 4349 1880 4403 nisi
1905 4349 2128 4420 superbi-

535 4433 707 4492 I.-'s_gent,
739 4432 784 4476 et
834 4421 1217 4474 similitudinem
1267 4420 1356 4492 Dei
1403 4421 1754 4492 miserabiliter
1803 4425 2123 4492 oppetissent.

560 4491 627 4547 ’S.
663 4492 968 4560 Fulgentius
1018 4492 1108 4543 lib.
1166 4507 1200 4544 ιι
1233 4489 1384 4558 (Cap.
1416 4488 1532 4560 7‘20)
1575 4489 1640 4543 de
1667 4488 2031 4544 lucarnatione
2075 4502 2128 4545 et

571 4563 748 4618 Gratia
767 4559 788 4614 Ξ
839 4561 972 4627 Quia
1008 4562 1198 4628 primus
1226 4563 1372 4613 homo
1407 4559 1460 4611 in
1492 4561 1776 4626 superbiam
1805 4571 1878 4613 est
1917 4562 2130 4616 diaboli-

573 4650 633 4686 ca
653 4635 978 4702 persuasione
1007 4631 1250 4702 dejectus,
1277 4630 1500 4702 perdidit
1523 4630 1872 4702 humilitatem.
1905 4633 1962 4687 S.
1984 4632 2130 4702 fire-

570 4698 752 4770 gorius
783 4701 875 4754 lib.
907 4716 956 4754 tv
1000 4699 1147 4769 (Cap.
1183 4702 1236 4769 9)
1272 4701 1548 4753 Moralium
1579 4716 1592 4750 :
1643 4698 1804 4765 Duas,
1851 4701 2040 4769 inquit,
2065 4703 2132 4753 ad

568 4772 956 4840 intelligendum
980 4787 1032 4823 se
1055 4779 1314 4822 creaturas
1348 4771 1557 4838 fecerat,
1597 4770 1886 4840 angelicam
1904 4770 2131 4824 videlicet

570 4853 617 4896 et
655 4839 928 4893 humanam
953 4855 970 4892 :
996 4850 1258 4908 utramque
1282 4856 1417 4910 ivero
1453 4839 1689 4904 superbia
1715 4839 1949 4908 perculit,
1983 4851 2132 4910 atque

569 4914 632 4965 ab
654 4921 787 4965 statu
815 4911 1049 4980 ingenita:
1072 4909 1388 4962 rectitudinis
1422 4911 1590 4979 fregit.

646 4991 671 5017 ο
709 4982 832 5046 Qui,
859 4981 1062 5034 scilicet
1087 4981 1304 5050 morbus
1332 4983 1615 5048 superbiae,
1633 4994 1726 5048 per
1752 4980 2133 5050 illum,nempe

567 5051 892 5116 Luciferum,
911 5065 1002 5104 seu
1021 5049 1251 5119 primum
1274 5051 1516 5118 angelum
1541 5051 1608 5104 ob
1627 5051 1971 5119 superbiame
1995 5049 2132 5106 coelo

569 5122 854 5189 deiectum,
891 5137 1098 5174 rursum
1151 5136 1214 5174 ac
1251 5121 1512 5174 deindein
1544 5123 1946 5189 protoplastum,
1970 5121 2020 5175 id
2050 5130 2133 5175 est

569 5195 794 5258 primum
843 5193 1110 5244 hominem
1155 5191 1412 5243 Adamum
1443 5205 1684 5258 serpens,
1738 5191 1792 5244 id
1823 5203 1903 5245 est
1924 5206 1982 5245 se
2029 5191 2133 5245 dif-

568 5263 817 5327 fundens,
865 5270 969 5318 etc.
1023 5261 1305 5328 Dionysius
1351 5262 1671 5314 sententiam
1723 5263 1956 5327 invertit,
2005 5263 2130 5315 dum

569 5331 647 5385 sic
677 5333 854 5384 reddit
887 5348 898 5381 :
934 5331 1061 5394 Qum
1087 5329 1313 5401 (scilicet
1339 5330 1607 5400 superbia)
1644 5346 1732 5396 per
1759 5332 2129 5400 protoplustunt

567 5402 713 5454 illum
744 5417 967 5470 serpens,
997 5399 1165 5468 qui‘ab
1194 5415 1254 5452 ea
1280 5399 1500 5470 dejectus
1531 5411 1623 5470 est,
1647 5411 1776 5462 etc.,
1801 5399 1992 5470 praeter
2016 5401 2128 5454 Au-

566 5473 730 5523 ctoris
759 5469 991 5523 mentem
1024 5480 1076 5522 et
1101 5469 1341 5521 omnium
1383 5469 1764 5536 exemplarium
1810 5469 1988 5522 iidem.
2030 5471 2131 5523 Vo-

568 5538 666 5590 luit
690 5539 828 5590 enim
863 5543 1061 5594 Auctor
1091 5538 1410 5606 significare,
1460 5539 1788 5602 Luciferum,
1818 5539 1883 5592 de
1925 5556 2031 5605 quo
2077 5543 2126 5596 in

568 5607 889 5672 praecedenti
912 5618 1247 5676 cap.egerat,
1275 5611 1460 5661 morbo
1481 5608 1743 5676 superbia:
1765 5611 1937 5677 primo
1964 5610 2128 5668 fuisse

567 5686 876 5748 superatum
927 5691 978 5728 et
1034 5678 1330 5748 deiectum;
1371 5694 1432 5732 ac
1483 5679 1676 5732 deinde
1715 5694 1806 5746 per
1837 5681 2031 5748 ipsum,
2074 5683 2126 5736 id

566 5751 679 5818 est_,
708 5743 843 5794 illius
866 5758 1026 5818 opera
1057 5745 1415 5818 et_i_nstinctu,
1452 5743 1726 5803 Adamum‘
1747 5743 2128 5818 protbplastum

567 5808 756 5868 eodem
803 5808 1005 5877 morbo,
1049 5813 1253 5872 scilicet
1301 5808 1582 5887 superbiae,
1612 5808 1913 5887 corruissei
1946 5835 2008 5878 ac
2037 5823 2129 5879 de-

2233 1907 2300 1959 de
2329 1904 2534 1958 Adamo
2560 1917 2624 1957 ac
2649 1903 2717 1957 de
2763 1902 3009 1958 Lucifero
3054 1903 3290 1958 sensisse
3321 1903 3553 1969 videtur,
3601 1906 3782 1960 scilicet

2231 1975 2494 2028 Adamum
2534 1974 2825 2042 appetiisse
2847 1989 2910 2028 ac
2944 1974 3351 2041 prmsumpsisse
3379 1973 3600 2041 gloriam
3629 1978 3781 2030 deita-

2235 2049 2322 2108 tis,
2348 2044 2446 2098 hoc
2474 2053 2575 2104 est,
2607 2045 2832 2114 gloriam
2857 2054 3072 2097 aeterna:
3099 2043 3398 2106 felicitatis;
3432 2059 3536 2113 qua
3565 2046 3783 2100 efficere-

2235 2125 2319 2168 tur
2347 2124 2402 2168 ut
2431 2114 2593 2175 Deus,
2624 2124 2715 2168 aut
2747 2125 2895 2170 certe
2930 2113 3181 2166 eximiam
3209 2115 3491 2180 quamdam
3535 2115 3623 2170 Dei
3648 2116 3781 2170 simi-

2232 2185 2510 2238 litudinem
2539 2185 2746 2240 arbitrii
2771 2185 3016 2238 libertate
3057 2193 3112 2238 et
3143 2183 3423 2246 industria,
3457 2187 3556 2239 hoc
3583 2198 3679 2254 est,
3707 2201 3780 2239 so-

2232 2255 2297 2309 lis
2328 2263 2532 2309 natura:
2563 2255 2765 2308 viribus
2797 2255 3061 2325 obtinere.
3115 2254 3181 2307 Et
3224 2268 3354 2308 sane
3396 2255 3654 2309 Adamum
3697 2271 3782 2325 per

2232 2326 2535 2392 superbiam
2565 2326 2887 2391 expetivisse
2913 2324 3267 2378 excellentem
3291 2325 3574 2390 quamdam
3603 2327 3687 2380 Dei
3702 2324 3772 2380 isi-

2231 2396 2606 2459 militudinem,
2641 2399 2920 2462 perspicue
2950 2394 3241 2448 declaravit
3283 2395 3446 2459 Deus,
3487 2410 3603 2449 cum
3636 2399 3694 2450 de
3721 2411 3782 2450 eo

2235 2467 2412 2520 dixit:
2449 2465 2578 2518 Ecce
2633 2465 2799 2518 Adam
2833 2466 2988 2535 quasi
3037 2481 3275 2535 unusca:
3317 2467 3457 2518 nobis
3501 2469 3657 2535 factus
3696 2476 3782 2531 est,

2227 2537 2392 2589 sciens
2422 2538 2624 2600 bonum,
2652 2545 2702 2590 et
2729 2533 2943 2599 malum,
2979 2533 3116 2588 haud
3163 2534 3324 2606 dubie
3369 2533 3538 2603 ipsum
3576 2551 3784 2606 arguens

2229 2608 2478 2672 expetitae
2507 2607 2570 2658 ab
2601 2622 2689 2672 eo,
2720 2607 3090 2673 allectatzeque
3117 2605 3478 2660 excellentiae.
3508 2606 3648 2661 Hanc
3669 2621 3784 2660 vero

2229 2676 2464 2729 divinam
2511 2677 2884 2730 excellentiam
2935 2684 2991 2728 et
3033 2676 3444 2729 similitudinem
3488 2676 3554 2730 ab
3595 2678 3783 2730 Adamo

2228 2746 2528 2800 aﬂ'ectatam
2559 2747 2713 2800 divus
2751 2746 2985 2800 Thomas
3011 2745 3218 2799 duabus
3250 2747 3300 2799 in
3343 2745 3502 2800 rebus
3527 2748 3786 2802 constituit

2228 2814 2431 2885 (2-2,q.
2451 2816 2571 2881 165,
2596 2834 2646 2870 a.
2669 2815 2746 2883 2).
2777 2816 2958 2870 Primo
2987 2829 3049 2869 ac
3076 2818 3342 2885 prmcipue
3370 2817 3424 2870 in
3448 2819 3660 2871 scicntia
3684 2818 3779 2870 bo-

2231 2884 2280 2938 ni
2311 2895 2366 2940 et
2396 2887 2544 2938 mali.
2589 2886 2838 2941 Secundo
2865 2898 2919 2941 et
2952 2884 3298 2950 secundat-io,
3341 2887 3394 2940 in
3435 2886 3698 2953 facultate,
3725 2888 3783 2942 li-

2234 2955 2440 3010 hertate
2468 2970 2529 3008 ac
2555 2965 2819 3024 potestate
2853 2955 3132 3025 nperandi.
3160 2954 3373 3009 Primus
3401 2955 3573 3022 homo,
3607 2960 3782 3024 inquit,

2229 3027 2448 3093 peccavit
2494 3027 2846 3096 principaliter
2902 3027 3184 3096 appetendo
3245 3027 3628 3081 similitudinem
3675 3028 3784 3094 Dei,

2230 3103 2474 3164 quantum
2501 3098 2568 3149 ad
2609 3098 2876 3150 scientiam
2915 3097 3033 3149 boni
3078 3107 3125 3149 et
3167 3096 3310 3163 mali,
3348 3100 3480 3150 sicut
3521 3113 3715 3165 serpens
3747 3102 3785 3153 ei

2231 3169 2497 3236 suggessit,
2521 3177 2575 3219 ut
2601 3168 2793 3220 scilicet
2826 3184 2914 3236 per
2937 3169 3175 3221 virtutem
3211 3171 3432 3236 propria:
3477 3179 3668 3222 natura:
3700 3169 3785 3222 de-

2233 3239 2522 3290 terminat-et
2550 3238 2644 3291 sibi
2671 3237 2794 3307 quid
2838 3247 2968 3290 esset
3008 3237 3195 3291 bonum
3245 3247 3291 3289 et
3336 3239 3460 3306 quid
3506 3239 3690 3291 malum
3723 3239 3785 3292 ad

2230 3308 2516 3379 agendum,
2553 3309 2627 3361 vel
2655 3309 2806 3362 etiam
2849 3321 2902 3379 ut
2943 3324 3032 3378 per
3097 3310 3318 3378 seipsum
3377 3319 3786 3379 pracognosceret

2231 3377 2356 3443 quid
2379 3377 2472 3430 sibi
2499 3377 2616 3430 boni
2641 3379 2720 3431 vel
2761 3377 2883 3431 mali
2920 3388 3045 3432 esset
3089 3379 3338 3445 futurum.
3384 3379 3450 3430 Et
3503 3377 3781 3433 secundario

2232 3449 2452 3518 peccavit
2479 3449 2760 3514 appetendo
2789 3447 3175 3502 similitudinem
3193 3446 3309 3515 D.,i,
3332 3460 3573 3518 quantum
3589 3453 3652 3502 ad
3675 3467 3781 3518 pro-

2231 3517 2394 3582 priam
2429 3527 2724 3586 potestatem
2747 3519 3029 3592 aperandi:
3066 3529 3119 3592 u_t
3145 3519 3336 3592 scilicet
3375 3522 3557 3573 virtute
3583 3517 3786 3592 propriis

2233 3598 2432 3662 natura:
2494 3599 2791 3662 aperaretur
2844 3589 2915 3640 ad
2967 3589 3324 3662 beatitudinem
3380 3589 3786 3662 consequendam.

2235 3655 2484 3727 Eiusdem
2527 3655 2801 3712 doctrinae
2849 3667 3086 3712 assertor
3132 3659 3195 3712 D.
3248 3655 3574 3727 AuguSIiuus
3620 3663 3707 3716 lib.
3756 3677 3788 3715 ιι

2259 3725 2386 3796 Cap.
2417 3726 2472 3796 5;
2527 3729 2595 3781 de
2625 3727 2817 3783 Genesi
2863 3739 3045 3782 contra
3088 3725 3408 3783 Manichacus
3458 3732 3534 3786 ita
3577 3733 3787 3787 scribit:

2287 3797 2519 3873 idemus,
2556 3800 2776 3873 _it_tquit,_
2809 3815 2899 3870 per
2919 3799 3236 3873 superbiant
3258 3811 3516 3866 peccatum
3537 3820 3660 3873 (esse
3685 3819 3790 3873 per-

2229 3882 2459 3921 suasum.
2485 3869 2562 3921 Ad
2581 3869 2676 3922 hoc
2696 3869 2827 3922 enim
2848 3870 2995 3932 valet,
3023 3870 3156 3938 quod
3187 3872 3377 3924 dictum
3398 3884 3495 3936 est,
3524 3869 3789 3926 Eritis'sic-

2232 3938 2417 4011 utgdii.
2455 3937 2591 4002 Quid
2633 3940 2717 4011 hic
2753 3937 3083 4011 intelligitur,
3118 3941 3216 3993 nisi
3263 3960 3558 4011 persuasum
3587 3960 3704 4007 esse,
3740 3953 3791 3995 ut

2231 4009 2323 4086 sub
2351 4008 2455 4086 Qeo
2482 4024 2588 4060 esse
2610 4008 2941 4086 pollent,_sed
2989 4011 3042 4061 in
3085 4026 3182 4086 sua
3211 4008 3458 4079 potestate
3501 4018 3666 4086 potius
3693 4015 3794 4086 sine

2233 4073 2492 4154 Domino;
2520 4087 2575 4130 ut
2606 4075 2768 4154 legem
2797 4073 2903 4148 ejus
2921 4095 3022 4132 non
3049 4073 3383 4154 observarent,
3403 4073 3550 4154 quasi
3573 4085 3794 4140 inviden-

2233 4155 2308 4198 tes
2328 4148 2451 4222 sibi,
2473 4163 2534 4200 ne
2552 4163 2606 4200 se
2639 4148 2739 4222 ipsi
2766 4159 3012 4215 regerent,
3041 4167 3141 4203 non
3167 4148 3446 4222 indigentes
3476 4159 3617 4210 illius
3648 4159 3794 4209 inter-

2232 4217 2536 4296 noduntine,
2560 4219 2647 4269 sed
2676 4227 2866 4296 utentes
2883 4223 3092 4296 propria
3116 4217 3428 4289 providentia
3446 4269 3459 4288 ,
3483 4230 3628 4296 quasi
3646 4225 3796 4280 oculis

2230 4285 2336 4363 suis
2361 4286 2430 4363 ad
2451 4288 2849 4363 dignoscendum
2879 4285 3128 4363 bonuntet
3159 4296 3368 4360 ntalum,
3393 4285 3532 4362 quod
3560 4298 3645 4351 ille
3679 4313 3795 4363 pro-

2233 4353 2638 4438 hibuisset.‘lloc
2666 4366 2740 4438 est
2761 4373 2898 4427 ergo,
2921 4361 3058 4426 quod
3104 4353 3415 4438 persuasum
3438 4378 3530 4430 est,
3566 4379 3621 4420 ut
3658 4353 3793 4421 suam

2234 4434 2718 4503 potestatemnnimt‘s
2765 4443 3015 4503 amarent,
3046 4441 3146 4486 etc.
3178 4434 3243 4488 Et
3273 4445 3424 4489 tract.
3456 4439 3488 4488 4
3532 4439 3582 4489 in
3634 4438 3798 4503 Epist.

2232 4494 2451 4549 Joannis
2473 4516 2504 4574 ἐκ
2526 4495 2832 4574 Contempsit
2858 4501 3023 4574 Adam
3064 4503 3116 4554 in
3154 4507 3390 4571 paradiso
3445 4507 3635 4573 positus
3663 4494 3799 4574 prte-

2233 4575 2432 4635 ceptum
2462 4566 2579 4647 Dei,
2604 4576 2646 4620 et
2693 4566 2849 4647 erexit
2875 4572 3134 4647 cervicem,
3154 4566 3329 4628 'veluti
3358 4578 3411 4631 in
3440 4566 3676 4647 potestate
3708 4591 3802 4628 sua

2233 4650 2339 4689 esse
2361 4637 2586 4710 cupiens,
2612 4646 2656 4690 et
2677 4640 2851 4692 nolens
2881 4640 3026 4710 subdi
3052 4647 3286 4710 potestati
3315 4647 3422 4701 Dei.

2308 4717 2331 4782 ἢ
2365 4709 2441 4760 Ita
2476 4717 2527 4782 et
2554 4710 2798 4782 superius
2839 4709 3000 4780 (Cap.
3041 4709 3103 4782 1)
3133 4713 3305 4768 dixit:
3341 4717 3439 4782 Qui
3469 4719 3672 4771 morbus
3693 4718 3800 4770 licet

2235 4776 2440 4857 ultimus
2468 4781 2532 4830 sit
2559 4776 2876 4857 incon/lictis
2897 4776 3150 4846 vitiorum,
3178 4796 3327 4856 atque
3345 4776 3420 4840 “in
3447 4788 3624 4841 ordine
3648 4803 3802 4857 pona-

2233 4855 2612 4927 turcxtremus,
2642 4850 2837 4918 origine
2854 4859 3088 4927 tamenet
3105 4850 3330 4922 tempore
3349 4859 3545 4927 primus
3576 4850 3677 4926 est',
3701 4867 3800 4912 etc.

2237 4917 2335 4991 Ubi
2367 4920 2514 4991 plura
2545 4929 2796 4991 annotita
2827 4935 2893 4974 ex
2928 4923 2987 4974 D.
3020 4917 3283 4991 Prospero
3307 4917 3360 4980 ei
3389 4927 3615 4982 Isidoro.

2303 4983 2331 5022 ἀ
2372 4988 2582 5068 Repetit
2609 4990 2748 5070 quod
2776 4992 3021 5070 superius
3042 4983 3196 5070 (Cap.
3221 4998 3274 5063 ὅ)
3302 4997 3421 5052 aliis
3447 5000 3624 5052 verbis
3651 4997 3802 5070 dixit,

2233 5071 2379 5110 omne
2400 5063 2573 5133 vitium
2597 5063 2705 5111 suis
2725 5077 2832 5114 esse
2863 5063 3086 5115 terminis
3115 5063 3422 5133 cantentum,
3458 5079 3506 5122 et
3529 5085 3684 5120 unam
3705 5069 3805 5120 vir—

2234 5136 2383 5180 tutem
2401 5127 2503 5205 sibi
2529 5134 2840 5182 contrariam
2862 5133 3177 5205 exstinguere
3204 5152 3224 5188 :
3251 5127 3539 5205 superbiam
3565 5155 3683 5192 vero
3704 5153 3808 5191 om.

2233 5212 2319 5250 nes
2365 5200 2568 5278 virtutes
2611 5215 2954 5278 corrumpere.
2992 5200 3106 5269 Qua
3139 5220 3264 5259 vero
3296 5200 3505 5263 ratione
3535 5209 3806 5278 superbia,

2232 5280 2351 5319 cum
2400 5270 2468 5320 sit
2511 5270 2741 5336 speciale
2797 5284 3094 5338 peccatum,
3142 5290 3330 5332 omnes
3376 5287 3554 5332 tanien
3585 5270 3812 5332 virtutes

2232 5351 2584 5411 corrumpere,
2604 5339 3095 5411 dicatur,~explicat
3125 5345 3185 5398 D.
3218 5346 3451 5400 Thomas
3478 5349 3564 5402 his
3587 5349 3771 5402 verbis
3799 5363 3810 5397 :

2233 5404 2507 5489 Peccrttum
2534 5410 2742 5489 aliquod
2771 5404 2947 5489 piotest'
2963 5429 3286 5489 corrumpere
3313 5419 3549 5472 virtutem
3587 5417 3814 5489 duplici-

2232 5483 2306 5529 ter
2316 5519 2336 5548 ,_
2355 5494 2455 5529 uno
2475 5481 2623 5530 modo
2643 5496 2733 5548 per
2757 5481 2997 5535 directant
3016 5481 3421 5539 contrarietatem
3443 5490 3511 5541 ad
3538 5481 3775 5541 virtutem
3795 5501 3814 5540 .'

2233 5555 2281 5599 et
2315 5545 2411 5599 hoc
2450 5549 2598 5623 modo
2635 5545 2870 5623 superbia
2901 5569 3000 5604 non
3025 5559 3307 5623 corrumpit
3335 5561 3613 5623 quamlibnt
3657 5561 3815 5611 virtu-

2231 5625 2348 5700 tem,
2381 5619 2468 5671 sed
2499 5620 2663 5671 solum
2702 5622 3055 5700 Itutitilitatem,
3080 5627 3208 5700 sicut
3233 5619 3488 5693 quodlibet
3515 5630 3670 5682 aliud
3700 5646 3817 5700 spe-

2232 5688 2358 5766 ciale
2402 5701 2657 5766 peccatum
2682 5692 2956 5766 corrumpit
2984 5688 3257 5760 quamdam
3277 5700 3545 5766 specta/em
3577 5688 3812 5753 virtniem

2230 5758 2628 5844 sibioppositam
2669 5758 3003 5844 contrarium
3020 5765 3237 5844 agendo.
3281 5758 3397 5844 Alio
3447 5772 3601 5844 modo
3636 5786 3813 5844 pecca-

2233 5834 2335 5908 tum
2365 5828 2574 5898 aliquod
2597 5831 2877 5908 corrumpit
2899 5828 3135 5889 virtutum
3165 5836 3415 5906 abutendo
3444 5840 3559 5914 ipsa
3587 5858 3618 5899 tt
3636 5828 3805 5908 'rtutt'.
