4014 6200
305 244 415 300 455

309 455 426 504 tam
468 456 684 503 tantum
732 447 1108 516 exstinguere;
1162 460 1348 500 verum
1394 445 1556 500 etiam
1598 455 1912 500 cunctarum

314 543 485 599 simul
512 541 971 610 interemptricem
1004 553 1128 594 esse
1149 540 1408 594 virtutum
1442 556 1456 591 :
1485 553 1584 594 nec
1612 538 1916 594 mediocres

317 649 533 694 tantum
563 651 864 707 parvosque
890 643 1122 702 tentare,
1156 634 1252 690 sed
1280 633 1513 688 maxime
1542 633 1599 688 in
1643 631 1916 688 fortitudi-

316 732 407 786 nis
451 731 689 785 culmine
717 731 1095 784 consistentes.
1141 727 1218 781 Ita
1257 727 1402 782 enim
1445 725 1515 781 de
1566 724 1671 780 hoc
1714 725 1913 794 spiritu

316 815 600 896 propheta
621 831 1005 878 commemorat
1038 837 1054 876 :
1089 828 1115 857 ι
1155 819 1308 874 Esca:
1335 819 1450 890 ejus
1480 818 1655 872 electra
1684 816 1911 887 (Habac.

315 921 381 985 t).
419 918 652 987 Ideoque
683 917 874 972 beatus
901 914 1068 969 David
1098 913 1228 969 licet
1250 921 1398 968 tanta
1421 912 1916 981 circumspectione

317 1011 498 1066 cordis
523 1011 611 1064 sui
659 1009 960 1065 custodiret
1000 1022 1220 1074 arcana,
1255 1016 1314 1061 ut
1361 1007 1429 1062 ad
1461 1022 1584 1062 eum
1617 1021 1778 1076 quem
1830 1018 1917 1060 se-

313 1111 468 1156 creta‘
503 1101 852 1156 conscientiae
891 1115 1002 1155 sua:
1030 1115 1142 1155 non
1172 1099 1434 1164 latebant,
1480 1098 1744 1154 audenter
1792 1111 1919 1168 pro-

315 1193 586 1248 clamaret
609 1210 624 1247 :
651 1191 679 1231 δ
696 1193 936 1256 Domine,
960 1210 1063 1247 non
1091 1200 1166 1247 est
1188 1193 1472 1246 exaltatum
1489 1208 1579 1246 cor
1605 1207 1796 1257 meum,
1827 1206 1918 1244 ne-

317 1301 419 1355 que
441 1285 558 1340 elati
583 1294 702 1339 sunt
739 1284 877 1339 oculi
920 1286 1044 1349 mei,
1095 1301 1258 1355 neque
1306 1281 1643 1338 ambulaoiin
1694 1283 1914 1354 magnis,

318 1393 479 1447 neque
505 1377 557 1430 in
582 1377 908 1432 mirabilibus
933 1392 1087 1448 super
1113 1393 1212 1443 me,
1271 1377 1372 1430 nisi
1424 1375 1687 1429 humiliter
1735 1375 1918 1430 sentie-

317 1467 628 1541 bam(Psal.
658 1469 862 1540 cxxx);
918 1456 974 1525 et
1025 1471 1222 1525 iterum
1258 1485 1272 1522 :
1307 1469 1430 1523 Non
1457 1469 1703 1523 habitabit
1729 1470 1786 1523 in
1813 1486 1918 1524 me-

313 1563 404 1617 dio
432 1563 618 1618 domus
659 1579 786 1618 mete
829 1563 1028 1633 faciens
1066 1563 1360 1632 superbiam
1390 1560 1567 1631 (Psal.
1618 1562 1705 1633 c);
1738 1565 1914 1620 sciens

310 1663 497 1709 tamen
527 1668 690 1723 quam
717 1652 962 1708 difﬁcilis
989 1653 1061 1707 sit
1092 1654 1254 1708 etiam
1286 1653 1540 1724 perfectis
1590 1654 1694 1709 ista
1733 1664 1912 1711 custo-

309 1745 428 1815 dia,
456 1761 570 1800 non
622 1745 692 1802 de
745 1761 843 1800 sua
895 1753 1102 1800 tantum
1157 1746 1437 1816 praesumit
1487 1731 1779 1814 industria,
1816 1748 1910 1803 sed

309 1852 481 1893 orans
523 1837 740 1892 Domini
788 1837 1041 1908 implorat
1069 1839 1350 1906 auxilium,
1400 1848 1457 1894 ut
1507 1839 1668 1910 hujus
1709 1840 1912 1897 inimici

883 238 970 291 DE
1007 237 1492 294 C(ENOBIORUM
1531 235 1785 294 lNSTlT.
1825 235 1956 292 LIB.
1994 235 2112 292 Xll.
2137 267 2210 280 —
2235 237 2328 294 DE
2368 237 2642 295 SPlRlTU
2682 238 3070 296 ὃυΡΕΡιΒΙΕ.

305 356 595 412 lummodo
622 354 954 410 contrariam
983 353 1089 408 sibi
1113 353 1392 419 virtutem,
1422 351 1476 407 id
1503 360 1609 420 est,
1640 351 1920 406 humilita-
1945 359 2001 418 Α
2031 352 2200 409 telum
2232 354 2401 422 possit
2428 354 2762 410 insauciatus
2791 355 3041 421 evadere,
3074 354 3263 411 dicens

3501 248 3608 303 454

3305 372 3320 409 :
3368 356 3488 412 Non
3527 373 3611 412 ve-

2022 448 2134 501 niat
2158 445 2284 501 mihi
2313 464 2402 517 pes
2445 447 2695 516 superbia:
2721 447 2894 518 (Psal.
2928 448 3132 519 xxxv):
3177 462 3378 518 pavens
3407 464 3470 503 ac
3500 465 3611 506 me-

2021 548 2182 595 tuens
2209 556 2276 595 ne
2300 539 2356 595 in
2389 540 2521 596 illud
2567 540 2774 595 incidat
2802 540 2946 609 quod
2976 540 3176 594 dicitur
3205 540 3274 595 de
3310 539 3562 609 superbis
3596 559 3608 595 :

2021 633 2163 688 Deus
2191 633 2422 705 superbis
2443 635 2744 688 adversatur
2769 631 2974 704 (Jacob.
2999 632 3096 704 tv);
3120 642 3177 689 et
3196 635 3389 688 iterum
3412 648 3425 685 :
3454 643 3475 670 ε
3495 630 3610 685 Im-

2022 727 2244 780 mundas
2288 735 2362 780 est
2386 727 2528 795 apud
2561 724 2725 779 Deum
2770 727 2936 780 omnis
2967 727 3055 796 qui
3106 724 3297 780 exultat
3335 740 3424 779 cor
3464 739 3612 778 suum

2021 817 2206 890 (Prov.
2237 833 2358 884 xw,
2389 834 2491 872 sec.
2518 817 2710 888 LXX).

2235 965 2256 975 -
2618 910 2846 968 CAPUT
2888 911 2998 967 Vll.

2022 1003 2173 1071 Quod
2199 1012 2395 1058 tantum
2445 1005 2508 1058 sit
2552 1003 2746 1056 malum
2775 1004 3049 1072 superbire,
3115 1011 3172 1057 ut
3219 1002 3395 1073 ipsum
3442 1001 3611 1058 Deum

2373 1075 2717 1128 adversarium
2748 1074 2933 1129 habere
2975 1083 3250 1128 mereatur.

2089 1187 2356 1255 Quantum
2385 1196 2470 1242 est
2511 1188 2713 1242 malttm
2755 1187 3045 1257 superbiae,
3092 1197 3149 1242 ut
3179 1202 3287 1243 non
3332 1189 3608 1259 angelum,

2021 1295 2128 1335 non
2155 1280 2288 1335 alias
2325 1282 2552 1336 virtutes
2575 1281 2677 1335 sibi
2706 1281 3030 1348 contrarias,
3055 1281 3151 1337 sed
3179 1283 3352 1351 ipsum
3385 1279 3412 1319 ἀ
3438 1283 3611 1338 Deum

2017 1374 2387 1431 adversarium
2428 1375 2626 1430 habere
2654 1375 2957 1429 mereatur?
3000 1374 3307 1430 Notandum
3337 1375 3608 1445 siquidem

2017 1478 2099 1523 est
2129 1468 2276 1539 quod
2309 1483 2648 1539 nequaquam
2696 1459 2893 1522 dixerit
2928 1483 3093 1537 super
3132 1467 3216 1522 his
3253 1469 3345 1538 qui
3395 1468 3612 1524 caeteris

2018 1572 2145 1618 sunt
2167 1562 2310 1617 vitiis
2343 1563 2574 1616 involuti
2603 1562 2746 1631 quod
2776 1562 3008 1616 habeant
3037 1561 3138 1616 sibi
3157 1562 3332 1620 Deum
3356 1563 3613 1617 resisten-

2022 1667 2152 1720 tem,
2185 1655 2236 1710 id
2271 1664 2375 1718 est,
2409 1655 2554 1710 Deus
2592 1654 2985 1725 gastrimargis,
3035 1654 3360 1722 fornicariis,
3394 1655 3612 1709 iracun-

2020 1748 2126 1813 dis,
2158 1763 2252 1801 seu
2285 1747 2608 1818 philargyris
2657 1746 3012 1812 adversatur;
3047 1748 3140 1802 sed
3194 1746 3325 1802 solis
3354 1741 3612 1815 Superbis

2021 1839 2226 1912 (Jacob.
2259 1839 2355 1910 tv).
2390 1839 2484 1894 llla
2516 1854 2749 1909 namque
2793 1839 2917 1905 vitia
2960 1839 3045 1894 vel
3075 1839 3127 1894 in
3168 1851 3614 1910 unumquemque

1389 1953 1649 2008 ALARDI
1687 1953 1920 2011 GAZIEI
1955 1953 2529 2010 COMMENTARIUS.

305 2074 361 2118 et
387 2064 461 2117 sic
488 2064 729 2138 superbia
749 2061 1030 2138 corrumpit
1059 2064 1332 2138 quamlibet
1379 2066 1639 2128 virtutem,
1671 2067 1725 2120 in
1746 2083 1914 2136 quan-
1941 2073 1990 2132 B
2019 2070 2278 2136 denique,
2310 2066 2564 2136 superbia
2594 2082 2839 2136 operum,
2872 2068 2993 2137 quia
3027 2067 3191 2135 aliqui
3236 2067 3399 2121 etiam
3431 2069 3611 2138 reipsa

308 2146 420 2189 tum
437 2134 632 2189 scilicet
661 2151 724 2189 ex
751 2135 890 2207 ipsis
906 2136 1173 2207 virtutibus
1199 2137 1353 2189 sumit
1383 2138 1702 2191 occasionem
1730 2134 1910 2207 super-

309 2207 484 2260 biendi
508 2223 526 2271 ;
556 2207 684 2257 sicut
712 2213 758 2259 et
785 2205 1090 2276 quibuslibet
1117 2207 1236 2260 aliis
1280 2209 1430 2261 rebus
1463 2207 1530 2260 ad
1557 2205 1913 2262 excellentiam

304 2276 707 2349 pertinentibus.
731 2277 800 2349 Ita
911 2276 1150 2349 :I'ltomas
1167 2277 1309 2349 (2-2,
1339 2295 1390 2349 q.
1417 2277 1540 2341 162,
1571 2297 1626 2334 a.
1653 2281 1706 2346 2,
1733 2279 1800 2331 ad
1831 2281 1910 2348 '5).

309 2347 760 2418 Epdemspectat
784 2347 872 2400 illa
907 2348 970 2401 D.
1003 2348 1284 2416 Augustini
1312 2347 1581 2404 sententia
1615 2352 1665 2403 in
1709 2347 1911 2418 Regula

314 2416 473 2487 (Cap.
500 2417 556 2484 4)
589 2434 602 2469 :
627 2418 742 2471 Alia
766 2432 1097 2486 quacumque
1116 2421 1365 2489 iniquitas
1409 2421 1462 2473 in
1503 2421 1650 2474 malis
1680 2416 1914 2490 oper—ibus

311 2500 605 2560 exercetur,
643 2499 696 2542 ut
724 2490 852 2558 ﬁant
887 2504 904 2542 :
931 2491 1172 2560 superbia
1194 2507 1310 2544 vero
1332 2492 1485 2544 etiam
1511 2492 1654 2544 bonis
1679 2492 1915 2559 operibus

305 2559 614 2631 insidiatur,
656 2569 710 2611 ut
746 2570 975 2625 pereant.
998 2559 1142 2616 ’Vide
1168 2562 1240 2615 ibi
1282 2562 1547 2631 insignem
1582 2572 1916 2618 commenta-

308 2631 454 2683 rium
498 2629 742 2686 Umberti
775 2645 895 2685 cum
942 2632 1155 2700 egregia
1188 2629 1597 2700 comparatione
1647 2635 1914 2700 superbiae

307 2716 437 2754 cum
465 2701 584 2755 aliis
616 2701 781 2757 vitiis.
816 2702 1025 2756 Rursus
1053 2703 1183 2757 alibi
1223 2707 1558 2772 Augustinus
1593 2723 1606 2759 :
1646 2703 1780 2756 Vitia
1816 2721 1916 2759 cte-

310 2783 426 2826 tera
449 2773 503 2825 in
534 2775 751 2836 peccatis
776 2789 793 2825 :
825 2773 1062 2838 superbia
1088 2791 1202 2828 vero
1231 2777 1285 2828 in
1314 2785 1447 2828 recte
1491 2775 1640 2842 factis
1694 2776 1918 2828 timenda

309 2851 510 2916 estpne
553 2844 646 2896 illa
673 2859 790 2912 qua:
819 2844 1148 2898 laudabiliter
1177 2846 1314 2916 facta
1361 2855 1515 2916 sunt,
1545 2847 1706 2916 ipsius
1747 2847 1918 2900 laudis

309 2913 596 2985 cupiditate
620 2920 938 2970 amittantur.
973 2913 1186 2972 Similia
1211 2917 1373 2971 habet
1404 2917 1465 2970 D.
1489 2913 1785 2985 Gregorius
1817 2918 1915 2970 ho-

309 2983 438 3056 mil.
469 2985 534 3039 12
565 2984 616 3056 in
651 2987 930 3054 Evangel.,
965 3003 1083 3056 qua:
1127 2989 1286 3041 etiam
1314 2988 1380 3041 ad
1407 2983 1784 3052 cenodoxiam,
1819 3003 1914 3042 seu

311 3055 536 3128 inanem
558 3055 786 3124 gloriam
811 3055 1001 3128 referri
1032 3065 1280 3128 possunt,
1307 3073 1429 3128 quae
1451 3058 1620 3126 prima
1650 3059 1917 3125 superbiae

310 3126 454 3195 tilia,
485 3126 709 3196 ejusque
747 3126 1098 3198 pedissequ‘a,
1129 3130 1216 3184 cui
1244 3140 1299 3184 et
1324 3126 1457 3183 illud
1488 3129 1663 3198 aptari
1694 3137 1874 3197 potest
1900 3147 1912 3181 :

475 3228 535 3278 Et
556 3231 781 3293 sequitur
804 3231 982 3281 leviter
1005 3229 1102 3280 lilia
1126 3234 1295 3281 matris
1319 3233 1436 3282 iter.

399 3341 424 3369 "
448 3332 726 3409 Septttagq
746 3338 812 3390 τὰ
838 3337 1089 3409 βρώματα
1110 3339 1268 3409 αὐτοῦ
1292 3337 1518 3409 inlinit.
1559 3335 1775 3409 Vulgata
1797 3351 1920 3409 ve_r-

312 3404 407 3477 sio
444 3422 456 3456 :
490 3403 645 3458 Cibus
669 3410 783 3477 ejus
814 3403 1021 3477 electus.
1052 3408 1200 3462 Scite
1242 3411 1290 3458 in
1335 3408 1474 3460 hanc
1502 3407 1825 3462 sententiam
1851 3407 1916 3461 D.

315 3475 702 3546 Hieronymus
743 3478 900 3545 epist.
931 3475 1020 3541 22,
1078 3479 1143 3531 ad
1180 3478 1562 3532 Eustochium:
1625 3477 1915 3544 Quamdiu,

314 3547 518 3619 inquit,
553 3548 646 3599 hoc
669 3549 843 3617 fragili
869 3565 1081 3618 corpore
1115 3547 1436 3614 detinentur;
1472 3547 1720 3619 quamdiu
1766 3549 1918 3601 habe-

315 3634 437 3669 mus
465 3618 760 3672 thesaurum
807 3620 956 3672 istum
990 3620 1045 3672 in
1071 3619 1206 3672 uasis
1231 3618 1494 3688 ﬁctilibus,
1534 3630 1581 3672 et
1607 3620 1919 3685 concupiscit

312 3688 534 3760 spiritus
582 3688 830 3742 adversus
869 3706 1096 3757 carnem,
1142 3701 1189 3742 et
1231 3706 1349 3742 caro
1382 3692 1625 3743 adversus
1655 3692 1916 3760 spiritum,

315 3759 472 3811 nulla
500 3771 574 3812 est
611 3771 752 3812 certa
797 3763 1024 3815 uictoria.
1062 3762 1402 3814 Adversarius
1441 3773 1617 3829 poster
1659 3759 1916 3828 diabolus,

317 3841 586 3901 tamquam
627 3831 704 3883 leo
735 3832 936 3900 rugiens
971 3833 1190 3900 aliquem
1217 3833 1463 3884 devorare
1484 3847 1712 3901 qurerens
1741 3833 1922 3886 circuit

317 3899 398 3970 (11
425 3900 542 3952 (.‘or.
569 3917 642 3966 tv,
680 3899 808 3954 Gul.
829 3919 878 3969 ν,
914 3903 932 3956 l
970 3899 1110 3955 Petr.
1143 3902 1217 3971 v).
1246 3899 1504 3967 Posuisti,
1524 3904 1595 3954 ait
1634 3903 1922 3966 Uavid,.te-

317 3970 528 4036 uebras,
558 3981 606 4025 et
629 3973 764 4040 facta
802 3983 875 4026 est
914 3989 1019 4027 nos:
1046 3989 1063 4026 :
1095 3974 1147 4026 in
1175 3970 1289 4040 ipsa
1326 3973 1705 4042 pertransibunt
1747 3989 1920 4027 omnes

317 4043 502 4094 bestite
530 4041 677 4116 filiae,
707 4044 863 4096 catuli
887 4043 1089 4116 leonum
1105 4041 1380 4116 rugientes,
1403 4054 1456 4116 ut
1486 4045 1692 4116 rapiant
1715 4055 1759 4096 et
1783 4060 1920 4113 qua:-

319 4121 447 4186 rant
473 4128 509 4186 a_
536 4112 645 4167 Deo
677 4129 847 4166 escam
875 4118 992 4168 sibi.
1028 4114 1150 4168 Non
1170 4112 1370 4186 'quazrit
1410 4114 1648 4168 diabolus
1691 4112 1920 4168 homines

317 4181 589 4254 inﬁdeles,
616 4201 718 4238 non
744 4201 830 4239 eos
853 4187 942 4254 qui
981 4186 1107 4254 foris
1141 4181 1277 4247 sunt,
1311 4194 1355 4238 et
1380 4202 1596 4253 quorum
1621 4201 1802 4238 carnes
1832 4202 1922 4239 rea:

322 4253 574 4325 κέρδει-ξω
594 4255 646 4307 in
671 4254 778 4308 olla
822 4253 1084 4310 succendit
1115 4257 1328 4322 (Jerem.
1364 4255 1535 4325 XXIX),
1575 4257 1640 4309 de
1688 4254 1922 4310 Ecclesia

323 4321 532 4396 Christi
577 4341 750 4396 rapere
795 4327 1020 4395 festinat.
1076 4321 1223 4382 Esca:
1264 4328 1373 4396 ejus
1415 4321 1694 4380 secundum
1723 4327 1923 4380 Abacuc

322 4393 511 4470 electa
526 4393 660 4470 sunt.
681 4395 779 4450 Job
796 4393 1087 4452 subvertere
1116 4393 1296 4470 cupit,
1313 4409 1359 4451 et
1395 4399 1634 4452 devorato
1663 4396 1695 4450 ,Ι
1703 4399 1825 4464 uda,
1855 4397 1924 4450 ad

322 4462 635 4540 cribrandos
661 4470 926 4540 apostolos
951 4469 1140 4540 expetit
1169 4462 1491 4540 potestatem.

411 4533 439 4572 δ
477 4537 768 4592 Annomvit
812 4533 1338 4596 Trithemius'ltisce
1388 4539 1600 4594 duobus
1644 4538 1926 4595 versiculis

329 4606 699 4687 psalmicxxx
746 4611 906 4687 etiam
955 4627 983 4687 a
1016 4611 1080 4664 D.
1120 4611 1414 4687 Benedicto
1437 4609 1600 4687 (Cap.
1626 4611 1656 4662 7
1688 4609 1924 4681 Regalis)

325 4679 515 4732 citatis
533 4680 584 4732 in
606 4681 1132 4736 commendationem
1167 4679 1504 4748 humilitatis,
1546 4679 1783 4748 quatuor
1805 4695 1928 4748 spe-

324 4748 806 4823 cies_exaltationis
831 4751 1122 4823 designari,
1149 4766 1284 4822 quas
1329 4768 1436 4806 ttno
1464 4754 1682 4806 nomine
1709 4761 1926 4819 aposto-

1947 3444 1993 3507 C

2017 2146 2353 2208 praesumunt
2381 2139 2623 2208 aggredi,
2681 2147 2912 2205 lentare,
2964 2139 3144 2190 conari
3194 2153 3282 2192 res
3331 2148 3383 2191 et
3421 2153 3608 2207 opera,

2015 2225 2134 2272 quae
2164 2210 2306 2263 vires
2336 2219 2391 2264 et
2419 2217 2617 2263 statum
2649 2210 2891 2279 ipsorum
2938 2209 3206 2262 excedunt
3241 2224 3252 2258 :
3286 2217 3340 2260 et
3372 2209 3457 2279 isti
3496 2224 3614 2263 am-

2015 2281 2199 2336 bulant
2231 2281 2343 2334 sive
2373 2278 2678 2334 ascendunt
2700 2296 2858 2345 Sllpl‘a
2893 2280 3102 2345 scipsos
3126 2291 3287 2344 opere
3326 2285 3379 2331 et
3407 2278 3570 2333 laeto.

2094 2362 2114 2388 ο
2159 2349 2382 2416 Vulgata
2414 2351 2581 2405 editio
2611 2367 2626 2404 :
2658 2351 2977 2404 Abominatio
3010 2348 3216 2402 Domini
3246 2357 3318 2400 est
3342 2348 3502 2400 omnis
3529 2365 3613 2401 ar-

2015 2437 2225 2488 rogans.
2251 2421 2468 2477 Similes
2498 2422 2776 2477 sententite
2809 2420 3064 2475 Proverb.
3097 2434 3151 2471 Vl
3177 2436 3188 2470 :
3234 2417 3338 2473 Sea:
3360 2428 3475 2471 sunt
3495 2435 3611 2488 qua:

2017 2490 2124 2546 odit
2148 2492 2402 2546 Dominus
2426 2508 2445 2545 :
2469 2495 2641 2546 oculos
2673 2492 2934 2556 sublimes,
2962 2503 3066 2544 etc.
3099 2490 3166 2543 Et
3195 2503 3314 2557 cap.
3344 2504 3436 2543 Vill
3467 2508 3479 2542 :
3513 2490 3614 2544 Ar-

2016 2564 2303 2636 rogantiam
2349 2572 2396 2616 et
2439 2560 3316 2636 superbiam;detestatur._.ludith_.
3373 2575 3464 2613 tx:
3501 2559 3612 2636 Nec

2016 2630 2216 2705 superbi
2251 2630 2564 2705 placuerunt
2592 2636 2699 2689 tibi.
2737 2633 2892 2705 Luca:
2935 2649 2971 2686 tt
3004 2648 3018 2684 :
3069 2630 3340 2700 Dispersit‘
3369 2631 3612 2705 superbos

2018 2701 2185 2757 mente
2211 2705 2380 2757 cordis
2409 2705 2510 2759 sui.
2534 2704 2661 2759 (Jac.
2704 2721 2753 2758 tv
2780 2722 2792 2757 :
2823 2702 2964 2757 Deus
2987 2705 3216 2772 superbis
3256 2703 3443 2756 resistit
3467 2717 3486 2753 :
3514 2701 3614 2755 hu-

2018 2774 2223 2845 milibus
2246 2784 2412 2845 autem
2435 2775 2522 2826 dat
2549 2776 2786 2845 gratiam.

2089 2844 2116 2880 ά
2161 2844 2398 2912 Respicit
2442 2842 2763 2900 sententiam
2809 2846 2954 2898 illam
2994 2845 3156 2898 modo
3183 2845 3400 2899 citatam
3432 2859 3446 2899 :
3473 2842 3613 2898 Deus

2018 2917 2248 2986 superbis
2287 2915 2501 2979 resistit,
2531 2932 2560 2969 a
2594 2916 2801 2970 duobus
2825 2917 3082 2985 apostolis
3113 2915 3365 2986 l‘etro_et
3408 2914 3614 2986 Jacobo

2020 2983 2327 3058 attestatam
2375 2993 2431 3040 et
2459 2986 2835 3041 conﬁrmatam
2862 2983 2926 3058 '(l
2953 2986 3095 3040 Petr.
3125 3003 3177 3045 v.
3205 2996 3249 3039 et
3274 2984 3391 3038 Jac.
3429 2983 3522 3058 tv),
3555 2997 3615 3040 ut

2023 3056 2076 3109 itt
2109 3071 2205 3110 ore
2230 3057 2458 3110 duorum
2483 3068 2534 3111 et
2569 3059 2755 3112 talium
2788 3056 3003 3112 testium
3035 3061 3227 3113 merito
3251 3069 3396 3110 stare
3419 3057 3614 3110 debeat

2023 3128 2126 3181 hoc
2151 3127 2400 3191 verbum,
2447 3130 2655 3184 sanctis
2701 3130 2888 3184 itidem
2935 3129 3183 3183 Patrihus
3232 3128 3615 3182 decantatissi-

2022 3215 2168 3270 mum
2207 3210 2260 3254 et
2300 3200 2751 3270 vulgatissimum.
2791 3202 2926 3256 Hinc
2955 3200 3020 3254 D.
3053 3200 3280 3254 Basilius
3310 3200 3362 3253 in
3396 3198 3614 3270 llegnlis

2023 3268 2689 3342 brevioribus,_proposita
2735 3273 3032 3342 quaestione
3066 3271 3294 3342 (Quaest.
3327 3269 3418 3342 '55)
3444 3288 3458 3321 :
3483 3286 3612 3342 quo-

2021 3343 2176 3416 modo
2191 3344 2365 3396 sanari
2392 3340 2550 3416 possit
2573 3340 2858 3416 superbus?
2885 3344 3175 3416 reSpondet
3210 3358 3234 3416 :_
3256 3341 3314 3396 Si
3342 3340 3494 3408 ﬁdem
3518 3341 3613 3416 ha-

2025 3411 2136 3466 beat
2174 3411 2437 3469 sententia:
2481 3411 2650 3479 illius,
2699 3417 2784 3485 qui
2833 3416 2968 3468 dixit
3012 3429 3030 3467 :
3082 3411 3614 3485 Dominus‘superbis

2022 3486 2231 3538 resistit.
2266 3485 2328 3537 D.
2350 3485 2666 3540 Ambrosius
2694 3481 2746 3538 in
2790 3488 3053 3552 psalmum
3085 3497 3249 3536 cxvttt
3287 3500 3299 3533 :
3338 3481 3614 3548 Scriptura

2022 3555 2148 3608 dicit
2174 3570 2193 3609 :
2227 3555 2474 3609 Dominus
2504 3556 2738 3625 superbis
2779 3555 2964 3625 resistit
2993 3569 3011 3605 :
3039 3552 3324 3625 Tamquam
3356 3567 3462 3625 sua:
3488 3567 3613 3604 con-

2022 3628 2244 3680 tumeliw
2271 3621 2602 3694 propulsato'r
2637 3627 2788 3678 veluti
2817 3623 3080 3692 quoddam
3107 3622 3330 3694 suscepit
3365 3621 3612 3694 adversus

2021 3689 2312 3766 superbiam
2351 3689 2573 3765 speciale
2611 3689 2865 3766 certamen
2900 3711 2918 3758 ,'
2956 3689 3387 3766 ta‘tnqua‘tnaicat
3415 3705 3433 3741 :
3465 3689 3613 3766 Meus

2021 3759 2116 3818 iste
2145 3759 2470 3820 adversarius
2495 3776 2585 3830 est,
2613 3767 2701 3833 qui
2727 3781 2807 3816 me
2837 3763 3036 3816 lacessit
3061 3777 3080 3818 :
3107 3760 3233 3833 mihi
3272 3759 3483 3812 debetur
3515 3761 3614 3833 ista

2023 3838 2334 3905 congressio.
2370 3830 2728 3905 Hieronymus
2756 3833 3124 3905 ad|Antonium
3144 3831 3336 3903 (Epist.
3363 3833 3456 3903 45)
3481 3846 3495 3883 :
3519 3830 3614 3905 Vi-

2022 3902 2320 3977 de,“frater,
2351 3908 2500 3974 quate
2527 3902 2721 3977 malum
2753 3902 2855 3971 siti,
2901 3904 3038 3976 quod
3077 3902 3427 3977 adversarium
3460 3902 3614 3960 habet

2024 3979 2214 4034 Deum.
2247 3977 2377 4031 Hinc
2401 3995 2654 4047 arrogans
2685 3976 2988 4031 Pharisaaus
3011 3978 3293 4047 spernitur,
3319 3987 3363 4030 et
3399 3976 3614 4032 humilis

2025 4050 2344 4104 Publicanus
2372 4051 2587 4104 auditur
2627 4049 2816 4120 (Luca:
2847 4047 3020 4171 κνιιιέ.
3055 4048 3387 4117 Augustinus
3425 4047 3521 4101 lib‘.
3554 4064 3615 4104 tu

2025 4122 2092 4171 de
2120 4121 2374 4171 Doctrina
2425 4121 2727 4171 Christiana
2769 4119 2934 4171 (ϐαι).
3009 4119 3074 4171 5i
3118 4135 3132 4171 :
3168 4116 3337 4171 Nulla
3387 4121 3490 4171 fere
3540 4131 3615 4171 est

2024 4122 2092 4177 de
2120 4121 2375 4176 Doctrina
2425 4116 2727 4176 Christiana
2769 4119 2934 4192 (Cap.
2971 4116 3074 4191 '25)
3118 4116 3337 4174 :iNulla
3384 4121 3490 4188 fere
3540 4131 3616 4174 est

2024 4195 2217 4263 pagina
2271 4203 2562 4247 sanctorum
2613 4192 2883 4256 librorum,
2925 4193 2980 4245 in
3017 4206 3121 4261 qua
3159 4205 3262 4243 non
3295 4198 3450 4263 sonet
3474 4192 3614 4260 quod

2024 4260 2162 4318 Deus
2197 4264 2488 4337 isuperbis_
2519 4264 2732 4337 resistit.
2793 4260 3080 4337 Denique,
3146 4260 3397 4337 utalios
3455 4263 3616 4337 omit-

2027 4344 2156 4400 tam,
2195 4330 2437 4390 Isidorus
2463 4335 2762 4390 Pelosiotes
2791 4335 2842 4387 itt
2880 4330 3114 4403 quadam
3155 4333 3386 4400 epistola
3416 4330 3562 4400 (Lib.
3598 4349 3614 4387 ι

2026 4406 2234 4471 epistol.
2281 4408 2406 4474 164)
2439 4424 2450 4458 :
2489 4405 2734 4476 Superbis
2772 4405 2906 4458 Deus
2955 4405 3167 4470 resistit,
3195 4403 3617 4476 quandoquidem

2025 4477 2179 4528 etiam
2201 4473 2428 4547 ipsorum
2460 4473 2681 4546 principi
2707 4475 2768 4528 ab
2800 4476 2946 4529 initio
2974 4493 3085 4530 sese
3125 4476 3387 4544 opposuit.
3432 4473 3617 4528 Consi-

2027 4547 2152 4600 dera
2173 4548 2332 4617 igitur
2354 4560 2602 4617 quantum
2627 4555 2734 4611 est,
2763 4556 2810 4600 et
2841 4547 3005 4600 Deum
3028 4547 3220 4599 hostem
3249 4555 3403 4616 atque
3433 4547 3617 4600 adver-

2027 4619 2223 4671 sarium
2254 4617 2462 4686 habere,
2514 4628 2560 4672 et
2593 4628 2812 4672 veterem
2863 4618 3059 4672 hostem
3103 4617 3321 4686 socium.
3354 4617 3482 4686 Haec
3511 4617 3613 4673 SS.

2028 4687 2235 4744 Patres.
2266 4685 2742 4745 Porro'annotavit
2785 4689 2842 4744 S.
2875 4690 3110 4745 Thomas
3136 4685 3226 4755 (In
3255 4685 3463 4758 comm.)
3492 4701 3610 4741 sen-

2031 4761 2251 4814 tentiam
2283 4760 2438 4815 istam
2471 4775 2539 4815 ex
2573 4770 2758 4813 vetere
2784 4760 3058 4828 Scriptura
3084 4767 3386 4828 acceptam,
3419 4772 3614 4826 nempe

322 4818 696 4901 lus‘Jpannes
714 4817 1022 4901 superbiam
1045 4817 1183 4901 _vita§
1202 4831 1497 4901 nuncupat.
1533 4823 1626 4877 Est
1653 4817 1794 4901 enim
1833 4837 1918 4877 su-
1949 4817 2005 4878 D
2030 4833 2112 4886 vel
2142 4832 2560 4886 Proverhiorum
2589 4846 2647 4884 ιιι
2668 4832 2820 4897 (vers.
2848 4817 2961 4901 δαί),
2991 4829 3080 4883 ubi
3113 4817 3257 4901 LXX
3287 4817 3615 4894 Interpretes

324 4889 517 4971 peritia
548 4891 728 4971 cordis
760 4889 815 4948 et
840 4895 1091 4964 superbia
1120 4889 1420 4971 oculorum,
1445 4910 1564 4964 qua:
1593 4895 1770 4963 primo
1800 4909 1918 4950 ver-

323 4963 504 5015 siculo
525 4963 1008 5030 continentur;’est
1032 4965 1283 5035 superbia
1305 4963 1588 5021 verborum
1603 4975 1916 5033 etopernm,

323 5045 455 5100 qua:
480 5037 740 5105 secundo.
776 5035 948 5090 Prima
983 5039 1214 5105 species,
1269 5037 1518 5103 superbia
1569 5035 1771 5098 cordis,
1823 5050 1918 5090 seu

325 5104 564 5175 interior
592 5107 758 5159 animi
809 5104 1205 5162 elatio.’Mulli
1246 5107 1388 5161 enim
1447 5107 1659 5162 occulte
1706 5107 1924 5175 superbi

322 5174 537 5248 suntin
559 5177 746 5248 corde,
776 5179 956 5248 magni
986 5192 1044 5233 se
1066 5179 1630 5248 testimantes,_tamen
1658 5172 1925 5232 extrinse-

323 5257 432 5299 cus
478 5245 836 5302 humilitatem
872 5245 1174 5304 7simulant.
1231 5246 1476 5303 Secunda
1498 5248 1927 5313 superbia,_ocu-

326 5317 532 5389 lorum,
563 5321 653 5387 qui
687 5328 815 5371 sunt
836 5319 1000 5373 veluti
1025 5321 1224 5389 aurigte
1248 5327 1302 5374 et
1330 5317 1533 5389 indices
1560 5317 1746 5370 animi.
1772 5317 1924 5389 Multi

323 5386 476 5441 enim
510 5386 614 5442 non
644 5390 824 5444 minus
845 5391 990 5445 elato
1013 5386 1300 5456 supercilio
1321 5387 1626 5455 despiciunt
1654 5388 1928 5454 proximos

324 5473 482 5518 suos.
517 5476 678 5529 quam
708 5475 805 5513 eos
836 5463 1042 5515 tumido
1073 5472 1127 5515 et
1152 5462 1337 5514 inﬂato
1360 5459 1532 5529 corde
1550 5469 1923 5529 contemnunt.

328 5527 546 5598 Tertia,
573 5531 830 5600 superbia
863 5532 1148 5586 verborum
1194 5551 1206 5584 :
1247 5531 1408 5600 aliqui
1449 5527 1592 5600 enim
1632 5527 1838 5600 jactant
1867 5543 1926 5584 se

326 5601 533 5665 facere,
559 5597 656 5658 aut
677 5603 890 5667 fecisse,
920 5614 1011 5656 aut
1036 5606 1272 5657 tacturos
1295 5597 1414 5655 esse
1442 5597 1643 5664 majora
1662 5610 1714 5651 et
1737 5599 1922 5653 altiora

325 5687 494 5740 quam
528 5689 717 5728 revera
764 5675 986 5739 possint,
1018 5683 1074 5728 et
1109 5675 1210 5729 hoc
1245 5675 1402 5727 modo
1432 5668 1705 5740 ambulant
1739 5671 1789 5719 in
1817 5687 1924 5722 ma-

327 5738 450 5814 gnis
480 5754 528 5799 et
561 5738 885 5799 mirabilibus
913 5761 1062 5812 super
1089 5761 1140 5798 se
1169 5747 1308 5798 inter
1339 5738 1686 5810 loquendum.
1719 5740 1918 5805 Quarta

2026 4915 2284 4968 expresse
2321 4902 2536 4990 “litigant
2562 4919 2572 4952 :
2603 4901 2784 4990 Κύριος
2820 4903 3172 4990 ,ἐπερηφάῖοις
3202 4900 3614 4990 ’ἀνξιτάσσέιτξιζ

2026 4967 2286 5044 ταιτςινοίς
2317 4971 2370 5025 δὲ
2397 4970 2577 5044 dirigat
2603 4967 2785 5044 χάριν.
2819 4967 3138 5044 Qua'tyerba
3172 4969 3424 5044 similiter
3453 4967 3616 5044 habet

2033 5047 2092 5093 I).
2129 5041 2360 5094 Jacolms
2391 5044 2440 5092 itt
2471 5037 2698 5101 Gnaeo;
2737 5055 2831 5105 pro
2885 5041 3078 5107 quibus
3125 5038 3338 5106 vulgata
3391 5037 3569 5089 versio
3600 5056 3613 5090 :

2028 5111 2149 5180 Ipse
2198 5110 2408 5164 deludet
2461 5110 2720 5180 illusores,
2753 5119 2800 5162 et
2855 5107 3615 5180 mansuetis_dabitgratiam;

2032 5177 2114 5236 vel
2174 5196 2238 5235 ex
2291 5179 2705 5235 Proverbiorum
2761 5195 2890 5233 xm
2919 5181 3075 5250 (vers.
3098 5177 3210 5250 23),
3247 5179 3336 5250 ubi
3362 5179 3617 5250 dicitur:

2036 5252 2327 5324 Superbum
2353 5253 2579 5322 sequitur
2601 5248 2951 5324 humilitas,_et
2974 5248 3219 5324 humilem
3239 5248 3431 5324 spiritu
3451 5249 3617 5299 susci-

2033 5317 2133 5394 piet
2163 5324 2351 5394 gloria.
2382 5317 2544 5377 Certe
2574 5321 2853 5394 apostolus
2882 5319 3119 5375 Jacobus
3147 5320 3214 5371 ab
3257 5317 3363 5394 alio
3391 5328 3616 5394 ιῃιοιοιομ

2036 5387 2095 5448 se
2127 5387 2478 5464 idaccepisse
2500 5387 2783 5448 manifeste
2812 5400 3056 5464 testatur:
3092 5403 3216 5464 cum
3247 5390 3322 5464 ait
3348 5406 3360 5441 :
3395 5387 3616 5464 Propter

2034 5469 2172 5534 quod
2202 5459 2348 5529 dicit,
2379 5482 2556 5536 nempe
2582 5465 2874 5536 Scriptura,
2911 5462 2987 5536 vel
3006 5459 3242 5536 Spiritus
3273 5460 3334 5514 S.
3359 5464 3412 5513 in
3435 5462 3616 5536 ea,_ait

2035 5530 2093 5592 S.
2124 5540 2356 5594 Thomas
2389 5556 2402 5588 :
2430 5530 2569 5590 Deus
2594 5530 2823 5605 superbis
2851 5530 3066 5605 resistit,
3090 5538 3219 5596 etc.;
3252 5546 3351 5605 pro
3373 5530 3618 5605 quoPa-

2033 5618 2143 5664 tres
2173 5609 2424 5678 superius
2444 5607 2589 5662 citati
2614 5601 2799 5678 dicunt
2823 5622 2838 5660 :
2874 5603 3124 5678 Dominus
3147 5603 3376 5678 superbis
3405 5601 3612 5669 resistit,

2033 5689 2216 5750 utpote
2245 5676 2484 5735 veterem
2520 5677 2824 5733 versionem
2858 5677 3103 5733 Graacam
3127 5676 3324 5729 secuti.
