4004 6198
521 206 628 262 455

1834 209 1862 264 .i
1868 209 2046 267 ΟΑΝΝ
2053 210 2112 265 IS
2149 208 2458 268 CASSIANI

3685 209 3786 266 4δῦ

521 318 949 390 delinquentium
1003 322 1376 378 tantummodo
1435 330 1818 392 retorquentur
1844 364 1858 388 ,
1919 324 2003 378 vei
2051 324 2106 378 in
2133 323 2350 390 Avobis
2380 323 2621 392 mendax,
2659 325 2750 378 sed
2788 327 2904 379 novi
2945 341 3090 390 eum,
3121 331 3166 378 et
3207 320 3453 377 mandata
3497 337 3621 394 EJIM
3663 339 3794 378 serra

521 425 650 466 suos
693 410 1006 481 participes,
1041 407 1091 468 id
1151 423 1254 479 est,
1299 414 1351 468 in
1403 414 1538 468 alios
1575 405 1825 470 homines
1863 403 2110 470 vitientur

523 505 766 571 admitti;
799 503 915 560 haec
949 519 1079 560 vero
1121 507 1340 575 proprie
1397 501 1648 578 pertingit
1690 501 1757 562 ad
1809 493 2008 574 Deum,
2055 517 2112 564 et

523 597 730 654 idcirco
782 613 905 654 eum
948 597 1258 668 specialiter
1299 597 1460 668 digna
1511 601 1595 655 est
1645 599 1849 656 habere
1897 611 2110 655 contra-

523 691 688 746 rium.

1107 781 1336 839 CAPUT
1377 773 1509 840 Vili.

599 875 1044 949 Quemadmodum
1085 873 1226 949 Deus
1259 876 1557 949 superbiam
1583 877 1811 949 diaboli,
1855 880 2040 933 virtute

987 943 1290 1000 humilitatis
1321 943 1639 1003 exstinxerit.

599 1055 830 1128 Ideoque
873 1057 1242 1116 universitatis
1284 1057 1510 1118 Creator
1559 1074 1614 1120 et
1661 1063 1901 1120 medicus
1945 1063 2110 1132 Deus,

527 1163 744 1204 causam
795 1151 1230 1222 principiumque
1275 1155 1589 1210 morborum
1639 1157 1946 1226 superbiam
1994 1171 2115 1211 esse

527 1255 900 1312 cognoscens,
931 1253 956 1280 ιι
983 1245 1276 1300 contrariis
1322 1261 1515 1301 sanare
1555 1247 1829 1302 contraria
1860 1263 2116 1316 procura-

525 1333 635 1402 Vit,
669 1332 695 1370 δ
725 1343 782 1388 ut
810 1349 874 1389 ea
905 1333 1116 1390 scilicet
1143 1351 1263 1406 quae
1293 1352 1389 1407 per
1430 1338 1739 1408 superbiam
1769 1347 2111 1406 corruerant,

529 1445 626 1497 per
658 1427 1016 1484 humilitatem
1049 1439 1418 1502 resurgere-nt.
1450 1431 1544 1486 Illo
1575 1449 1809 1504 namque
1838 1433 1973 1488 dicit
2005 1451 2016 1484 :
2051 1431 2116 1486 In

530 1525 714 1577 cretum
742 1524 1082 1576 conscendam
1132 1523 1276 1596 (lsa.
1311 1527 1464 1594 XIV);
1489 1525 1578 1579 hic
1620 1525 1750 1579 dicit
1782 1541 1797 1578 :
1827 1525 2117 1578 Humiliata

530 1623 604 1667 est
631 1615 682 1668 iu
715 1623 848 1667 terra
875 1615 1050 1667 anima
1077 1631 1188 1669 mea
1212 1615 1382 1686 (Psal.
1411 1613 1584 1686 XLIII).
1617 1615 1712 1672 Ille
1733 1616 1866 1670 dicit
1900 1635 1910 1668 :
1943 1615 2008 1669 Et
2033 1633 2117 1670 ero

2213 403 2392 490 (Joan.
2437 419 2574 490 VIII).
2623 418 2717 472 ille
2765 419 2898 474 dicit
2929 435 2943 472 :
2974 428 2997 458 ε
3028 417 3146 474 Mea
3184 423 3304 472 sunt
3351 415 3577 486 fiumina
3613 424 3659 468 et
3701 431 3786 486 ego

2213 511 2311 580 feci
2337 527 2394 564 ea
2423 509 2652 581 (Ezech.
2689 507 2888 580 uix);
2923 497 3024 565 iste
3050 507 3182 564 dicit
3212 526 3226 560 :
3255 506 3378 562 Non
3405 522 3612 574 possum
3635 522 3721 576 ego
3749 523 3780 560 a

2215 617 2294 654 me
2337 601 2448 671 ipso
2488 599 2655 670 facere
2679 601 2983 672 quidquam,
3017 599 3105 654 sed
3137 598 3294 654 Pater
3319 614 3459 652 meus
3499 597 3554 651 in
3577 613 3654 651 me
3683 614 3780 650 ma-

2216 689 2344 746 nens
2368 695 2478 757 ipse
2505 692 2626 762 facit
2655 708 2809 764 Opera
2833 681 3013 764 (Joan.
3042 706 3096 756 V,
3129 689 3264 760 XIV).
3296 685 3390 744 Ille
3420 688 3549 744 dicit
3573 707 3584 740 :
3617 686 3644 724 ά
3673 688 3781 742 Mea

2215 793 2336 838 sunt
2366 783 2536 837 omnia
2557 799 2714 855 regna
2739 783 2923 837 mundi
2950 792 2998 836 et
3028 783 3196 854 gloria
3225 797 3436 848 eorum;
3485 790 3531 834 et
3577 781 3658 838 cui
3698 795 3781 834 vo-
3822 789 3830 846 ξ

2216 861 2383 944 luero,
2415 876 2483 930 do
2512 893 2571 930 ea
2599 877 2748 948 (Luc.
2775 875 2922 948 xlv);
2953 876 3055 932 iste
3081 892 3197 930 cum
3224 876 3361 929 dives
3394 881 3556 944 esset,
3599 889 3783 946 pauper

2215 969 2423 1038 effectus
2451 981 2550 1039 est,
2589 981 2641 1022 ut
2670 973 2784 1042 ejus
2808 971 2985 1041 inopia
3015 986 3108 1024 nos
3135 969 3314 1022 divites
3342 966 3671 1021 redderemur
3708 964 3786 1040 (il

2219 1049 2335 1116 Cor.
2363 1063 2500 1132 VIII).
2533 1061 2628 1116 ille
2657 1059 2788 1116 dicit
2815 1077 2829 1117 :
2866 1053 2888 1098 ὁ
2920 1059 3065 1116 Sicut
3098 1059 3415 1132 colliguntur
3445 1074 3537 1112 ova
3569 1074 3682 1129 qua:
3707 1057 3791 1113 de-

2217 1153 2400 1208 relicta
2439 1163 2588 1220 sunt,
2617 1153 2686 1208 sic
2719 1153 3002 1207 universam
3032 1139 3224 1206 terram
3253 1167 3344 1224 ego
3373 1151 3670 1220 congregavi
3687 1190 3703 1217 ,
3741 1157 3788 1204 et

2218 1265 2319 1300 non
2346 1247 2442 1316 fuit
2465 1248 2552 1318 qui
2577 1255 2796 1300 moveret
2828 1262 3076 1317 pennam,
3101 1253 3148 1298 et
3174 1245 3391 1315 aperiret
3409 1259 3464 1297 os
3491 1253 3538 1297 et
3567 1243 3789 1313 ganniret

2219 1333 2369 1408 '(Isa.
2425 1337 2515 1408 x);
2547 1337 2651 1392 iste
2677 1337 2843 1391 dicit:
2875 1333 3075 1390 Similis
3098 1337 3264 1406 factus
3295 1350 3406 1388 sum
3435 1333 3686 1414 pellicano
3713 1347 3790 1385 so-

2221 1429 2413 1498 litario,
2445 1430 2649 1500 vigilavi
2674 1439 2722 1484 et
2750 1423 2916 1502 factus
2941 1445 3054 1480 sum
3083 1427 3214 1480 sicut
3245 1441 3418 1496 passer
3447 1423 3708 1479 solitarius
3735 1424 3787 1477 in

2222 1523 2350 1579 tecto
2393 1517 2574 1597 (Psal.
2606 1521 2718 1594 Cl).
2751 1503 2844 1577 Ille
2871 1521 3002 1576 dicit
3035 1540 3047 1574 :
3081 1520 3350 1574 Exsiccari
3377 1519 3589 1592 vestigio
3617 1519 3792 1592 pedum

2221 1635 2451 1672 meorum
2481 1633 2654 1672 omnes
2681 1617 2818 1671 rivos
2847 1631 3095 1688 aggerum
3125 1613 3270 1687 (Isa.
3315 1613 3566 1700 lxxxvn):
3607 1599 3693 1667 hic
3719 1612 3794 1667 di-

529 1705 713 1760 similis
741 1705 1003 1760 Altissimo
1035 1705 1184 1780 (Isa.
1221 1706 1351 1777 XIV)
1378 1725 1392 1774 ;
1436 1707 1521 1762 hic
1553 1725 1668 1761 cum
1701 1717 1830 1762 esset
1861 1709 1914 1761 in
1953 1710 2118 1777 forma
2147 1713 2194 1773 B
2222 1709 2296 1766 cit
2341 1729 2354 1762 :
2398 1709 2667 1778 Numquid
2707 1726 2808 1762 non
2845 1725 3055 1780 possum
3097 1724 3280 1780 rogare
3307 1703 3520 1760 Patrem
3547 1721 3727 1770 nteant,
3751 1711 3794 1757 et

529 1797 630 1850 Dei
655 1839 670 1863 ,
703 1799 982 1852 cxinanivit
1025 1801 1353 1869 semetipsum
1396 1801 1610 1870 formam
1660 1803 1792 1854 servi
1837 1802 2112 1872 accipiens,

531 1890 1027 1962 humiliavitque‘se
1079 1895 1246 1964 factus
1299 1895 1536 1947 obediens
1586 1911 1745 1963 usque
1790 1894 1856 1948 ad
1905 1904 2118 1948 mortem

535 1981 814 2053 (Philipp.
851 1985 951 2056 ιι).
1002 1987 1096 2040 Ille
1125 1986 1254 2040 dicit
1289 2003 1302 2038 :
1335 1986 1505 2054 Super
1554 1995 1692 2039 astra
1741 1985 1836 2039 Dei
1878 1985 2118 2040 exaltabo

531 2075 720 2130 solium
749 2093 915 2130 meum
945 2075 1094 2144 (Isa.
1121 2077 1229 2148 XIV)
1261 2095 1274 2142 ;
1308 2079 1408 2134 iste
1435 2079 1563 2132 dicit
1590 2097 1602 2130 :
1631 2077 1824 2132 Discite
1845 2093 1874 2130 a
1903 2095 1980 2132 me
2001 2079 2122 2148 quia

529 2168 674 2223 mitis
722 2185 832 2223 sum
863 2179 910 2224 et
941 2173 1148 2226 Immitis
1196 2171 1597 2242 corde(Matth.
1647 2172 1756 2242 XI).
1811 2171 1906 2226 Ille
1947 2173 2115 2226 dicit:

534 2259 726 2316 Nescio
768 2265 1065 2330 dominum,
1099 2276 1143 2318 ct
1175 2265 1347 2318 Israel
1388 2281 1486 2318 non
1513 2265 1768 2318 dimittant
1803 2263 2011 2334 (Exod.
2041 2265 2118 2336 v);

531 2351 642 2408 Iste
665 2355 798 2408 dicit
837 2373 848 2408 :
885 2357 947 2410 Si
979 2359 1158 2410 dixero
1179 2359 1301 2426 quia
1329 2374 1432 2410 non
1461 2358 1576 2410 novi
1619 2373 1767 2426 eum,
1809 2373 1894 2412 ero
1934 2356 2121 2412 similis

2219 1801 2469 1856 exhibebit
2500 1799 2623 1854 mihi
2654 1802 2806 1854 modo
2832 1801 3108 1870 plusquam
3149 1796 3424 1852 duodecim
3456 1797 3679 1866 legiones
3703 1811 3794 1848 au-

2220 1897 2448 1968 gelorum
2474 1893 2688 1964 (Matth.
2718 1891 2895 1960 xxvi)?
2924 1891 2978 1946 Si
3011 1889 3326 1961 principalis
3355 1888 3532 1942 ruina:
3563 1901 3790 1952 causam,

2223 1997 2278 2044 et
2305 1988 2487 2042 Salutis
2527 1995 2723 2040 nostrce
2765 1984 3110 2040 fundamenta
3163 1980 3576 2052 perspeximus,
3621 1994 3650 2032 a
3699 1991 3798 2047 quo

2225 2089 2279 2138 et
2303 2079 2530 2151 qualiter
2575 2079 2662 2134 vel
2705 2079 2805 2133 ista
2847 2077 2993 2146 jacta
3037 2079 3178 2140 sint,
3211 2074 3296 2128 vel
3331 2075 3431 2128 ista
3461 2063 3796 2136 emerserint,

2227 2169 2673 2244 quemadmodum
2702 2169 2944 2226 devitarc
2963 2173 3074 2223 tam
3103 2177 3342 2222 atrocem
3367 2173 3600 2221 mortem
3630 2165 3800 2234 'super-

2227 2263 2330 2320 biae
2371 2263 2663 2320 debeamus
2683 2303 2701 2330 ,
2747 2261 2766 2301 ί
2810 2263 2893 2318 vel
2919 2261 3062 2316 illius
3085 2259 3240 2316 ruina
3265 2299 3280 2326 ,
3308 2258 3398 2314 vel
3427 2256 3594 2327 hujus
3622 2255 3800 2312 docea-

2229 2373 2348 2412 mur
2366 2356 2643 2430 exemplo.

1604 2485 1856 2542 ALARDI
1898 2483 2128 2542 GAZA‘JI
2167 2481 2732 2542 COMMENTARIUS.

611 2587 636 2614 α
675 2577 1022 2631 Proverbiale
1049 2577 1246 2634 dictum
1275 2598 1286 2632 :
1323 2579 1597 2634 Contraria
1623 2581 1892 2635 contrariis
1922 2583 2112 2646 curari,

537 2649 643 2708 vel,
673 2650 824 2714 juxta
849 2650 1234 2718 I'iippom'atent
1268 2669 1279 2702 :
1315 2653 1701 2705 Contrariorum
1723 2654 1980 2704 contraria
2007 2667 2117 2704 esse

537 2720 798 2793 remedia,
833 2722 1354 2793 cujus_memiuitl).
1394 2723 1752 2793 Hieronymus
1781 2724 1832 2775 in
1879 2723 2116 2789 Epistoia

539 2792 606 2862 ad
641 2793 906 2860 Algasiam
937 2791 1140 2860 (Epist.
1178 2791 1308 2858 cu).
1343 2795 1406 2846 1).
1437 2791 1729 2862 Gregorius
1759 2795 2068 2860 expressius
2101 2811 2114 2846 :

539 2859 726 2934 Sicut,
776 2859 950 2934 inquit
985 2863 1174 2930 (Hom.
1224 2863 1292 2918 5:2
1337 2866 1390 2918 in
1421 2859 1668 2934 Evang.),
1705 2875 1813 2918 arte
1853 2865 2119 2918 medicina:

540 2933 709 2985 calida
739 2933 943 3002 frigidis
967 2975 980 2996 ,
1016 2935 1208 3002 frigida
1239 2937 1422 2989 calidis
1454 2933 1699 2988 curantur
1724 2951 1740 2988 :
1765 2937 1838 2986 ita
1870 2935 2118 2987 Dominus

543 3013 715 3056 noster
735 2995 997 3056 contraria
1016 2995 1265 3075 ’σίμωμα
1293 3009 1661 3059 medicamenta
1687 3007 1924 3075 peccatis.
1953 3015 2004 3058 ut
2035 3007 2118 3058 lu-
2147 2995 2192 3058 C

543 3075 696 3126 bricis
740 3077 1133 3141 continentiam,
1187 3078 1448 3148 tenacibus
1491 3079 1813 3148 largitatem,
1863 3077 2130 3130 iracundis

543 3147 1023 3212 mansuetudinem,
1057 3143 1207 3199 elatis
1239 3150 1538 3214 praeciperet
1567 3143 1929 3200 humilitatem.

616 3214 642 3251 ι’
677 3217 826 3268 Ilunc
865 3217 1039 3270 locum
1067 3221 1224 3282 paulo
1257 3221 1474 3272 uberius
1505 3226 1559 3272 et
1595 3218 1906 3283 expressius
1939 3224 2132 3272 tractat

545 3293 597 3338 et
627 3285 860 3338 ilius'rut
893 3288 951 3338 1).
983 3286 1277 3354 Gregorius
1315 3288 1406 3342 lib.
1443 3303 1610 3341 xxxiv
1649 3287 1836 3340 Moral.
1883 3301 1998 3355 cap.
2035 3285 2126 3354 ‘22,

545 3355 642 3428 ubi
660 3358 938 3428 lii-tennisso
965 3357 1068 3410 hoc
1097 3358 1258 3410 veluti
1292 3359 1556 3424 procemio
1583 3376 1594 3411 :
1623 3357 1700 3411 Ad
1721 3357 1816 3410 hoc
1839 3359 2131 3428 unigenitus

545 3421 644 3498 Dei
661 3421 722 3476 WF
725 3429 846 3480 ilius
876 3431 1094 3496 formam
1120 3421 1434 3490 inﬁrmitatis
1457 3439 1640 3484 nostris
1661 3430 1884 3498 suscepit
1905 3421 2013 3493 {ad
2033 3429 2130 3482 hoc

545 3495 849 3562 invisibilis,
877 3495 996 3552 ’non
1036 3502 1203 3552 solum
1243 3501 1488 3562 visibilis,
1537 3501 1625 3554 sed
1672 3495 1824 3552 etiam
1865 3501 2129 3570 despectus

545 3570 827 3635 apparuit;
855 3571 924 3622 ad
961 3570 1058 3623 hoc
1087 3571 1514 3626 contumeliarum
1554 3572 1805 3632 ludibria,
1833 3572 2130 3624 irrisionunt

549 3643 858 3714 opprobria,
908 3644 1308 3714 passionumque
1353 3655 1606 3696 tormenta
1647 3640 1884 3714 tolerarit
1907 3659 1924 3708 ;
1951 3652 2006 3694 ut
2037 3659 2128 3696 su-

547 3710 758 3776 perbum
781 3729 880 3765 non
901 3729 1007 3766 esse
1021 3710 1277 3768 hortantem
1293 3719 1494 3768 doceret
1519 3716 1725 3768 humilis
1747 3713 1899 3767 Deus.
1923 3714 2130 3779 Quanta

547 3797 669 3858 ergo
687 3784 1000 3858 humilitatis
1045 3786 1208 3839 virtus
1235 3797 1309 3840 est
1328 3829 1341 3848 ,
1375 3797 1581 3858 propter
1609 3801 1764 3853 quam
1794 3787 1956 3838 solam
1986 3802 2132 3840 vera-

547 3853 671 3903 citur
700 3856 1046 3918 edocendum,
1087 3858 1129 3909 is
1157 3858 1244 3924 qui
1280 3853 1386 3912 sine
1413 3853 1747 3911 azstintatione
1787 3873 2003 3924 ntagnus
2031 3869 2126 3924 est,

549 3937 709 3997 usque
734 3925 800 3975 ad
832 3929 1116 3997 pas-sionem
1155 3928 1320 3995 fartus
1347 3939 1416 3980 est
1447 3945 1635 3997 parvus
1660 3929 1683 3978 ?
1713 3927 1846 3991 Quia
1875 3945 1990 3997 ergo
2021 3931 2129 3980 ori-

547 3993 714 4058 ginem
743 3995 1046 4067 perditionis
1075 3993 1263 4050 nostra:
1291 3993 1532 4067 superbia
1563 3997 1778 4062 prtebuit
1804 3993 2026 4067 diaboli,
2046 3999 2128 4050 in-

551 4071 885 4116 strumentum
927 4065 1290 4120 redemptionis
1313 4065 1499 4118 nostris
1527 4069 1730 4118 inventa
1759 4075 1830 4116 est
1862 4065 2128 4120 humilitas

547 4130 669 4186 Dei.
703 4134 869 4187 Paulo
899 4145 1018 4204 post
1055 4135 1234 4188 subdit
1275 4153 1286 4186 :
1319 4134 1420 4187 Ille
1462 4151 1678 4204 namque
1718 4134 1821 4204 ait:
1850 4131 1916 4185 In
1945 4135 2127 4188 ccelunt

549 4205 824 4273 ascendam
855 4203 982 4271 (Isa.
1021 4211 1171 4270 xw);
1202 4208 1294 4258 iste
1321 4215 1491 4258 autem
1521 4203 1610 4272 per
1639 4203 1938 4273 praphetam
1969 4203 2124 4258 dicit:

548 4269 768 4344 Itepleta
793 4269 869 4325 est
892 4275 1038 4326 malis
1064 4278 1233 4328 intima
1257 4293 1388 4337 mea,
1407 4285 1454 4329 et
1475 4269 1575 4328 vita
1591 4269 1702 4327 mea
1719 4269 2128 4344 infernO'appro-

550 4343 813 4404 ‘Dinquat‘it
843 4344 1022 4411 (l’sal.
1055 4347 1313 4469 xxxvnt).
1343 4345 1452 4400 Ille
1471 4347 1624 4399 dicit:
1649 4345 1820 4410 Super
1843 4343 1985 4398 astra
2013 4345 2127 4400 cali

550 4411 786 4466 exaltubo
809 4413 998 4468 saliunt
1027 4431 1194 4468 meum
1230 4421 1244 4469 t
1299 4435 1377 4469 sa.
1412 4415 1559 4469 xw):
1589 4418 1683 4468 iste
1709 4417 1932 4469 humano
1959 4421 2127 4469 aeneri

549 4411 789 4488 exaltubo
809 4413 998 4488 solium
1027 4431 1194 4468 meum
1230 4411 1377 4483 (Isa.
1412 4415 1559 4486 xw);
1589 4418 1683 4488 iste
1709 4417 1932 4488 humano
1957 4421 2129 4488 generi

547 4499 576 4554 e
606 4483 836 4552 paradisi
879 4488 1080 4538 sedibus
1123 4489 1336 4554 expulso
1367 4487 1490 4540 dicit
1506 4483 1532 4540 ἐ
1581 4486 1712 4541 Ecce
1741 4487 1887 4539 venio
1929 4483 2050 4552 cito,
2083 4499 2130 4543 et

551 4553 788 4608 habitabo
813 4557 869 4608 in
899 4557 1062 4610 medio
1089 4561 1164 4612 tui
1189 4553 1381 4628 (Zach.
1415 4557 1475 4628 ι).
1521 4558 1623 4613 Ille
1655 4559 1778 4628 dicit
1809 4573 1827 4610 :
1851 4557 2048 4613 Sedebo
2075 4561 2130 4614 in

547 4635 720 4700 monte
747 4629 1051 4700 l_estamenti,
1077 4630 1130 4682 in
1154 4631 1396 4684 lateribus
1425 4627 1680 4700 aquilonis
1719 4627 1853 4700 (Isa.
1883 4631 2013 4697 XIV);
2037 4631 2132 4685 iste

549 4695 707 4770 dicit:
739 4695 852 4768 Ego
881 4715 994 4752 sum
1025 4701 1205 4752 t'ermis
1233 4711 1280 4754 et
1314 4717 1414 4754 non
1441 4695 1626 4764 homo,
1673 4695 2004 4770 opprobrium
2039 4701 2133 4754 ho-

549 4768 767 4828 minum.
795 4779 842 4822 et
865 4770 1083 4839 abjeetio
1110 4772 1270 4841 plebis
1298 4771 1482 4838 (Psal.
1513 4775 1645 4840 ut);
1677 4768 1874 4838 etquae
1899 4785 2133 4840 sequun-

549 4848 656 4892 tur.
693 4841 788 4894 tibi
813 4841 1003 4895 eadem
1030 4841 1140 4895 fere
1168 4843 1456 4910 Scriptura:
1487 4844 1624 4906 loca,
1653 4856 1772 4911 quae
1805 4841 1891 4894 hic
1919 4841 2134 4897 Cassia-

547 4925 650 4963 nus
683 4921 736 4983 et
767 4911 848 4964 bis
877 4913 1044 4967 multo
1079 4913 1232 4978 plura
1257 4915 1308 4968 in
1343 4923 1624 4983 utramque
1653 4923 1861 4980 partem
1893 4912 2054 4982 citat,
2080 4922 2134 4968 et

546 4996 623 5054 es
655 4982 892 5036 adverso
923 4986 1173 5054 opponit;
1215 4999 1278 5038 ac
1305 4982 1637 5038 detnum’ita
1669 4983 1942 5054 concludit
1985 5001 1998 5036 :
2033 4985 2136 5040 Ille

547 5052 681 5126 nihil
711 5054 855 5106 aliud
881 5052 1070 5108 menies
1091 5055 1187 5108 sibi
1209 5055 1439 5108 subditas
1468 5057 1610 5108 docet
1633 5071 1786 5126 quam
1814 5053 2135 5111 celsitudinis

546 5123 750 5178 culmen
777 5137 1035 5196 appetere,
1059 5135 1246 5179 cuncta
1275 5128 1494 5196 wqualia
1525 5123 1710 5180 mentis
1743 5135 1940 5178 tumore
1970 5137 2140 5180 trans-

545 5197 791 5262 cendere,
869 5199 1163 5252 societatem
1202 5203 1430 5252 omnium
1461 5199 1724 5250 hominum
1771 5197 1876 5249 alta
1917 5199 2139 5252 elatione

545 5268 796 5328 transire,
823 5285 884 5320 ac
907 5285 1016 5322 sese
1037 5273 1188 5322 etiam
1217 5279 1392 5321 contra
1416 5271 1696 5338 potentiam
1721 5267 2011 5322 Conditor-is
2039 5270 2140 5322 eri-

545 5350 662 5408 gere
694 5353 710 5390 .·
741 5340 868 5390 sicut
897 5339 959 5392 de
985 5341 1177 5394 eisdem
1211 5355 1300 5408 per
1327 5338 1658 5392 Psalmistant
1683 5339 1873 5390 dicitur
1897 5352 1916 5390 :
1943 5338 2139 5392 Trans-

545 5405 717 5459 ierunt
741 5409 795 5460 in
827 5405 1220 5494 dispositiqneni
1233 5411 1411 5492 cordis
1429 5428 1449 5476 ;
1465 5483 1474 5492 _
1491 5411 1840 5494 cogitav‘erun‘t
1859 5453 1871 5476 ,
1907 5409 2140 5492 et_locuti

465 5535 474 5548 ί
545 5487 662 5552 sum
694 5481 1015 5552 nequitias,
1074 5478 1400 5552 iniquitatem
1456 5483 1510 5534 in
1538 5478 1762 5552 Vescelso
1814 5479 1970 5552 locuti
2019 5491 2140 5552 sunt

451 5543 488 5615 gi"
543 5543 722 5622 (P_sal.
741 5543 930 5612 Lixn).
955 5543 1062 5606 Iste
1082 5552 1148 5604 ad
1162 5543 1344 5622 sputa,
1369 5553 1434 5606 ad
1457 5551 1675 5622 palmas,
1699 5553 1764 5603 ad
1785 5549 2051 5622 colaphos,
2072 5551 2140 5604 ad

453 5636 462 5691 ς
543 5616 776 5692 spineam
798 5635 1063 5684 coronam,
1077 5625 1143 5674 ad
1158 5616 1380 5686 crucem,
1395 5616 1465 5675 ad
1483 5625 1736 5692 lanceam,
1753 5616 1911 5690 atque
1923 5623 1990 5674 ad
2005 5639 2143 5676 mor-

545 5701 642 5752 tem
663 5689 882 5754 veniens,
911 5693 1136 5746 membra
1162 5709 1256 5748 sua
1282 5695 1522 5750 admonet
1545 5689 1756 5750 dicens:
1781 5689 1842 5752 Si
1867 5693 1983 5774 quis
2013 5693 2142 5752 mihi

2177 2601 2179 2604 ί
2221 2580 2475 2633 ministrat
2501 2595 2580 2632 me
2603 2585 2849 2646 sequatur
2871 2575 3048 2648 (Joan.
3085 2575 3204 2648 xu).
3243 2555 3569 2648 Quini-gitur
3593 2575 3804 2648 Redem-

2221 2661 2525 2722 ptornoster
2550 2651 2704 2703 corda
2725 2650 2853 2719 regit
2881 2647 3174 2712 humilium,
3205 2647 3688 2722 etLeviathaniste
3713 2661 3806 2722 rex

2224 2716 2411 2774 dicitur
2437 2716 2806 2792 superborum}
2829 2727 3000 2788 aperte
3027 2719 3401 2792 cognoscimus,
3446 2719 3590 2788 quod
3619 2716 3807 2770 eviden-

2223 2790 2846 2861 tissimum'reproborum
2884 2797 3086 2856 signum
3132 2790 3372 2858 superbia
3402 2800 3510 2850 est;
3545 2799 3597 2842 at
3637 2796 3804 2861 contra

2223 2861 2494 2916 humilitas
2545 2858 2839 2917 electorum.
2893 2861 3022 2915 Cum
3069 2867 3194 2930 ergo
3213 2875 3362 2926 quam
3393 2861 3614 2928 quisque
3636 2858 3805 2912 habeat

2225 2935 2573 3004 cognoscitur,
2610 2935 2703 2987 sub
2733 2949 2830 2996 quo
2869 2949 2986 3003 rege
3011 2931 3193 2986 militet
3223 2931 3500 2985 invenitur.

2302 3016 2322 3043 ο
2367 3005 2442 3058 Ita
2493 3021 2562 3058 ex
2615 3005 2846 3059 Graeco:
2877 3001 3015 3076 Ἐμοί
3065 3006 3188 3076 εἰσιν
3227 3004 3273 3076 ιιὶ
3301 3005 3553 3076 «aranei.
3605 3004 3685 3056 καὶ
3719 3001 3807 3074 ἐγὼ

2235 3076 2457 3135 ἐποίησα
2479 3079 2661 3138 αὐτούς
2683 3093 2694 3127 :
2720 3073 2990 3140 quomodo
3019 3075 3180 3126 etiam
3211 3073 3342 3128 citat
3370 3073 3429 3126 D.
3457 3073 3807 3142 llieronymus

2233 3147 2288 3201 in
2311 3163 2430 3215 cap.
2458 3163 2487 3200 ι.
2523 3148 2672 3200 Isaiae
2726 3157 2778 3200 et
2807 3147 2930 3199 alibi
2977 3146 3210 3214 smpius:
3245 3146 3334 3214 qui
3367 3154 3547 3198 tamen
3575 3145 3627 3198 in
3665 3147 3808 3196 Uom-

2235 3218 2501 3272 mentario
2549 3217 2849 3271 Ezechielis
2879 3217 3048 3270 semei
3093 3215 3253 3270 vertit
3281 3234 3293 3269 :
3328 3215 3484 3284 Meus
3508 3226 3585 3268 est
3615 3216 3806 3284 fluvius,

2233 3297 2280 3341 et
2305 3305 2395 3357 ego
2438 3290 2534 3354 feci
2569 3291 2941 3358 memetipsum.
2976 3287 3166 3342 Postea
3222 3301 3354 3358 vero
3391 3304 3403 3337 :
3435 3283 3587 3339 Meus
3615 3283 3689 3338 est
3713 3286 3809 3358 flu-_

2233 3354 2366 3424 vius,
2394 3367 2440 3411 et
2465 3373 2559 3430 ego
2590 3359 2685 3428 feci
2714 3354 2863 3430 eum;
2891 3360 3033 3424 ‘sive,
3062 3359 3206 3430 ﬂuvii
3233 3357 3475 3430 meisunt
3495 3398 3519 3430 ,ί
3540 3367 3588 3410 et
3610 3371 3696 3430 ego
3721 3354 3808 3430 feci

2233 3443 2340 3483 eos.
2374 3426 2512 3482 Suni
2539 3426 2716 3482 autem
2753 3429 2868 3482 baac
2893 3426 3068 3484 verba
3087 3427 3380 3482 Pharaonis
3409 3429 3556 3496 regis
3585 3426 3806 3496 (Egypti,

2233 3513 2320 3569 qut
2347 3499 2546 3554 ibidem
2571 3499 2734 3553 draco
2757 3515 2979 3564 magnus
3003 3497 3451 3566 appellatur,sub
3472 3499 3630 3568 cujus
3653 3499 3808 3569 ﬁgura

2234 3567 2543 3626 tribuuntur
2571 3571 2686 3625 lucc
2707 3571 2975 3634 Lucifero,
3005 3571 3094 3640 qui
3125 3581 3181 3622 ut
3207 3569 3317 3634 ille,
3343 3569 3426 3622 sui
3449 3567 3652 3625 oblitus
3673 3567 3807 3622 Con-

2231 3643 2446 3710 ditoris,
2479 3643 2714 3697 voluerit
2745 3643 2938 3696 similis
2966 3657 3087 3696 esse
3117 3642 3410 3695 Altissimo.

2307 3711 2336 3752 ά
2377 3707 2554 3768 verba
2583 3721 2762 3770 textus
2791 3713 3095 3782 Evangeliri
3127 3713 3264 3782 apud
3293 3712 3516 3777 Lucam,
3552 3723 3667 3776 qua:
3691 3707 3812 3782 citat

2233 3785 2522 3856 Gregorius
2551 3827 2564 3850 ,
2610 3795 2668 3840 ut
2698 3803 2756 3841 se
2785 3780 2981 3840 habent
3016 3803 3028 3836 :
3061 3780 3172 3837 Tibi
3198 3781 3331 3836 dabo
3357 3791 3656 3856 potestatem
3685 3780 3811 3833 hanc

2233 3853 2544 3924 universam,
2575 3867 2620 3910 et
2653 3858 2871 3928 gloriam
2899 3857 3106 3910 illorum
3133 3870 3150 3908 :
3173 3855 3292 3925 quia
3317 3853 3442 3908 mihi
3464 3853 3655 3908 tradita
3677 3859 3810 3916 sunt;

2235 3939 2282 3981 et
2309 3930 2389 3981 cui
2416 3931 2550 3991 volo,
2587 3929 2651 3981 do
2675 3929 2788 3981 illa.

2307 4007 2330 4035 ο
2374 3999 2524 4064 Hunc
2555 3998 2730 4052 locum
2764 3999 2944 4052 omisit
2981 3998 3046 4051 D.
3079 3995 3402 4066 Gregorius,
3437 3995 3576 4050 sicut
3603 4005 3656 4050 et
3684 3991 3815 4066 aite-

2232 4081 2351 4119 rum
2389 4068 2475 4134 qui
2515 4069 2760 4132 sequitur
2797 4085 2862 4122 ex
2891 4067 3050 4134 Isaia.
3077 4063 3254 4120 Verba
3307 4063 3485 4122 autem
3521 4077 3648 4120 sunt
3677 4063 3811 4132 regis

2231 4135 2576 4206 Assyriorum
2605 4136 2974 4190 Sennacberib
3004 4138 3395 4204 superbissimi,
3426 4153 3544 4206 qum
3572 4135 3815 4206 similiter

2230 4205 2296 4258 ad
2349 4205 2620 4258 diabolum
2679 4208 2978 4275 principem
3029 4207 3388 4276 superborum
3441 4204 3624 4279 typice
3677 4204 3815 4261 reie-

2227 4285 2440 4330 ιἰιιιιιιιε.

2157 4380 2210 4440 D
2231 4327 2245 4330 ⁷
2266 4327 2547 4410 ἿΠΗΙὶιιε,
2581 4345 2784 4400 scilicet
2813 4343 3044 4400 Luciferi
3075 4347 3260 4414 ruina,
3290 4327 3356 4399 de
3384 4361 3488 4426 qua
3519 4347 3775 4416 superius
3801 4363 3814 4397 :

2235 4417 2415 4470 huius.
2465 4431 2658 4470 nemne
2695 4417 2896 4470 Citriin
2941 4416 3233 4470 Salvatoris
3285 4417 3608 4470 humilitate.
3658 4417 3814 4470 Cuius

2303 4419 2415 4487 jus,
2465 4431 2658 4486 nempe
2695 4417 2896 4472 Citriin
2941 4416 3233 4487 Salvatoris
3285 4417 3608 4470 humilitate.
3658 4417 3821 4487 Cujus

2235 4485 2542 4552 exemplum
2575 4485 2728 4542 nobis
2761 4491 2811 4542 in
2847 4485 3114 4554 superbire
3154 4487 3448 4544 remedium
3481 4485 3822 4554 prOposiIum

2235 4573 2355 4627 esse
2383 4560 2540 4614 docet
2583 4561 2741 4614 etiam
2777 4559 2837 4612 D.
2871 4557 3098 4613 Basilius
3129 4557 3212 4612 his
3245 4559 3420 4612 verbis
3468 4559 3486 4627 (
3514 4554 3719 4611 "omit.
3763 4561 3823 4612 de

2238 4623 2567 4702 Humilitate)
2603 4647 2615 4684 :
2655 4629 2956 4685 Universum
3006 4627 3215 4702 Domini
3267 4623 3821 4702 dispensationemiad

2237 4697 2575 4755 humilitatem
2605 4715 2693 4755 nos
2720 4703 2976 4756 instruere
3003 4699 3456 4769 deprehendimus.
3487 4697 3618 4758 Cum
3651 4701 3819 4770 infans

2237 4779 2538 4844 esset,_mo:c
2563 4773 2613 4826 in
2643 4773 2907 4844 spelunca,
2933 4772 3206 4834 neclecto,
3239 4773 3324 4825 sed
3348 4772 3568 4842 prtesepi
3597 4771 3819 4844 imponi-

2238 4849 2342 4897 tur.
2389 4842 2587 4896 Deinde
2625 4841 2677 4896 in
2719 4843 2978 4897 domicilio
3020 4843 3153 4913 fabri
3194 4852 3239 4895 et
3278 4845 3458 4895 matris
3489 4841 3819 4964 Βηιῳενειιιω

2240 4915 2517 4964 ‘e'itutritur.
2549 4914 2783 4964 subdit-us
2807 4915 2958 4964 matri
2987 4925 3032 4964 et
3059 4915 3201 4964 illius
3231 4923 3439 4964 suonso.
3538 4923 3711 4964 ocetur
3731 4927 3819 4964 au-

2240 4915 2517 4986 ‘e'itutritur.
2549 4914 2783 4967 subdit-us
2807 4915 2958 4968 matri
2987 4925 3032 4967 et
3059 4915 3201 4967 illius
3231 4923 3439 4986 sponso.
3489 4914 3711 4986 Docetu'r
3731 4927 3819 4964 au-

2239 4984 2403 5048 diens,
2432 5001 2648 5056 quorum
2677 5001 2778 5056 non
2815 4985 3024 5056 egebat;
3057 4984 3375 5056 interrogans
3415 4999 3531 5056 rero
3571 4994 3619 5056 et
3662 4985 3818 5056 inter-

2239 5053 2475 5124 rogando
2504 5053 2861 5108 admirabilem
2885 5057 3179 5108 declarabat
3206 5053 3533 5120 sapientiam.
3571 5053 3818 5124 Subditur

2239 5121 2456 5189 Joanni,
2485 5135 2533 5178 et
2561 5127 2875 5198 baptismum,
2893 5127 3108 5193 suscipit
3127 5143 3158 5178 a
3181 5139 3322 5178 servo
3347 5125 3618 5198 Dominus.
3646 5121 3697 5198 Ν
3703 5135 3818 5198 eque

2241 5193 2661 5250 adversariorum
2710 5197 2877 5266 furori
2921 5198 3148 5263 resistit,
3219 5211 3376 5266 neque
3427 5193 3816 5248 ineuarrabilem

2245 5284 2390 5320 suam
2421 5265 2719 5340 potestatem
2749 5269 2818 5340 in_
2834 5273 3144 5340 quamquam
3173 5265 3336 5340 vibrat
3363 5307 3377 5332 ,
3421 5266 3512 5340 sed
3541 5266 3688 5333 quasi
3729 5277 3816 5340 po:

2245 5339 2560 5412 tentioribus
2591 5340 2741 5412 cedit.
2772 5337 3113 5412 Principibus
3141 5338 3464 5412 sacerdotum
3488 5339 3726 5412 in_-forma
3747 5337 3817 5412 rei

2244 5411 2461 5474 sistitur,
2493 5411 2561 5463 ad
2591 5410 2861 5482 prwsidem
2895 5409 3124 5482 ducitur,
3161 5419 3206 5462 et
3221 5410 3478 5482 judicium
3505 5409 3644 5482 illius
3671 5409 3818 5482 susti:

2247 5489 2349 5534 net.
2379 5481 2692 5549 Conspuitur
2730 5497 2761 5533 a
2796 5481 2953 5533 servis
2989 5496 3050 5532 ac
3095 5481 3353 5534 vilissimis
3398 5479 3574 5549 pueris
3618 5495 3634 5532 :
3674 5479 3814 5530 morti

2246 5553 2492 5619 traditur,
2533 5553 2676 5620 eique
2704 5551 2972 5623 hominum
3007 5551 3208 5623 judicio
3255 5551 3585 5623 turpissith
3620 5549 3749 5623 Ilaec
3769 5549 3818 5623 ei

2247 5623 2352 5676 alia
2381 5613 2628 5694 Basilius.
2656 5623 2722 5676 D.
2753 5613 3082 5694 Augustinus
3107 5622 3198 5694 lib.
3233 5638 3287 5675 Ix
3321 5613 3486 5694 ('Cap.
3518 5621 3582 5690 5)
3613 5621 3680 5694 d_e
3709 5613 3818 5670 Tri-

2253 5697 2419 5754 nitate
2449 5713 2462 5749 :
2491 5693 2624 5766 Hoc,
2651 5692 2844 5772 inquit,
2881 5691 3257 5772 prodestmobis
3287 5690 3510 5764 credere,
3549 5699 3594 5747 et
3623 5690 3814 5768 ﬁrmum
