4014 6200
254 250 363 311 457

876 361 1107 419 CAPUT
1156 361 1250 417 IX.

335 456 795 528 Quemadmodum
830 471 924 511 nos
960 471 1159 537 quoque
1204 454 1494 525 superbiam
1543 469 1791 527 superare

931 543 1210 597 possimus.

346 646 539 718 ltaque
576 655 604 685 ι
634 646 778 703 hunc
803 645 1126 717 nequissimi
1158 644 1384 717 spiritus
1405 647 1656 718 laqueum
1685 645 1863 703 taliter

268 740 574 812 poterimus
599 739 849 808 evadere,
880 740 927 796 si
955 741 1010 796 in
1034 739 1287 810 singulis,
1317 740 1513 810 quibus
1531 740 1863 796 senserimus

271 846 374 888 nos
405 831 693 889 virtutibus
724 831 1052 904 profecisse,
1098 831 1236 888 illud
1264 833 1627 904 apostolicum
1655 832 1861 890 dixeri-

270 939 395 981 mus
422 943 439 981 :
468 925 592 983 Non
617 943 733 998 ego,
762 925 856 983 sed
889 926 1058 996 gratia
1086 925 1182 982 Dei
1209 942 1414 981 mecum
1431 943 1452 993 ;
1490 935 1537 980 et
1567 926 1740 997 gratia
1763 925 1863 982 Dei

266 1035 384 1074 sum
410 1021 467 1075 id
491 1021 632 1092 quod
662 1037 784 1076 sum
815 1019 866 1092 (Ι
886 1018 1063 1076 Corin.
1086 1018 1211 1093 xv);
1240 1028 1334 1089 et,
1378 1019 1548 1076 Deum
1589 1033 1743 1087 esse,
1774 1018 1863 1089 qui

264 1109 296 1152 1⁵
324 1121 573 1183 operatur
606 1112 663 1168 in
708 1111 854 1168 nobis
876 1122 924 1167 et
949 1111 1076 1168 velle
1118 1121 1164 1168 et
1207 1112 1456 1184 perﬁcere
1494 1127 1586 1182 pro
1615 1111 1749 1166 bona
1774 1126 1862 1164 vo-

265 1203 474 1261 luntate
522 1204 768 1279 (Philip.
801 1206 882 1276 ιι)
921 1222 935 1260 :
974 1206 1194 1262 dicente
1244 1207 1406 1262 etiam
1459 1206 1583 1277 ipso
1624 1203 1862 1261 Auctore

268 1297 464 1353 salutis
488 1308 685 1354 nostra:
714 1317 726 1352 :
756 1298 859 1366 Qui
883 1305 1055 1354 manet
1083 1299 1140 1352 in
1169 1315 1250 1354 me
1272 1308 1320 1354 et
1346 1315 1438 1369 ego
1463 1300 1517 1352 in
1548 1314 1628 1368 eo,
1650 1296 1734 1351 hic
1763 1301 1863 1368 fert

267 1393 494 1461 fructum
522 1393 778 1458 multum;
820 1393 948 1463 quia
994 1388 1105 1447 sine
1145 1407 1226 1444 me
1265 1389 1397 1445 nihil
1445 1390 1657 1459 potestis
1694 1382 1863 1457 facere

263 1474 447 1558 (Joan.
474 1481 588 1556 xv).
623 1474 688 1539 Et
710 1527 726 1551 ,
758 1474 863 1538 nisi
891 1482 1151 1538 Dominus
1182 1481 1514 1551 aediﬁcaverit
1538 1478 1776 1547 domum,
1804 1482 1859 1535 in

260 1590 456 1630 canum
503 1574 871 1631 laboraverunt
919 1576 1009 1645 qui
1054 1574 1319 1644 aedificant
1367 1590 1498 1629 eam.
1532 1569 1654 1628 Nisi
1682 1572 1858 1628 Domi-

258 1683 365 1722 nus
396 1667 705 1722 custodierit
752 1668 1010 1722 ciuitatem
1030 1706 1045 1733 ,
1099 1667 1295 1739 frustra
1327 1667 1497 1740 vigilat
1520 1667 1611 1739 qui
1638 1666 1861 1721 custodit

832 249 923 305 DE
965 244 1444 306 C(ENOBIORUM
1486 244 1729 303 lNSTlT.
1770 246 1902 306 LIB.
1942 246 2059 305 XII.
2091 244 2163 295 —‘
2189 248 2278 304 DE
2316 249 2590 308 SPIRITU
2629 251 3010 310 SUPERBLE.

3450 261 3562 322 458

1878 343 1944 426 Ἀ
1964 377 2174 446 surgere
2194 362 2216 435 (
2238 360 2416 433 Ibid.)
2442 382 2455 419 :
2486 365 2620 450 Quia
2657 382 2761 421 non
2797 376 2872 420 est
2898 367 3137 438 uolentis,
3160 384 3325 442 neque
3349 388 3565 433 curren.

1967 462 2066 525 tis,
2094 457 2186 513 sed
2214 459 2504 515 miserentis
2534 460 2632 516 Dei
2661 460 2840 534 (Rom.
2870 463 2971 535 rx).

2594 546 2826 610 CAPUT
2865 554 2936 611 Χ.

1969 643 2127 729 Quod
2146 660 2294 729 nemo
2310 646 2471 729 possit
2486 648 2854 729 perfectionem
2874 650 3138 729 uirtutum,
3154 651 3233 729 uel
3254 655 3564 729 promissam

2108 716 2479 771 beatitudinem
2505 716 2615 773 suis
2644 726 2840 774 tantum
2868 720 3144 776 uirtutibus
3169 716 3417 782 obtinere.

2035 830 2245 888 Nullius
2294 847 2569 904 namque,
2621 836 2870 906 quamvis
2917 837 3150 894 volentis
3179 848 3235 895 et
3263 843 3561 912 currentis,

1965 928 2078 978 tam
2098 921 2291 979 idonea
2323 933 2506 994 potest
2534 924 2787 983 voluntas
2813 942 2937 983 esse
2964 929 3049 983 vel
3075 943 3288 998 cursus,
3318 940 3377 987 ut
3395 948 3563 990 carne

1964 1016 2184 1087 spiritui
2213 1026 2555 1089 repugnante
2578 1018 2968 1087 circumdatus,
2994 1021 3172 1077 valeat
3201 1031 3409 1080 tantum
3437 1040 3563 1097 per-

1964 1109 2223 1167 fectionis
2252 1113 2536 1182 praemium
2564 1121 2620 1169 et
2645 1114 2877 1184 palmam
2910 1115 3238 1187 integritatis
3266 1133 3330 1174 ac
3353 1120 3560 1189 purita-

1967 1194 2036 1259 tis
2059 1203 2335 1275 attingere
2354 1247 2370 1275 ,
2416 1215 2439 1243 ο
2471 1206 2578 1261 nisi
2609 1205 2777 1262 fuerit
2805 1206 2985 1262 divina
3012 1191 3354 1265 miseratione
3377 1218 3562 1282 prote-

1967 1306 2089 1354 ctus
2108 1341 2124 1367 ,
2155 1307 2214 1354 ut
2244 1298 2310 1354 ad
2334 1299 2469 1354 illud
2499 1300 2646 1370 quod
2674 1316 3006 1373 magnopere
3040 1304 3151 1358 vult
3177 1345 3191 1370 ,
3218 1313 3274 1359 et
3301 1320 3407 1374 quo
3433 1320 3560 1362 cur-

1964 1392 2064 1459 rit,
2098 1391 2385 1461 pervenire
2424 1403 2718 1449 mereatur.
2764 1394 2924 1450 Umne
2968 1396 3101 1450 enint
3129 1397 3307 1451 datunt
3345 1398 3555 1468 bonum,

1964 1492 2014 1539 'et
2037 1498 2185 1539 omne
2212 1484 2407 1539 donum
2441 1485 2724 1558 perfectum
2772 1486 3040 1543 desursum
3092 1488 3196 1558 cit,
3246 1491 3559 1547 descendens

1964 1593 1997 1631 a
2023 1568 2186 1631 Patre
2225 1578 2477 1633 luminum
2521 1576 2726 1650 (Jacob.
2756 1577 2818 1650 ι).
2881 1579 3018 1647 Quid
3058 1581 3190 1635 enim
3220 1581 3374 1637 habes
3416 1580 3559 1653 quod

1966 1685 2067 1724 non
2094 1670 2386 1741 accepisti?
2416 1669 2566 1738 Quod
2594 1672 2641 1725 si
2664 1672 2944 1743 accepisti,
2975 1673 3101 1742 quid
3138 1674 3380 1745 gloriaris
3406 1673 3558 1745 quasi

258 1764 381 1814 eam
407 1756 641 1831 (Psalm.
666 1754 871 1829 exivt).
904 1758 993 1829 Et,
1033 1757 1234 1815 Vanum
1260 1770 1332 1817 est
1355 1758 1495 1816 uobis
1535 1768 1655 1815 ante
1692 1762 1861 1815 lucem
1890 1754 1938 1814 B
1964 1772 2068 1814 non
2091 1761 2347 1832 acceperis
2371 1759 2425 1832 (Ι
2450 1758 2627 1816 Corin.
2661 1760 2786 1833 tv)?

1340 1882 1597 1954 munt
1635 1884 1860 1955 διιπκεί
1902 1896 2469 1956 COMMENTARIUS.

258 2002 422 2061 atque
462 1994 821 2049 inconcussum
859 2002 1054 2056 tenere,
1101 1991 1294 2048 scilicet
1335 1989 1708 2057 humilitatem,
1758 2009 1859 2063 qua

258 2063 508 2121 Christus
535 2072 687 2118 natus
714 2074 784 2133 est
810 2063 947 2118 Deus
972 2080 1036 2117 ea:
1056 2063 1271 2131 femina,
1301 2074 1346 2118 et
1372 2080 1404 2117 a
1430 2065 1731 2118 mortalibus
1764 2080 1857 2131 per

257 2144 436 2192 tantas
478 2136 818 2190 contumelias
867 2135 1143 2206 perductus
1186 2134 1253 2206 ad
1298 2145 1549 2201 mortem;
1597 2136 1858 2189 summum

252 2222 370 2263 esse
413 2205 874 2273 medicamentum,
918 2222 1020 2276 quo
1063 2205 1315 2272 superbia:
1354 2214 1545 2261 nostra:
1586 2212 1859 2260 sanaretur

254 2287 472 2401 tuznor;
503 2286 551 2330 et
594 2277 757 2332 altum
798 2286 1196 2345 sacramentum,
1239 2293 1342 2348 quo
1369 2277 1567 2349 peccati
1593 2277 1856 2333 uinculum

258 2362 321 2401 so
349 2358 572 2401 veretur.

258 2358 572 2401 sotveretur.

341 2426 369 2453 ιι
412 2418 507 2502 Illo
537 2416 783 2502 nimirum
813 2416 1134 2501 humilitatis
1158 2417 1458 2502 praesidiun
1490 2417 1558 2474 de
1596 2433 1702 2501 quo
1736 2432 1857 2474 cer-

261 2489 375 2544 tior
418 2486 600 2561 lactus
640 2489 696 2543 S.
728 2490 1032 2561 Antonius,
1084 2486 1184 2561 qui
1223 2489 1326 2545 sibi
1373 2486 1558 2545 videre
1599 2486 1744 2544 visus
1772 2499 1856 2545 est

254 2559 528 2619 mundum
561 2559 770 2626 laqueis
799 2559 1113 2630 respersum
1139 2570 1193 2617 et
1219 2561 1513 2630 cpplelum,
1537 2568 1596 2614 ut
1618 2575 1714 2631 pes
1732 2562 1854 2628 poni

252 2631 350 2701 vix
384 2640 569 2699 posset
611 2640 762 2686 extra
806 2632 1101 2701 periculum
1148 2651 1160 2686 :
1203 2647 1435 2699 cumque
1481 2641 1696 2701 rogaret
1736 2634 1856 2701 quis

251 2698 395 2758 illos
413 2702 650 2757 evadere
696 2698 906 2773 posset,
951 2703 1162 2758 audivit
1207 2698 1357 2773 quod
1396 2719 1517 2757 vere
1551 2698 1773 2757 bumilis
1802 2703 1852 2758 id

246 2781 469 2845 posset,
501 2772 595 2845 qui
624 2788 685 2845 se
713 2771 1068 2845 humiliando,
1111 2784 1166 2831 et
1209 2771 1277 2829 ad
1317 2784 1514 2829 terram
1562 2789 1732 2843 usque
1760 2773 1853 2829 de-

248 2842 683 2917 primendosub
708 2845 948 2900 extensis
980 2844 1187 2917 laqueis
1212 2845 1358 2917 velut
1390 2842 1732 2916 perreperet,
1762 2853 1855 2899 aut

252 2916 353 2987 qui
387 2915 569 2987 mundi
589 2916 911 2987 voluptates
926 2915 1093 2987 iquaSi
1124 2915 1505 2987 pedibusper
1534 2923 1850 2985 contemptu

250 2982 499 3053 calcaret
526 2982 783 3057 (Athanl,
813 2988 867 3040 in
898 2982 1021 3041 Vita
1052 2982 1408 3057 SfAntonii).
1451 2986 1545 3047 Est
1590 2982 1772 3041 tamen
1800 2996 1855 3040 et

250 3057 460 3129 tertius
486 3055 688 3129 modus,
708 3057 967 3113 evadendi
1016 3058 1272 3129 laqueos,
1314 3055 1619 3128 praesertim
1663 3071 1853 3129 super-

248 3122 391 3191 bire,
439 3142 534 3183 eos
572 3127 785 3184 scilicet
822 3122 1500 3199 perrumpéndo.rQ_ua‘3ris
1544 3122 1853 3198 quomodo?

248 3200 444 3272 gladio
478 3198 739 3272 spiritus,
763 3196 901 3268 quod
930 3209 1015 3272 (est
1047 3196 1272 3254 'uerbum
1312 3196 1431 3254 Dei.
1478 3196 1662 3254 Monet.
1708 3199 1848 3253 enim

248 3267 560 3363 apostolus
599 3267 948 3363 (Ephesum)
988 3280 1045 3325 ut
1073 3272 1347 3354 induamus
1399 3287 1494 3323 nos
1537 3278 1850 3324 armaturam
1880 3298 1926 3363 ρ

249 3339 363 3396 Dei
376 3381 395 3408 ,
444 3340 751 3407 πανοπλίαν,
800 3340 850 3394 id
882 3339 997 3411 est,
1046 3341 1433 3395 universitatem
1474 3357 1764 3401 armorum,
1794 3351 1852 3395 ut

252 3412 614 3485 Ambrosius;
644 3411 721 3465 vel
757 3412 993 3485 universa
1021 3428 1189 3485 arma,
1212 3423 1272 3485 ut
1300 3412 1854 3485 Hieronymusexpo-

251 3485 363 3555 nit,
389 3484 724 3555 ut_possimas
745 3492 883 3538 stare
901 3484 1146 3555 adversus
1174 3484 1391 3538 insidias
1417 3483 1617 3555 diaboli
1632 3502 1653 3550 ,-
1692 3492 1854 3555 atque

249 3553 411 3612 Inter
446 3552 563 3607 llaec
590 3567 760 3619 arma,
796 3563 907 3608 tum
936 3553 1243 3621 defensiva,
1293 3564 1403 3608 tum
1435 3552 1715 3621 oil‘ensiva,
1742 3552 1856 3608 tne-

251 3633 443 3681 morat
469 3624 704 3696 gladium
730 3624 964 3694 spiritus,
996 3625 1135 3696 quod
1168 3634 1244 3679 est
1274 3624 1481 3678 verbum
1509 3626 1626 3678 Dei.
1660 3625 1727 3696 Et
1753 3625 1855 3680 hoc

250 3711 410 3752 nunc
448 3694 562 3764 agit
604 3694 826 3757 Auctor,
872 3706 924 3749 ut
971 3694 1161 3750 contra
1206 3696 1509 3750 daemonum
1552 3694 1775 3751 insidias
1801 3706 1856 3752 et

253 3766 519 3837 laqueos,
537 3767 729 3837 quibus
749 3764 989 3837 nituntur
1009 3767 1359 3836 supplantare
1378 3780 1597 3837 gressus
1617 3776 1851 3833 nostros,

252 3834 505 3909 gladium
537 3834 756 3909 spiritus
779 3879 794 3905 ,
826 3836 932 3892 hoc
960 3846 1074 3905 est,
1103 3834 1326 3897 verbum
1372 3834 1462 3909 Dei
1492 3852 1852 3906 assumamus,

255 3906 313 3965 ct
344 3909 551 3963 divinae
580 3906 877 3976 Scripturm
908 3909 1190 3963 sententiis
1233 3907 1456 3974 muniti,
1484 3924 1602 3978 qure
1646 3916 1857 3964 nostra-

257 3994 388 4035 rum
439 3979 635 4051 viriutn
664 3979 1093 4051 imbecillitatem
1137 3987 1192 4033 et
1221 3978 1417 4051 divinae
1454 3978 1643 4051 gratia:
1672 3995 1858 4034 neces—

257 4052 486 4106 sitatem
548 4049 706 4104 nobis
752 4050 1058 4115 inculcant,
1111 4050 1356 4105 occultos
1401 4049 1857 4119 et‘subrepentes

260 4121 540 4189 superbia:
568 4130 789 4192 motus,
820 4122 985 4176 veluti
1029 4120 1249 4191 ancipiti
1288 4119 1493 4189 gladio,
1538 4137 1855 4192 perrumpa-

262 4206 393 4261 mus
439 4206 502 4245 ac
546 4191 894 4259 diSsipemus.
945 4192 1099 4257 Quod
1146 4192 1341 4261 insigni
1389 4191 1667 4261 exemplo,
1708 4191 1771 4245 et
1789 4193 1857 4246 ad

264 4260 419 4331 hunc
445 4262 620 4316 locum
656 4278 911 4331 perquam
934 4260 1365 4329 accommodato,
1399 4260 1583 4318 docuit
1620 4261 1858 4317 Joannes

228 4394 235 4401 ,
268 4329 565 4403 Climacus
581 4329 751 4402 gradu
770 4329 881 4399 ει,
927 4334 1015 4387 ubi
1054 4348 1243 4388 senem
1284 4336 1574 4403 quentdam
1618 4335 1671 4388 in
1700 4335 1859 4402 spiri-

273 4402 416 4473 tuali
441 4401 689 4458 conﬂictu
737 4404 953 4473 egregie
981 4412 1253 4459 versatum
1281 4401 1352 4458 ita
1367 4405 1431 4458 de
1459 4419 1521 4460 se
1548 4413 1859 4460 narrantem

269 4472 482 4528 inducit
508 4490 522 4527 :
555 4474 680 4528 Cum
706 4476 932 4529 sederem
951 4517 963 4536 ,
999 4474 1201 4543 inquit,
1242 4476 1297 4528 in
1325 4484 1452 4529 emta
1477 4476 1732 4545 quodam,
1767 4476 1860 4528 ad-

268 4546 523 4599 venientes
544 4544 611 4597 ad
640 4561 719 4598 me
742 4545 1040 4600 cenodoxite
1062 4555 1109 4599 et
1131 4547 1387 4615 superbiae
1407 4544 1685 4615 dwinones,
1703 4547 1859 4614 juxta

272 4631 350 4668 me
376 4631 442 4670 ex
466 4624 686 4684 utraque
718 4624 865 4687 parte
893 4617 1131 4670 sederunt
1163 4632 1183 4669 .'
1225 4627 1270 4670 et
1301 4634 1433 4671 unus
1458 4634 1522 4670 ea:
1551 4619 1628 4670 his
1655 4617 1861 4687 quidem

273 4634 350 4668 me
376 4634 442 4670 ex
466 4634 686 4684 utraque
718 4634 865 4687 parte
893 4634 1131 4670 seaerunt
1163 4634 1183 4669 .'
1225 4634 1270 4670 et
1301 4634 1433 4671 unus
1458 4634 1522 4670 ex
1551 4634 1628 4670 ms
1648 4634 1686 4739 ἱ]

273 4686 437 4755 digito
460 4702 554 4739 suo
577 4687 667 4739 illo
695 4687 969 4757 nouissimo
993 4688 1212 4757 pulsarit
1252 4688 1388 4741 latus
1421 4704 1585 4742 meum
1605 4729 1621 4753 ,
1666 4704 1681 4739 t

270 4765 329 4810 ut
368 4757 572 4826 aliquid
608 4756 750 4880 quod
793 4757 861 4810 ad
900 4756 1382 4827 contemplationem
1415 4760 1710 4880 pertineret,
1756 4759 1861 4814 sive

270 4841 405 4880 onus
431 4827 610 4880 auodli
648 4835 694 4880 et
723 4826 776 4880 in
798 4828 1001 4880 deserto
1027 4845 1056 4880 α
1086 4845 1164 4880 me
1191 4840 1387 4880 aestum
1438 4845 1668 4880 oauerer.
1701 4829 1861 4880 Daem

270 4841 405 4898 Opus
431 4826 694 4897 quodlibet
723 4826 776 4880 in
798 4828 1001 4882 deserto
1027 4845 1056 4880 α
1086 4826 1164 4883 me
1186 4840 1387 4898 gestum
1415 4826 1668 4897 loquerer.
1701 4829 1861 4898 Quem

270 4886 391 4950 cum
420 4886 455 4949 ὁ
474 4914 562 4968 me
590 4898 897 4967 expulissent
926 4899 1100 4953 dicens
1125 4916 1144 4953 :
1165 4886 1537 4955 Convertuntur
1562 4886 1858 4968 retrorwsum,

270 4977 321 5045 et
366 4967 703 5045 erubescant,
738 4969 829 5045 qui
859 4970 1027 5045 mala
1054 4970 1277 5042 cogitant
1306 4970 1431 5045 mihi
1472 4968 1712 5045 (Psalm.
1735 4967 1858 5045 rvi).

272 5034 529 5110 Erotium
555 5040 625 5110 is,
660 5034 807 5108 quia
829 5039 1054 5094 sinistris
1078 5034 1218 5110 erat,
1244 5043 1314 5096 ad
1339 5034 1514 5096 aurem
1555 5044 1679 5097 mihi
1708 5034 1860 5110 dixit,

276 5106 403 5182 βία,
449 5108 576 5182 bene
600 5106 790 5182 fecisti,
834 5126 1148 5182 magnusque
1186 5106 1396 5179 effectus
1436 5129 1488 5167 es
1520 5129 1537 5166 :
1565 5114 1752 5182 quippe
1777 5106 1865 5182 qui

276 5178 776 5249 impudentissimam
821 5178 1034 5234 matrem
1073 5178 1456 5255 meamt'iceris.
1492 5178 1749 5253 Ad'quem
1774 5178 1866 5255 ego

276 5258 542 5317 sequentes
571 5267 743 5304 versus
773 5267 1039 5305 assumens
1060 5253 1189 5316 dixi,
1216 5254 1522 5306 Avertuntur
1547 5257 1720 5308 statim
1750 5253 1865 5310 eru-

277 5318 562 5392 bescentes,
589 5322 679 5392 qui
708 5322 885 5375 dicunt
916 5321 1063 5389 mihi,
1088 5320 1190 5377 Eia
1221 5323 1344 5377 bene
1368 5324 1553 5391 fecisti.
1586 5325 1713 5380 Πειξο
1747 5327 1861 5382 ille.

277 5388 361 5466 At:
392 5388 856 5460 deinde'esplicat
894 5408 1003 5462 quo
1044 5388 1206 5466 sensu
1250 5388 1445 5466 dixerit
1492 5397 1701 5466 inanem
1742 5399 1863 5466 glo-

278 5462 715 5535 riatn,_matrem
746 5477 871 5519 esse
908 5464 1209 5533 superbiae;
1241 5480 1344 5534 qua
1386 5465 1452 5519 de
1495 5480 1554 5520 re
1581 5465 1707 5520 alibi
1735 5462 1862 5535 age-

279 5545 427 5587 mus.
459 5533 639 5607 Habes
672 5535 835 5603 igitur
865 5536 1143 5607 cxidietis,
1177 5533 1311 5607 quos
1356 5539 1628 5590 memoria:
1661 5533 1865 5592 utiliter

282 5605 651 5675 commendes,
688 5614 799 5660 tres
829 5606 1018 5659 modos
1062 5605 1324 5663 evadendi
1367 5607 1590 5675 laqueos
1635 5608 1864 5665 diaboli:

282 5672 556 5746 videlicet,
590 5677 654 5731 ιο
685 5676 1051 5731 submittendo
1093 5694 1173 5744 se,
1223 5687 1278 5731 et
1319 5672 1483 5731 velo—ti
1528 5678 1867 5746 subrependo

266 5758 389 5812 per
410 5744 726 5822 humilitatis
747 5746 1092 5815 exercitium;
1114 5750 1178 5805 2ο
1200 5748 1457 5806 calcando
1479 5763 1576 5823 per
1597 5744 1868 5808 abstinen-

1962 1991 2090 2068 tiam
2132 2009 2147 2058 ;
2191 1993 2257 2068 33
2285 1995 2682 2068 perrumpenda
2720 2008 2783 2052 ac
2831 1995 3144 2066 dissipando
3189 2014 3285 2068 per
3327 2002 3588 2057 verbum~

1962 2061 2725 2140 D_e_i;__quib‘usAaddiipotest
2764 2076 2816 2121 et
2860 2061 3087 2140 quartus
3137 2061 3234 2137 per
3278 2086 3336 2125 se
3367 2081 3551 2140 notus,

1961 2134 2218 2208 videlicet
2240 2134 2573 2208 declinando
2608 2152 2636 2190 a
2663 2136 2783 2191 loco
2825 2134 2911 2191 ubi
2950 2148 3073 2192 sunt
3106 2134 3315 2208 laquei,
3350 2141 3401 2195 id
3444 2134 3548 2208 est,

1961 2206 2029 2278 ab
2056 2206 2281 2278 objectis
2324 2216 2378 2262 et
2417 2208 2792 2262 occasionibus
2834 2206 3215 2278 peccatorum,
3248 2226 3356 2278 quo
3386 2206 3554 2267 sensu

1960 2274 2025 2331 D.
2062 2274 2388 2350 Augustinus
2428 2278 2493 2332 ad
2522 2278 2651 2333 illud
2678 2274 3025 2350 psalmicxu
3059 2295 3071 2330 :
3115 2275 3183 2332 In
3202 2274 3293 2331 'ui'a
3322 2278 3420 2333 hac
3449 2298 3554 2350 qua

1960 2349 2309 2412 ambulabant,
2339 2348 2930 2419 abscmtderuntsuperbi
2958 2350 3196 2419 laqueum
3220 2350 3346 2402 mihi
3344 2366 3376 2415 λ
3397 2348 3551 2406 nota-

1959 2420 2032 2491 vit
2061 2419 2114 2475 in
2148 2419 2259 2489 ipsa
2276 2420 2377 2474 via
2414 2420 2626 2475 Domini
2669 2436 2774 2474 non
2806 2435 2967 2491 posse
2997 2422 3377 2488 poni'laqueos
3400 2462 3419 2491 ε
3453 2424 3553 2479 sed

1952 2488 2108 2561 juxta
2139 2488 2303 2557 vitam,
2344 2500 2400 2545 ut
2425 2491 2626 2548 dictum
2668 2500 2753 2547 est
2790 2488 2844 2545 in
2888 2492 3095 2560 psalmo
3122 2507 3316 2547 cxxxtx
3347 2490 3554 2549 :Juxta

1960 2562 2056 2615 iter
2083 2561 2391 2616 scandalum
2425 2573 2707 2629 posuerunt
2751 2563 2897 2616 mihi.
2933 2562 3084 2617 Unde
3112 2571 3167 2617 et
3200 2562 3552 2619 Ecclesiasti-

1958 2646 2055 2704 cus
2085 2647 2205 2701 cap.
2240 2649 2291 2687 ιχ
2334 2634 2464 2704 dicit
2500 2652 2513 2687 :
2548 2633 2768 2704 Ignoras
2805 2631 2924 2700 quia
2952 2635 3005 2687 in
3047 2633 3214 2687 medio
3247 2634 3550 2703 laqueorum

1958 2701 2241 2775 ingrederis
2263 2704 2287 2759 .’
2319 2703 2454 2770 Quid
2476 2713 2550 2759 est
2567 2701 2595 2771 ξ
2612 2704 2785 2770 inquit
2807 2744 2821 2766 ,
2849 2704 2902 2757 in
2928 2707 3092 2757 medio
3125 2701 3422 2774 laqueorum
3445 2706 3472 2759 .’
3495 2708 3550 2762 in

1956 2772 2039 2827 via
2063 2772 2252 2845 Christi
2276 2791 2292 2826 :
2321 2783 2441 2828 sunt
2470 2776 2605 2828 enim
2636 2774 2807 2845 laquei
2851 2789 2884 2826 a
2923 2775 3115 2828 dextris
3146 2772 3198 2829 et
3218 2791 3249 2827 a
3279 2777 3501 2832 sinistris
3526 2796 3549 2845 ;

1956 2844 2009 2897 in
2040 2844 2206 2917 medio
2231 2853 2307 2898 est
2326 2847 2412 2917 quia
2427 2845 2673 2917 justitiw.
2701 2844 2829 2898 Cum
2856 2861 2973 2917 ergo
3003 2847 3214 2912 dicitur,
3244 2845 3309 2901 In
3328 2850 3408 2901 via
3428 2844 3549 2905 abs-

1958 2914 2245 2985 conderunt
2317 2914 2596 2985 laqueum,
2662 2914 3071 2985 intelligendum
3139 2927 3223 2971 est
3289 2920 3548 2985 opinione

1958 2982 2223 3057 ipsorum,
2254 3001 2359 3039 non
2382 2982 2595 3041 revera.
2647 2984 2780 3041 Nam
2811 2982 2930 3041 cum
2961 2986 3036 3040 illi
3063 2987 3167 3041 sint
3200 2982 3357 3043 extra
3382 2990 3546 3057 viam,

1957 3068 2009 3130 et
2039 3056 2349 3130 existiment
2378 3070 2438 3112 se
2481 3072 2602 3112 esse
2633 3058 2685 3112 in
2728 3057 2844 3122 via,
2878 3064 3085 3130 ponunt
3126 3059 3348 3128 laqueos
3397 3060 3552 3130 juxta

1956 3127 2535 3205 viam,_ex_i_stimantes_
2553 3144 2628 3205 se
2645 3143 2847 3205 ponere
2877 3129 2930 3183 in
2961 3131 3043 3183 via
3068 3145 3083 3183 :
3110 3131 3203 3205 sed
3238 3132 3316 3205 vir
3343 3127 3548 3205 justus,

1956 3214 2062 3252 non
2104 3198 2381 3253 declinans
2427 3214 2455 3252 a
2490 3201 2569 3254 via
2608 3198 2873 3270 justilize,
2922 3215 3097 3268 neque
3139 3200 3204 3253 ad
3242 3198 3545 3271 dexteram,

1958 3271 2221 3342 nettue‘ad
2252 3271 2559 3342 sinistram,
2589 3271 2809 3342 laqueos
2838 3286 3027 3326 omnes
3060 3272 3259 3325 evadit.

2028 3338 2056 3379 δ
2096 3339 2233 3411 ‘Vide
2260 3340 2398 3398 hanc
2422 3338 2740 3398 sententiam
2778 3357 2898 3396 cum
2929 3343 3049 3397 aliis
3077 3342 3401 3411 explicatam
3431 3344 3550 3401 col-

1957 3406 2054 3466 lat.
2085 3406 2174 3477 15,
2205 3427 2325 3482 cap.
2358 3414 2391 3469 9
2418 3423 2473 3468 et
2498 3424 2747 3483 sequent.
3151 3406 3164 3411 -
3296 3458 3301 3459 ί

2030 3493 2052 3521 α
2094 3484 2174 3537 Ad
2212 3484 2608 3538 cxcludendam
2642 3499 2861 3539 omnem
2899 3483 3169 3554 superbiae
3199 3493 3254 3540 et
3284 3500 3551 3555 arrogan-

1957 3554 2045 3609 tia:
2075 3556 2419 3610 occasionem
2456 3555 2756 3625 digreditur
2786 3556 3046 3623 deinceps
3078 3558 3282 3609 Auctor
3328 3554 3552 3624 per’ali-

1957 3636 2093 3696 quot
2119 3628 2328 3691 capita,
2372 3625 2431 3696 Ain
2466 3627 2607 3680 illam
2657 3626 3063 3696 tractationem,
3094 3640 3261 3696 quam
3285 3626 3417 3678 alias
3447 3641 3553 3680 su:-

1958 3694 2081 3765 pius
2109 3696 2324 3763 attigit,
2354 3694 2423 3765 de
2451 3697 2623 3763 gratia
2653 3703 2709 3747 ct
2744 3695 2943 3748 auxilio
2970 3695 3152 3747 divino
3176 3694 3332 3751 nobis
3360 3710 3548 3765 neces-

1959 3763 2134 3833 sario,
2186 3776 2295 3818 tum
2359 3764 2427 3818 ad
2477 3765 2807 3832 superandas
2860 3765 3189 3833 tentationes
3247 3772 3302 3817 et
3347 3763 3551 3822 diaboli

1961 3831 2178 3905 laqueus
2208 3831 2678 3900 evadendos,tutn
2710 3834 2774 3887 ad
2809 3831 3193 3902 perfectionem
3231 3843 3285 3889 et
3315 3835 3550 3889 beatitu-

1961 3904 2142 3960 dinem
2174 3905 2635 3975 consequendam.
2670 3904 2777 3959 Sed
2809 3911 2866 3958 ut
2890 3906 3050 3959 verba
3088 3914 3264 3960 textus
3296 3907 3546 3963 nonnihil

1959 3974 2373 4047 expendamus,
2404 3974 2653 4038 Nullius,
2702 3977 2909 4046 inquit,
2955 3977 3188 4047 quamvis
3238 3977 3452 4031 uolentis
3498 3987 3550 4032 et

1960 4053 2213 4102 currentis
2257 4046 2355 4119 (ut
2381 4047 2667 4101 Ciaconius
2696 4062 2764 4119 ex
2800 4046 3134 4116 Vaticanis),
3162 4050 3269 4111 vel,
3311 4050 3545 4119 quamuis

1958 4120 2198 4192 ferventis
2220 4118 2541 4187 etcupientis
2574 4119 2665 4192 (ut
2690 4118 2964 4191 Cuycltins
2991 4134 3055 4173 ex
3087 4135 3187 4173 ms.
3219 4118 3399 4190 legit),
3433 4128 3543 4192 tam

1959 4191 2148 4263 idonea
2178 4200 2338 4263 potest
2366 4191 2753 4263 voluntas‘esse,
2778 4194 2854 4244 vel
2876 4205 3077 4254 cursus,
3097 4198 3206 4263 etc.
3231 4192 3359 4257 Qum
3384 4191 3546 4263 verba

1960 4259 2229 4331 duplicem
2281 4270 2507 4329 possunt
2543 4260 2741 4316 habere
2772 4275 3012 4325 sensum,
3059 4261 3286 4315 alterunt
3316 4259 3550 4331 catholi-

1961 4329 2109 4401 cum,
2132 4345 2185 4389 et
2208 4349 2415 4400 verum;
2443 4335 2671 4389 alterum
2699 4348 3007 4397 erronenm,
3033 4342 3085 4387 et
3110 4334 3321 4386 falsum.
3348 4329 3553 4387 Catho-t

1960 4406 2096 4461 licus
2126 4419 2317 4460 sensus
2352 4416 2459 4471 est,
2511 4419 2668 4474 quem
2713 4405 2898 4459 titulus
2946 4403 3106 4471 hujus
3134 4404 3322 4473 capitis
3350 4419 3461 4472 prie
3486 4418 3549 4459 se

1964 4476 2086 4547 fert,
2133 4480 2404 4531 neminem
2435 4475 2683 4547 quamvis
2727 4474 3171 4547 anhelantemet
3215 4475 3545 4542 aspirantem

1962 4546 2029 4599 ad
2073 4547 2419 4616 perfectionis
2458 4546 2684 4601 culmen
2735 4556 2789 4599 et
2838 4546 3191 4599 beatitudinis
3240 4560 3543 4616 prmtntnm,

1966 4615 2125 4688 posse
2165 4618 2294 4672 illud
2322 4618 2433 4672 suis
2456 4618 2658 4671 viribus
2677 4618 2944 4685 attingere
2965 4626 3057 4670 aut
3088 4618 3383 4685 promereri
3408 4615 3550 4688 (abs—

1688 4697 1860 4769 artatis
1887 4685 1941 4745 D
1966 4685 2071 4757 que
2101 4689 2286 4769 divino
2326 4689 2529 4743 attxilio
2562 4698 2617 4769 et
2642 4688 2991 4769 opitulatione
3018 4687 3206 4769 gratia:
3234 4705 3245 4740 :
3279 4686 3421 4757 quod
3454 4701 3549 4754 per

1970 4774 2030 4816 se
2056 4760 2276 4817 evidens
2305 4771 2405 4823 eSt,
2439 4775 2559 4815 cum
2589 4758 2894 4828 ltujnsmodi
2924 4760 3061 4812 bona
3090 4759 3200 4812 sint
3225 4767 3551 4824 supernatu-

1969 4832 2123 4897 ralia,
2145 4842 2197 4886 et
2224 4832 2401 4887 omnia
2427 4840 2607 4884 nostra
2635 4832 2823 4884 merita
2849 4830 3117 4898 pendeant
3144 4844 3208 4883 ex
3242 4829 3335 4882 Dei
3355 4830 3547 4897 gratia,

1969 4902 2137 4958 immo
2165 4904 2274 4957 sint
2304 4902 2470 4971 ipsius
2502 4900 2661 4963 dona,
2708 4910 2767 4954 ut
2796 4901 2992 4955 docent
3024 4900 3208 4953 Patres
3242 4897 3552 4971 Tridentini

1971 4972 2155 5043 (διεδ.
2191 4975 2244 5034 6,
2275 4967 2464 5041 είίϐ),
2494 4983 2611 5037 post
2638 4971 2680 5023 Β
2731 4968 3356 5043 Angitstinutnpluribus
3380 4967 3434 5021 in
3466 4967 3551 5021 lo-

1970 5040 2069 5098 cis.
2101 5042 2250 5095 Alter
2280 5055 2471 5095 sensns
2493 5054 2775 5105 erroneus,
2807 5049 2862 5094 et
2877 5040 3360 5107 Sctnipclagianus.
3392 5051 3551 5107 posse

1972 5113 2244 5167 hominem
2274 5127 2339 5163 ex
2368 5124 2427 5164 se
2458 5110 2595 5163 bene
2624 5111 2783 5172 velle,
2804 5111 2940 5164 bene
2964 5106 3207 5173 currere,
3232 5107 3283 5161 id
3314 5114 3418 5170 est,
3452 5106 3551 5159 lia-

1970 5183 2101 5237 bere
2148 5181 2344 5235 bonam
2394 5180 2762 5245 voluntatem,
2820 5194 2917 5235 seu
2965 5182 3161 5232 bonum
3215 5177 3551 5246 propo~itum

1968 5252 2275 5321 concipere,
2299 5258 2354 5306 et
2384 5252 2546 5321 multa
2579 5251 2715 5302 bona
2742 5264 2904 5319 opera
2932 5256 3189 5317 praestare
3218 5256 3309 5300 aut
3330 5246 3555 5301 inclina-

1968 5340 2029 5380 re
2054 5366 2068 5390 ,
2097 5319 2293 5394 quibus
2323 5322 2390 5377 ad
2415 5319 2673 5394 justitiam
2712 5330 2763 5373 et
2807 5320 3186 5394 permotionem
3233 5330 3554 5386 promovea-

1968 5406 2076 5463 tur,
2106 5390 2199 5450 aut
2243 5390 2430 5450 saltem
2475 5392 2793 5457 di~ponatur
2831 5406 2898 5445 ex
2926 5390 3131 5463 viribus
3173 5396 3377 5463 natura:
3399 5427 3413 5452 ,
3445 5403 3556 5447 non

1970 5459 2147 5523 tamen
2179 5481 2334 5537 posse
2364 5466 2429 5521 ad
2457 5463 2842 5535 perleCtionem
2870 5472 2925 5537 et
2960 5459 3553 5537 salutem‘pertiugerc,

1969 5542 2072 5595 nisi
2105 5528 2286 5594 divina
2319 5528 2666 5592 miseratione
2693 5535 2936 5607 etgratia
2964 5532 3164 5587 bonum
3196 5528 3327 5585 illud
3353 5544 3556 5600 propo-

1972 5610 2129 5665 situm
2155 5610 2205 5663 in
2229 5624 2294 5663 co
2316 5608 2693 5674 conﬁrmetur,
2719 5606 3027 5675 perﬁciatur
3052 5609 3108 5659 et
3126 5610 3554 5671 consumeretur.

1973 5681 2089 5750 Qua
2118 5681 2184 5736 de
2214 5694 2272 5736 re
2303 5681 2453 5752 plura
2481 5676 2705 5734 interius
2728 5677 2997 5737 dicentur.

3594 500 3608 601 l
