4014 6200
242 266 334 323 Ml

808 268 895 322 DE
932 265 1407 324 COENOBIORUM
1449 261 1697 319 INSTIT.
1741 262 1868 319 LIB.
1910 262 2023 318 XII.
2058 289 2115 313 =
2146 264 2236 320 DE
2275 265 2543 323 SPIRITU
2582 266 2967 326 SUPERBIE.

3390 280 3498 334 442

245 397 476 447 summa,
522 395 631 437 non
653 381 884 437 volentis
913 396 1092 451 neque
1114 381 1395 445 currentis,
1427 379 1522 434 sed
1552 361 1819 434 miseren-
1850 381 1903 437 Α
1931 394 2130 434 menste
2179 380 2529 436 beatitudinis
2563 381 2893 453 efl‘ugantur,
2935 394 3097 456 atque
3140 396 3199 443 ut
3235 390 3406 447 fumus
3432 394 3499 449 ad

247 476 311 530 tis
337 483 424 530 est
456 475 556 529 Dei
597 474 775 547 (Rom.
814 473 935 545 ts):
974 473 1067 543 qui
1110 487 1436 543 nequaquam
1464 471 1709 526 laborum
1739 470 1824 525 vel

250 581 445 623 cursus
468 566 642 621 nostri
672 565 865 621 merito
898 572 1312 633 conipensante,
1342 563 1591 618 vitiorum
1617 577 1716 617 nos
1745 561 1823 615 la-

251 660 323 712 cit
350 672 476 713 esse
499 658 731 712 victores
758 669 856 711 nec
901 656 1274 724 aequiparante
1312 664 1510 709 nostrae
1536 652 1826 709 voluntatis

254 747 539 814 industria,
572 758 675 802 tam
704 746 924 801 arduum
954 746 1282 816 integritatis
1305 746 1520 801 culmen
1547 746 1826 815 subiugata

253 855 355 910 qua
394 841 614 906 utimur,
667 853 830 894 carne
873 838 1257 893 conscendere.
1298 847 1321 874 η
1362 838 1516 893 Nulla
1563 839 1825 908 siquidem

254 933 495 1002 corporis
526 931 684 1001 hujus
707 930 949 996 afflictio,
991 924 1245 999 nullaque
1268 931 1452 985 cordis
1481 931 1737 985 contritio
1761 928 1826 984 ad

253 1022 638 1092 capessendam
669 1037 850 1077 veram
881 1022 1027 1076 illam
1074 1020 1347 1076 interioris
1387 1021 1625 1076 hominis
1661 1020 1826 1076 casti-

253 1123 409 1171 tatem
444 1123 622 1184 potest
646 1129 765 1170 esse
795 1115 1087 1184 condigna,
1116 1121 1175 1167 ut
1212 1122 1414 1167 tantam
1449 1113 1701 1183 puritatis
1723 1112 1832 1167 vir-

253 1215 418 1262 tutem
449 1207 651 1277 angelis
675 1207 808 1263 solis
850 1207 1169 1277 ingenitam,
1200 1206 1431 1275 ctelique
1458 1205 1828 1270 vernaculam,

255 1297 397 1352 nudo
419 1298 648 1352 humano
668 1299 875 1363 labore,
898 1299 951 1353 id
976 1306 1080 1364 est,
1104 1300 1221 1352 sine
1242 1297 1513 1368 adiutorio
1534 1297 1630 1351 Dei
1653 1297 1834 1351 valeat

252 1389 532 1445 obtinere:
562 1391 690 1458 quia
723 1389 887 1446 totius
926 1389 1057 1444 boni
1091 1387 1317 1443 effectus
1341 1388 1409 1441 ab
1446 1387 1587 1441 illius
1617 1386 1834 1456 profluit

248 1484 416 1553 gratia
434 1524 449 1547 ,
475 1482 564 1553 qui
588 1491 798 1539 tantam
824 1484 1217 1552 perennitatem
1248 1479 1619 1543 beatitudinis,
1642 1487 1707 1534 ret
1735 1479 1834 1534 im-

251 1577 593 1632 mensitatem
633 1576 817 1648 gloriae
840 1618 856 1643 ,
895 1577 1107 1647 exiguae
1143 1574 1438 1641 voluntati,
1489 1573 1744 1641 brevique
1769 1585 1833 1627 ac

253 1684 419 1740 parvo
445 1659 631 1725 cursui
658 1678 876 1733 nostro,
911 1667 1259 1736 multiplicata
1290 1665 1561 1735 largitate,
1590 1660 1828 1717 donavit.

842 1757 1080 1813 CAPUT
1117 1756 1228 1812 XII.

254 1894 417 1961 Quod
440 1890 617 1946 nullus
653 1892 720 1945 sit
746 1890 909 1955 labor,
952 1890 1042 1958 qui
1071 1889 1236 1961 possit
1262 1888 1580 1959 repromissae
1608 1887 1827 1942 beatitu-

812 1961 919 2014 dini
951 1958 1257 2029 comparari.

320 2050 350 2090 ιι
378 2050 564 2107 Omnis
601 2050 741 2105 enim
774 2050 1085 2119 longtevitas
1117 2049 1241 2103 vitae
1273 2050 1577 2117 praesentis,
1605 2064 1728 2104 cum
1748 2049 1826 2104 ~ad

247 2141 394 2195 illam
441 2139 632 2195 futurae
674 2140 861 2210 gloria:
906 2140 1296 2208 perennitatem
1337 2142 1671 2207 resnexeris,
1701 2154 1828 2195 eva-

246 2232 456 2298 nescit;
499 2241 556 2287 et
582 2231 796 2287 dolores
826 2232 1004 2287 cuncti
1041 2231 1498 2301 contemplatione
1536 2231 1683 2286 illius
1727 2212 1828 2286 im;

1933 468 2158 523 nihilum
2196 470 2472 526 extenuati
2497 471 2816 542 liquescunt,
2842 483 3201 549 etnusquam,
3225 490 3282 535 ut
3301 481 3500 553 favilla,

1926 569 2262 629 comparent.

2513 697 2738 756 CAPUT
2776 701 2913 758 XIII.

1967 808 2201 864 Traditio
2226 808 2486 865 seniorum
2514 812 2577 867 de
2604 784 2970 885 consequenda:
3005 820 3245 887 puritatis
3272 823 3444 878 modo.

1999 945 2341 1014 Quapropter
2370 945 2481 1016 jam
2527 954 2741 1017 tempus
2771 959 2854 1005 est
2892 959 2952 1005 ut
2980 952 3110 1022 ipsis
3150 955 3343 1022 quibus
3372 960 3506 1012 ‘tra-

1929 1036 2066 1091 dunt
2091 1035 2271 1092 verbis
2298 1035 2518 1091 Palmm
2556 1041 2879 1096 sententiam
2903 1042 3282 1115 ,proferamus,
3314 1061 3501 1103 eorum

1931 1127 2140 1183 scilicet
2158 1127 2251 1197 qui
2277 1128 2419 1182 viam
2450 1128 2797 1198 perfectionis
2828 1143 2882 1188 et
2910 1135 3222 1204 qualitatem
3252 1137 3367 1208 ejus
3397 1155 3503 1196 non

1930 1219 2223 1275 verborum
2267 1219 2525 1289 jactantia
2565 1221 2949 1293 depinxerunt,
2988 1227 3085 1282 sed
3129 1230 3305 1295 potius
3347 1246 3406 1287 re
3452 1242 3509 1289 et

1933 1325 2099 1380 opere
2134 1325 2199 1366 ac
2236 1312 2436 1367 virtute
2473 1312 2696 1383 spiritus
2740 1318 3102 1385 possidentes,
3126 1324 3507 1390 experimentis

1933 1416 2052 1457 eam
2103 1401 2337 1472 propriis
2383 1411 2437 1458 et
2476 1406 2738 1474 exemplis
2780 1408 3097 1464 certissimis
3148 1413 3504 1470 tradiderunt.

1933 1490 2100 1547 Aiunt
2128 1493 2307 1563 itaque
2330 1508 2437 1549 non
2469 1509 2630 1564 posse
2654 1497 2721 1552 ad
2752 1514 2943 1568 purum
2984 1504 3289 1572 quempiam
3320 1521 3509 1562 carna-

1935 1583 2078 1638 libus
2102 1584 2250 1639 vitiis
2278 1586 2581 1653 emundari,
2616 1588 2716 1644 nisi
2748 1592 3056 1649 universum
3086 1595 3323 1652 laborem
3352 1614 3506 1654 suum

1936 1686 2096 1748 atque
2121 1684 2371 1733 conatum
2397 1679 2466 1734 ad
2501 1689 2662 1757 tantae
2685 1683 3030 1751 perfectionis
3048 1687 3207 1743 linem
3231 1687 3509 1747 intellexe-

1856 1751 1905 1812 Β
1933 1768 2005 1823 rit
2049 1783 2155 1822 non
2189 1783 2347 1838 posse
2388 1769 2672 1839 sufficere;
2706 1788 2806 1829 nec
2850 1790 2994 1842 eam,
3025 1778 3127 1833 nisi
3166 1780 3510 1839 miseratione

1934 1858 2029 1913 Dei
2076 1868 2131 1914 et
2175 1859 2447 1928 adjutorio
2490 1863 2911 1933 comprehendi,
2960 1883 3067 1923 non
3100 1879 3203 1924 tam
3249 1873 3509 1929 tradentis

1933 1950 2292 2018 institutione,
2325 1967 2483 2020 quam
2532 1953 2725 2010 affectu
2771 1964 2931 2027 atque
2960 1960 3159 2016 virtute
3199 1969 3255 2016 et
3292 1965 3510 2032 experi-

1934 2044 2134 2101 mentis
2175 2044 2407 2114 propriis
2455 2046 2699 2102 eruditus
2745 2060 3015 2118 agnoscat.
3062 2052 3139 2107 Ad
3175 2036 3506 2124 capessenda

1933 2151 2166 2207 namque
2195 2143 2304 2191 tam
2331 2137 2613 2207 magnifica
2643 2146 2861 2208 tamque
2895 2143 3147 2208 praecelsa
3178 2145 3425 2213 puritatis
3453 2158 3509 2205 et

1933 2229 2255 2300 integritatis
2291 2230 2544 2300 praemis,
2581 2241 2604 2270 ο
2641 2232 3006 2301 quantuslibet
3028 2234 3390 2305 jejuniorum,
3425 2240 3504 2295 vi-

1327 2344 1581 2401 ALARDI
1618 2343 1851 2402 GAZASI
1885 2341 2449 2401 COMMENTARIUS.

248 2463 501 2534 optimum
520 2470 568 2516 et
596 2476 740 2516 omne
762 2461 965 2534 donum
994 2461 1290 2534 perfectura
1315 2460 1626 2534 descendens
1649 2477 1682 2513 a
1708 2460 1814 2534 Pa-

242 2531 326 2587 tre
345 2534 613 2593 luminum,
633 2540 737 2585 etc.
758 2533 892 2586 Hinc
905 2531 1230 2601 Augustinus
1254 2531 1543 2585 Encltiridii
1565 2546 1683 2600 cap.
1707 2533 1775 2587 5?.
1799 2551 1811 2585 :

243 2603 378 2657 Cum
404 2601 759 2673 proculdubio,
791 2604 836 2656 si
863 2605 1016 2673 homo
1058 2603 1171 2673 ejus
1200 2603 1497 2673 (etatisvest,
1526 2611 1581 2654 ut
1600 2604 1817 2673 ratione

244 2671 441 2737 utatur,
475 2689 577 2726 non
602 2672 759 2741 possit
789 2672 1011 2736 credere,
1044 2671 1267 2739 sperare,
1297 2671 1531 2739 diligere,
1554 2672 1653 2725 nisi
1676 2673 1813 2732 velit,

246 2760 337 2798 nec
358 2747 614 2812 pervenire
637 2744 705 2795 ad
731 2746 957 2811 palmam
993 2757 1228 2810 superate
1262 2742 1540 2794 vocationis
1576 2741 1690 2807 Dei,
1718 2744 1818 2798 nisi

246 2816 506 2867 voluntate
543 2814 856 2873 cucurrerit;
893 2815 1144 2882 quomodo
1172 2826 1295 2882 ergo
1326 2828 1433 2882 non
1462 2812 1697 2874 volentis,
1731 2829 1818 2868 ne-

248 2899 344 2951 que
373 2885 646 2945 currentis,
676 2884 763 2937 sed
792 2883 1075 2936 miserentis
1103 2891 1174 2937 est
1207 2881 1339 2935 Dei?
1365 2882 1465 2934 nisi
1483 2883 1604 2952 quia
1632 2892 1679 2936 et
1705 2883 1819 2952 ipsa

248 2952 510 3016 voluntas,
536 2954 668 3007 sicut
694 2954 939 3025 scriptum
977 2961 1070 3021 est,
1094 2952 1259 3025 a__Deo
1286 2960 1629 3025 praeparatur.
1668 2953 1816 3008 Alio-

246 3025 369 3091 quin
398 3027 443 3076 si
472 3032 738 3093 propterea
765 3021 960 3076 dictum
985 3031 1079 3085 est,
1107 3021 1229 3075 Non
1252 3021 1490 3083 volentis,
1520 3037 1683 3092 neque
1700 3041 1820 3078 cur-

248 3095 424 3159 rentis,
456 3094 546 3147 sed
568 3094 853 3147 miserantis
890 3103 961 3148 est
996 3093 1123 3154 Dei;
1162 3094 1281 3160 quia
1305 3108 1370 3146 ea:
1414 3100 1627 3161 utroque
1654 3095 1736 3154 sit,
1762 3096 1819 3148 id

248 3173 349 3253 est:
367 3180 432 3218 ea:
472 3166 729 3245 voluntate
757 3163 974 3253 hominis
1013 3172 1066 3253 et
1097 3163 1447 3245 misericordia
1490 3161 1585 3215 Dei
1600 3173 1722 3253 ἦτα
1744 3168 1819 3253 sic
1846 3189 1892 3253 ρ

250 3235 443 3287 dictum
468 3234 806 3300 accipiamus,
840 3233 961 3287 Non
982 3233 1217 3296 volentis,
1258 3248 1418 3302 neque
1438 3234 1706 3302 currentis,
1728 3237 1818 3289 sed

250 3305 531 3357 miserentis
579 3312 651 3356 est
696 3303 815 3368 Dei,
852 3312 1113 3374 tamquam
1142 3301 1393 3356 diceretur
1424 3301 1599 3374 {Non
1628 3304 1821 3369 sufﬁcit

249 3374 486 3427 voluntas
515 3374 753 3439 hominis,
793 3375 838 3428 si
877 3372 980 3427 non
1006 3376 1072 3426 sit
1101 3375 1255 3426 etiam
1296 3372 1644 3426 misericordia
1685 3375 1820 3441 Dei;

250 3461 351 3497 non
372 3451 493 3515 ergo
516 3445 710 3515 sufﬁcit
730 3446 841 3497 sola
868 3444 1218 3515 misericordia
1250 3442 1375 3515 Dei,
1388 3444 1435 3515 si
1456 3460 1558 3497 non
1585 3444 1651 3497 sit
1671 3447 1824 3499 etiam

250 3513 479 3567 voluntas
505 3513 757 3577 hominis;
789 3531 848 3567 ac
880 3531 970 3581 per
997 3517 1094 3567 hoc
1121 3514 1165 3564 si
1184 3523 1317 3567 recte
1344 3513 1536 3567 dictum
1573 3525 1665 3578 est,
1705 3514 1825 3569 Non

253 3585 465 3638 volentis
515 3584 765 3648 hominis,
804 3585 891 3638 sed
920 3585 1198 3638 miserentis
1227 3594 1299 3637 est
1331 3582 1462 3648 Dei,
1502 3584 1626 3653 quia
1653 3585 1710 3638 id
1736 3601 1825 3639 vo-

254 3654 416 3708 luntas
442 3653 665 3707 hominis
684 3655 802 3724 sola
841 3671 940 3707 non
978 3654 1202 3724 implet:
1236 3669 1327 3724 cur
1358 3670 1458 3706 non
1494 3670 1522 3706 e
1565 3656 1823 3709 contrario

250 3735 380 3778 recte
418 3724 632 3789 dicitur,
668 3723 791 3777 Non
836 3721 1118 3778 miserantis
1155 3733 1229 3777 est
1258 3721 1374 3787 Dei,
1403 3725 1489 3777 sed
1516 3725 1728 3779 volentis
1751 3736 1824 3780 est

250 3794 467 3864 hominis
499 3810 518 3847 :
550 3796 675 3864 quia
718 3795 771 3846 id
806 3795 1151 3847 misericordia
1195 3793 1287 3847 Dei
1325 3794 1436 3848 sola
1469 3811 1569 3848 non
1606 3796 1825 3864 implet?

255 3863 419 3918 Porro
443 3866 487 3919 si
512 3863 688 3918 nullus
709 3864 1023 3918 Christianus
1050 3865 1216 3917 dicere
1253 3864 1489 3931 audebit,
1525 3864 1646 3918 Non
1673 3867 1816 3919 mise-

249 3937 402 3987 rantis
440 3944 515 3988 est
560 3934 681 4001 Dei,
710 3934 799 3989 sed
838 3937 1053 3989 volentis
1094 3941 1166 3987 est
1205 3934 1455 3996 hominis,
1487 3951 1549 3987 ne
1581 3937 1825 4003 Apostolo

247 4006 567 4071 apertissime
617 4006 958 4070 contradicat,
1000 4013 1155 4058 restat
1180 4015 1235 4057 ut
1267 4013 1536 4070 propterea
1565 4016 1700 4059 recte
1742 4005 1825 4059 di-

246 4085 387 4148 ctum
432 4075 783 4148 intelligatur,
806 4071 926 4129 Non
965 4075 1208 4148 volentis,
1237 4090 1396 4148 neque
1434 4077 1703 4148 currentis,
1734 4078 1825 4148 sed

247 4146 530 4199 miserentis
570 4144 642 4199 cit
689 4144 816 4209 Dei,
843 4154 895 4198 ut
940 4155 1095 4199 totum
1127 4144 1234 4197 Deo
1277 4145 1447 4203 detur,
1490 4147 1577 4213 qui
1605 4145 1825 4199 hominis

244 4216 562 4269 voluntatem
590 4215 772 4269 bonam
818 4224 866 4269 et
895 4226 1148 4287 praeparat
1176 4215 1552 4287 adjuvandam,
1597 4224 1643 4267 et
1673 4217 1833 4287 adju-‘

243 4295 332 4352 vat
361 4295 721 4352 praeparatam.
760 4286 1007 4340 Pi'teCedit
1051 4288 1185 4339 enim
1224 4287 1357 4338 bona
1395 4286 1631 4338 voluntas
1660 4286 1826 4338 multa

244 4351 369 4435 Dei
394 4355 558 4436 dona,
588 4357 673 4409 sed
706 4373 809 4436 non
848 4357 1020 4436 omnia
1043 4372 1061 4409 :
1081 4372 1203 4436 Aqua:
1241 4366 1410 4436 autem
1453 4372 1556 4409 non
1586 4355 1826 4425 prazcedit

244 4427 386 4493 ipsa,
412 4427 467 4506 in
487 4427 566 4507 eis
589 4436 660 4479 est
680 4438 725 4479 et
756 4428 890 4494 ipsa.
916 4427 1044 4507 Haec
1066 4428 1414 4496 Augustinus.
1722 4454 1725 4459 ‹

320 4503 346 4531 ⁸
368 4495 572 4552 Similia
595 4496 709 4550 loca
748 4497 909 4550 habes
931 4497 1025 4549 lib.
1050 4512 1101 4550 vr
1123 4511 1241 4562 cap.
1261 4496 1314 4559 6,
1332 4495 1524 4547 Collat.
1552 4494 1585 4548 3
1614 4508 1734 4561 cap.
1758 4495 1825 4549 10

243 4574 584 4647 etseq_iient_..
603 4566 799 4647 Collat.
820 4566 887 4620 l2
900 4580 1019 4634 cap.
1035 4567 1263 4647 penu_ll.,
1279 4564 1538 4647 etCollat.
1556 4565 1751 4647 ᾕρεε.
1848 4587 1901 4647 D

320 4634 349 4672 ι)
378 4633 506 4690 Huic
536 4638 654 4691 loco
684 4645 809 4703 apte
839 4633 1130 4703 respondet
1155 4637 1427 4690 decretum
1450 4634 1664 4687 concilii
1696 4633 1817 4688 Tri-

244 4704 450 4761 dentini
491 4709 559 4760 de
611 4709 804 4761 merito
848 4707 1107 4760 bonorum
1147 4719 1404 4774 operum,
1443 4704 1620 4774 deque
1648 4705 1823 4759 meriti

245 4779 488 4842 ratione;
532 4776 686 4847 cujus
722 4778 918 4831 decreti
958 4773 1197 4831 extrema
1234 4789 1356 4847 pars
1379 4774 1457 4847 sic
1494 4773 1687 4847 habet:
1715 4773 1824 4828 Ne-

245 4862 342 4913 que
363 4847 496 4901 illud
528 4845 862 4900 omittendum
902 4856 994 4905 est.
1024 4847 1164 4915 quod
1192 4847 1306 4899 licet
1333 4845 1478 4898 bonis
1508 4845 1744 4910 operibus
1771 4847 1822 4899 in

246 4920 406 4972 sacris
446 4918 659 4977 litteris,
693 4933 848 4981 usque
875 4920 1002 4969 adeo
1030 4916 1306 4980 tribuatur,
1336 4925 1390 4969 ut
1414 4917 1571 4968 etiam
1603 4916 1691 4983 qui
1736 4917 1825 4969 uni

245 5001 308 5039 ea:
336 4988 559 5057 minimis
585 4987 693 5039 suis
719 4995 897 5056 potum
921 5002 1071 5056 aqua:
1099 4985 1300 5057 frigida:
1338 4986 1561 5057 dederit,
1610 4987 1822 5050 promit-

246 5066 318 5106 tat
369 5056 606 5113 Christus
658 5072 774 5110 eum
823 5073 922 5109 non
968 5073 1077 5110 esse
1118 5056 1211 5109 sua
1265 5056 1491 5108 mercede
1540 5057 1849 5109 cariturum'

247 5126 462 5194 (Matth.
491 5125 593 5195 lx),
626 5136 671 5179 et
704 5115 983 5195 Apostolus
1005 5135 1213 5179 testetur
1239 5125 1293 5177 id
1318 5126 1456 5192 quod
1491 5127 1543 5177 in
1580 5128 1822 5195 praesenti

247 5206 318 5247 est
358 5206 772 5251 momentaneum
803 5209 849 5249 et
885 5199 988 5249 leve
1023 5195 1368 5248 tribulationis
1407 5204 1622 5259 nostraz,
1663 5211 1819 5265 supra

247 5267 454 5319 modum
484 5267 538 5318 in
570 5266 885 5320 sublimitate
910 5274 1156 5319 wternum
1184 5265 1589 5335 gloritepondus
1618 5267 1821 5335 aperari

244 5335 293 5387 in
329 5339 469 5391 nobis
494 5337 561 5407 (ll
593 5335 715 5390 Cor.
748 5336 824 5406 tv)
850 5354 862 5390 :
893 5332 1219 5407 absit‘tame'n
1246 5345 1300 5387 ut
1328 5332 1818 5407 Christianus'homo

245 5408 292 5455 in
316 5409 484 5471 seipso
504 5402 593 5460 'vel
619 5402 866 5473 conﬁdat,
896 5408 973 5458 vel
996 5404 1263 5475 glorietur,
1294 5413 1340 5475 et
1368 5418 1468 5475 non
1500 5403 1552 5454 in
1577 5402 1820 5468 Domino,

245 5477 391 5545 cujus
422 5486 564 5531 tanta
587 5486 665 5530 est
695 5472 815 5546 erga
838 5472 1013 5531 omnes
1046 5476 1277 5528 homines
1301 5472 1522 5546 bonitas,
1558 5481 1611 5524 ut
1649 5488 1822 5546 eorum

244 5540 356 5615 r_elit
396 5565 502 5602 esse
540 5540 892 5615 nieritanute
928 5553 1046 5600 sunt
1084 5547 1245 5615 ipsius
1282 5545 1437 5607 dona,
1479 5549 1587 5595 etc.
1639 5540 1819 5609 (Coac.

248 5612 545 5689 Τνίάηεειε.
573 5618 631 5683 6,
660 5632 712 5689 τιἶ
742 5614 853 5682 16)-
1054 5684 1066 5689 _
1106 5612 1114 5615 ’
1250 5685 1260 5689 -
1511 5681 1540 5689 .-

314 5699 335 5725 ε
368 5688 523 5743 Natat
546 5681 821 5758 praecipua
849 5684 1159 5759 etmaxitne
1180 5685 1371 5759 usitata
1404 5681 1578 5759 media
1608 5693 1821 5759 (ouipa-

242 5764 422 5815 7'3“le
472 5754 965 5815 et'conservandm
1004 5756 1255 5819 puritatis
1305 5766 1357 5809 ct
1412 5754 1820 5809 satietittionim:

1922 2475 2043 2529 quae
2096 2468 2272 2533 tamen
2297 2461 2419 2527 'per
2450 2472 2646 2533 senon
2686 2461 2986 2533 sufficiunt;
3036 2462 3201 2517 immo
3250 2479 3351 2519 nec
3379 2465 3495 2533 ipsa

1925 2530 2175 2606 praestari
2216 2537 2441 2595 possunt
2476 2529 2593 2606 sine
2628 2533 2848 2606 speciali
2883 2532 2977 2587 Dei
3023 2535 3256 2606 auxilio,
3282 2535 3365 2590 'de
3393 2529 3499 2606 quo

1922 2599 2058 2653 alias
2097 2601 2301 2669 egimus
2349 2608 2404 2653 et
2448 2599 2579 2655 alibi
2613 2602 2816 2669 plenius
2864 2605 3031 2658 acturi
3080 2599 3280 2658 sumus.
3332 2599 3502 2662 Porro

1923 2685 2042 2738 quae
2071 2671 2139 2724 de
2168 2669 2495 2738 perfectione
2531 2673 2902 2740 eonseqneuda
2934 2680 3047 2728 tum
3100 2674 3207 2738 hic,
3244 2684 3353 2730 tum
3403 2690 3497 2730 su-

1923 2740 2227 2812 perioribus
2271 2740 2534 2812 capitibus
2575 2741 2893 2812 traduntur;
2946 2745 3047 2798 etsi
3090 2746 3259 2812 prima
3320 2746 3498 2802 fronte

1920 2823 2048 2862 sana
2085 2811 2297 2875 omnia,
2330 2810 2411 2877 pia
2440 2819 2494 2863 et
2532 2810 2797 2866 catholica
2829 2810 3130 2876 videantur,
3174 2823 3233 2868 ut
3259 2826 3387 2871 sunt
3414 2832 3505 2871 re-

1924 2892 2080 2942 vera,
2132 2880 2175 2933 si
2213 2893 2344 2956 sano
2381 2890 2436 2934 et
2470 2880 2737 2936 catholico
2782 2898 2941 2956 sensu
2966 2883 3380 2956 intelligantur;
3415 2898 3495 2941 ta-

1916 2964 2043 3002 men
2075 2948 2387 3025 _secund_nn_t
2438 2958 2670 3005 mentem
2714 2961 2770 3007 et
2810 2948 3212 3025 intelligentiam
3248 2948 3500 3012 Auctoris

1917 3034 2030 3091 non
2073 3018 2147 3072 ita
2189 3035 2245 3073 se
2295 3020 2513 3091 habent.
2553 3031 2611 3075 ut
2646 3037 2759 3091 prta
2789 3038 2848 3079 se
2875 3018 3071 3080 feru'nt.
3106 3026 3239 3081 Nam
3272 3029 3371 3083 sub
3407 3042 3506 3080 no-

1908 3089 2069 3143 o'mine
2118 3089 2462 3160 perfectionis
2502 3090 2634 3147 latet
2649 3089 2835 3160 error,
2865 3104 2919 3149 et
2958 3107 3015 3150 ut
3044 3097 3154 3151 dici
3184 3098 3342 3160 solet.
3377 3099 3499 3152 latet

1921 3160 2200 3232 anguis‘in
2242 3158 2417 3232 herba.
2472 3161 2582 3215 Hoc
2625 3162 2767 3217 enim
2806 3158 2891 3219 est
2929 3167 3134 3221 initium
3178 3158 3411 3232 erroris,
3446 3170 3499 3224 in

1923 3226 2081 3308 quiem
2111 3226 2486 3308 Cassianus_et
2512 3233 2649 3308 socii
2679 3235 2795 3303 ejus
2822 3237 3116 3308 presbyteri
3139 3226 3501 3294 Massilienses

1926 3302 2282 3382 inipegerunt,
2307 3301 2697 3382 perfectionem
2712 3301 2954 3382 gerunt,
2973 3301 3353 3382 perfectionem
3381 3310 3502 3379 qui-

1926 3370 2045 3424 dem
2076 3370 2273 3425 divinae
2299 3373 2487 3440 gratia:
2513 3370 3090 3433 ascribehteanitium
3125 3394 3256 3433 vero
3286 3395 3379 3434 seu
3400 3370 3500 3434 ’ἰη-

1925 3440 2264 3495 clinationem
2295 3452 2493 3497 nostrae
2520 3445 2805 3500 voluntati.
2839 3445 2990 3501 Unde
3017 3462 3171 3501 error
3202 3450 3505 3503 Massilien-

1924 3510 2062 3565 sium
2108 3519 2164 3565 et
2210 3512 2761 3587 Semipelagiauorum
2804 3514 2979 3587 dictus
3008 3525 3118 3580 est,
3149 3520 3289 3585 quod
3322 3519 3500 3587 aliqua

1924 3590 2135 3654 tantum
2155 3596 2217 3635 ex
2235 3593 2394 3654 parte
2422 3584 2487 3634 ad
2516 3583 2716 3651 Pelagii
2739 3584 2985 3637 haeresim
3012 3583 3296 3639 accederet
3322 3602 3335 3638 :
3357 3583 3500 3654 quod

1924 3650 1980 3704 in
2013 3651 2154 3703 uotis
2184 3651 2249 3702 ad
2279 3652 2623 3718 collationem
2651 3654 2861 3706 tertiam
2888 3653 3147 3705 decimam
3180 3650 3393 3707 clarius
3408 3669 3505 3708 ex-

1932 3720 2243 3788 plicabitur.
2276 3719 2370 3773 Hic
2401 3730 2601 3773 tantum
2636 3729 2851 3773 notasse
2876 3721 3168 3787 suffecerit,
3204 3723 3505 3779 Massilien-

1930 3803 2019 3843 ses
2051 3790 2278 3862 clericos
2318 3790 2403 3862 (in
2447 3790 2645 3862 quibus
2670 3790 2958 3862 Cassianus
2989 3790 3283 3862 habebatur
3312 3794 3506 3862 praeci-

1927 3857 2119 3928 puus),
2147 3860 2388 3931 quamvis
2411 3858 2606 3928 alioqui
2633 3859 2928 3931 catholicos
2954 3871 3005 3913 et
3028 3857 3501 3931 religiosos'viros,

1925 3938 2105 4002 tamen
2133 3929 2232 4002 sub
2270 3932 2486 4002 nomine
2526 3930 2793 4002 catholico
2823 3931 2968 3985 visos
2995 3946 3118 3987 esse
3140 3929 3360 4002 Pelagio
3392 3929 3504 3990 hac;

1928 4000 2101 4055 retice
2124 3998 2423 4072 suffragari,
2454 4000 2595 4072 quod
2627 4001 2849 4071 gratiam
2891 4003 3107 4072 quidem
3139 3998 3499 4060 necessariam

1928 4079 2279 4135 agnoscerent
2317 4071 2384 4123 ad
2431 4069 2818 4138 perfectionem
2870 4069 3126 4127 virtutum
3157 4084 3213 4128 et
3242 4084 3500 4130 aeternam

1928 4142 2238 4213 felicitatem
2264 4143 2693 4207 consequendam
2719 4143 3190 4213 (quemadmodum
3212 4145 3503 4200 Cassianus

1929 4211 2018 4283 hic
2062 4211 2262 4283 docet),
2296 4227 2403 4265 non
2446 4220 2620 4283 tamen
2667 4211 2735 4266 ad
2772 4215 2980 4268 initium
3020 4215 3421 4283 justifieatiouis
3450 4224 3506 4270 et

1928 4281 2139 4355 salutis.
2178 4282 2435 4355 Dicebant
2463 4282 2604 4336 enim
2634 4298 2699 4338 ex
2732 4285 2887 4338 nobis
2911 4281 3033 4339 esse
3058 4294 3151 4341 aut
3190 4300 3348 4355 posse
3378 4300 3500 4341 esse

1930 4353 2077 4404 initia
2101 4353 2344 4415 quaedam
2375 4352 2528 4405 bona:
2554 4355 2850 4408 voluntatis
2870 4370 2938 4409 ex
2964 4357 3093 4411 solis
3115 4352 3320 4411 viribus
3347 4357 3501 4411 liberi

1928 4421 2132 4493 arbitrii
2160 4421 2362 4487 absque
2404 4424 2513 4477 ulla
2555 4425 2722 4493 gratia
2753 4422 2951 4479 Christi
2984 4426 3212 4481 interius
3243 4438 3499 4483 movente

1928 4499 1982 4543 ct
1996 4491 2298 4565 excitante,
2325 4493 2518 4565 quibus
2544 4491 2909 4565 inciperemus
2937 4497 3071 4551 velle
3095 4499 3230 4552 bene
3256 4497 3496 4565 Operari,

1926 4561 2086 4636 v_el_le_
2112 4563 2390 4636 converti,
2444 4564 2622 4636 sanari
2651 4561 2706 4619 et
2743 4566 2936 4619 salvari
2975 4583 2988 4618 :
3027 4582 3254 4636 quorum
3295 4561 3502 4622 intuitu

1928 4630 2123 4705 deinde
2164 4633 2329 4705 gratia
2362 4633 2457 4690 Dei
2486 4634 2640 4689 nobis
2669 4630 3058 4705 concederetur
3091 4638 3156 4691 ad
3184 4652 3504 4705 promoven-

1928 4703 2108 4779 dos_et
2135 4700 2488 4769 perficiendos
2530 4713 2591 4779 et
2621 4704 2688 4779 ad
2726 4706 2890 4779 linem
2938 4700 3313 4779 perducendos
3356 4710 3503 4779 ejus-

1927 4771 2074 4826 modi
2123 4783 2347 4844 conatus
2390 4785 2442 4829 et
2492 4776 2575 4844 pia
2622 4771 3127 4833 desideriaCUude
3177 4780 3291 4833 haec
3344 4771 3501 4833 ciant

1926 4857 2114 4897 eorum
2163 4843 2332 4912 elegia
2368 4854 2422 4897 et
2457 4843 2700 4916 formula:
2733 4847 2981 4916 loquendi
3015 4863 3030 4901 :
3075 4848 3281 4901 initium
3312 4849 3502 4902 salutis

1926 4927 2047 4984 esse
2074 4916 2365 4984 es‘nobis;
2417 4913 3008 4984 perfectionetn‘autem
3041 4932 3068 4969 a
3099 4917 3239 4980 Deo;
3273 4919 3501 4984 gratiam

1928 4982 2020 5033 Dei
2051 4978 2275 5034 subinde
2306 4997 2334 5031 a
2365 4982 2521 5055 nobis
2567 4986 2875 5051 prreveuiri,
2909 5001 3008 5040 nec
3034 4987 3153 5039 dari
3182 4978 3500 5055 nisisuapte

1927 5058 2243 5122 eptintetet
2287 5051 2503 5122 proprio
2534 5063 2679 5105 motu
2713 5056 3049 5121 petentibus,
3091 5051 3456 5122 quaerentibus
3483 5098 3500 5119 ,

1927 5118 2262 5193 pulsantibus
2312 5118 2513 5188 abSque
2564 5126 2759 5187 praevia
2793 5124 2883 5176 Dei
2934 5118 3169 5177 motione
3217 5133 3272 5177 et
3315 5118 3501 5193 gratiae

1925 5188 2226 5256 adjutorio;
2270 5200 2484 5243 nostros
2513 5201 2735 5244 conatus
2761 5202 2814 5246 et
2843 5193 3053 5246 labores
3090 5194 3273 5247 irritos
3298 5188 3352 5246 εἰ
3382 5194 3499 5247 ina-

1926 5275 2022 5313 nes
2048 5271 2191 5320 esse,
2225 5258 2325 5313 nisi
2356 5274 2385 5313 a
2414 5260 2522 5314 Deo
2548 5261 2863 5328 adjuventur
2892 5271 2946 5315 et
2969 5274 3382 5328 promoveantur
3406 5279 3422 5327 ;
3447 5273 3504 5318 et

1925 5330 2010 5383 his
2029 5329 2247 5384 similia.
2277 5328 2474 5385 Ceutra
2509 5332 2642 5385 hanc
2671 5333 2975 5398 opinionem
3007 5331 3268 5399 imprimis
3299 5334 3357 5386 D.
3384 5335 3495 5387 Au-

1924 5402 2205 5464 gttslitlus‘,
2242 5412 2443 5470 praeter
2489 5404 2626 5455 alios
2657 5402 2821 5455 libros
2858 5412 2910 5455 et
2951 5410 3209 5455 tractatus
3238 5403 3497 5458 adversus

1923 5470 2193 5543 Pelagium
2238 5472 2430 5543 editos,
2478 5473 2723 5526 ultimum
2768 5486 2900 5539 apus
2937 5471 3283 5543 composuit;
3310 5484 3498 5543 rogatu

1927 5542 2115 5597 llilarii
2156 5542 2485 5596 Arelatensis
2512 5553 2565 5596 et
2598 5541 3169 5611 Prosperialtegiensis,
3212 5541 3497 5611 episcopo-

1926 5628 2040 5666 rum
2094 5613 2144 5665 in
2192 5613 2383 5677 Gallia,
2437 5612 2627 5666 librum
2678 5613 2883 5667 scilicet
2912 5612 2979 5665 (it;
3010 5610 3493 5671 PrmdestiuatiOne

1926 5692 2257 5744 sanctorum,
2284 5692 2341 5737 et
2370 5683 2597 5738 alterum
2630 5683 2697 5737 de
2729 5683 2872 5737 Bono
2901 5686 3334 5751 perseverantia}.
3365 5684 3494 5753 Qui-

1928 5753 2029 5807 bus
2056 5754 2342 5810 elllcaciter
2378 5754 2563 5813 docuit
2600 5754 2802 5812 nullum
2833 5768 2954 5813 esse
2981 5752 3189 5811 initium
3218 5756 3373 5813 bona:
3392 5752 3497 5815 vo-
3525 5779 3532 5787 ·
