4014 6200
613 215 720 276 445

613 333 886 405 giliarum,
921 327 1173 384 lectionis
1203 335 1258 382 et
1286 325 1594 382 solitudinis
1618 339 1681 380 ac
1706 324 2025 381 remotionis
2053 324 2206 379 labor
2235 332 2285 390 Α

615 431 779 489 fuerit
803 433 1104 504 impensus,
1129 431 1431 502 condignas
1452 444 1572 486 esse
1601 443 1706 485 non
1733 429 1951 500 poterit,
1976 429 2066 500 qui
2091 428 2208 486 haec

616 536 901 591 industriae
921 551 1032 590 suae
1049 536 1266 602 merito,
1284 534 1370 589 vel
1389 533 1611 598 laboris,
1625 533 1885 588 obtineat.
1906 531 2205 602 Numquam

618 637 763 691 enim
787 619 1032 690 divinum
1065 647 1262 689 munus
1288 633 1440 688 labor
1464 633 1716 703 prOprius
1741 633 2044 687 humanave
2067 647 2208 688 com-

618 737 868 805 pensabit
897 733 1180 800 industria,
1205 732 1310 790 nisi
1337 733 1670 790 desideranti
1698 734 1880 790 divina
1909 733 2068 790 fuerit
2105 733 2210 790 mi-

615 835 885 892 seratione
905 833 1248 892 conoessum.

1944 207 2221 264 JOANNIS
2259 205 2571 264 CASSIANI
3770 193 3855 258 ιιι

2905 320 3132 390 CAPUT
3170 319 3309 377 xw.
3370 379 3382 390 ,
3445 381 3456 390 ,
3606 383 3610 390 ,

2459 393 2609 462 Quod
2636 389 3083 465 adjutorium‘Dei
3109 379 3458 446 laborantibus
3488 383 3744 445 tribuatur.

2383 485 2490 541 Nec
2521 485 2624 541 hoc
2653 485 2795 554 dico,
2842 495 2901 541 ut
2930 483 3191 541 humanos
3235 477 3463 540 conatus
3509 475 3766 548 evacuans,
3806 481 3858 539 ab

2312 577 2573 641 industria
2615 587 2668 634 et
2715 577 2915 634 laboris
2959 573 3253 632 intentione
3299 576 3604 647 quempiam
3648 574 3858 631 révocarc

2311 671 2655 727 contendam.
2706 669 2810 726 Sed
2859 667 3012 740 plane
3039 669 3478 725 constantissime
3506 665 3611 723 non
3637 663 3760 732 nisi,
3785 667 3857 722 sed

2312 764 2582 818 seniorum
2635 761 2898 818 sententia
2949 753 3144 818 deﬁnio
3191 767 3218 799 ι
3257 759 3642 832 perfectionem
3687 759 3858 831 quidem

2311 855 2430 913 sine
2455 855 2536 911 bis
2564 857 2784 911 omnino
2811 854 2929 926 capi
2959 855 3066 910 non
3093 869 3284 924 posse;
3312 851 3397 919 his
3423 855 3602 909 autem
3631 849 3749 908 solis
3769 853 3860 906 sine

2311 947 2481 1020 gratia
2504 950 2598 1004 Dei
2622 964 2780 1020 posse
2801 949 2918 1004 eam
2941 961 2971 1003 a
2995 949 3207 1005 nemine
3221 943 3607 1003 consttmmari.
3623 935 3650 985 5
3672 941 3732 1003 Ui
3749 945 3859 1002 enim

1681 1060 1945 1158 ALARDI
1985 1082 2219 1140 GAZEI
2259 1084 2828 1144 COMMENTARIUS.

615 1171 853 1238 luntalis,
888 1170 1034 1239 ﬁdei,
1073 1171 1479 1242 justiﬁcationis
1504 1179 1558 1226 et
1603 1171 1796 1242 salutis
1843 1173 1947 1227 nisi
1991 1189 2020 1228 a
2065 1175 2197 1230 Deo.

614 1244 749 1298 Tum
780 1235 893 1311 ipse
931 1235 1167 1312 Prosper
1207 1245 1465 1313 peculiari
1509 1241 1644 1298 libro
1679 1235 1939 1298 adversus
1981 1245 2205 1299 collato-

619 1330 734 1371 rem
774 1317 922 1369 edito
962 1318 1284 1370 sententiam
1352 1317 1498 1369 illam
1536 1314 1784 1369 Cassiani
1815 1323 1870 1369 et
1906 1316 2208 1371 Massilien-

620 1389 757 1441 sium
787 1388 842 1440 in
890 1387 1177 1441 collatione
1206 1386 1414 1442 decima
1448 1386 1607 1440 tertia
1651 1387 1751 1440 sub
1783 1400 2015 1454 persona
2041 1388 2208 1442 abba-

620 1457 689 1512 tis
736 1457 1109 1528 Chmremonis
1167 1457 1368 1528 editam
1423 1467 1476 1512 et
1526 1470 1872 1528 expressam,
1913 1458 2110 1528 acriter
2153 1466 2208 1512 et

620 1538 779 1582 acute
815 1526 1131 1582 confutavit.
1165 1527 1367 1582 Deinde
1398 1542 1526 1582 vero
1562 1525 1886 1580 (Imlestittus
1917 1525 1938 1580 Ι
1969 1530 2203 1595 pontifex

621 1598 780 1663 hujus
811 1598 1196 1651 controversiae
1243 1599 1526 1662 occasione
1561 1607 1836 1663 permotus
1879 1598 2105 1662 epistola
2136 1601 2202 1654 ad

2313 1191 2468 1230 suum
2507 1177 2988 1253 sensum_trahens
3028 1179 3367 1253 Apostolum.
3416 1177 3488 1233 At
3527 1186 3712 1234 contra
3755 1177 3866 1232 hanc.

2314 1248 2635 1318 sententiam
2686 1248 2783 1305 SS.
2816 1251 2999 1304 Patres
3033 1250 3360 1306 validissime
3390 1259 3868 1318 pngnant,_leamque

2313 1326 2375 1390 ut
2401 1317 2746 1390 Pelagianam
2781 1320 3096 1386 exlilodnnt.
3147 1321 3206 1378 S.
3248 1315 3579 1390 Augustinus
3619 1315 3706 1374 lib.
3745 1335 3777 1372 tt
3803 1315 3867 1371 ad

2311 1387 2636 1461 Bonil'aci’um
2679 1403 2799 1459 cap.
2842 1391 2914 1446 8:
2967 1392 3029 1446 Si
3052 1393 3160 1445 sine
3204 1391 3296 1445 Dei
3338 1387 3518 1461 'gratia
3545 1407 3634 1459 per
3656 1391 3870 1461 nbsincie

2309 1459 2382 1528 pit
2408 1461 2664 1525 cupiditas
2696 1461 2842 1527 boui,
2885 1463 3054 1530 ipsum
3097 1473 3313 1533 ereptum
3351 1459 3451 1517 erit
3500 1464 3732 1516 meritum
3754 1501 3768 1524 ,
3801 1460 3866 1512 cui

2310 1536 2568 1598 tamquam
2600 1547 2663 1584 ea:
2691 1533 2855 1603 debito
2898 1535 3062 1587 veniat
3108 1534 3468 1599 adiutorium,
3521 1533 3691 1603 adsit:
3730 1533 3870 1603 gratia

2310 1616 2411 1673 non
2440 1603 2600 1673 gratis
2645 1601 2952 1668 donabitur,
2995 1603 3086 1656 sed
3131 1606 3312 1658 merito
3361 1613 3533 1658 nostra
3563 1599 3788 1673 dabitur.
3817 1599 3870 1655 Et

619 1659 906 1750 epiSeopps
933 1668 1120 1722 Gallia:
1145 1671 1450 1749 conscripta
1481 1659 1752 1750 silentium
1780 1659 2204 1725 Massiliensibus
2233 1659 2281 1718 Β
2310 1670 2401 1750 lib.
2437 1659 2473 1735 ἶ,
2508 1687 2632 1750 cap.
2664 1674 2726 1728 19
2759 1673 2825 1750 ad
2855 1659 3100 1728 eumdem
3142 1674 3471 1750 Bonifacium
3501 1692 3512 1726 :
3547 1671 3766 1736 Dixisti,
3806 1673 3871 1725 in-

622 1739 895 1806 imposuit,
927 1754 1224 1807 eorumque
1250 1739 1583 1794 assertioncs
1612 1749 1667 1792 ut
1696 1754 1954 1793 erroneus
1985 1750 2040 1794 et
2065 1756 2094 1795 a
2123 1758 2207 1796 ve-

622 1808 784 1862 ritate
817 1811 1078 1864 catholica
1120 1812 1320 1864 alienas
1354 1810 1650 1863 declaravit
1679 1825 1692 1865 :
1717 1811 2046 1866 contrariam
2076 1827 2207 1867 vero

2307 1743 2441 1816 quit,
2477 1760 2509 1795 a
2539 1743 2641 1816 Dei,
2664 1746 2835 1816 gratia
2858 1761 3056 1816 semper
3084 1745 3342 1816 adjuvari,
3373 1754 3638 1813 tamquam
3670 1760 3760 1797 sua
3785 1759 3866 1816 qvo-

2308 1812 2523 1886 luntate,
2551 1812 2696 1886 nulla
2725 1815 2819 1886 Dei
2844 1815 3011 1886 gratia
3037 1812 3225 1869 bonum
3247 1831 3373 1886 opus
3398 1831 3687 1885 aggressus,
3711 1817 3760 1886 in
3779 1815 3869 1886 ipso

622 1877 687 1957 I_).
723 1879 1030 1949 Augustini,
1079 1875 1356 1957 Prosperi,
1393 1880 1586 1957 Hilarii
1631 1881 2206 1957 etalio‘runLPntrnm
2298 1885 2415 1957 jam
2444 1875 2597 1957 opere
2626 1875 2886 1957 diuinith
2929 1887 3243 1957 adjuvetur,
3278 1875 3391 1954 'pro
3431 1875 3630 1939 irieritis
3672 1875 3872 1957 uidelicet

621 1950 926 2024 doctrinam
955 1951 1472 2024 approbavit(Tomo
1497 1950 1519 2004 Ι
1547 1949 1746 2024 _C_oncil_._
1769 1950 1894 2006 edit.
1923 1949 2204 2023 Biniante).

621 2021 904 2077 Postremo
934 2021 1054 2080 cum
1085 2040 1151 2078 ne
1179 2027 1255 2078 sic
1287 2021 1503 2092 quidem
1546 2021 1914 2093 Massilienses
1952 2021 2210 2093 conquie-

621 2095 975 2158 scerent,snb
1004 2096 1312 2165 pontiﬁcatu
1343 2093 1537 2149 Felicis
1559 2108 1707 2161 papae
1734 2092 1824 2158 IV,
1852 2100 1910 2146 ut
1934 2092 2089 2149 notat
2113 2095 2211 2152 Se-

621 2169 838 2236 verinus
869 2165 1078 2234 Binius,
1115 2182 1255 2222 anno
1285 2166 1494 2220 Domini
1521 2165 1625 2218 4‘29
1648 2175 1969 2236 congregata
2001 2167 2208 2236 synodo

624 2235 978 2308 Arausicana,
1011 2255 1106 2308 per
1137 2239 1338 2307 aliquot
1367 2251 1603 2308 canones
1646 2234 1851 2308 diserte
1889 2245 1942 2289 et
1973 2234 2044 2291 ei
2087 2253 2212 2305 pro-

623 2307 767 2362 fesso
797 2306 1023 2364 refutati
1039 2317 1184 2373 sunt,
1217 2306 1271 2362 et
1296 2308 1506 2375 explosi
1528 2306 1942 2361 Massiliensium
1969 2307 2206 2373 articuli,

623 2387 680 2450 et
708 2380 972 2434 catholica
1005 2381 1245 2434 doctrina
1285 2389 1494 2450 asserta
1544 2387 1599 2450 et
1626 2377 1866 2450 deﬁnita.
1920 2376 2056 2443 Quae
2094 2382 2212 2450 qui-

623 2448 744 2502 dem
796 2453 1000 2516 omnia,
1034 2451 1146 2504 Deo
1176 2449 1498 2517 auxiliante,
1544 2449 1705 2502 latius
1737 2448 2129 2517 prosequemur
2157 2461 2212 2506 et

625 2521 830 2587 explica
841 2522 1015 2576 bimus
1034 2524 1084 2576 in
1101 2520 1541 2576 annotationibus
1563 2519 1630 2574 ad
1651 2519 1848 2573 dictam
1866 2521 2208 2578 collationem

624 2588 888 2647 decimam
916 2593 1156 2647 tertiam.

696 2674 721 2700 α
753 2661 1144 2719 Perfectiouem
1171 2665 1276 2730 hic,
1309 2673 1368 2719 ut
1398 2663 1449 2716 in
1479 2659 1928 2734 praecedentibus,
1965 2662 2215 2734 intelligit

624 2739 1143 2790 consummationem
1171 2737 1298 2791 boni
1326 2734 1506 2805 operis
1530 2734 1582 2787 in
1611 2733 1800 2802 quovis
1827 2747 2023 2803 genere
2048 2733 2214 2789 virtu-

625 2814 758 2870 tum,
788 2806 887 2859 hoc
912 2816 997 2860 est
1036 2807 1325 2877 perfectam
1367 2804 1950 2877 fidem;_cl_iaritatemq,
1995 2808 2216 2860 castita-

626 2883 754 2941 tem,
785 2875 1219 2942 sanctimoniam,
1249 2888 1382 2944 etc.,
1436 2884 1493 2934 ut
1538 2875 1833 2944 distinguat
1879 2875 1949 2928 ab
1996 2877 2215 2931 inclina-

627 2949 791 3018 tione,
825 2963 922 3002 seu
950 2951 1404 3011 initiisjbonorum
1433 2961 1680 3016 operum.
1709 2959 1828 3014 quas
1847 2947 1971 3000 alibi
1999 2948 2210 3018 (Collat.

2307 1954 2587 2026 voluntatis
2617 1955 2780 2018 bonte,
2812 1964 2865 2009 ut
2893 1954 3141 2011 reddatur
3167 1958 3334 2010 debita
3363 1958 3556 2026 gratia,
3586 1973 3685 2009 non
3713 1954 3873 2026 reddaj

2311 2033 2394 2077 tur
2410 2025 2654 2100 indebita,
2672 2043 2735 2100 ac
2754 2028 2826 2100 sic
2850 2029 3018 2098 gratia
3027 2031 3144 2100 jant
3165 2045 3265 2082 non
3285 2029 3348 2081 sit
3367 2024 3565 2099 gratia,
3584 2028 3669 2100 sed
3683 2028 3748 2100 sit
3766 2024 3873 2100 illud

2309 2095 2446 2181 quod
2496 2094 2743 2168 Pelagius
2777 2094 2902 2181 ,ἔρξε
2948 2100 3000 2181 in
3027 2094 3325 2181 'episcOpali
3361 2094 3596 2181 judicia
3624 2097 3896 2181 Palestina

2311 2165 2560 2240 danmare
2586 2165 2876 2240 compulsus
2907 2179 2998 2235 est,
3029 2165 3247 2240 gratiam
3278 2165 3381 2224 Dei
3402 2171 3689 2240 secundum?
3717 2168 3872 2220 merita

2313 2247 2487 2290 nostra
2518 2237 2651 2291 dari.
2685 2238 2742 2294 S.
2783 2237 3114 2308 Prosper—in
3164 2241 3302 2294 libro
3347 2253 3536 2295 contra
3583 2239 3875 2294 Collatoretn

2312 2322 2431 2376 cap.
2451 2307 2483 2363 6
2509 2326 2522 2362 :
2552 2311 2837 2375 Quomodo,
2869 2307 3062 2378 inquit,
3087 2328 3189 2365 non
3217 2313 3436 2366 advenis
3463 2321 3509 2365 te
3535 2313 3586 2364 in
3607 2310 3737 2363 illud
3761 2309 3874 2361 dant-

2315 2389 2490 2431 natum
2532 2380 2789 2450 incidere,
2828 2399 2926 2450 quo
2972 2381 3123 2445 velis,
3171 2383 3324 2447 nolis,
3369 2382 3685 2435 convinceris
3714 2381 3873 2450 dicere,

2314 2452 2535 2520 gratiam
2567 2449 2662 2503 Dei
2691 2447 2970 2504 secundum
2993 2453 3173 2506 merita
3201 2463 3374 2506 nostra
3403 2453 3542 2518 dari,
3571 2466 3682 2505 cum
3703 2447 3874 2520 aliquid

2314 2517 2598 2594 prweedere
2623 2521 2740 2575 boni
2767 2524 2935 2591 aperis
2962 2539 3024 2576 ea:
3049 2525 3172 2594 ipsis
3205 2517 3748 2594 hominibus,propter
3766 2517 3875 2593 quod

2313 2593 2537 2664 gratiam
2554 2604 2961 2664 consequantur,
2991 2593 3249 2664 affirmas.
3450 2628 3460 2639 -

2386 2660 2414 2700 ιδ
2446 2663 2525 2715 Ad
2552 2662 2665 2718 tunc
2695 2660 2855 2718 verba
2891 2665 2989 2720 Do.
3021 2660 3288 2735 Cuychius
3317 2677 3470 2719 suam
3499 2663 3743 2718 adhibuit
3773 2675 3877 2716 cen-

2316 2745 2520 2805 suram,
2536 2749 2694 2801 quam
2718 2749 2861 2800 cum,
2879 2736 2994 2788 aliis
3017 2739 3148 2790 utin
3175 2736 3488 2805 praéfatione
3508 2736 3875 2805 pr0posuimus,

2315 2802 2445 2858 huic
2497 2806 2644 2872 operi
2697 2805 3068 2874 subjiciemus,
3104 2802 3290 2862 lectori
3337 2802 3879 2862 studioso'videndam

2317 2873 2806 2946 etperlegendam;
2839 2893 2944 2946 qua
2977 2893 3081 2931 non
3121 2880 3292 2932 solum
3339 2877 3704 2933 difﬁcultatem
3757 2875 3880 2942 hujus

2319 2943 2420 2999 loci
2449 2943 2721 3000 eluCidare
2746 2943 2968 3013 studuit,
2999 2949 3090 3003 sed
3120 2959 3172 3003 et
3200 2950 3518 3004 Cassianum
3553 2949 3650 3002 hac
3675 2951 3732 3001 in
3763 2953 3881 3015 parte

628 3016 697 3091 t5
727 3035 773 3071 c.
803 3021 891 3087 i2)
941 3030 1096 3074 vocat
1125 3023 1319 3074 semina
1347 3015 1594 3091 uirtutum
1624 3031 1653 3070 a
1703 3028 1895 3091 natura
1936 3015 2092 3072 nobis
2130 3019 2212 3073 in-
2241 3015 2287 3079 C
2320 3029 2542 3091 prorsus
2571 3018 2639 3091 ab
2670 3022 2872 3091 erroris
2897 3029 3028 3091 nota
3057 3021 3337 3091 rvindirare
3365 3029 3420 3074 et
3441 3027 3692 3091 purgare.
3719 3020 3880 3091 Censet

626 3089 758 3154 sita;
808 3105 902 3158 per
943 3091 1057 3146 haec
1100 3092 1404 3160 intelligens
1441 3089 1613 3142 bonas
1638 3088 2013 3156 cogitationes,
2051 3092 2215 3144 bonas

625 3161 953 3219 voluntates.
990 3163 1073 3230 pia
1103 3161 1364 3217 desidet-ia
1402 3160 1605 3212 viribus
1637 3165 1874 3221 natum,
1916 3174 2012 3213 seu
2059 3160 2217 3216 liberi

626 3231 834 3285 arbitrii
882 3243 1138 3300 concepta
1187 3233 1326 3286 circa
1377 3245 1534 3284 omne
1585 3242 1753 3298 genus
1792 3232 2216 3301 virtutumzqni

628 3301 722 3356 fuit
746 3317 901 3357 error
927 3304 1356 3365 Massiliensium,
1382 3309 1440 3354 ut
1469 3301 1670 3353 dictum
1695 3308 1799 3354 est.
1826 3301 2030 3356 Sensus
2057 3302 2218 3370 igitur

628 3382 732 3437 est,
763 3375 1168 3444 perfecﬁonem,
1203 3376 1405 3429 scilicet
1435 3373 1560 3426 boni
1589 3371 1788 3444 operis,
1819 3370 1921 3444 vel,
1944 3374 1986 3424 si
2018 3376 2214 3440 mavis,

628 3442 1016 3512 perfectionen‘t
1061 3446 1452 3509 Christianam,
1497 3458 1592 3498 seu
1639 3442 2056 3514 ,Evangelicani,
2098 3461 2217 3514 quas

628 3516 887 3582 primario
916 3518 1130 3587 quidem
1164 3528 1216 3571 et
1245 3514 1605 3572 essentialiter
1635 3513 1686 3566 in
1719 3513 1986 3587 charitate
2009 3513 2217 3587 consi-

537 3597 540 3599 ‘
625 3587 754 3652 stit;
790 3584 1110 3644 secundario
1137 3598 1312 3643 autem
1357 3597 1448 3641 aut
1491 3584 1980 3639 instrumentaliter
2006 3585 2058 3638 in
2089 3589 2220 3641 alia-

627 3673 748 3712 rum
793 3661 1047 3715 virtntum
1093 3661 1380 3726 complexu
1411 3667 1467 3712 et
1494 3658 1866 3726 possessione,
1926 3672 2030 3710 non
2061 3673 2220 3726 posse

626 3729 856 3784 obtineri
891 3732 1007 3786 sine
1038 3733 1141 3800 his,
1173 3732 1289 3785 scil.
1322 3729 1576 3784 humanis
1605 3726 1886 3783 conatibus
1908 3770 1920 3794 ,
1955 3727 2218 3784 industria

625 3807 682 3884 et
712 3800 898 3885 l‘abore
927 3804 1040 3875 (qui
1071 3813 1246 3857 tamen
1281 3817 1377 3885 per
1399 3817 1463 3885 se
1480 3799 1745 3885 sufﬁciant
1771 3800 1838 3885 ad
1862 3800 2058 3885 borium
2083 3815 2220 3867 opus

627 3869 1124 3935 inchoattdu‘n—tmut
1147 3869 1606 3942 concipiendum),
1622 3869 1716 3942 sed
1738 3871 1803 3942 ad
1828 3870 2216 3942 perfectionem

629 3955 765 4008 Opus
796 3957 915 3996 esse
949 3943 1042 3997 Dei
1073 3946 1270 3996 auxilio
1302 3940 1701 4010 supernaturali
1730 3941 1892 4010 (Vide
1929 3940 2120 3994 Coltnt.
2152 3942 2214 3996 11

629 4010 692 4064 de
717 4011 1254 4085 Perfcctione).rlianc
1279 4027 1400 4085 esse
1422 4022 1654 4066 mentem
1681 4013 1935 4085 Auctoris
1952 4012 2220 4085 colligitur

631 4081 913 4140 manifeste
943 4100 1005 4136 ex
1038 4081 1159 4137 aliis
1189 4083 1320 4136 locis
1347 4097 1467 4135 cum
1501 4085 1602 4135 hoc
1627 4082 1861 4135 collatis.
1895 4081 2024 4133 Nam
2053 4083 2220 4134 colla-

630 4153 791 4222 tionis
824 4157 891 4209 15
923 4169 1043 4222 cap.
1076 4155 1108 4208 9
1169 4155 1289 4206 aliis
1338 4154 1518 4207 verbis
1565 4152 1702 4205 idem
1755 4153 1946 4203 astruit
1993 4150 2216 4207 dicens:

637 4221 704 4274 Ut
730 4234 900 4276 autem
929 4221 1210 4278 evidentius
1231 4224 1425 4278 clareat
1457 4224 1607 4276 etiam
1637 4237 1725 4292 per
1757 4230 1958 4274 natura:
1992 4223 2178 4275 bonum
2201 4263 2216 4288 ,

630 4293 763 4362 quod
786 4296 1030 4362 beneﬁcio
1077 4295 1332 4348 Creatoris
1373 4294 1631 4347 indultum
1677 4301 1785 4355 est,
1835 4308 2219 4361 nonnumquam

2320 3091 2462 3161 enim
2488 3089 2578 3161 illa
2600 3089 2845 3142 Cassiani
2877 3089 3018 3143 dicta
3051 3090 3105 3145 in
3134 3092 3233 3146 hoc
3261 3087 3459 3160 capite,
3490 3087 3690 3161 quibus
3719 3087 3878 3161 asserit

2320 3157 2486 3212 Deum
2517 3159 2885 3213 laborantibus
2910 3170 3114 3215 tantum
3144 3175 3206 3216 ac
3249 3157 3638 3216 deéudant'ibus
3685 3159 3878 3229 gratiam

2320 3241 2470 3282 suam
2503 3230 2703 3299 largiri,
2736 3241 2983 3292 nostrum
3012 3241 3142 3287 Vero
3170 3247 3289 3288 esse
3323 3233 3478 3286 bona:
3508 3230 3790 3287 voluntatis
3811 3242 3882 3281 oc-

2319 3299 2609 3373 casionemq
2645 3301 2758 3373 Deo
2803 3301 3032 3367 oﬂ'crre,
3081 3317 3183 3372 qua
3222 3313 3545 3373 provocatus
3574 3312 3883 3373 munerasus

2321 3369 2374 3423 in
2409 3387 2507 3425 nos
2537 3371 2809 3439 eﬁ‘undat;
2839 3369 3184 3442 intelligenda
3213 3369 3354 3440 esse,
3381 3389 3489 3429 non
3517 3375 3584 3428 de
3607 3369 3883 3442 inﬁdelibus

2291 3449 2412 3495 ~aut
2442 3443 2620 3512 impiis
2649 3443 2978 3512 hominibus,
3011 3440 3107 3500 sed
3134 3446 3201 3500 de
3233 3448 3436 3500 renatis
3477 3458 3531 3500 et
3567 3440 3882 3513 justiﬁcatis,

2320 3514 2453 3586 sive;
2485 3510 2555 3586 iti_
2587 3522 2730 3586 statu
2781 3510 2971 3584 gratize
3007 3517 3334 3582 constitutis,
3364 3519 3454 3585 qui
3487 3510 3675 3586 gratia:
3705 3510 3885 3568 inhabi-

2320 3584 2485 3655 tantis
2527 3584 2760 3653 Spiritus
2807 3587 2978 3640 sancti
3027 3584 3392 3655 coopci'antes
3429 3584 3885 3642 et'collaborantes

2320 3653 2386 3728 de
2406 3656 2606 3728 virtute
2629 3657 2678 3709 in
2706 3657 2958 3711 virtutem
2984 3653 3425 3728 progrediuntur,
3448 3673 3612 3727 seque
3629 3658 3693 3710 ad
3717 3655 3885 3722 majora

2323 3725 2419 3801 _De_i
2441 3727 2577 3780 dona
2601 3728 2945 3801 percipienda
2965 3725 3186 3801 idoneos
3202 3741 3255 3784 et
3271 3744 3499 3801 capaces
3523 3725 3766 3801 reddunt,
3791 3738 3888 3801 pro:

2320 3797 2445 3870 inde
2465 3813 2567 3852 non
2593 3800 2878 3853 excludere
2903 3798 3142 3852 divinum
3167 3797 3511 3869 adjutorium,
3542 3800 3680 3870 quod
3703 3799 3748 3851 in
3769 3797 3888 3870 omni

2322 3868 2677 3942 dispositione
2708 3879 2761 3924 et
2786 3872 3178 3942 praeparatione
3217 3868 3280 3924 ad
3306 3876 3535 3942 gratiam
3561 3868 3887 3939 supponitur.

2327 3938 2521 4015 Yet-um
2555 3941 2671 3993 hazc
2693 3941 2957 4015 expositio
2985 3941 3086 4015 Do.
3110 3938 3331 4015 (Iuychii
3359 3941 3519 4015 (licet
3547 3938 3715 4012 piaet
3733 3941 3891 4015 catt_i_o-

2321 4009 2457 4079 lica)
2490 4021 2668 4064 tamen
2702 4008 2805 4064 non
2837 4012 3047 4066 videtur
3078 4008 3204 4067 huic
3231 4015 3348 4068 loeti
3368 4008 3686 4076 convenire,
3717 4020 3764 4065 el
3793 4008 3891 4060 aliis

2322 4081 2586 4147 theologis
2613 4097 2718 4142 non
2743 4083 3030 4150 probatur,
3064 4085 3208 4152 quod
3236 4094 3388 4139 certo
3438 4082 3642 4138 certius
3685 4087 3890 4139 conste'.

2322 4160 2432 4222 tum
2461 4167 2528 4204 ex
2565 4153 2679 4219 ipso
2709 4152 2962 4214 Auctore,
2992 4161 3104 4207 tum
3132 4170 3198 4208 ex
3230 4155 3351 4210 aliis
3372 4197 3386 4220 ,
3433 4169 3542 4208 non
3591 4152 3892 4222 aliamﬂejus

2318 4219 2487 4292 {disse
2519 4233 2757 4277 mentem
2791 4235 2853 4276 ac
2878 4225 3220 4292 sententiam,
3259 4219 3417 4292 quam
3449 4227 3600 4278 illam
3626 4219 3892 4292 Massilien-

2320 4291 2486 4356 sium,
2518 4293 2584 4346 de
2611 4309 2712 4362 qua
2744 4307 2921 4362 supra,
2956 4288 3225 4364 quamque
3258 4288 3486 4363 ipsemet
3508 4296 3692 4350 collat.
3727 4295 3790 4348 15
3813 4288 3895 4343 sub

631 4361 879 4455 bonarum
931 4365 1252 4455 voluntatum
1301 4367 1512 4455 prodire
1560 4363 1864 4445 principian
1895 4380 2006 4434 qua:
2047 4375 2217 4442 tamen
2243 4393 2298 4455 Β
2323 4364 2532 4444 abbatis
2575 4361 2946 4455 ChaarIemonis
2968 4361 3532 4455 ;lIl0‘l.ltl—lle.piefliltshet
3560 4365 3895 4455 apertiuses-

629 4433 727 4486 nisi
757 4453 789 4488 a
817 4437 1038 4491 Domino
1065 4433 1387 4506 dirigantur,
1416 4438 1483 4489 ad
1524 4435 2011 4506 consummationem
2056 4435 2217 4488 virtu-

631 4508 1025 4580 tunt_pei'veiiire
1050 4525 1150 4560 non
1171 4505 1700 4580 possinttApostolus
1727 4506 1869 4560 testis
1895 4518 1968 4580 est
2002 4507 2221 4580 diverti:

638 4571 796 4650 Velle
831 4579 1031 4650 adjacet
1079 4571 1243 4642 milii;
1289 4571 1529 4647 perﬁce-re
1573 4589 1869 4650 autemnon
1898 4578 2119 4650 invenio.
2153 4577 2221 4633 Et

633 4645 972 4704 manifestius
1005 4661 1150 4719 patet
1175 4666 1246 4705 ex
1267 4645 1388 4716 cap.
1414 4645 1681 4718 sequenti,
1707 4647 1794 4700 ubi
1818 4648 2020 4716 profert
2045 4665 2222 4704 exem-

629 4719 814 4790 plarde
857 4723 1108 4776 omnibus
1155 4721 1412 4775 virtutum
1453 4719 1761 4790 generibus,
1793 4722 1956 4772 etiam
1998 4719 2068 4774 de
2116 4720 2221 4777 ﬁde

629 4789 680 4843 in
708 4789 982 4846 Christum
1016 4803 1070 4848 et
1098 4793 1164 4846 de
1198 4789 1598 4861 perseverantia
1626 4790 1678 4844 in
1705 4793 1873 4855 bono;
1897 4801 1950 4845 et
1971 4790 2102 4844 dicit
2121 4807 2220 4846 nos

627 4863 808 4916 omnia
831 4863 931 4918 ista
956 4863 1118 4919 liberi
1143 4863 1347 4919 arbitrii
1371 4863 1572 4917 viribus
1595 4875 1755 4931 posse
1778 4862 1947 4925 velle;
1970 4863 2067 4917 sed
2091 4861 2219 4917 illud

629 4935 767 4988 velle
789 4949 912 4990 esse
934 4935 1207 4990 inﬁrmum
1225 4935 1292 4990 ad
1310 4934 1693 5002 perﬁciendum
1717 4948 1901 5001 opere,
1929 4935 2026 4988 nisi
2049 4935 2219 5000 gratia

629 5006 961 5061 subvenerit.
1013 5006 1180 5062 Posse
1223 5021 1399 5062 tamen
1441 5021 1541 5061 nos
1583 5021 1680 5074 per
1718 5004 1851 5059 illud
1887 5005 2218 5060 desiderium

626 5081 852 5148 gratiam
885 5079 1174 5148 impetrare
1202 5080 1270 5134 ad
1303 5079 1710 5148 perﬁciendum.
1740 5075 1947 5130 Rursus
1978 5091 2096 5144 cap.
2130 5077 2216 5131 H:

628 5147 757 5202 Cum
777 5147 980 5214 viderit,
1002 5151 1191 5219 inquit,
1219 5147 1315 5205 nos
1335 5151 1470 5204 Deus
1491 5151 1559 5203 ad
1580 5149 1768 5202 bonum
1785 5149 1910 5219 velle
1931 5148 2217 5216 deﬂectere,

627 5223 876 5284 occurrit,
914 5218 1095 5294 dirigit
1129 5232 1280 5293 atque
1311 5223 1734 5294 confortat,_et_c.
1766 5218 1919 5294 Ideni
1942 5221 2222 5294 prosequi-

629 5303 711 5344 tur
739 5307 858 5357 cap.
890 5294 977 5358 i2,
1010 5289 1074 5347 ac
1100 5289 1316 5348 domum
1344 5289 1418 5346 ita
1461 5291 1768 5347 concludit:
1814 5289 2055 5341 Dubitari
2098 5305 2218 5360 ergo

627 5379 728 5416 non
752 5373 915 5434 potest
941 5363 1340 5434 inessequidem
1368 5365 1504 5418 omni
1525 5363 1710 5434 animw
1732 5362 2036 5434 naturaliter
2061 5360 2221 5434 uirtu-

623 5430 971 5489 tum'semina
1019 5430 1266 5502 beneﬁcio
1311 5433 1568 5488 Creatoris
1611 5433 1834 5494 inserta;
1865 5432 1954 5484 sed
1980 5430 2080 5483 nisi
2109 5431 2220 5484 haec

624 5506 963 5572 apitulatioue
989 5503 1086 5560 Dei
1111 5508 1299 5576 fuerint
1327 5506 1565 5576 excitata,
1590 5505 1656 5558 ad
1684 5503 2062 5576 incrementum
2104 5517 2220 5576 per-

627 5571 862 5642 fectionis
889 5593 988 5629 non
1014 5571 1250 5647 poterunt
1281 5573 1582 5647 pervenire:
1606 5575 1749 5645 quia,
1779 5571 2060 5647 seeundum
2097 5572 2218 5625 bea-

627 5655 732 5718 tum
762 5643 1098 5718 Apostolttttt,
1127 5643 1291 5718 neque
1315 5643 1638 5716 qui'plantat
1673 5655 1746 5718 est
1779 5643 2008 5718 aliquid,
2059 5659 2220 5718 neque

628 5715 716 5784 qui
738 5716 892 5783 rigat,
921 5716 1010 5769 sed
1035 5719 1122 5786 qui
1150 5715 1518 5774 incrementum
1547 5718 1633 5772 dat
1666 5716 1822 5773 Deus.
1868 5718 1956 5775 Sic
1994 5716 2110 5787 ipse
2149 5716 2219 5773 ad

2325 4437 2518 4502 pressit
2542 4445 2595 4489 et
2615 4435 2905 4512 evolgavit,
2933 4435 3201 4512 videlicet,
3223 4431 3429 4512 initium
3449 4431 3613 4512 boote;
3624 4431 3894 4512 voluntatis

2321 4520 2440 4559 esse
2471 4520 2536 4561 ex
2570 4503 2835 4570 nobisfct
2864 4523 3020 4576 posse
3046 4511 3320 4565 hominem
3350 4511 3459 4563 Suis
3479 4519 3534 4561 se
3565 4503 3776 4558 viribus
3805 4503 3896 4576 dis-

2316 4591 2524 4650 ponere
2546 4595 2606 4634 ac
2632 4580 2888 4633 idoneum
2917 4580 3142 4636 reddere
3175 4581 3240 4635 ad
3269 4582 3496 4650 gratiam
3527 4576 3622 4650 Dei
3655 4575 3895 4644 recipien-

2322 4649 2476 4713 dam;
2507 4651 2645 4720 quod
2675 4653 2772 4705 etsi
2799 4667 2903 4705 non
2930 4660 3035 4704 tam
3061 4662 3246 4721 aperte
3263 4649 3444 4721 tradat
3468 4649 3573 4721 hoc
3597 4649 3738 4714 loco,
3757 4657 3894 4713 quam

2323 4721 2375 4775 in
2410 4722 2498 4775 illa
2524 4715 2820 4775 collatione
2841 4734 2997 4791 quam
3024 4715 3238 4794 idcirco
3255 4715 3320 4776 D.
3345 4715 3581 4794 Prosper
3604 4722 3895 4794 impugnare

2322 4806 2608 4862 aggressus
2630 4803 2740 4857 est;
2767 4807 2871 4846 non
2897 4801 3072 4847 tamen
3099 4795 3168 4847 ita
3192 4792 3419 4846 obseure
3450 4791 3762 4855 insinuavit,
3784 4791 3894 4857 quin

2323 4863 2510 4916 lectori
2540 4863 2885 4918 mediocriter
2913 4872 3122 4918 attento
3155 4864 3312 4919 facile
3345 4872 3400 4919 et
3437 4875 3503 4918 ex
3545 4862 3726 4916 multis
3760 4872 3898 4925 argu-

2324 4935 2516 5008 mentis
2538 4934 2832 5008 elueescat:
2865 4933 2934 5008 i_°_
2951 4936 3094 5008 quod
3115 4949 3144 4989 a
3162 4951 3281 5005 cap.
3305 4936 3388 5008 κιο
3424 4931 3674 5008 nsquga_d
3707 4944 3819 5008 cap.
3843 4926 3897 4981 19

2323 5006 2454 5057 satis
2466 5005 2683 5074 quidem
2710 4993 3002 5080 honorifice
3025 4993 3271 5080 loquatdr
3285 5007 3349 5080 de:
3363 4993 3537 5080 gratia
3554 4993 3672 5080 Dei,
3685 4993 3899 5080 eantque

2321 5071 2652 5146 magnopere
2672 5077 3008 5131 commendet
3033 5071 3618 5146 adversugPelagium,
3641 5071 3713 5129 ita
3737 5083 3900 5146 tamen

2324 5156 2381 5200 ut
2413 5137 2798 5216 perfectionem
2833 5151 3202 5201 tantummodo
3237 5151 3285 5204 ei
3336 5137 3615 5216 ascﬁhai,
3656 5144 3816 5216 nulla
3845 5140 3901 5189 de

2322 5211 2495 5271 initiis
2522 5217 2662 5274 facta
2687 5217 2984 5273 mentione:
3011 5219 3098 5274 ubi
3122 5221 3251 5273 latet
3273 5211 3758 5289 tnysteriut‘n’quod
3780 5211 3902 5277 (Συγ-

2324 5291 2478 5343 chius
2508 5305 2614 5343 non
2647 5289 3047 5352 animadvertit,
3075 5292 3164 5360 qui
3191 5307 3257 5346 ex
3301 5275 3367 5345 eo
3413 5287 3558 5358 quod
3607 5275 3898 5360 Cassianus,

2322 5369 2436 5414 tum
2484 5361 2585 5415 hoc
2614 5361 2785 5417 libro.
2822 5369 2931 5412 tum
2980 5357 3111 5416 alibi
3156 5371 3264 5415 tam
3317 5357 3604 5430 magniﬁce
3639 5357 3708 5412 de
3747 5357 3901 5424 gratia

2323 5429 2550 5501 ejusque
2578 5430 2893 5486 necessitate
2923 5431 3193 5500 loquatur,
3224 5429 3560 5501 existimavit
3581 5429 3704 5486 eum
3737 5430 3801 5501 ab
3826 5437 3901 5476 er-

2323 5498 2896 5572 rore—Massiliensmm
2935 5498 3100 5558 fuisse
3139 5505 3466 5568 immunem;
3511 5498 3577 5555 2°
3621 5499 3765 5570 quod
3800 5509 3902 5572 ρξιςο

2323 5571 2424 5627 sim
2454 5574 2521 5627 ab
2551 5574 2642 5627 illo
2673 5587 2792 5638 cap.
2827 5571 2896 5625 10
2943 5584 2997 5626 et
3037 5573 3294 5642 deinceps
3334 5565 3614 5642 supponat
3639 5565 3738 5642 in,
3763 5565 3900 5642 nobis

2324 5643 2522 5698 bonam
2548 5635 2908 5705 voluntatem,
2951 5635 3540 5710 conatumflaborém,
3587 5635 3900 5697 desiderium

2322 5714 2511 5772 salutis
2555 5724 2679 5771 ante
2717 5728 2933 5770 omnem
2979 5709 3218 5788 gratiam
3251 5725 3308 5774 et
3342 5709 3606 5785 divinam,
3636 5723 3700 5770 ut
3741 5713 3902 5773 vocali
