4004 6198
565 279 672 333 M7

1912 283 2190 344 JOANNIS
2226 286 2538 345 CASSIANI

3731 295 3831 354 “8

562 394 773 463 loquar,
799 394 1105 450 volentibus
1124 404 1176 451 et
1197 397 1536 452 currentibus
1559 398 1843 466 impartiri,
1859 401 2152 456 secundum
2179 406 2232 465 Α
2257 403 2463 460 Praesto
2492 413 2576 461 est
2600 418 2832 476 namque
2857 406 3143 464 occasione
3169 407 3269 464 sibi
3299 409 3667 465 tantummodo
3688 424 3719 465 ιι
3742 426 3833 468 no-

564 488 694 544 illnd
719 488 860 560 quod
887 491 1046 544 etiam
1069 489 1122 544 in
1145 491 1352 560 psalmo
1375 493 1707 561 octogesimo
1730 503 1922 550 octavo
1942 510 2008 551 ex
2036 511 2158 566 per-

561 595 692 636 SOIta
725 582 819 636 Dei
846 591 1127 636 cantatur:
1159 582 1324 637 Posui
1371 585 1693 656 adjutorium
1732 587 1786 642 in
1833 599 2064 658 potente,
2103 601 2158 646 et

563 678 783 730 exaltari
824 677 1036 731 electum
1093 676 1154 730 de
1206 678 1350 746 plebe
1393 695 1507 732 mea
1553 680 1726 752 (Vide
1772 685 2156 741 annotationem

562 773 840 825 secundam
867 772 968 825 Do.
988 770 1179 841 Cayclt.
1210 773 1263 825 in
1293 774 1434 827 calce
1459 775 1671 845 operis).
1698 785 1724 812 ιι
1747 776 1983 833 Dicimus
2008 780 2156 834 enim

563 864 856 918 Secundum
881 865 1179 920 Salvatoris
1201 869 1522 922 sententiam
1543 868 1658 924 dari
1686 870 1905 940 quidem
1929 873 2151 940 petenti-

566 957 680 1021 huc,
715 967 769 1012 et
803 958 999 1027 aperiri
1033 959 1387 1030 pulsantibus,
1413 971 1516 1017 eta
1539 966 1904 1032 quaerentibus
1923 967 2153 1022 inveniri

568 1047 916 1120 (Hall/LVII);
940 1050 1033 1106 sed
1054 1052 1391 1120 petitionem,
1408 1063 1463 1110 et
1486 1055 1912 1123 inquisitionem,
1930 1059 2022 1115 etb
2038 1062 2152 1129 pul-

562 1141 824 1195 sationem
856 1151 1097 1197 nostram
1127 1157 1232 1196 non
1263 1159 1382 1199 esse
1412 1146 1763 1216 condignam,
1797 1153 1898 1203 nisi
1946 1151 2154 1207 miseri-

564 1233 746 1288 cordia
765 1233 859 1287 Dei
875 1233 925 1289 id
940 1233 1082 1303 quod
1106 1237 1339 1305 petimus
1359 1235 1591 1305 dederit,
1614 1241 1696 1294 vel
1719 1241 1994 1310 aperuerit
2010 1243 2152 1312 quod

566 1326 869 1396 pulsamus,
915 1327 998 1383 vel
1038 1327 1167 1385 illud
1192 1328 1338 1400 quod
1368 1331 1659 1400 quatrimus
1687 1333 1874 1391 fecerit
1897 1335 2147 1392 inveniri.

2260 495 2342 551 bis
2361 497 2515 552 bonae
2534 497 2828 554 voluntatis
2847 498 3048 565 oblata,
3071 499 3136 554 ad
3160 498 3277 555 iure
3295 501 3475 555 omnia
3494 500 3829 563 conferenda.

2260 591 2505 661 Amplius
2529 592 2673 646 enim
2703 591 2792 647 ille
2819 608 2980 662 quam
3010 607 3129 657 nos,
3155 591 3544 664 perfectionem
3589 596 3830 651 Salutem-

2262 700 2366 754 qtte
2411 695 2653 739 nostram
2690 683 2969 740 desiderat
3014 693 3070 740 et
3115 694 3413 756 exspectat.
3463 685 3534 740 Et
3563 686 3615 742 in
3641 696 3830 742 tantum

2261 777 2449 833 beatus
2479 777 2647 832 David
2679 786 2996 848 proventum
3027 778 3110 832 sui
3149 778 3332 847 operis
3374 791 3438 832 ac
3478 777 3675 833 laboris
3718 794 3831 847 pro-

2262 872 2379 941 pria
2421 879 2623 926 tantum
2662 871 2923 927 industria
2955 886 3061 926 non
3095 885 3255 941 posse
3300 879 3531 926 noverat
3573 870 3830 925 obtineri:

2257 973 2318 1020 ut
2347 980 2376 1017 a
2404 963 2634 1019 Domino
2665 964 2960 1034 promereri
2995 963 3348 1019 directionem
3374 978 3593 1018 suorum
3621 976 3835 1032 operum

2249 1058 2450 1114 iterata
2478 1073 2638 1128 prece
2665 1057 3007 1126 deposceret,
3045 1055 3271 1112 dicens:
3314 1054 3382 1110 Et
3412 1072 3562 1127 opera
3599 1069 3838 1108 manuum

2251 1160 2550 1206 nostrarum
2577 1151 2743 1222 dirige
2771 1167 2924 1222 super
2951 1166 3066 1216 nos,
3098 1160 3148 1204 et
3182 1165 3312 1216 opus
3356 1165 3601 1204 manuum
3640 1158 3840 1203 nostra-

2257 1260 2377 1296 rum
2401 1243 2565 1314 dirige
2593 1241 2765 1315 (Psal.
2801 1239 3041 1312 mm).
3077 1242 3144 1297 Et
3169 1257 3384 1302 rursum
3413 1260 3424 1296 :
3463 1241 3724 1312 Conﬁrma
3747 1240 3840 1297 hoc

2260 1335 2403 1391 Deus
2431 1337 2566 1405 quod
2591 1345 2829 1407 aperatus
2857 1351 2910 1390 es
2938 1337 2990 1388 in
3023 1334 3170 1389 nobis
3200 1333 3374 1406 (Psal.
3401 1333 3593 1405 LXVII).

1628 1536 1883 1592 ALARDI
1921 1535 2152 1592 GAZAEI
2188 1534 2757 1592 COMMENTARIUS.

566 1676 850 1730 autaltero
884 1674 1027 1728 bono
1053 1689 1222 1739 Opere
1253 1677 1468 1742 morali,
1514 1675 1653 1740 quod
1691 1674 1917 1729 fortasse
1960 1673 2145 1738 faciet.

567 1747 795 1812 plurima
825 1753 1045 1814 peccata
1074 1745 1297 1801 lethalia
1319 1749 1436 1801 sine
1461 1746 1797 1801 dubitatione
1823 1746 2146 1799 committet.

567 1817 709 1872 Sane
733 1815 822 1883 qui
844 1815 1042 1869 docent
1072 1816 1345 1871 hominem
1397 1817 1644 1872 faciendo
1686 1817 1827 1885 quod
1880 1817 1930 1870 in
1962 1831 2022 1870 se
2068 1825 2155 1871 est

567 1889 698 1941 solis
739 1897 943 1940 natura:
972 1887 1177 1941 viribus
1206 1887 1272 1940 ad
1302 1888 1529 1957 gratiam
1561 1889 1875 1957 praeparari,
1908 1897 2000 1940 ant
2029 1887 2150 1956 opi-

568 1967 763 2012 nantttr
790 1973 912 2011 eum
937 1958 1049 2012 suis
1079 1958 1283 2013 viribus
1307 1973 1467 2027 posse
1497 1959 1808 2013 desiderare
1832 1967 1885 2012 et
1913 1968 2096 2026 petere
2123 1973 2150 2010 a

567 2029 679 2082 Deo
706 2029 957 2093 gratiam,
1005 2036 1060 2082 et
1094 2029 1209 2084 hazc
1263 2039 1348 2084 est
1397 2030 1617 2084 ltreresis
1660 2029 1965 2098 Pelagiana,
2001 2038 2058 2081 nt
2087 2045 2150 2081 ex

568 2100 802 2153 concilio
831 2099 1162 2154 Arausicauo
1190 2100 1420 2169 aliisque
1450 2100 1772 2155 testimoniis
1795 2115 1954 2167 supra
1976 2100 2155 2152 citatis

569 2171 855 2238 probatum
887 2179 1002 2234 est:
1032 2179 1126 2225 aut
1154 2184 1303 2226 certe
1331 2173 1644 2227 existimant
1682 2185 1838 2239 posse
1877 2169 2152 2224 hominem

569 2256 788 2296 servare
817 2242 1049 2310 pr0priis
1075 2242 1284 2297 viribus
1312 2243 1493 2298 omnia
1525 2253 1793 2311 praecepta
1823 2242 2068 2303 moralia,
2102 2249 2158 2295 et

568 2313 910 2367 innocentem
942 2312 1105 2365 vitam
1129 2329 1294 2382 agere
1331 2314 1625 2368 secundum
1651 2314 1940 2377 rationem,
1975 2323 2029 2366 et
2059 2312 2157 2365 hac

567 2385 852 2437 sanctitate
883 2383 1075 2454 morali
1123 2399 1426 2454 provocare
1449 2385 1615 2439 Deum
1645 2385 1710 2438 ad
1742 2383 2006 2438 auxilium
2024 2398 2158 2454 spe-

569 2454 706 2509 ciale
735 2454 834 2507 sibi
858 2453 1192 2518 donandum,
1217 2470 1324 2522 quo
1357 2454 1575 2509 tandem
1608 2455 1674 2509 ad
1711 2455 1867 2508 lidetn
1899 2453 2158 2522 gratiam-

570 2540 675 2593 que
701 2522 1010 2592 perveniat:
1053 2525 1149 2580 sed
1192 2527 1304 2578 haec
1349 2542 1562 2594 quoque
1614 2534 1698 2580 est
1729 2525 1953 2579 haeresis
1997 2524 2155 2578 Pela-

571 2595 727 2660 giana
760 2595 812 2648 in
842 2594 984 2666 libro
1015 2596 1303 2662 superiore
1327 2598 1460 2650 satis
1501 2612 1768 2666 superque
1800 2594 2052 2659 refutata,
2098 2601 2158 2666 ut

572 2669 814 2720 omittam
871 2665 1078 2719 nullum
1145 2666 1411 2734 ejusmodi
1471 2665 1749 2722 hominem
1801 2682 1870 2722 ex
1921 2665 2159 2719 historiis

574 2752 734 2802 posse
777 2736 1092 2790 monstrari.
1119 2737 1353 2793 Catooes
1385 2739 1554 2805 enim,
1587 2738 1863 2801 Socrates,
1912 2738 2158 2804 aliosque

570 2806 760 2860 horum
811 2806 1039 2871 similes,
1089 2809 1178 2874 qui
1217 2809 1361 2862 inter
1409 2811 1658 2864 ethnicos
1705 2809 2032 2862 sanctissimi
2066 2808 2160 2874 ju-

570 2878 734 2950 dicati
765 2887 932 2950 sunt,
1000 2879 1212 2936 multis,
1246 2881 1394 2950 (vitiis
1442 2891 1748 2950 ‘coopertos
1793 2880 1953 2933 fuisse
2001 2877 2159 2932 facile

569 2949 933 3003 demonstrari
986 2959 1187 3017 posset.
1242 2949 1367 3006 Haec
1413 2949 1691 3005 illustriss.
1759 2951 2156 3015 Bellarminus,

567 3020 765 3086 quibus
797 3021 929 3074 nihil
954 3021 1260 3076 accuratius
1289 3039 1350 3076 ac
1382 3022 1675 3076 dilucidius
1720 3022 1901 3076 alferri
1959 3029 2156 3089 potest.

569 3096 639 3143 At
667 3091 734 3144 de
759 3093 850 3162 his
881 3106 978 3159 pro
1019 3093 1229 3147 ratione
1285 3093 1514 3148 instituti
1565 3095 1686 3162 plus
1717 3095 1865 3145 satis.
1902 3093 2060 3146 Plura
2113 3091 2158 3162 si

567 3161 833 3230 requiris,
862 3163 1086 3216 consule
1131 3163 1390 3218 Didacum
1421 3160 1652 3219 Alvarez
1685 3164 1777 3218 lib.
1810 3177 1863 3216 vt
1895 3163 1962 3216 de
1994 3160 2161 3215 Auxi-

568 3231 656 3303 liis
682 3233 878 3287 divinaa
907 3235 1095 3303 gratiae
1149 3234 1346 3301 disput.
1381 3235 1472 3303 56,
1521 3236 1609 3288 ubi
1636 3235 1772 3287 hanc
1803 3235 2156 3302 quaestionem

567 3301 688 3358 fuse
715 3301 929 3368 tractat,
963 3313 1017 3356 et
1049 3306 1283 3373 priorem
1317 3302 1461 3358 illam
1495 3301 1887 3371 expositionem
1934 3303 2154 3357 refellit.

2252 1685 2452 1736 nostro,
2487 1685 2540 1726 ut
2584 1683 2827 1742 sequatur
2880 1673 2995 1734 illa,
3041 1687 3157 1725 cum
3203 1672 3490 1739 accipimus
3530 1681 3770 1740 petentes,
3798 1683 3841 1727 et

2250 1743 2536 1801 invenimus
2564 1755 2868 1814 qua’rentes,
2895 1744 3222 1810 aperiturque
3251 1743 3596 1810 pulsantibus.
3630 1743 3736 1798 Nec
3755 1760 3839 1798 vo-

2261 1818 2367 1871 lunt
2403 1817 2687 1884 intelligere
2719 1816 2870 1868 etiam
2913 1816 3008 1867 hoc
3050 1814 3208 1866 divini
3255 1815 3480 1868 muneris
3510 1831 3616 1868 esse
3654 1825 3705 1866 ut
3733 1832 3840 1869 ore-

2251 1904 2391 1948 mus,
2437 1889 2531 1940 Itoc.
2571 1896 2665 1949 est,
2719 1896 2977 1952 petamus,
3029 1900 3322 1955 qutet'amus
3377 1896 3528 1950 atque
3572 1886 3838 1950 pulsemus.

2259 1958 2551 2026 Accipimus
2580 1959 2711 2010 enim
2743 1955 3000 2022 Spiritum
3029 1955 3324 2026 adoptionis
3357 1955 3606 2026 ﬁliorum,
3655 1959 3704 2009 in
3751 1973 3841 2025 quo

2260 2024 2544 2080 clamamus
2579 2044 2595 2080 :
2621 2028 2760 2079 Abba
2789 2027 2946 2081 Pater
2979 2027 3032 2094 (l
3055 2027 3175 2080 Cor.
3213 2024 3305 2148 tt);
3338 2024 3487 2092 Quod
3521 2029 3641 2079 vidit
3673 2024 3841 2081 beatus

2261 2098 2560 2148 Ambrosius
2584 2115 2600 2148 :
2632 2102 2704 2148 ait
2754 2099 2932 2148 enim:
2969 2097 3034 2148 Et
3063 2113 3211 2148 orare
3301 2112 3434 2148 eum.
3484 2100 3668 2148 aratia:
3689 2099 3839 2148 spiri-

2261 2098 2600 2161 Ambrosius;
2632 2102 2704 2150 ait
2754 2099 2932 2150 enim:
2969 2097 3034 2150 lit
3063 2113 3211 2150 orare
3255 2097 3434 2159 Deum,
3483 2100 3668 2165 gratia:
3689 2099 3839 2165 spiri-

2260 2171 2376 2223 talis
2418 2179 2510 2229 est,
2567 2171 2712 2239 sicut,
2742 2170 2994 2239 scriptum
3025 2178 3142 2221 est:
3167 2166 3348 2239 iNemo
3404 2168 3548 2239 dicit,
3591 2166 3843 2222 Dominus

2259 2239 2431 2304 Jesus,
2467 2241 2562 2292 nisi
2599 2241 2650 2292 in
2688 2238 2889 2308 Spiritu
2916 2251 3092 2293 sancto
3142 2238 3183 2307 (Ι
3217 2238 3334 2291 Cor.
3364 2239 3447 2305 tt).
3481 2238 3756 2295 Hactenus
3785 2240 3837 2294 S.

2260 2312 2590 2380 Augustinus
2621 2311 2796 2363 citans
2831 2311 2997 2363 etiam
3030 2310 3089 2365 S.
3113 2309 3458 2363 Ambrosium
3489 2325 3600 2363 sum
3633 2321 3842 2365 senten-

2263 2379 2782 2452 tize’sulfragantem.
2816 2379 2895 2434 Ex
2927 2381 3128 2451 quibus
3158 2389 3305 2449 patet
3335 2380 3611 2452 quomodo
3658 2381 3842 2436 intelli-

2259 2453 2432 2521 genda
2457 2452 2528 2507 sit
2555 2450 2647 2507 illa
2678 2450 2977 2514 Salvatoris
3007 2453 3296 2515 sententia,
3330 2467 3397 2504 ex
3425 2467 3531 2520 qua
3563 2450 3841 2507 Cassianus

2261 2538 2411 2577 suam
2453 2524 2811 2578 assertionem
2865 2523 3199 2594 desumpsit:
3235 2521 3425 2584 Petite,
3479 2532 3531 2576 et
3563 2525 3842 2594 accipietis;

2260 2597 2508 2664 quierite,
2565 2605 2612 2647 et
2664 2594 2970 2656 invenietis;
3019 2593 3253 2664 pulsate,
3280 2663 3287 2664 ί
3312 2602 3359 2646 et
3399 2593 3681 2660 aperietur
3714 2596 3841 2648 vobis

2262 2663 2479 2733 (Matth.
2507 2680 2598 2728 vtt,
2623 2664 2750 2718 Luc.
2784 2681 2834 2718 XI
2857 2664 2897 2732 ),
2930 2663 3034 2719 etc.
3062 2664 3179 2718 Non
3203 2663 3350 2718 enim
3379 2665 3450 2718 ita
3481 2665 3734 2732 jubemur
3762 2680 3843 2730 pe-

2265 2745 2400 2799 tere,
2426 2743 2692 2806 qtt‘mrere,
2721 2738 2962 2805 pulsare,
2993 2735 3147 2804 quasi
3179 2735 3296 2801 haec
3325 2749 3354 2787 a
3387 2736 3550 2790 nobis
3580 2738 3704 2804 ipsis
3730 2738 3842 2806 sine

2262 2805 2464 2860 auxilio
2493 2808 2678 2876 gratiae
2711 2816 2971 2874 praestare
2995 2807 3286 2874 possimus,
3312 2807 3408 2860 sed
3433 2817 3487 2860 ut
3522 2805 3845 2876 inspirationi

2262 2888 2316 2931 et
2345 2880 2615 2933 vocationi
2645 2877 2844 2932 divinae
2875 2879 3307 2941 consentientes,
3348 2887 3403 2932 et
3455 2882 3650 2946 gratia:
3698 2878 3836 2931 auxi-

2263 2949 2456 3004 liatrici
2483 2960 2860 3015 eootterantes,
2896 2948 3075 3003 idonei
3111 2948 3402 3002 reddantur
3429 2949 3494 3002 ad
3547 2949 3840 3016 petendum.

2265 3021 2643 3084 quaevendum,
2673 3019 3018 3086 pulsandum,
3051 3018 3192 3074 sicut
3241 3028 3491 3086 oportet,
3521 3019 3677 3088 juxta
3725 3019 3843 3074 illud

2264 3090 2567 3145 Psalmista:
2594 3108 2609 3144 :
2639 3091 2861 3144 Audiam
2907 3091 3028 3157 quid
3075 3089 3317 3160 loquatur
3371 3091 3423 3143 in
3463 3107 3551 3144 me
3589 3091 3846 3153 Dominus,

2262 3164 2512 3230 quoniam
2551 3163 2792 3232 loquetur
2822 3177 2998 3228 pacem
3039 3162 3092 3213 in
3140 3176 3225 3214 eos
3249 3162 3336 3230 qui
3380 3173 3752 3216 convertuntur
3792 3160 3851 3214 ad

2264 3248 2353 3284 cor
2373 3232 2600 3297 (Psalm.
2620 3231 2874 3300 Lxxxrv).
2900 3232 3203 3287 Fatendum
3226 3231 3386 3300 igitur
3411 3234 3715 3288 secmldunt
3744 3232 3850 3287 Sal-

2264 3303 2467 3356 vatoris
2496 3305 2844 3366 sententiam,
2901 3306 3131 3372 gratiam
3163 3303 3278 3356 dari
3336 3303 3688 3372 petentibus,
3721 3319 3852 3372 qum-

642 3383 666 3411 η
695 3364 922 3430 Contra
949 3364 1085 3430 hanc
1136 3375 1493 3430 assertionem
1543 3364 1726 3446 nimis
1758 3374 2160 3446 liberatnetliti
2186 3364 2232 3426 C
2265 3373 2530 3437 rentibus,
2564 3364 2932 3446 pulsantibus}
2983 3373 3080 3446 sed
3123 3364 3395 3429 neminem
3448 3364 3686 3442 petere;
3712 3364 3852 3446 quae-

569 3455 694 3500 sunt
740 3461 976 3501 canones
1029 3447 1238 3515 aliquot
1293 3447 1345 3500 in
1399 3448 1488 3501 illo
1539 3444 1768 3500 concilio
1819 3445 2156 3499 Arausicano

572 3517 746 3584 (Cujus
798 3532 956 3582 supra
992 3521 1322 3571 mentionem
1376 3517 1665 3584 fecimus),
1723 3516 1920 3584 quibus
1963 3515 2154 3570 eadem

568 3588 899 3657 exploditur,
934 3597 990 3642 et
1027 3589 1298 3642 contraria
1339 3591 1538 3642 veritas
1561 3587 1843 3641 asseritnr.
1880 3585 1936 3638 In
1972 3588 2157 3650 primis

569 3674 746 3717 canon
779 3661 973 3713 tertius
994 3659 1072 3712 sic
1094 3659 1256 3712 habet
1282 3658 1437 3730 (Cap.
1468 3660 1554 3727 5):
1591 3657 1652 3730 Si
1671 3658 1789 3730 quis
1827 3672 1916 3724 per
1941 3658 2158 3730 invoca-

571 3731 759 3783 tionem
803 3731 1084 3784 humanam
1114 3730 1131 3800 (
1160 3729 1209 3782 id
1244 3725 1360 3794 est,
1385 3725 1649 3784 'liutnanis
1677 3729 1881 3800 viribus
1935 3725 2154 3800 factam)

569 3803 789 3870 gratiam
817 3801 912 3854 Dei
951 3802 1076 3854 dicit
1108 3799 1358 3870 conferri,
1392 3817 1492 3854 non
1535 3807 1704 3853 autem
1742 3799 1908 3870 ipsam
1936 3799 2158 3869 gratiam

571 3877 737 3939 facere
788 3880 841 3923 ut
874 3872 1133 3926 invocetur
1181 3869 1218 3924 a'
1262 3873 1428 3940 nobis,
1476 3870 1780 3940 contradicit
1846 3869 2002 3924 Isaia:
2038 3886 2158 3937 pro-

570 3942 770 4008 pltetw,
809 3941 884 3993 vel
934 3943 1179 4006 Apostolo
1234 3944 1374 3996 idem
1414 3943 1649 3995 dicenti:
1705 3939 1954 3995 Inventus
1984 3957 2098 3993 sum
2127 3957 2160 3994 a

554 4018 674 4083 'uon
706 4013 1052 4083 qumrentibtts
1086 4028 1198 4064 me:
1227 4014 1399 4083 palam
1431 4015 1656 4083 apparui
1693 4014 1772 4065 his
1805 4013 1895 4082 qui
1933 4027 2032 4083 me
2056 4028 2160 4064 non

570 4082 950 4152 interrogabant
977 4081 1079 4148 (Is.
1121 4097 1239 4144 va,
1267 4081 1416 4137 Rom.
1439 4081 1513 4150 tt).
1539 4083 1764 4136 Canone
1787 4081 1981 4152 quarto
2006 4082 2157 4136 dant-

573 4163 770 4208 natttur
796 4156 884 4221 qui
921 4154 1157 4206 dicebant
1191 4153 1358 4205 Deum
1387 4163 1687 4219 exspectare
1715 4156 2030 4207 voluntatem
2064 4168 2159 4204 no-

570 4239 751 4289 stram,
779 4241 881 4294 qua
912 4225 1123 4276 velimus
1153 4224 1406 4294 purgari;
1435 4240 1535 4276 non
1561 4233 1737 4277 autem
1763 4233 1818 4276 ut
1850 4225 2002 4278 etiam
2032 4238 2159 4292 pur-

571 4297 686 4364 gari
713 4293 947 4362 velimus,
972 4311 1060 4365 per
1087 4293 1400 4364 inlusionem
1427 4297 1591 4348 sancti
1634 4295 1861 4362 Spiritus
1898 4308 1942 4349 et
1976 4310 2159 4363 opera-

571 4367 764 4418 tionem
793 4367 847 4417 in
877 4366 1022 4419 nobis
1054 4365 1188 4434 ﬁeri.
1253 4366 1492 4432 Denique
1546 4381 1754 4420 canone
1812 4377 1966 4421 sexto
2013 4366 2157 4418 idem

571 4436 891 4507 expressius
923 4436 1181 4490 delinitur
1238 4437 1319 4490 his
1350 4438 1558 4492 verbis:
1588 4438 1648 4492 Si
1679 4439 1793 4507 quis
1838 4439 1949 4490 sine
1992 4437 2161 4507 gratia

571 4506 671 4560 Dei
701 4507 1052 4573 credentibus,
1079 4508 1381 4573 volentibus,
1440 4509 1872 4570 desiderantibus,
1923 4506 2160 4560 conanti-

575 4579 688 4641 bus,
715 4578 1820 4650 laborantibus,vigilantibus,studentibus,
1846 4578 2157 4650 petentibus.

570 4651 945 4720 quaerentibus,
1006 4649 1330 4718 pulsantibus
1379 4649 1528 4706 nobis
1583 4650 1991 4703 misericordiam
2034 4649 2161 4720 dicit

2263 3459 2408 3510 rere,
2431 3446 2668 3516 pulsare,
2697 3444 2795 3497 nisi
2823 3447 2970 3516 prius
2998 3461 3025 3498 a
3052 3445 3162 3516 Deo
3189 3445 3485 3499 excitatum
3506 3456 3559 3500 et
3596 3444 3848 3516 adjntnm:

2261 3515 2493 3585 proinde
2523 3516 2864 3584 petitionem,
2897 3515 3328 3584 itn‘tuisitionem,
3363 3515 3728 3582 pulsationém
3760 3532 3850 3572 n0-

2260 3596 2429 3640 stram
2489 3603 2594 3640 non
2650 3586 2825 3641 solum
2882 3602 2988 3640 non
3047 3601 3173 3641 esse
3227 3587 3551 3656 condignam
3593 3633 3607 3656 ,
3669 3599 3725 3644 ut
3786 3589 3853 3641 ait

2261 3657 2971 3732 Cassianus._sed_omnino
3001 3658 3198 3732 nullam
3245 3673 3274 3710 a
3321 3662 3477 3731 nobis
3503 3673 3634 3732 esse
3679 3675 3850 3732 posse.

2263 3729 2366 3783 nisi
2391 3744 2420 3784 a
2454 3731 2562 3785 Deo
2594 3729 2910 3798 inspiretur,
2944 3729 3232 3784 inchoetur
3259 3737 3314 3782 et
3347 3727 3696 3790 pei'liciatnrf
3740 3732 3852 3784 Haec

2263 3800 2408 3854 enim
2433 3810 2553 3856 crat
2584 3801 3000 3855 Massiliensium
3027 3812 3080 3855 et
3116 3798 3682 3870 Semipelagianormn
3715 3817 3854 3857 com.—

2265 3871 2448 3926 munis
2493 3873 2761 3927 sententia
2792 3883 2847 3925 et
2868 3872 3119 3938 loquendi
3148 3871 3358 3935 modus,
3398 3882 3452 3922 ut
3482 3877 3737 3936 superius
3768 3888 3852 3926 no-

2265 3943 2497 4017 tavimus
2533 3961 2545 3996 :
2577 3943 2806 4017 Conatus
2838 3944 3001 4017 nostri
3039 3943 3176 3995 irriti
3197 4011 3210 4017 _
3231 3953 3368 4017 sunt,
3397 3943 3849 4017 nisigadjuventur.

2263 4013 2460 4067 Contra
2485 4029 2620 4081 quos
2639 4014 2840 4080 Optime
2873 4015 2935 4067 D.
2971 4011 3282 4067 Bernardus
3315 4013 3366 4066 in
3399 4011 3682 4071 libello'de
3719 4016 3851 4070 Gra-

2264 4085 2338 4136 tia
2364 4093 2417 4138 et
2443 4084 2637 4138 Libero
2669 4084 2932 4138 Arlntrio.
2966 4083 3159 4147 Liberi,
3198 4083 3394 4151 inquit,
3424 4084 3630 4140 arbitrii
3652 4095 3853 4140 certatus

2263 4154 2332 4206 ad
2354 4155 2546 4206 bonum
2568 4156 2701 4207 cassi
2729 4164 2871 4224 sunt,
2894 4156 2937 4206 si
2963 4170 3067 4207 non
3095 4155 3433 4224 adjurentur;
3457 4166 3503 4208 et
3535 4159 3669 4211 nulli
3692 4159 3735 4212 si
3765 4172 3858 4209 non

2262 4225 2588 4299 capiuntur;
2618 4233 2677 4299 ut
2700 4223 3070 4299 intelligamus
3099 4235 3205 4277 tam
3228 4226 3294 4276 ad
3319 4225 3686 4299 incipiendum
3710 4242 3859 4299 quam

2264 4294 2333 4348 ad
2365 4293 2752 4362 perficiendum
2776 4296 3003 4362 gratiam
3037 4307 3159 4348 esse
3187 4295 3578 4352 necessariam.

2336 4361 2504 4419 b’Hac
2543 4366 2754 4418 ratione
2779 4361 3070 4417 Cassianus
3106 4373 3162 4418 et
3191 4364 3282 4416 alii
3309 4364 3683 4424 Massilienses
3715 4385 3861 4426 erro-

2240 4450 2380 4502 ,rem
2428 4435 2629 4505 Pelagii
2676 4435 2951 4490 declinare
2998 4449 3056 4488 se
3103 4436 3511 4505 existimabant,
3561 4441 3708 4504 qnpd
3749 4456 3862 4494 ('Illll

2266 4507 2519 4576 Pelagius
2549 4504 2739 4560 merita
2767 4506 2929 4578 (liberi
2972 4506 3180 4578 arbitrii
3213 4504 3478 4578 condigna
3523 4522 3650 4561 esse
3694 4510 3867 4578 jacta—

2263 4589 2366 4644 ret,
2402 4586 2462 4632 ut
2488 4579 2667 4646 gratia
2689 4577 2847 4631 nobis
2873 4577 2937 4632 ad
2979 4576 3194 4633 facilius
3235 4576 3569 4644 cperandum
3593 4576 3867 4636 concede.

2266 4661 2444 4722 retur,
2496 4649 2657 4704 sicuti
2711 4649 2872 4702 etiam
2922 4649 3143 4722 dicebat
3193 4662 3294 4703 nos
3319 4662 3497 4722 posse
3533 4664 3599 4704 ex
3635 4653 3866 4722 propriis

571 4721 798 4810 conferri
847 4722 1110 4804 divinitus.
1163 4729 1212 4774 et
1251 4738 1376 4783 non,
1408 4729 1466 4774 ut
1499 4721 1790 4810 cr'edamus,
1820 4722 2055 4810 velimurs,
2083 4719 2162 4800 pel
2192 4753 2244 4810 Β
2267 4721 2474 4802 viribus
2521 4721 2794 4800 eontligne
2816 4731 2873 4802 et
2905 4736 2971 4810 elx
3019 4719 3224 4810 iustitia
3282 4719 3509 4800 gloriam
3554 4719 3864 4810 promereri

571 4790 680 4846 lucc
708 4799 880 4845 omnia
905 4794 1036 4846 sicut
1064 4803 1261 4862 oportet
1297 4808 1448 4863 agere
1479 4791 1763 4863 valeamus.
1799 4805 1891 4863 per
1921 4790 2163 4863 inlusio-

573 4880 688 4917 nem
717 4872 764 4915 et
794 4860 1180 4932 inspiration'em
1201 4860 1365 4916 sancti
1387 4861 1620 4930 Spiritus
1649 4863 1703 4914 in
1733 4861 1877 4932 nobis
1902 4860 2015 4929 ﬁeri
2037 4876 2164 4932 con-

573 4935 786 5003 ﬁtetur;
820 4930 984 4988 et'aut
1019 4933 1298 4986 humilitati
1328 4943 1418 4986 aut
1457 4934 1757 4987 obedientia:
1785 4931 2024 5003 humana:
2045 4930 2162 4984 sub-

571 5001 744 5081 iungit
768 5008 950 5081 gratiae
969 5003 1326 5081 adjutorium;
1351 5020 1440 5058 nec
1464 5013 1520 5056 ut
1557 5005 1915 5081 obedientes_et
1943 5001 2165 5081 humiles

571 5074 784 5139 simus,‘
815 5079 979 5148 ipsius
1025 5074 1210 5148 gratia:
1247 5076 1451 5148 (donum
1485 5091 1594 5128 esse
1638 5074 1921 5140 consentit,
1953 5075 2169 5148 resistit

572 5148 820 5218 Apostolo
841 5146 1049 5202 "dicenti
1073 5163 1092 5203 :
1117 5147 1253 5213 Quid
1278 5149 1454 5211 habes,
1470 5147 1622 5218 quod
1650 5163 1751 5200 non
1783 5146 2029 5218 accepisti
2047 5146 2164 5218 ἵζει,

571 5216 755 5275 Gratia
781 5220 878 5275 Dei
908 5237 1021 5274 sum
1062 5219 1117 5289 id_
1143 5217 1282 5289 quod
1312 5234 1426 5271 sum
1457 5216 1501 5283 (l
1523 5217 1644 5272 Cor.
1674 5233 1721 5271 tt:
1751 5226 1799 5270 et
1819 5219 1941 5289 ιν).
1964 5217 2170 5289 Quibus

572 5293 900 5360 canonibus,
930 5292 1060 5359 ipsis
1088 5287 1340 5344 Cassiani
1374 5289 1555 5343 verbis
1585 5288 1882 5360 usurpatis,
1923 5288 2168 5360 excludi-

574 5372 658 5414 tur
716 5357 1002 5418 manifeste
1054 5361 1251 5415 modus
1303 5360 1562 5430 loquendi
1618 5368 1674 5414 et
1725 5357 1909 5430 opinio
1966 5359 2167 5430 ipsius:

572 5448 732 5498 qutun
769 5437 934 5488 etiam
990 5433 1208 5486 modum
1259 5428 1512 5498 loquendi
1546 5431 1768 5484 damnat
1815 5428 2170 5497 Augustinus,

575 5512 848 5573 tamquam
881 5505 1324 5573 Pelagianorum,
1356 5511 1451 5556 aut
1477 5502 1904 5573 eis-faventium,
1937 5500 2074 5573 libro
2104 5500 2174 5554 de

575 5571 724 5626 Dono
768 5570 1191 5642 persevcrantize
1248 5570 1366 5641 cap.
1397 5573 1468 5628 ‘25
1497 5574 1548 5627 in
1581 5577 1696 5627 haec
1746 5571 1944 5626 verba:
1994 5570 2176 5625 Atten-

509 5643 514 5648 ’
573 5647 721 5709 dmtl,
755 5647 966 5706 inquit,
1023 5647 1274 5714 quomodo
1315 5647 1574 5713 falluntur
1621 5646 1706 5712 qui
1755 5653 1940 5714 putant
1994 5659 2102 5696 esse
2147 5660 2179 5697 a

579 5717 744 5779 nobis,
771 5732 874 5768 non
905 5717 1017 5768 dari
1056 5716 1201 5785 nobis
1241 5725 1294 5767 ut
1340 5725 1594 5784 petamus,
1650 5713 1964 5785 quvramtu,
2008 5713 2180 5785 pulse-

577 5789 692 5836 mus
717 5827 729 5846 ,
761 5797 804 5838 et
831 5786 928 5836 hoc
956 5799 1062 5836 esse
1090 5783 1290 5851 dicunt,
1319 5783 1420 5854 quo
1468 5787 1633 5854 gratia
1664 5783 1970 5853 ‘pttt’dicelur
2001 5783 2180 5841 merito

2271 4793 2657 4859 sempiternam
2686 4789 2710 4855 ;“
2733 4790 2833 4858 ipsi
2866 4792 3210 4846 solummodo
3237 4789 3486 4845 meritum
3519 4793 3738 4861 aliquod
3768 4797 3864 4847 int-

2275 4863 2628 4934 petratorintn
2669 4872 2724 4916 et
2755 4877 3051 4932 congruum
3101 4864 3302 4917 nostris
3341 4865 3622 4934 conatibus
3654 4878 3709 4921 et
3743 4879 3866 4934 ope-

2265 4934 2423 5002 ribus
2449 4933 2827 5005 attribuerent,
2863 4936 3003 5002 quod
3032 4950 3102 4988 ex
3137 4948 3196 4987 se
3227 4950 3333 4987 non
3357 4933 3634 4989 sufficeret
3657 4937 3723 4991 ad
3753 4933 3869 5005 gra-

2275 5005 2402 5056 tiam
2437 5014 2488 5074 et
2520 5004 2745 5056 salutem
2793 5020 2856 5058 ex
2889 5007 3066 5074 rigore
3093 5005 3318 5073 iustitiae
3355 5005 3736 5072 obtinendam,
3765 5004 3866 5059 nisi

2280 5073 2375 5147 Dei
2411 5073 2783 5147 misericordia
2803 5073 3145 5147 subveniret,
3177 5085 3228 5127 et
3249 5088 3464 5130 nosnos
3495 5087 3723 5132 conatus
3753 5092 3865 5147 per-

2279 5145 2486 5200 ﬁceret.
2514 5145 2674 5214 Atqui
2709 5160 2775 5200 ex
2801 5145 2904 5217 hoc
2933 5146 3050 5213 ipse
3093 5147 3452 5200 convicerttnt
3473 5157 3530 5202 et
3562 5145 3868 5217 iudicarunt

2280 5217 2490 5290 Patres,
2527 5217 2768 5290 ipsosin
2808 5216 2939 5270 illud
2988 5217 3331 5290 Pelagianam
3379 5216 3576 5290 dogma
3609 5221 3863 5279 incidere,

2282 5287 2536 5342 nimirum
2569 5287 2794 5357 gratiam
2820 5288 3118 5357 secundum
3147 5288 3338 5342 merita
3371 5287 3558 5344 nostra
3590 5290 3734 5356 dari,
3765 5290 3870 5344 Deo

2281 5357 2496 5413 scilicet
2517 5355 2699 5412 nostra
2735 5355 2949 5422 merita,
2979 5359 3028 5413 id
3058 5368 3160 5425 est,
3190 5373 3417 5414 conatus
3445 5371 3500 5416 et
3537 5362 3749 5417 labores
3782 5377 3871 5414 no-

2282 5439 2425 5483 stros
2458 5431 2688 5498 primum
2711 5427 2961 5483 intuente
2991 5440 3045 5484 et
3071 5432 3559 5498 considerante;et
3585 5449 3772 5492 eorum
3797 5433 3871 5485 itt-

2283 5503 2422 5554 tnittt
2447 5500 2973 5572 electttemplatione
2995 5504 3222 5568 gratiam
3248 5519 3426 5570 suam,
3447 5521 3550 5557 non
3580 5505 3794 5572 quidem
3812 5518 3872 5556 cx

2287 5573 2706 5642 condignoetex
2727 5571 2954 5640 iustitia,
2976 5573 3069 5625 sed
3094 5584 3271 5628 tamen
3297 5592 3364 5630 ex
3389 5571 3728 5643 congrttitale
3750 5589 3873 5644 qna-

2288 5644 2409 5698 dam
2446 5645 2600 5696 nobis
2627 5646 2986 5698 conferente:
3016 5643 3157 5712 quod
3206 5659 3355 5701 certe
3404 5646 3608 5700 suflicit
3656 5649 3724 5701 ad
3759 5660 3875 5701 eva-

2261 5710 2553 5770 'cttandam
2583 5717 2844 5787 rationem
2875 5710 3050 5766 "terte
3070 5725 3124 5768 et
3164 5719 3418 5782 perlecta:
3442 5718 3657 5787 gratiae.
3691 5719 3770 5771 uti
3812 5715 3872 5770 ad

2291 5787 2636 5861 collationem
2667 5787 2730 5839 15
2758 5785 2989 5854 plenius,
3027 5787 3130 5843 Deo
3161 5789 3398 5852 favente,
3431 5785 3872 5844 titonstrabimus.
