4014 6200
192 338 301 396 ιιι)

795 451 1023 507 CAPUT
1060 451 1179 507 XV.

338 548 386 601 A
405 547 593 618 quibus
620 546 946 616 perfectionis
964 547 1097 599 viam
1126 547 1322 602 discere
1351 547 1636 602 debeamus.

264 641 509 711 Ideoque
536 641 581 695 si
628 640 695 693 ad
741 653 924 693 veram
970 640 1496 694 consummationem
1526 641 1782 695 virtutum

188 738 452 790 volumus
482 734 673 789 effectu
718 740 773 787 et
821 746 989 800 opere
1045 734 1356 800 pervenire,
1392 732 1497 785 illis
1525 731 1785 786 debemus

187 829 551 897 acquiescere
579 824 847 893 magistris
876 838 938 877 ac
958 823 1186 877 ducibus
1212 826 1301 894 qui
1329 823 1468 877 hanc
1494 839 1599 877 non
1630 824 1784 876 vani-

189 936 359 990 ioqua
391 919 753 989 disputatione
781 916 1138 984 somniantes,
1182 916 1279 970 sed
1320 931 1380 971 re
1409 925 1570 985 atque
1620 928 1785 983 expe-

191 1014 444 1068 rimentis
474 1010 944 1080 apprehendentes
976 1024 1074 1063 nos
1104 1023 1322 1078 quoque
1380 1009 1579 1064 docere
1621 1018 1784 1077 atque

194 1105 261 1158 ad
294 1120 411 1159 eam
453 1103 689 1172 dirigere
719 1100 972 1156 similiter
1003 1110 1256 1170 possunt,
1307 1113 1362 1156 et
1410 1103 1572 1168 viam,
1597 1115 1785 1171 quem-

196 1194 490 1249 admodum
522 1193 901 1263 perveniamus
931 1192 998 1246 ad
1029 1207 1173 1257 eam,
1214 1193 1522 1247 certissimo
1570 1193 1787 1248 tramite

195 1286 603 1350 demonstrare;
650 1284 851 1354 quique
877 1285 944 1338 ad
980 1286 1117 1340 hanc
1149 1284 1255 1339 fide
1292 1299 1354 1339 se
1387 1285 1565 1353 potius
1596 1299 1790 1354 perve-

740 336 830 392 DE
870 334 1346 395 COENOBIORUM
1381 336 1629 394 INSTIT.
1670 336 1799 394 LIB.
1842 334 1959 394 XII.
1986 368 2057 381 —
2084 337 2171 395 DE
2210 338 2483 397 SPIRITU
2520 338 2908 399 SUPERBLE.

3372 358 3480 412 450

1808 453 2033 515 Αιιίεεθ
2083 469 2242 525 quam
2294 455 2538 511 laborum
2589 458 2784 512 merito
2850 458 3213 516 testabantur.
3270 464 3477 531 Quibus

1892 549 2058 602 etiam
2104 547 2208 602 hoc
2239 548 2566 620 praecipuum
2618 551 2705 604 sui
2759 553 2937 607 cordis
2966 556 3225 623 acquisita
3268 560 3475 626 puritas

1890 639 2233 708 conferebat,
2266 650 2294 678 α
2319 652 2375 695 ut
2402 644 2569 712 magis
2604 644 2883 714 magisque
2903 662 2962 702 se
2987 648 3213 717 deprimi
3239 656 3477 720 peccatis

1891 741 2277 802 agnoscerent.
2325 732 2352 771 ι)
2402 734 2573 788 Tanta
2633 751 2864 805 namque
2912 736 2966 791 in
3026 740 3110 793 eis
3159 741 3475 800 delictorum

1892 826 2237 894 compunctio
2289 840 2384 893 per
2440 825 2557 879 dies
2616 827 2859 895 singulos
2902 830 3222 897 augebatur,
3279 847 3476 902 quanta

1894 916 2099 987 puritas
2126 917 2291 971 animi
2336 918 2681 986 profecisset,
2717 920 3103 990 traheremque
3146 923 3347 993 jugiter
3399 929 3482 982 iu-

1890 1008 2023 1063 timo
2045 1008 2211 1063 corde
2238 1010 2497 1078 suspiria,
2543 1025 2610 1064 eo
2651 1010 2795 1079 quod
2844 1013 3169 1082 semetipsos
3213 1019 3480 1075 sentirent

1889 1115 2227 1170 nequaquam
2259 1116 2418 1170 posse
2447 1101 2773 1158 delictorum
2818 1120 3001 1161 navos
3023 1122 3085 1161 ac
3116 1112 3350 1166 maculas
3377 1112 3476 1168 de-

1892 1193 2091 1263 vitarc,
2123 1210 2244 1263 qua:
2278 1196 2356 1250 eis
2383 1212 2480 1266 per
2527 1198 2854 1268 multiplices
2877 1202 3258 1272 cogitationum
3301 1209 3477 1264 minu-

1893 1284 1994 1339 tias
2022 1285 2491 1343 inurebantur.'Et
2521 1299 2543 1326 ο
2573 1289 2780 1345 idcirco
2819 1289 3013 1349 futurae
3043 1296 3165 1351 vita:
3206 1299 3475 1368 stipendia

1261 1397 1517 1451 ALARDI
1557 1397 1787 1453 GAZZEI
1824 1396 2394 1456 COMMENTARIUS.

268 1502 294 1530 ⁸
320 1491 497 1547 Sancti
515 1501 569 1547 et
588 1506 716 1546 vere
743 1490 1002 1555 humiles,
1022 1505 1133 1556 quo
1150 1490 1320 1557 magis
1344 1490 1541 1543 interni
1573 1490 1789 1544 luminis

197 1565 356 1619 radio
385 1564 748 1626 illustrantur,
780 1578 844 1615 eo
878 1563 1050 1629 magis
1080 1576 1172 1612 sua
1202 1562 1365 1613 etiam
1400 1561 1672 1614 levissima
1695 1560 1790 1613 de-

194 1635 328 1690 licta
361 1646 415 1689 et
444 1634 705 1687 minimos
736 1648 979 1700 quosque
1007 1630 1253 1684 defectus
1283 1640 1578 1700 agnoscunt
1607 1645 1668 1685 ac
1697 1632 1789 1685 de-

196 1708 448 1775 plorant;
471 1716 525 1758 et
557 1719 665 1775 quo
692 1704 863 1772 magis
894 1701 1203 1775 proﬁciunt,
1235 1717 1300 1754 eo
1330 1702 1508 1775 minus
1524 1716 1582 1755 se
1612 1703 1785 1770 profe-

191 1771 340 1831 cisse
367 1784 583 1844 putant.
620 1771 851 1842 ideoque
898 1774 1025 1826 dum
1054 1772 1268 1844 aliisse
1314 1771 1625 1844 conferunt,
1658 1787 1786 1827 cen-

191 1845 319 1902 sent
340 1841 401 1901 se
433 1845 686 1899 omnibus
709 1845 929 1896 viliores
960 1852 1013 1895 et
1052 1841 1352 1896 inferiores.
1390 1842 1501 1896 lloc
1527 1843 1667 1896 enim
1700 1852 1785 1897 est

192 1900 479 1985 ingenium
534 1914 873 1976 humilitatis,
932 1914 985 1965 in
1032 1928 1092 1966 se
1146 1912 1345 1985 intueri
1397 1928 1491 1985 sua
1524 1915 1698 1985 mala,
1730 1916 1783 1968 in
1814 1900 1861 1959 Β

190 1983 318 2043 aliis
345 2003 534 2042 eorum
563 1986 735 2047 bona;
766 1985 902 2037 sicut
924 1998 953 2037 e
984 1983 1259 2037 contrario
1280 1984 1545 2052 superbiai
1572 1984 1785 2039 indoles

192 2070 280 2114 est
312 2058 596 2112 attendere
628 2071 721 2107 sua
758 2054 916 2118 bona,
958 2064 1011 2107 et
1059 2055 1284 2106 aliorum
1331 2055 1491 2107 mala.
1550 2054 1684 2109 Hinc
1718 2057 1780 2109 D.

193 2127 714 2197 Benedictusiinter
743 2126 945 2194 gradus
988 2125 1305 2178 humilitatis
1350 2126 1502 2197 ponit
1548 2125 1720 2197 (Cap.
1752 2127 1785 2180 7

196 2200 437 2272 Regulae)
470 2217 483 2250 :
522 2196 767 2250 Omnibus
794 2212 847 2272 se
873 2196 1171 2272 inferiorem
1219 2196 1533 2272 et_viliorem
1573 2196 1675 2272 non
1697 2214 1782 2272 soo-

195 2266 306 2325 lun't
341 2266 517 2340 lingua
562 2268 917 2340 pronuntiare,
950 2268 1041 2340 sed
1078 2268 1229 2319 etiam
1272 2266 1455 2340 intimo
1486 2268 1656 2340 cordis
1705 2270 1787 2339 af-

193 2347 333 2411 fectu
365 2338 588 2393 credere.
622 2338 741 2411 Qua
758 2353 885 2391 vero
910 2339 1127 2411 ratione
1156 2338 1324 2411 possit
1351 2339 1569 2411 humilis
1600 2338 1787 2411 mona-

190 2407 339 2467 clius
370 2412 485 2465 sine
512 2410 783 2463 mendacio
798 2421 880 2461 aut
903 2408 1144 2472 fictione,
1176 2408 1340 2460 immo
1355 2407 1472 2461 sine
1505 2410 1609 2463 ulla
1638 2410 1786 2464 falsi-

189 2494 312 2537 tate
345 2481 589 2536 omnibus
620 2496 675 2534 se
724 2480 1036 2534 interiorem
1083 2489 1137 2532 et
1178 2480 1420 2532 viliorem
1456 2481 1683 2536 credere
1731 2488 1787 2536 et

191 2552 578 2624 pronuntiare,
610 2550 846 2624 declarat
876 2551 944 2624 S._
982 2549 1217 2603 Thomas
1265 2549 1488 2624 (2-2,oq.
1528 2552 1653 2624 16!,
1681 2562 1781 2624 art.

189 2620 229 2681 3
256 2627 272 2691 )
300 2644 312 2678 :
353 2623 415 2676 In
440 2623 663 2683 homine,
692 2622 886 2688 inquit,
910 2620 1013 2673 duo
1036 2630 1247 2689 possunt
1276 2622 1617 2686 considerari,
1644 2621 1786 2677 scili-

190 2706 271 2749 cet
291 2697 345 2748 id
375 2695 512 2764 quod
559 2703 631 2745 est
668 2692 781 2757 Dei,
831 2700 877 2745 et
908 2693 972 2764 id
998 2694 1133 2764 quod
1172 2700 1248 2764 est
1279 2691 1516 2745 hominis.
1546 2691 1786 2764 Hominis

191 2778 369 2819 autem
389 2762 464 2819 est
492 2764 742 2833 quidquid
784 2763 1001 2834 pertinet
1039 2763 1106 2815 ad
1153 2763 1444 2834 defectum;
1474 2762 1561 2816 sed
1594 2763 1685 2817 Dei
1712 2777 1786 2820 est

188 2838 447 2906 quidquid
475 2831 696 2905 pertinet
733 2831 800 2887 ad
832 2834 1067 2906 _salutem
1093 2840 1143 2886 et
1184 2831 1577 2906 perfectionem,
1605 2851 1789 2889 serun-

188 2901 484 2961 dum'illud
508 2906 625 2960 Ose.
665 2920 759 2959 xm
786 2924 798 2957 :
822 2902 1053 2961 Per-ditio
1084 2901 1192 2966 tua,
1222 2901 1409 2969 Israel,
1440 2921 1505 2958 ex
1528 2914 1573 2956 te
1597 2914 1690 2970 est,
1721 2922 1787 2961 ea:

186 2996 273 3033 me
316 2988 519 3032 tantum
563 2976 815 3030 auxilium
850 2987 1014 3046 tuum.
1062 2973 1345 3046 Humilitas
1371 2985 1542 3029 autem
1577 2980 1787 3046 proprie

184 3051 401 3117 respicit
427 3050 761 3102 reverentiam
790 3064 891 3116 qua
926 3045 1076 3100 homo
1108 3045 1217 3099 Deo
1262 3045 1533 3112 subjicitur
1553 3045 1644 3110 ,et
1673 3050 1785 3103 ideo

183 3114 405 3190 quilibet
436 3121 611 3183 homo,
642 3114 924 3172 secundum
963 3118 1016 3169 id
1064 3117 1199 3187 quod
1241 3133 1393 3190 suum
1426 3127 1520 3182 est,
1545 3118 1700 3190 debet
1734 3136 1787 3173 se

184 3186 402 3247 cuilibet
427 3191 663 3260 proximo
686 3190 955 3261 subjicere,
981 3186 1226 3261 quantum
1249 3186 1318 3240 ad
1338 3186 1393 3239 id
1414 3188 1553 3261 quod
1586 3188 1683 3261 Dei
1711 3199 1787 3245 est

1892 1489 2069 1570 stabat
2096 1491 2242 1570 quod
2274 1502 2459 1570 essent
2489 1494 2541 1548 in
2576 1504 2717 1551 statu
2741 1499 2973 1569 gratiae),
3008 1510 3291 1570 propterea
3323 1519 3471 1561 sem-

1892 1576 1987 1628 per
2008 1561 2108 1615 sibi
2134 1564 2463 1642 metuebant,
2492 1576 2545 1642 e_t
2574 1570 2722 1642 quasi
2744 1561 3059 1637 peccatores
3090 1561 3469 1642 paenitentiam

1891 1645 2075 1707 agere,
2110 1641 2164 1707 ct
2193 1637 2403 1707 veniam
2447 1652 2475 1689 a
2505 1636 2614 1691 Deo
2659 1636 2949 1707 impetrare
2987 1636 3289 1698 studebant.
3320 1646 3473 1704 Scie-

1891 1701 2015 1773 bant
2041 1704 2185 1757 enim
2218 1705 2350 1758 illud
2384 1701 2756 1764 Ecclesiastici
2793 1713 3030 1765 salutare
3052 1701 3469 1773 documentum:

1888 1764 2079 1854 Beatus
2102 1776 2178 1827 vir
2207 1777 2295 1843 qui
2320 1792 2515 1847 semper
2549 1789 2622 1855 est
2653 1783 2870 1855 pavidus

1886 1844 2434 1925 pro_pitiato“peocato'
2475 1850 2581 1925 noli
2624 1844 2730 1904 esse
2778 1844 3091 1925 sinei‘metu.
3133 1844 3296 1925 Urget
3332 1844 3473 1914 lianc

1891 1916 2153 1996 rationem
2170 1916 2234 1969 D.
2265 1918 2571 1973 Bernardus
2602 1936 2767 1977 serm.
2800 1924 2868 1977 δῖ
2904 1924 2955 1976 in
2982 1916 3240 1979 Cantica":
3277 1927 3360 1996 Si,
3386 1930 3470 1984 in-

1887 1985 2024 2062 quit,
2056 1985 2112 2062 in
2154 2003 2379 2062 quonam
2406 1998 2544 2043 statu
2575 2007 2980 2062 unumquemque
3008 2005 3237 2049 nostrum
3287 1985 3472 2055 habeat

1886 2051 2047 2140 Deus,
2073 2051 2267 2140 liquido
2288 2051 2849 2140 cognoscerentus,_'nrc
2872 2051 3029 2129 supra
3052 2083 3195 2130 sane,
3220 2086 3308 2121 nec

1886 2128 2119 2205 secedere
2142 2128 2460 2205 deberemus,
2494 2134 2693 2205 veritati
2720 2134 2775 2205 in
2805 2128 3038 2187 omnibus
3067 2128 3467 2205 acquiescentes.

1890 2193 2047 2272 {Vane
2070 2208 2239 2251 autem
2268 2201 2391 2266 quia
2424 2193 2698 2258 consilium
2730 2204 2827 2255 hoc
2865 2206 3033 2272 posuit
3063 2193 3299 2260 tenebras
3346 2193 3470 2264 lati;

1887 2265 2063 2319 bulum
2084 2285 2249 2335 suum,
2282 2265 2325 2323 et
2356 2287 2526 2325 sermo
2568 2265 2892 2325 absconditus
2920 2284 2991 2326 est
3029 2293 3061 2327 a
3089 2277 3255 2339 nobis,
3299 2280 3373 2330 ita
3414 2290 3469 2333 ut

1887 2351 2033 2415 nemo
2057 2342 2206 2393 sciat.
2249 2340 2312 2417 βξ
2334 2343 2518 2417 dignus
2558 2344 2623 2395 sit
2650 2360 2828 2417 amore
2862 2346 2945 2417 _v_el
2983 2346 3140 2411 odio;
3161 2349 3358 2417 justius
3389 2362 3471 2403 tu-

1886 2411 2085 2488 tiusque
2141 2411 2400 2488 profecto,
2425 2414 2591 2488 juxta
2639 2415 2801 2488 ipsius
2862 2413 3104 2488 Veritatis
3161 2411 3465 2488 consilium,

1886 2479 2218 2555 novissimum
2245 2483 2385 2535 nobis
2415 2479 2583 2537 locum
2612 2479 2881 2555 eligamus,
2924 2485 2987 2539 de
3014 2504 3114 2555 quo
3145 2479 3469 2555 postmodum

1885 2563 2000 2625 cum
2046 2550 2242 2606 honore
2288 2555 2521 2620 superius
2558 2550 2861 2623 educamur,
2911 2550 3064 2624 quam
3101 2550 3471 2625 praesumamus

1885 2618 2138 2687 altiorem,
2183 2625 2317 2696 unde
2344 2618 2521 2678 cedere
2559 2643 2678 2679 mox
2707 2618 2939 2696 oporteat
2978 2618 3315 2683 cum'rubore.
3340 2630 3467 2686 Non

1885 2698 1957 2771 est
1983 2707 2103 2762 ergo
2129 2694 2431 2763 periculum,
2460 2694 2927 2771 quantumcumque
2943 2708 2989 2771 te
3012 2698 3274 2771 humilies,
3305 2718 3471 2771 quan-

1888 2769 2210 2842 tunicamque
2240 2777 2459 2842 reputes.
2482 2768 2728 2820 minorem
2755 2784 2909 2834 quam
2934 2770 3025 2835 sis,
3067 2769 3163 2842 hoc
3192 2782 3283 2835 est,
3315 2768 3470 2842 quam

1889 2834 2135 2905 letteritas
2166 2834 2369 2888 habeat.
2413 2834 2505 2888 Est
2556 2846 2726 2890 autem
2755 2842 2949 2905 grande
2992 2841 3205 2905 malum,
3252 2834 3467 2896 horren-

1888 2900 2109 2978 dumque
2138 2905 2440 2978 periculum,
2464 2907 2542 2960 vel
2571 2910 2614 2959 si
2643 2900 2839 2960 modice
2859 2910 2977 2978 plus
3003 2926 3118 2963 t'ero
3146 2900 3202 2965 te.
3223 2913 3468 2978 extollas,

1888 2971 1965 3054 oel
1990 2976 2079 3025 uni
2126 2971 2357 3054 videlicet
2397 2971 2801 3054 in_c0gitat_ione
2836 2971 2923 3031 tua
2946 2989 2992 3032 te
3020 2982 3282 3050 praeferas,
3318 2971 3468 3054 quem

1889 3045 2022 3121 forte
2048 3060 2222 3121 parent
2255 3046 2345 3121 tibi
2376 3045 2805 3121 veritas'judicat,
2837 3061 2925 3103 aut
2956 3045 3088 3118 forte
3129 3045 3465 3121 superiorem.

1890 3113 2017 3169 Hinc
2050 3113 2109 3169 et
2140 3116 2244 3170 alia
2278 3117 2341 3172 D.
2390 3113 2697 3174 Bernardus
2748 3113 2811 3175 eo
2856 3113 2993 3175 loco.
3032 3123 3125 3177 'Ad
3156 3113 3466 3182 extremum

1892 3194 2208 3267 peceatores
2230 3204 2288 3242 se
2313 3190 2585 3258 appellant
2615 3192 2776 3267 etiam
2798 3193 2969 3267 sancti
2996 3202 3052 3248 et
3076 3195 3315 3261 perfecti,
3342 3213 3467 3267 pro-

185 3265 246 3317 in
286 3258 743 3333 ipso.'Rnrsus_tin
764 3258 871 3314 alio
910 3260 1136 3333 articulo
1163 3258 1240 3328 (a.
1265 3261 1329 3333 tl,
1358 3261 1428 3311 ad
1460 3260 1546 3328 l):
1578 3258 1780 3327 Potest,
1809 3266 1854 3328 ο
1890 3266 2007 3333 pter
2037 3258 2227 3333 crebra
2262 3272 2479 3328 peccata
2522 3262 2786 3326 venialia,
2821 3262 2875 3317 in
2918 3280 3036 3333 qua:
3070 3258 3358 3321 identidem
3391 3270 3470 3322 la-

186 3330 390 3404 inquit,
423 3333 607 3404 aliquis
626 3331 814 3402 absque
841 3332 1064 3404 falsitate
1079 3346 1133 3404 se
1154 3330 1357 3383 credere
1378 3337 1435 3404 et
1452 3333 1785 3401 pronumiare

188 3400 429 3460 omnibus
460 3400 689 3471 viliorem
721 3400 1000 3457 secundum
1031 3400 1256 3469 defectus
1291 3401 1518 3455 occultos
1562 3417 1688 3469 quos
1732 3405 1785 3458 in

185 3496 244 3533 se
274 3476 563 3542 cognoscit,
605 3487 651 3528 et
682 3476 820 3528 dona
854 3473 947 3528 Dei
987 3488 1101 3541 qua:
1143 3473 1197 3525 in
1239 3471 1356 3524 aliis
1411 3475 1589 3526 latent.
1634 3472 1785 3530 Unde

187 3548 519 3618 Augustinus
565 3547 688 3599 dicit
736 3547 787 3599 in
839 3545 926 3598 lib.
960 3545 1022 3596 de
1077 3544 1383 3618 Virginitate
1477 3543 1784 3618 Existimate

186 3615 325 3674 alios
346 3621 401 3672 in
438 3618 641 3671 oceulto
674 3618 980 3684 superiores,
1010 3616 1189 3684 quibus
1239 3615 1359 3669 estis
1408 3616 1459 3667 in
1510 3616 1783 3684 manifesto

185 3691 453 3744 meliores.
482 3688 734 3743 Similiter
762 3689 914 3742 etiam
944 3686 1134 3754 absque
1155 3685 1378 3755 falsitate
1401 3694 1561 3754 potest
1590 3686 1781 3750 aliquis

186 3762 427 3829 confiteri
458 3768 503 3811 et
531 3761 735 3813 credere
764 3758 831 3811 ad
876 3759 1050 3817 omnia
1077 3773 1131 3810 se
1166 3758 1398 3810 inutilem
1422 3772 1528 3809 esse
1569 3768 1613 3810 et
1643 3760 1782 3812 indi-

188 3848 353 3904 gnum
381 3847 471 3900 per
493 3833 729 3899 proprias
756 3831 903 3893 vires,
937 3840 989 3881 ut
1014 3829 1389 3904 sufficientiam
1431 3844 1575 3904 suam
1620 3838 1780 3904 totam

186 3898 242 3958 in
268 3898 438 3955 Deum
459 3905 667 3969 referat,
700 3903 981 3954 secundum
1008 3899 1139 3952 illud
1180 3898 1223 3951 Il
1252 3898 1481 3951 Corinth.
1528 3914 1583 3952 ιιι
1611 3916 1621 3951 :
1654 3900 1707 3953 Ν
1713 3919 1779 3956 οη

186 3974 327 4045 quod
349 3973 653 4045 sufficientes
682 3973 839 4045 simus
866 3971 1059 4045 aliquid
1086 3970 1308 4045 cogita_re
1344 3986 1377 4022 a
1422 3970 1590 4045 nobis,
1629 3972 1779 4045 quasi

187 4039 256 4099 ea:
283 4039 469 4107 nobis;
492 4043 581 4097 sed
611 4043 913 4112 sufﬁcientia
938 4049 1113 4094 nostra
1134 4057 1199 4094 ea:
1225 4039 1333 4093 Deo
1363 4050 1454 4094 est.
1485 4041 1572 4094 Sic
1616 4042 1776 4095 nimi-

189 4132 313 4170 rum
340 4114 399 4170 S.
451 4114 777 4168 Franciscus
807 4128 865 4167 se
892 4115 1129 4165 omnium
1170 4112 1557 4179 gravissimum
1587 4127 1779 4181 pecca-

191 4196 378 4241 torum
421 4185 723 4238 aflirmabat
764 4184 966 4249 duplici
1010 4183 1217 4236 ratione
1245 4199 1259 4238 :
1292 4184 1352 4235 1°
1383 4183 1510 4248 quia
1556 4186 1598 4235 si
1638 4183 1776 4237 Deus

189 4267 402 4311 tantam
437 4258 661 4323 gratiam
687 4255 808 4308 aliis
838 4254 1175 4316 contulisset,
1211 4253 1403 4307 melius
1433 4252 1678 4307 fortassis
1712 4269 1773 4308 ea

188 4330 282 4383 usi
317 4322 563 4390 fuissent,
587 4338 641 4380 et
666 4326 963 4379 sanctiores
991 4328 1289 4379 evasissent
1316 4341 1329 4385 ;
1360 4322 1417 4375 ‘2’
1440 4324 1560 4391 quia
1594 4326 1635 4377 si
1662 4325 1775 4391 ipse

190 4416 220 4452 a
264 4398 378 4451 Deo
408 4398 763 4463 desereretur,
791 4407 881 4450 aut
907 4398 1006 4449 nisi
1040 4394 1108 4449 ab
1133 4409 1198 4449 eo
1231 4404 1625 4463 protegeretur,
1659 4396 1777 4461 plu-

188 4470 353 4525 ribus
384 4476 439 4522 et
482 4469 814 4536 gravioribus
869 4467 1101 4536 peccatis
1148 4465 1287 4519 foret
1324 4467 1614 4518 obnoxius.
1644 4464 1773 4521 Vide

194 4542 631 4594 Bonaventuram
659 4539 711 4593 in
738 4540 853 4607 ejus
887 4538 1026 4593 Vita.
1053 4538 1321 4591 Praeterea
1348 4549 1538 4589 vocant
1561 4550 1619 4590 se
1649 4551 1774 4607 pec-

193 4621 411 4665 catores
438 4611 612 4664 sancti
656 4606 1381 4678 viri'spectantesinlinitam
1439 4608 1528 4660 Dei
1573 4606 1773 4660 sancti-

192 4692 365 4734 tatem
392 4693 444 4735 et
472 4681 698 4748 iustitiae
728 4680 1115 4746 perfectionem
1138 4723 1152 4745 ,
1187 4679 1343 4742 cujus
1375 4680 1775 4745 comparatione

192 4751 373 4805 omnis
430 4752 661 4806 humana
706 4750 915 4819 justitia
966 4759 1050 4805 est
1080 4749 1466 4819 injustitia,oet
1516 4748 1778 4819 munditia

191 4832 323 4875 sunt
347 4826 559 4889 sordes,
590 4817 750 4875 etlux
777 4823 1037 4876 tenebrae.
1069 4822 1201 4874 Hinc
1228 4817 1387 4871 David
1423 4818 1567 4871 Psal.
1597 4833 1771 4875 cum

193 4893 281 4946 Ne
312 4895 489 4954 intres,
525 4895 718 4960 inquit,
770 4893 821 4945 in
870 4894 1133 4962 judicium
1170 4905 1285 4943 cum
1321 4905 1466 4942 servo
1508 4900 1631 4951 tuo,
1655 4891 1777 4958 quia

190 4981 301 5035 non
333 4964 802 5035 justiﬁcabiturAin
850 4961 1123 5035 conspectu
1172 4972 1256 5035 tuo
1284 4961 1449 5014 omnis
1473 4962 1677 5035 Avivens.
1712 4963 1777 5016 Et

189 5034 317 5089 Job.
335 5032 469 5106 cap.
506 5051 607 5088 xxv
633 5052 647 5089 :
674 5032 940 5102 Numquid
953 5033 1236 5106 justiﬁcari
1253 5035 1438 5101 poterit
1461 5032 1612 5106 homo
1628 5049 1774 5106 eam:

190 5115 405 5175 paratus
440 5105 569 5171 Deo,
605 5117 691 5157 aut
730 5104 979 5172 apparere
1004 5106 1233 5175 mundus
1260 5113 1411 5155 natus
1439 5105 1500 5156 de
1527 5104 1777 5157 muliere?

192 5171 310 5228 ecce
330 5176 454 5229 luna
475 5179 630 5229 etiam
657 5171 1031 5241 nonsplendet,
1051 5188 1098 5229 et
1118 5171 1279 5227 stellce
1302 5188 1399 5225 non
1424 5185 1543 5226 sunt
1573 5176 1779 5229 mundw

189 5247 241 5299 in
276 5258 553 5310 conspectu
602 5250 750 5317 ejus;
778 5256 982 5317 quanto,
1022 5249 1183 5314 magis
1233 5242 1383 5296 homo
1433 5247 1669 5310 putredo,
1730 5255 1778 5300 et

191 5318 334 5385 ﬁlius
360 5320 582 5372 heminis
611 5316 836 5371 vermis?
863 5318 942 5371 Ad
973 5316 1089 5370 haec
1109 5318 1280 5370 sancti
1316 5327 1563 5380 reputant
1592 5330 1774 5371 secum

231 5390 424 5442 lurima
447 5400 500 5442 et
528 5390 714 5458 gravia
736 5388 981 5458 quaedam
1016 5396 1230 5454 peccata
1265 5386 1558 5458 prmteritzi,
1584 5390 1635 5438 in
1658 5386 1776 5453 qui-

232 5404 424 5442 IUl‘lma
447 5404 500 5442 Cl.
528 5404 714 5458 gravra
736 5404 981 5458 (10803!“
1016 5404 1230 5454 peccata
1265 5404 1558 5451 prwtertta,
1584 5404 1635 5438 In
1658 5404 1776 5453 ιιιιι-

189 5404 293 5513 iius
320 5475 568 5529 m-gnam
602 5461 723 5513 vitae
750 5475 860 5514 suze
902 5468 1109 5529 partem
1142 5457 1510 5525 perdiderunt,
1546 5456 1777 5525 ideoque

191 5544 252 5583 se
277 5528 589 5598 peccatores
619 5530 914 5599 appellant.
941 5528 1032 5584 Sic
1059 5531 1271 5592 Paulus,
1296 5529 1417 5595 quin
1441 5538 1774 5599 persecutor,

190 5597 726 5667 contumeliosus,et
753 5601 1102 5666 blasphemus
1140 5600 1333 5661 fuerat,
1372 5597 1701 5667 agnoscebat
1726 5606 1780 5650 et

191 5670 479 5726 dicebatse
499 5666 735 5740 primum
758 5670 998 5725 omnium
1024 5680 1367 5739 peccatorum
1394 5666 1440 5731 (ι
1468 5668 1535 5718 ad
1558 5666 1695 5718 Tim.
1713 5667 1774 5733 t).

196 5740 435 5817 Denique
459 5743 585 5817 quia
609 5742 811 5817 sanctis
841 5742 1049 5817 incerta
1076 5752 1189 5799 erat
1207 5740 1612 5817 Δρι’ίιυ-ιςξιὶιοιιιιιι
1654 5752 1780 5789 suo-

191 5825 318 5905 {tttu
344 5812 638 5879 criminum
667 5812 921 5873 remissio
966 5812 1103 5897 (non
1132 5814 1276 5875 enim
1319 5812 1427 5869 illis
1466 5820 1619 5875 certo
1646 5822 1784 5893 con-5

1889 3329 2121 3407 buntur._
2137 3329 2339 3399 Septies
2366 3334 2501 3407 enim
2526 3334 2581 3386 in
2606 3336 2688 3388 die
2707 3336 2843 3407 cadit
2866 3329 3043 3406 justus
3065 3334 3336 3406 (Proverb.
3368 3346 3464 3407 tv),

1890 3397 1940 3451 id
1960 3409 2072 3476 est,
2101 3397 2426 3471 frequenter.
2463 3404 2537 3476 Ea
2565 3420 2695 3459 vero
2724 3406 2799 3459 illi
2852 3397 2958 3459 rion
3011 3397 3171 3476 parva
3221 3418 3275 3462 et
3326 3397 3461 3463 let-ia

1886 3470 2237 3549 existimant,
2256 3476 2350 3529 sed
2395 3475 2571 3549 valde?
2605 3476 2807 3549 gravia;
2839 3486 2902 3549 et
2940 3470 3146 3539 odiosa.
3183 3488 3241 3530 ut
3268 3480 3467 3549 quibus

1886 3544 2121 3618 sentiant
2142 3544 2396 3618 ardorem
2429 3546 2945 3618 cltaritatisminui,
2976 3556 3031 3618 et
3068 3544 3467 3618 cursum'spiri-

1887 3613 2346 3687 tualisprol‘ectus
2366 3617 2651 3670 retardari.
2669 3617 2802 3670 Hinc
2826 3616 3235 3670 Ecclesiasdcus
3256 3613 3372 3687 cap.
3394 3636 3465 3675 vn

1886 3684 1998 3737 ait;
2034 3684 2154 3737 Non
2185 3695 2255 3738 est
2278 3689 2428 3738 homo
2446 3689 2624 3757 justus
2648 3702 2803 3755 super
2832 3696 3041 3757 terram.
3071 3689 3155 3752 qui
3188 3684 3348 3754 faciat
3376 3688 3466 3741 bo-

1883 3768 2029 3819 num,
2070 3766 2117 3806 et
2147 3771 2249 3807 non
2293 3755 2483 3823 peccet.
2536 3756 2603 3808 Et
2631 3756 2923 3824 Aposmlus
2950 3755 3182 3808 Joannes
3212 3757 3301 3809 ille
3332 3758 3464 3812 dile«

1882 3834 2001 3877 ctus
2019 3824 2313 3891 discipulus
2338 3843 2348 3876 :
2379 3824 2445 3878 In
2474 3825 2670 3889 multis,
2698 3826 2889 3892 inquit,
2919 3824 3229 3890 offendimus
3249 3842 3420 3881 omnes
3443 3872 3459 3894 ,

1882 3894 1925 3965 si
1951 3895 2233 3948 dixerimus
2258 3896 2380 3965 quia
2410 3903 2673 3964 peccatum
2705 3911 2807 3948 non
2831 3894 3095 3965 habemus,
3120 3897 3221 3963 ipsi
3247 3913 3339 3951 nos
3376 3915 3459 3952 se-

1882 3964 2141 4036 ducimur,
2168 3975 2215 4021 et
2235 3964 2421 4019 veritas
2446 3969 2497 4019 in
2529 3970 2670 4019 nobis
2694 3983 2793 4019 non
2819 3973 2891 4020 est
2913 3966 2967 4036 (ι
2993 3964 3151 4021 Joan.
3177 3966 3245 4033 ι).

1955 4034 1980 4072 υ
2008 4037 2064 4089 ι).
2101 4035 2392 4107 Gregorius
2423 4038 2511 4092 lib.
2541 4052 2597 4091 ιιι
2624 4034 2966 4107 Dialogorum
3006 4053 3127 4107 cap,
3165 4037 3234 4093 54
3260 4055 3274 4092 :
3304 4037 3464 4093 Com-

1879 4109 2191 4181 punctionis,
2222 4106 2415 4177 inquit,
2446 4126 2631 4181 genera
2654 4111 2756 4162 duo
2784 4106 2924 4175 sunt,
2948 4110 3066 4177 quia
3091 4106 3255 4162 Deum
3284 4113 3466 4181 sitiens

1881 4179 2057 4232 anima
2095 4182 2239 4250 prius
2270 4179 2458 4234 timore
2496 4184 3025 4250 compungitur,'post
3052 4195 3242 4234 amore.
3304 4180 3461 4235 Prius

1878 4250 2015 4301 enim
2044 4252 2227 4321 sesein
2252 4252 2494 4321 lucrymis
2520 4252 2693 4321 afficit,
2725 4255 2847 4316 quia
2885 4254 3006 4305 dum
3053 4251 3306 4303 malorum
3341 4269 3464 4307 suo-

1878 4336 1992 4371 rum
2020 4320 2223 4394 recolit,
2274 4320 2377 4393 pro,
2400 4323 2477 4375 his
2519 4324 2714 4391 perpeti
2753 4332 2942 4375 (eterna
2997 4322 3256 4389 supplicia
3303 4326 3464 4394 perti-

1878 4392 2071 4464 mescit.
2104 4392 2168 4444 At
2200 4392 2313 4446 vero
2336 4410 2452 4446 cum
2476 4394 2629 4464 longa
2649 4395 2877 4447 maeroris
2898 4396 3155 4446 anxietate
3176 4392 3327 4460 fuerit
3355 4398 3465 4464 for-

1876 4462 2015 4513 mido
2031 4474 2369 4535 consumpta,
2403 4462 2641 4533 qutedam
2655 4467 2766 4535 jam
2791 4466 2853 4516 de
2877 4466 3277 4534 praesumptione
3306 4462 3466 4520 veniae

1875 4532 2122 4584 securitas
2154 4532 2482 4596 nascitur,iet
2528 4537 2579 4588 in
2626 4532 2797 4587 amore
2835 4532 3117 4587 caelestium
3148 4537 3464 4603 gaudiorum

1878 4604 2080 4676 animus
2104 4606 2479 4673 inflammatur,
2509 4616 2555 4659 et
2583 4608 2671 4676 qui
2697 4609 2841 4676 prius
2877 4606 3027 4674 ﬂebat
3081 4622 3143 4657 ne
3192 4608 3465 4662 duceretur

1885 4674 2320 4747 adsuppliciunt,
2366 4674 2705 4745 postmodum
2742 4677 3060 4729 amarissime
3113 4676 3239 4747 flere
3284 4680 3465 4747 incipit

1882 4746 2006 4814 quia
2033 4745 2273 4819 differtur
2297 4764 2328 4799 a
2356 4748 2534 4819 regno.
2559 4747 2957 4819 Similia‘habet
2991 4746 3175 4819 homil.
3207 4745 3463 4813 vigesima

1884 4817 2117 4889 secundo
2142 4833 2305 4887 super
2339 4815 2676 4873 Ezechielem
2713 4815 2873 4889 (Vide
2904 4817 3083 4889 cotlat.
3110 4817 3142 4871 9
3174 4835 3217 4869 c.
3250 4818 3364 4889 ub).

1961 4898 1980 4923 ο
2010 4888 2124 4941 Νοιι
2156 4891 2232 4942 sic
2259 4890 2566 4957 accipienda
2593 4900 2716 4942 sunt
2744 4888 2859 4942 haec
2885 4888 3071 4953 verba,
3101 4903 3195 4942 seu
3225 4906 3291 4944 ex
3322 4888 3465 4945 men-

1885 4968 1937 5014 te
1954 4959 2227 5021 Auctoris,
2259 4974 2355 5010 seu
2386 4976 2449 5012 ex
2476 4960 2552 5011 rei
2582 4962 2836 5023 veritate,
2871 4960 3019 5027 quasi
3050 4960 3218 5012 sancti
3253 4962 3330 5013 illi
3364 4962 3456 5014 Ρ...

1885 5040 1992 5083 tres
2010 5042 2195 5082 merita
2219 5029 2477 5080 bonorum
2497 5043 2721 5096 operum
2746 5043 2851 5080 non
2885 5039 3260 5097 agnoscerent,
3281 5031 3465 5095 eismtc

1886 5102 2049 5151 vitam
2080 5108 2359 5163 aeternam,
2394 5107 2451 5150 ut
2498 5097 2800 5150 mercedem
2845 5113 2908 5152 ac
2953 5097 3280 5164 Stipendium
3313 5100 3460 5154 labo-

1881 5186 1998 5223 rum
2046 5183 2073 5219 a
2127 5168 2236 5220 Deo
2279 5167 2578 5235 repromitti
2627 5182 2730 5219 non
2776 5168 3135 5235 intelligerent
3174 5186 3185 5218 :
3219 5170 3310 5221 sed
3341 5173 3460 5236 quin

1880 5240 2048 5308 magis
2078 5237 2431 5293 attendebant
2461 5248 2513 5290 et
2542 5237 2962 5308 considerabant
2986 5250 3111 5289 suos
3141 5236 3383 5292 defeclm
3410 5256 3463 5294 et

1879 5306 2226 5367 inﬁrmitates
2256 5324 2415 5378 quam
2438 5306 2799 5378 perfectiones
2832 5318 2886 5361 et
2915 5310 3127 5378 merita,
3172 5309 3372 5362 idcirco
3396 5311 3464 5364 de

1880 5399 1940 5438 se
1972 5385 2039 5437 ita
2073 5377 2349 5437 humiliter
2376 5377 2679 5435 sentiebant
2708 5393 2771 5433 ac
2816 5377 3199 5444 ormdicabant,
3247 5391 3307 5431 ut
3335 5380 3459 5434 vita:

1880 5454 2071 5508 lutum:
2105 5454 2370 5521 stipendia
2404 5468 2507 5506 non
2530 5467 2593 5505 ex
2620 5450 2731 5504 suis
2763 5448 2992 5511 meritis,
3017 5448 3111 5500 sed
3136 5463 3214 5521 ex
3243 5448 3335 5504 Dei
3365 5450 3463 5506 mi-

1882 5518 2253 5580 sericordia—et
2279 5526 2448 5592 gratia
2474 5531 2853 5592 exspecmrent
2875 5560 2888 5582 ,
2918 5518 3463 5592 quomodoﬁbristns

1883 5599 1950 5652 de
1974 5599 2126 5650 nobis
2150 5589 2577 5664 post'benelucta
2609 5590 2947 5646 sentiendum
2978 5604 3041 5641 ac
3066 5589 3459 5655 praedicandum

1882 5670 2099 5732 docuit,
2125 5663 2191 5721 ne
2217 5680 2310 5735 per
2333 5667 3089 5740 superbiam“corrmnpantur
3129 5676 3289 5740 opera
3325 5663 3460 5740 bona

1880 5757 1993 5811 quae
2020 5734 2264 5794 fecimus.
2297 5737 2455 5791 Luca:
2472 5750 2612 5811 xvii:
2638 5735 2764 5811 Cum
2785 5734 3259 5811 fecgritis,_inq_t_tit,
3292 5736 3463 5790 omnia

1879 5803 1993 5880 «iure
2016 5819 2273 5887 praecepta
2300 5820 2418 5866 sunt
2444 5807 2611 5881 vobis,
2644 5803 2821 5880 dicite,
2848 5803 2995 5862 Servi
3025 5805 3233 5862 inutiles
3257 5821 3461 5879 sumus;
