4014 6200
144 293 247 352 435

681 287 773 346 DE
811 279 1290 361 COENOBIORUM
1328 276 1572 341 INSTIT.
1617 279 1747 336 LIB.
1789 268 1910 333 XII.
1938 305 2010 318 —
2035 273 2126 332 DE
2169 271 2439 330 SPlRITU
2479 262 2862 328 SUPERBIIE.

3323 272 3438 336 454

146 415 386 464 nostram
410 405 643 462 salutem
672 404 974 473 pertinent,
1004 402 1326 456 arbitramur
1352 413 1450 453 nos
1468 393 1736 466 adjutorio
1764 398 1814 456 Α
1846 391 1983 445 ιοι·ἱο
2013 403 2270 457 superare
2291 430 2303 452 ,
2336 387 2582 440 dicamus
2613 403 2624 438 :
2651 385 2717 438 In
2743 395 2788 438 te
2812 383 3046 442 inimicos
3075 390 3278 441 nostros
3302 404 3428 443 ven-

145 499 366 556 Domini
426 513 534 553 non
590 498 778 567 egeret
833 495 1121 549 Discamus
1151 495 1326 562 itaque
1370 502 1426 548 et
1474 504 1594 555 nos,
1637 504 1731 558 per

147 594 362 664 singula
389 600 630 647 nostram
674 589 837 646 simul
869 589 1238 644 inﬁrmitatem
1261 595 1316 644 et
1345 587 1488 642 illius
1517 585 1730 654 adjuto-

147 687 225 742 ria
262 689 600 752 sentientes,
647 684 889 756 quotidie
939 683 1281 753 proclamare
1325 696 1447 736 cum
1489 680 1729 735 sanctis:

150 777 229 833 Im
237 781 420 849 pulsus
439 790 668 834 uersatus
682 794 797 832 sum
821 785 876 830 ut
897 777 1156 842 caderem,
1175 785 1224 830 et
1239 775 1489 829 Dominus
1515 773 1736 843 suscepit

149 889 244 926 me.
272 871 552 926 Fortitudo
573 888 684 925 mea
711 880 759 924 et
788 869 1017 924 laudatio
1047 886 1159 923 mea
1187 867 1467 936 Dominus,
1491 877 1539 921 et
1568 868 1736 936 {actus

148 973 221 1018 est
244 964 374 1018 mihi
396 966 448 1018 in
476 965 694 1018 salutem
716 961 887 1035 (Psal.
925 960 1110 1032 cxvn).
1144 961 1230 1025 Et,
1256 960 1380 1013 Nisi
1409 961 1533 1030 quia
1563 958 1740 1011 Domi-

151 1071 247 1109 nus
287 1057 488 1128 adjuvit
531 1073 631 1124 me,
671 1056 832 1128 paulo
856 1056 1028 1118 minus
1060 1054 1378 1108 habitaverat
1435 1055 1490 1106 in
1531 1052 1738 1122 inferno

154 1146 328 1199 anima
354 1162 487 1200 mea.
518 1146 578 1202 Si
606 1146 854 1213 dicebam,
888 1145 1060 1199 Motus
1088 1155 1163 1200 est
1198 1161 1286 1215 pes
1331 1159 1474 1198 meus
1493 1185 1507 1210 ,
1539 1143 1739 1198 miseri-

155 1237 333 1292 cordia
357 1250 470 1307 tua,
502 1235 739 1306 Domine,
755 1238 1036 1310 adjuvabat
1063 1254 1162 1292 me.
1189 1237 1487 1292 Secundum
1506 1234 1742 1290 multitu-

155 1330 329 1388 dinem
358 1332 596 1392 dolorum
622 1347 852 1387 ursorum
893 1332 948 1386 in
983 1331 1138 1386 corde
1190 1346 1320 1395 meo,
1366 1329 1744 1384 consolationes

156 1428 263 1482 tua
283 1421 391 1482 lati
411 1423 699 1492 ﬁcavsrunt
735 1425 971 1479 animum
995 1439 1166 1478 meum
1200 1421 1428 1491 (Psalm.
1459 1419 1630 1491 scut).
1659 1419 1748 1477 Vi-

154 1513 348 1574 dentes
375 1515 543 1574 etiam
572 1531 670 1574 cor
694 1525 946 1587 nostrum
997 1516 1053 1571 in
1091 1515 1292 1570 timore
1320 1513 1535 1568 Domini
1565 1521 1622 1569 et
1653 1527 1748 1583 pa-

156 1605 344 1660 tientia
368 1606 642 1673 roborari,
673 1607 923 1662 dicamus
955 1624 968 1659 :
999 1606 1066 1660 Et
1094 1610 1263 1677 factus
1281 1615 1353 1662 est
1376 1604 1630 1662 Dominus
1653 1607 1748 1676 ﬁr-

155 1709 470 1766 mamentum
496 1715 688 1764 meum,
711 1709 759 1753 et
789 1699 968 1753 eduxit
988 1716 1067 1753 me
1086 1700 1139 1753 in
1158 1698 1434 1752 latitudine
1461 1696 1742 1770 (Ps.xvtt);

155 1791 459 1862 Scientiam
489 1806 707 1870 quoque
740 1790 985 1860 profectu
1016 1805 1234 1860 operum
1262 1788 1620 1860 intelligentes
1649 1803 1750 1844 no-
1776 1786 1825 1848 B

151 1883 240 1938 bis
263 1885 482 1954 augeri,
510 1883 752 1940 dicamus
776 1899 790 1935 :
824 1882 1078 1948 Quoniam
1100 1890 1155 1934 tu
1192 1881 1454 1935 illuminas
1483 1879 1746 1935 lucernam

152 1992 346 2039 meam,
381 1973 609 2028 Domine
632 1972 775 2027 Deus
819 1990 977 2042 meus,
1024 1974 1263 2026 illuminu
1298 1973 1528 2027 tenebras
1577 1990 1748 2041 meas;

154 2068 404 2139 quoniam
431 2067 488 2120 in
509 2076 556 2121 te
579 2067 768 2138 eripior
788 2083 820 2121 α
843 2067 1137 2133 tentatione,
1165 2075 1211 2120 et
1232 2067 1287 2119 in
1314 2065 1423 2121 Deo
1450 2083 1560 2121 meo
1582 2076 1751 2124 trans—

157 2159 368 2230 gredior
397 2175 606 2222 murum
635 2158 852 2228 (lbid.).
906 2158 1037 2213 Dein
1069 2159 1368 2214 sentientes
1410 2159 1578 2215 etiam
1624 2173 1754 2216 nos-

159 2255 426 2321 metipsos
477 2249 848 2306 fortitudinem
893 2251 1195 2307 tolerantiae
1224 2252 1582 2323 conquisisse,
1613 2260 1671 2308 et
1698 2253 1752 2308 in

158 2341 362 2396 semita
385 2340 641 2396 virtutum
676 2340 886 2396 facilius
917 2357 979 2396 ac
1010 2341 1126 2397 sine
1167 2342 1353 2398 labore
1387 2343 1568 2416 dirigi,
1608 2344 1756 2399 dica-

156 2447 288 2488 mus
324 2447 340 2490 :
373 2431 517 2502 Deus
546 2433 634 2504 qui
658 2433 926 2508 prtecingis
951 2449 1030 2488 me
1072 2437 1287 2502 virtute,
1322 2444 1374 2492 et
1408 2437 1626 2506 posuisti
1652 2437 1753 2492 im-

156 2523 481 2588 maculatum
511 2524 643 2580 viam
681 2540 846 2580 meam
869 2540 888 2579 :
920 2524 1022 2592 Qui
1047 2527 1254 2596 perﬁcis
1279 2528 1434 2597 pedes
1458 2543 1599 2582 meos
1623 2536 1758 2582 tama-

155 2629 318 2690 qu‘am
338 2620 496 2686 cervi,
530 2628 576 2673 et
614 2635 770 2690 super
807 2621 1012 2674 excelsa
1053 2629 1282 2676 statuens
1310 2637 1431 2676 me:
1467 2621 1568 2688 Qui
1610 2621 1760 2698 doces

157 2727 344 2766 manus
390 2728 532 2767 meas
573 2713 640 2767 ad
693 2714 932 2784 praelium
984 2711 1204 2786 (Ibid.).
1260 2713 1548 2772 Consecuti
1593 2715 1760 2771 etiam

157 2807 589 2874 discretionem,
649 2821 752 2876 qua
795 2805 1034 2862 roborati
1089 2807 1362 2877 possimus
1419 2807 1761 2864 adversarios

155 2909 384 2955 nostros
409 2899 632 2964 elidere,
666 2900 1068 2969 proclamemus
1117 2900 1183 2955 ad
1224 2900 1431 2955 Deum:
1468 2899 1762 2969 Disciplina

159 3003 252 3048 tua
275 2993 501 3048 correxit
526 3009 608 3050 me
631 2993 684 3048 in
713 2994 890 3062 ﬁnem,
920 3002 967 3048 et
999 2993 1273 3065 disciplina
1313 3003 1402 3048 tua
1429 2995 1545 3064 ipsa
1571 3009 1648 3046 mc
1668 2993 1762 3048 do-

159 3086 316 3142 cebit.
350 3084 596 3142 Dilutasti
629 3101 834 3158 gressus
877 3101 1014 3140 meos
1057 3084 1234 3140 subtus
1278 3101 1379 3153 me,
1427 3095 1607 3142 etnon
1641 3091 1763 3140 sunt

1841 481 2102 536 tilabimus
2133 495 2318 544 cornu,
2368 487 2416 532 et
2465 478 2519 531 in
2560 477 2764 531 nomine
2793 487 2878 531 tuo
2921 492 3221 546 spernemus
3253 478 3426 534 insur-

1839 587 2008 649 gentes
2055 579 2109 630 in
2159 576 2323 629 nobis.
2359 573 2482 628 Non
2512 573 2644 627 enim
2685 573 2738 626 in
2791 589 2916 626 arcu
2955 588 3066 626 meo
3112 572 3349 640 sperabo,
3383 581 3430 629 et
3506 631 3532 650 ,ν

1840 671 2047 742 gladius
2075 685 2220 724 meus
2251 685 2350 723 non
2380 669 2599 722 saluabit
2643 684 2740 722 me.
2793 667 3022 724 Salvasti
3051 669 3186 726 enim
3227 686 3319 725 nos
3367 671 3431 727 de
3514 651 3531 664 ι’

1839 761 2184 832 afﬂigentibus
2197 777 2305 828 nos,
2323 770 2369 814 et
2381 761 2604 816 odientes
2618 777 2707 816 nos
2720 761 2998 830 confudisti
3013 761 3235 832 (Psalm.
3251 764 3430 836 xutt).

1844 854 1950 910 Sed
1991 856 2141 910 etiam
2173 851 2602 924 pracinxistipte
2631 856 2815 910 virtute
2855 855 2922 910 ad
2971 855 3160 910 bellum
3185 899 3198 922 ,
3232 866 3279 912 et
3307 875 3433 929 sup-

1843 945 2090 1015 plantasti
2114 962 2287 1000 omnes
2309 947 2627 1019 insurgentes
2647 948 2699 1001 in
2729 963 2807 1001 me
2835 948 3010 1004 subtus
3034 965 3130 1002 me.
3159 947 3228 1002 Et
3257 950 3435 1012 inimi-

1844 1055 1930 1093 cos
1951 1055 2086 1094 meos
2111 1038 2298 1106 dedisti
2324 1039 2453 1092 mihi
2481 1041 2712 1105 dorsum,
2736 1049 2782 1093 et
2814 1039 3098 1109 obedientes
3119 1057 3200 1095 me
3228 1043 3434 1112 disper-

1846 1129 2020 1184 didisti
2054 1130 2231 1200 (Psal.
2258 1130 2418 1201 xvn).
2444 1132 2551 1189 Sed
2589 1146 2691 1188 nec
2723 1133 2888 1192 armis
2918 1135 3120 1190 nostris
3147 1147 3306 1203 posse
3333 1149 3436 1191 nos

1845 1223 2070 1280 vincere
2112 1222 2448 1293 cogitantes,
2501 1223 2743 1278 dicamus
2777 1242 2789 1278 :
2821 1224 3159 1295 Apprehende
3196 1242 3342 1280 arma
3387 1232 3438 1280 et

1848 1323 2065 1381 scutum,
2095 1325 2141 1372 et
2171 1330 2387 1384 exsurge
2432 1318 2483 1368 in
2528 1315 2845 1387 adjutorium
2894 1318 3024 1382 mei;
3055 1315 3281 1384 Effunde
3329 1318 3438 1388 fra-

1849 1423 2036 1474 meam,
2078 1417 2129 1462 et
2152 1407 2404 1464 conclude
2431 1409 2676 1463 adversus
2706 1425 2790 1464 eos
2816 1411 2902 1480 qui
2923 1419 3290 1481 persequuntur
3319 1427 3439 1478 me;

1848 1499 1934 1556 dic
1962 1500 2150 1564 anima
2177 1515 2323 1566 mete,
2368 1498 2525 1564 Salus
2552 1511 2639 1556 tua
2666 1518 2759 1571 ego
2786 1517 2897 1556 sum
2931 1500 3104 1571 (Psal.
3130 1502 3336 1575 xxxiv).
3370 1502 3440 1558 Et

1851 1590 2065 1660 posuisti
2096 1601 2151 1644 ut
2176 1607 2353 1645 arcum
2383 1607 2574 1645 aereum
2605 1592 2815 1645 brachia
2845 1609 2976 1660 mea,
3011 1605 3056 1648 et
3094 1594 3280 1648 dedisti
3312 1594 3439 1649 mihi

1850 1684 2225 1753 protectionem,
2253 1683 2438 1736 salutis
2467 1692 2587 1749 tute,
2625 1693 2675 1737 et
2720 1684 2930 1738 dextera
2981 1695 3069 1739 tua
3097 1688 3317 1757 suscepit
3362 1701 3440 1740 me

1856 1773 2030 1847 (Psal.
2062 1775 2219 1846 xvu).
2279 1775 2417 1843 Quia
2469 1792 2560 1830 nec
2611 1785 2782 1848 patres
2831 1778 2994 1832 nostri
3037 1779 3090 1832 in
3139 1780 3314 1849 gladio
3347 1794 3441 1834 suo

1852 1871 2194 1938 possederunt
2234 1880 2444 1939 terram,
2481 1880 2529 1926 et
2559 1871 2823 1925 brachium
2875 1889 3053 1928 eorum
3094 1890 3196 1928 non
3231 1873 3448 1928 salvavit

1852 1978 1958 2030 eos,
1989 1965 2080 2018 sed
2107 1965 2321 2019 dextera
2353 1974 2442 2020 tua
2485 1973 2536 2019 et
2577 1965 2841 2020 brachium
2870 1976 3015 2020 tuum
3046 1975 3092 2020 et
3132 1968 3448 2022 illuminatio

1851 2059 2024 2113 vultus
2065 2060 2172 2128 tui,
2214 2061 2458 2130 quoniam
2486 2060 2842 2130 complacuiin
2869 2061 2922 2114 in
2967 2063 3038 2114 eis
3070 2059 3242 2133 (Psal.
3269 2060 3447 2133 mn).

1854 2150 2137 2208 Postremo
2187 2153 2436 2208 universa
2488 2151 2749 2206 beneﬁcia
2803 2152 2921 2219 ejus
2973 2167 3094 2208 cum
3150 2155 3448 2222 gratiarum

1855 2244 2068 2299 actione
2099 2255 2281 2300 mente
2312 2245 2541 2300 sollicita
2573 2245 2992 2314 pet-lustrantes,
3027 2260 3189 2314 super
3220 2246 3303 2299 his
3333 2260 3453 2300 om-

1856 2335 2044 2403 nibus,
2083 2337 2230 2407 quod
2276 2337 2362 2392 vel
2409 2339 2786 2407 pugnavimus,
2843 2337 2933 2392 vel
2988 2336 3448 2396 illuminationem

1857 2429 2119 2495 scientiae,
2148 2429 2234 2485 vel
2255 2429 2598 2499 disciplinam
2626 2429 2971 2485 discretionis
2993 2431 3059 2484 ab
3082 2444 3148 2484 eo
3173 2430 3451 2487 consecuti

1857 2538 2066 2589 sumus,
2095 2523 2181 2578 vel
2206 2523 2350 2593 quod
2381 2525 2492 2579 suis
2522 2540 2623 2578 nos
2648 2526 2816 2597 armis
2847 2525 3126 2592 instruxit,
3154 2532 3210 2579 et
3231 2523 3454 2580 virtutis

1857 2617 2082 2688 cingulo
2114 2618 2489 2685 communivit,
2532 2619 2617 2674 vel
2668 2618 2810 2688 quod
2860 2619 3202 2675 inimicorum
3235 2627 3456 2674 nostro-

1858 2725 1977 2764 rum
2004 2710 2160 2765 nobis
2189 2712 2424 2780 praebuit
2451 2710 2696 2776 dorsum,
2731 2720 2783 2766 et
2811 2713 2999 2767 tribuit
3022 2715 3279 2768 virtutem
3304 2729 3454 2768 com-

1859 2802 2134 2856 minuendi
2164 2817 2260 2858 eos
2285 2812 2342 2857 ut
2376 2805 2649 2871 pulverem
2677 2814 2803 2860 ante
2834 2805 3028 2860 faciem
3053 2808 3224 2874 venti,
3261 2808 3460 2864 intimo

1859 2893 2041 2948 cordis
2069 2893 2262 2948 aﬂ‘ectu
2287 2894 2584 2948 clamemus
2611 2893 2680 2948 ad
2707 2909 2829 2949 eum
2867 2913 2878 2948 :
2913 2895 3143 2968 Diligam
3174 2908 3239 2962 te,
3270 2897 3456 2954 Domi-

1862 3003 1945 3052 ne,
1978 2988 2141 3042 virtus
2164 3003 2307 3053 mea,
2339 2987 2590 3042 Dominus
2623 2988 3005 3059 ﬁrmamentum
3043 3008 3209 3047 meum
3235 3003 3282 3047 et
3310 2998 3456 3063 refu-

1864 3082 2005 3151 gium
2052 3096 2244 3147 meum,
2301 3091 2347 3137 et
2379 3081 2620 3137 liberator
2663 3100 2838 3152 meus,
2882 3084 3024 3139 Deus
3053 3102 3197 3151 meus
3241 3088 3458 3158 adjutor

155 3181 433 3250 inﬁrmata
476 3179 712 3256 vestigia
733 3194 846 3232 mea
876 3176 1088 3252 (Ibid).
1125 3179 1192 3233 Et
1243 3180 1369 3250 quia
1412 3178 1595 3233 taliter
1639 3192 1757 3232 sum
1789 3168 1834 3231 C
1866 3181 2029 3241 meus,
2055 3183 2101 3227 et
2122 3174 2340 3243 sperabo
2359 3175 2412 3228 in
2441 3191 2577 3238 eum,
2613 3186 2872 3245 protector
2903 3194 3042 3232 meus
3066 3188 3113 3232 et
3143 3180 3458 3235 cornnsalu-

156 3273 454 3328 roboratus
480 3273 706 3342 scientia
738 3282 825 3327 tua
873 3281 1034 3342 atque
1059 3272 1290 3341 virtute,
1339 3273 1564 3328 inferam
1593 3271 1762 3327 conii-

157 3365 357 3421 denter
385 3379 449 3420 ea
473 3379 596 3435 qua
618 3371 940 3434 sequuntur,
974 3373 1029 3418 et
1059 3361 1234 3420 dicam
1265 3381 1277 3416 :
1313 3361 1606 3432 Persequar
1656 3362 1761 3416 ini-.-

160 3456 330 3510 micos
351 3470 512 3520 meos,
547 3463 593 3509 et
616 3454 1046 3524 comprehendam
1086 3455 1224 3520 illos,
1257 3463 1304 3508 et
1352 3470 1456 3508 non
1494 3465 1762 3509 convertar

161 3548 327 3602 donec
350 3546 617 3616 deﬁciant.
650 3546 921 3603 Conteram
941 3547 1061 3601 illos
1079 3563 1170 3602 nec
1201 3557 1433 3617 poterunt
1464 3556 1602 3601 stare
1624 3565 1642 3602 :
1668 3564 1758 3602 ca-

162 3640 290 3696 dent
333 3638 512 3702 subtus
537 3639 691 3712 pedes
721 3657 858 3696 meos
889 3640 1102 3713 (lbid.).
1151 3641 1384 3698 Rursum
1428 3641 1760 3702 inﬁrmitatis

161 3741 369 3790 nostra:
416 3746 711 3800 memores,
743 3747 845 3788 nec
874 3749 1034 3803 posse
1079 3750 1177 3790 nos
1208 3744 1313 3790 tam
1345 3736 1572 3792 acerbos
1603 3737 1760 3792 vitio—
1835 3796 1840 3800 ,

161 3840 289 3882 rum
321 3825 513 3882 hostes
529 3825 876 3897 tragilicarne
895 3826 1262 3883 circumdatos
1290 3829 1406 3884 sine
1429 3829 1572 3884 illius
1601 3830 1758 3901 adju-

1865 3266 1930 3319 tis
1961 3282 2105 3332 mete,
2157 3275 2204 3320 et
2257 3277 2520 3350 susceptor
2547 3285 2709 3336 meus,
2756 3270 2981 3326 laudans
3008 3273 3251 3328 invocabo
3277 3273 3458 3330 Domi~

1864 3373 2008 3427 num,
2033 3368 2080 3413 et
2101 3359 2164 3414 ab
2185 3361 2407 3416 inimicis
2437 3364 2565 3419 meis
2587 3363 2765 3418 salvus
2786 3381 2873 3419 ero
2895 3364 3015 3435 (Ps.
3049 3365 3201 3436 xvu).

2435 3538 2661 3594 CAPUT
2701 3538 2889 3594 XVIII.

1868 3649 2018 3716 Quod
2057 3668 2158 3704 non
2185 3651 2352 3708 solum
2383 3651 2437 3703 in
2463 3650 2714 3704 naturali
2742 3651 3055 3715 conditione,
3094 3652 3186 3705 sed
3211 3652 3370 3706 etiam
3399 3657 3455 3709 in

1957 3723 2258 3786 quotidiana
2290 3722 2700 3788 dispensatione,
2734 3717 2830 3772 Dei
2852 3722 3018 3788 gratia
3045 3723 3360 3775 muniantur.

1936 3840 1963 3869 ι
1989 3829 2105 3885 Non
2139 3831 2312 3884 solum
2353 3844 2450 3899 pro
2483 3829 2566 3883 his
2611 3829 2660 3883 ei
2699 3828 2898 3901 gratias
2941 3828 3276 3901 referentes,
3309 3835 3456 3904 quod

1258 3943 1520 4000 ALARDI
1556 3943 1788 4001 ΟΛΖᾸΞΙ
1825 3942 2396 4000 COMMENTARIUS.

162 4034 256 4103 qui
299 4033 621 4103 Pelagianos
648 4034 862 4090 occulte
892 4044 947 4091 et
987 4035 1089 4091 sub
1119 4036 1336 4091 nomine
1376 4037 1642 4094 catholico
1669 4037 1756 4091 fo-

163 4119 298 4159 vere
320 4104 425 4158 visi
460 4113 603 4170 sunt,
638 4107 690 4160 in
729 4107 923 4173 quibus
951 4105 1271 4175 Cassianus,
1305 4108 1537 4162 Faustus
1566 4118 1616 4162 et
1665 4109 1756 4163 alii

161 4175 529 4248 Massilienses
554 4178 852 4248 presbyteri
870 4219 884 4242 ,
904 4176 1190 4233 manifeste
1203 4177 1466 4233 confutet.
1495 4179 1560 4232 Hi
1583 4179 1752 4247 enim,

163 4255 223 4302 ut
255 4245 458 4300 dictum
479 4256 581 4311 est,
606 4245 747 4301 bona
777 4247 949 4316 aliqua
982 4249 1273 4314 desideria,
1304 4250 1512 4304 initium
1545 4250 1666 4305 ﬁdei
1702 4245 1758 4305 et

162 4316 502 4389 dilectionis,
528 4317 934 4386 diSpositionem
966 4320 1032 4373 ad
1059 4321 1307 4388 gratiam,
1355 4331 1409 4375 et
1441 4321 1544 4375 alia
1583 4321 1636 4376 id
1661 4336 1750 4389 ge-

163 4400 409 4462 nus,__ex_
430 4387 568 4462 bono
592 4401 798 4462 natura:
821 4389 941 4444 sine
968 4387 1188 4457 sneciali
1223 4392 1587 4459 praeveniente
1635 4387 1755 4462 gra-

1865 4038 2250 4110 Arausicanum
2293 4036 2588 4092 secundum
2628 4044 2883 4110 tempore
2929 4037 3124 4110 Felicis
3159 4047 3364 4110 papae;
3397 4053 3456 4104 ut

1865 4109 2065 4164 dietum
2101 4118 2218 4174 est,
2262 4110 2523 4164 adversus
2562 4108 2820 4179 reliquias
2861 4108 3269 4180 Pelagianorum
3310 4115 3456 4168 cele-

1864 4180 2100 4244 bratum,
2155 4181 2204 4233 in
2234 4180 2385 4249 cujus
2415 4195 2620 4234 canone
2648 4180 2878 4249 septimo
2910 4182 3020 4236 hate
3051 4182 3317 4240 habentur
3346 4202 3358 4238 :
3389 4185 3454 4240 Si

1862 4254 1972 4321 quis
2003 4268 2092 4320 per
2118 4260 2318 4305 natura
2346 4253 2571 4322 vigorem
2596 4252 2778 4306 bonum
2805 4253 3017 4322 aliquod
3047 4254 3183 4319 quod
3211 4255 3279 4307 ad
3307 4255 3455 4310 salu-

1863 4332 1963 4396 tem
1983 4323 2197 4394 pertinet
2226 4324 2340 4377 vitta
2361 4332 2565 4396 auertite
2594 4325 2819 4392 cogitare
2846 4333 2934 4377 aut
2953 4323 3138 4392 eligere
3164 4342 3314 4396 posse
3329 4344 3453 4382 con-

1904 4403 2060 4467 rmat,
2081 4403 2211 4453 etc.,
2241 4394 2477 4467 hteretico
2501 4395 2704 4464 fallitur
2723 4397 2927 4467 spiritu.
2946 4397 3006 4450 5°
3031 4396 3095 4449 D.
3125 4394 3452 4467 Augustinus

168 4461 247 4535 tia
282 4454 481 4535 Christi
521 4457 703 4535 haberi
730 4475 890 4535 posse
911 4454 1293 4535 pra-dicabant.
1329 4463 1394 4516 Et
1425 4472 1602 4517 tamen
1630 4454 1755 4518 Cas-
1779 4465 1835 4527 D
1858 4454 2288 4535 Pelagianorum,
2309 4454 2656 4535 impugnator
2696 4454 3015 4534 acerrimus,
3052 4467 3148 4522 lib.
3191 4454 3235 4522 ιῖ
3260 4478 3453 4526 contra

165 4529 644 4603 sianushoeloco
690 4533 892 4585 acriter
914 4529 1284 4600 reprehendit
1310 4548 1406 4588 eos
1431 4535 1553 4603 qui,
1586 4535 1637 4588 in
1670 4535 1755 4589 his

166 4614 298 4673 quin
325 4600 389 4654 ad
439 4601 666 4673 salutem
695 4611 938 4673 nostram
968 4604 1268 4673 pertinent,
1300 4600 1632 4660 arbitrantur
1657 4619 1756 4659 nos

166 4665 446 4738 adjutorio
491 4671 706 4726 Domini
762 4688 869 4727 non
900 4665 1078 4742 egere.
1119 4665 1266 4740 Quae
1296 4676 1398 4729 sibi
1447 4676 1757 4730 nullatenus

165 4744 542 4804 consentiunt,
595 4744 640 4796 si
687 4744 765 4797 sic
796 4744 1166 4808 intelligantur
1188 4755 1246 4801 ut
1279 4756 1471 4800 sonant
1497 4757 1550 4800 et
1583 4755 1642 4800 ut
1665 4746 1760 4801 dc-

167 4812 306 4868 hent
333 4814 577 4882 intelligi.
610 4813 778 4868 Porro
810 4815 862 4870 in
903 4815 1067 4884 hujus
1110 4816 1369 4872 doctrinae
1390 4818 1760 4873 conﬁrmatio-

167 4897 304 4956 nem_
330 4892 526 4956 praeter
553 4885 654 4956 alia
686 4892 796 4939 tum
849 4886 1172 4956 Scriptura,
1231 4899 1339 4942 tum
1390 4887 1490 4943 SS.
1537 4889 1760 4943 Patrum

170 4953 657 5029 testimoniaalibi
687 4953 1027 5025 producenda
1051 4999 1067 5024 ,
1101 4957 1374 5014 suffecerit
1418 4961 1502 5014 hic
1536 4960 1762 5029 palmula

168 5025 453 5079 dumtaxat
485 5025 777 5081 delibasse.
804 5034 862 5081 1ο
886 5029 1184 5083 Concilium
1217 5025 1764 5087 Al‘ricanum'ducen-

166 5105 362 5170 torum
381 5098 791 5170 quatuordecim
824 5099 1200 5170 episcoporum
1243 5117 1271 5154 a
1304 5102 1432 5156 sede
1461 5104 1759 5170 apostolica

165 5167 555 5241 approbatum,
603 5168 756 5241 eiijus
807 5167 1084 5241 decretum
1119 5170 1282 5224 refert
1326 5172 1390 5241 S.
1433 5167 1666 5241 Prosper
1709 5175 1763 5226 in

166 5239 525 5306 responsione
576 5238 642 5292 ad
708 5240 952 5308 Capitula
1029 5241 1330 5296 Gallorum.
1363 5240 1490 5295 Cum
1534 5238 1767 5298 ducentis

165 5310 569 5382 quatuoruecim
622 5313 1004 5382 sacerdotibus,
1076 5328 1295 5382 quorum
1354 5316 1767 5368 constitutionem

165 5387 356 5452 contra
386 5380 622 5452 irtimicos
643 5383 832 5451 gratia:
859 5380 958 5434 Dei
985 5380 1119 5436 totus
1142 5384 1364 5437 mundus
1392 5387 1658 5452 amplexus
1671 5393 1764 5448 est,

164 5451 345 5503 veraci
372 5451 713 5521 professione,
760 5453 1195 5521 quemadmodum
1230 5456 1457 5520 ipsorum
1482 5451 1634 5509 habet
1663 5472 1771 5508 ser-

167 5536 279 5583 mo,
315 5520 544 5575 dicamus
568 5520 794 5592 gratiam
841 5524 939 5577 Dei
977 5541 1066 5596 per
1094 5523 1274 5578 Iesum
1302 5526 1561 5579 Christum
1593 5526 1773 5579 Domi-

169 5605 306 5666 num
331 5603 592 5666 nostrum,
644 5609 747 5666 non
795 5595 1078 5650 solum'ad
1118 5598 1542 5666 cognoscendam,
1596 5612 1773 5648 verum

169 5663 333 5738 etiam
379 5666 446 5718 ad
485 5665 789 5738 faciendam
819 5668 1078 5738 justitiam
1108 5663 1200 5722 nos
1234 5683 1323 5736 per
1358 5676 1501 5719 actus
1545 5666 1774 5738 singulos

169 5734 460 5811 adjuvare;
486 5734 566 5811 ita
594 5744 654 5789 ut
691 5737 802 5811 sine
819 5734 920 5790 illa
949 5739 1080 5792 nihil
1106 5734 1240 5794 verte
1257 5747 1546 5811 sanctas:ng
1575 5734 1776 5811 pietatis

172 5800 390 5875 habere,
408 5800 668 5880 cogitare,
696 5807 885 5878 dicere,
907 5824 1062 5881 agere
1085 5811 1369 5866 valeamus.
1395 5800 1774 5865 25Concilium

1861 4534 1994 4607 duas
2045 4535 2217 4607 Epist.
2272 4534 2545 4604 Pelagian.
2585 4556 2596 4589 :
2633 4534 2899 4601 Liberum,
2953 4539 3152 4607 inquit,
3187 4540 3454 4594 arbitrium

1862 4605 2086 4679 dicimus
2129 4606 2198 4658 ad
2236 4607 2356 4679 bene
2407 4609 2645 4679 beateque
2678 4608 2946 4661 vivendum
2984 4605 3084 4661 non
3136 4612 3326 4679 valere,
3358 4613 3459 4665 nisi

1861 4676 1978 4744 ipsa
2003 4675 2240 4750 voluntas
2269 4677 2491 4732 hominis
2519 4675 2616 4732 D'ei
2643 4681 2817 4749 gratia
2848 4680 3001 4749 fuerit
3040 4680 3276 4750 liberata,
3312 4675 3359 4736 et
3387 4683 3458 4736 ad

1865 4764 2012 4820 omne
2034 4747 2472 4820 bonumnctionis,
2496 4747 2766 4814 sermonis,
2791 4747 3114 4820 cogitationis
3136 4747 3359 4807 advicta.
3392 4753 3462 4808 Et

1864 4819 1960 4872 lib.
2007 4820 2074 4874 de
2126 4817 2444 4874 Pracdcstin.
2495 4821 2679 4875 Sanct.
2710 4835 2808 4890 cap
2852 4817 2935 4875 it:
2983 4823 3132 4886 Quod
3179 4825 3360 4877 attinet
3391 4823 3460 4877 ad

1862 4891 2106 4961 pietatem
2137 4901 2185 4944 et
2218 4891 2538 4960 religionem.
2573 4909 2675 4944 non
2704 4908 2884 4946 sumus
2905 4892 3203 4962 sufﬁcientes
3231 4896 3460 4962 cogitare

1864 4962 2062 5033 aliquid
2085 4963 2235 5030 quasi
2250 4977 2328 5033 ea:
2355 4961 2519 5033 nobis,
2549 4971 2596 5012 et
2619 4978 2762 5033 nemo
2785 4963 2881 5014 sibi
2907 4961 3088 5032 sufﬁcit
3115 4966 3182 5016 ad
3206 4961 3462 5033 incipien-

1866 5031 1991 5083 dum
2012 5033 2102 5102 vel
2136 5031 2504 5102 perﬁciendum
2533 5032 2888 5101 quodcumque
2916 5031 3043 5102 opus
3073 5035 3282 5086 bonum.

1942 5111 1965 5136 δι
2011 5099 2139 5152 Vide
2168 5100 2374 5170 quibus
2412 5101 2480 5153 de
2524 5102 2683 5170 rebus
2722 5099 2915 5168 gratia:
2948 5099 3287 5170 'qtmtidiantn
3337 5104 3450 5159 Deo

1869 5171 2112 5235 agendae.
2152 5167 2234 5222 Ad
2275 5169 2412 5222 hanc
2442 5167 2745 5238 gratiarum
2770 5167 3037 5225 actionem
3071 5173 3184 5225 Deo
3216 5175 3461 5228 referen-

1872 5245 1995 5296 dam
2027 5240 2336 5311 frequenter
2365 5250 2418 5294 et
2451 5242 2695 5307 impense
2739 5240 2984 5294 hortatur
3026 5243 3346 5311 Apostolus.
3380 5245 3463 5299 Ad

1872 5314 2074 5382 Ephes.
2100 5308 2164 5364 vi:
2201 5308 2434 5377 Gratias,
2471 5312 2644 5380 inquit
2666 5353 2699 5382 ,ί
2713 5313 2857 5382 agite
2877 5308 3197 5382 semper—pro
3228 5315 3461 5369 omnibus

1870 5380 1932 5437 ini
1970 5384 2177 5438 nomine
2217 5382 2425 5437 Domini
2464 5382 2627 5436 nostri
2665 5380 2792 5436 Jes'u
2819 5380 3038 5449 Christi,
3069 5381 3181 5436 Deo
3212 5392 3260 5436 et
3288 5383 3459 5440 Patri.

1872 5454 1975 5511 Ubi
2015 5455 2140 5509 dum
2183 5456 2253 5509 ait
2296 5471 2388 5526 pro
2427 5453 2699 5526 omnibus,
2726 5468 2845 5526 non
2888 5461 2994 5526 tam
3038 5469 3301 5523 personas
3342 5457 3462 5514 vult

1875 5527 2136 5596 intelligi,
2172 5525 2329 5595 quam
2359 5541 2447 5580 res
2481 5528 2655 5595 ipsas,
2688 5525 2739 5579 id
2770 5531 2886 5590 est,
2917 5525 3055 5598 bona
3085 5541 3461 5598 quaecumque,

1877 5609 1932 5652 et
1963 5601 2350 5666 cujuscumque
2392 5598 2609 5667 generis
2651 5605 2811 5664 atque
2842 5596 3052 5668 ordinis
3073 5642 3088 5665 ,
3119 5614 3237 5668 qua:
3271 5615 3329 5653 se
3353 5596 3458 5653 ba-

1876 5668 2006 5730 bere
2047 5666 2437 5736 intelligerent.
2479 5668 2632 5736 Quod
2677 5666 3016 5722 manifestius
3057 5666 3162 5724 alia
3195 5671 3467 5736 sententia

1878 5739 2121 5816 declarat
2141 5787 2159 5816 ,
2185 5735 2480 5816 I_Thessal.
2509 5735 2580 5796 v:
2607 5737 2674 5816 I_n
2697 5739 2930 5816 omnibus
2960 5742 3156 5816 gratias
3181 5744 3333 5816 agite.
3363 5735 3468 5813 Qui

1880 5813 2024 5867 enim
2055 5813 2191 5870 dicit
2217 5814 2275 5870 in
2305 5815 2571 5880 omnibus,
2607 5813 2677 5869 de
2716 5812 2883 5869 rebus
2921 5812 2980 5870 se
3010 5814 3157 5887 loqui
3195 5812 3467 5888 signiﬁCat
