4014 6200
555 279 664 343 ηδ
1874 270 2154 332 JOANNIS

2262 267 2505 331 lSSiANl
2953 311 2956 316 .
3121 277 3128 280 ’
3323 276 3336 284 '
3701 265 3794 324 ιω

555 406 642 460 vel
686 399 1044 458 rationabiles
1077 411 1178 454 nos
1202 395 1475 462 condidit,
1507 394 1594 450 vel
1625 392 1780 449 liberi
1810 394 2018 450 arbitrii
2054 401 2148 463 p’o—
2173 387 2370 463 A‘cjus
2401 388 2597 446 visitati
2647 387 3006 444 saluberrime
3030 387 3379 456 eastigamur,
3424 382 3458 424 ι’
3499 382 3636 455 quod
3660 383 3718 438 ab
3739 401 3796 442 eo

452 526 526 592 ςίῇ
562 502 757 551 testate
785 491 1026 558 donavit,
1081 491 1164 545 vel
1213 489 1464 558 baptismi
1494 487 1720 558 largitus
1759 497 1842 542 est
1883 486 2145 554 gratiam,
2254 497 2654 551 nonnumquam
2678 481 2840 536 etiam
2867 480 3016 534 inviti
3047 479 3312 535 trahimur
3337 477 3404 532 ad
3433 477 3681 540 salutem,
3711 493 3796 546 po-

467 571 526 592 -δ
561 589 646 642 vel
698 586 976 641 scientiam
1037 583 1172 651 legis
1218 581 1650 650 adjutoriumque
1704 578 2002 642 concessit;
2053 575 2148 631 sed
2193 589 2214 610 ο
2251 584 2456 630 stremo
2481 576 2604 644 quia
2641 579 2813 644 ipsum
2838 574 3062 629 liberum
3091 572 3373 626 arbitrium
3401 579 3659 632 nostrum,
3683 571 3800 639 quod

561 681 728 736 etiam
761 693 859 748 pro
890 676 974 730 his
1003 689 1124 745 quae
1156 689 1282 744 erga
1331 686 1432 726 nos
1463 661 1771 742 quotidiana
1799 672 1919 739 ejus
1960 668 2150 739 provi-

561 771 742 825 dentia
771 766 1124 822 conferuntur
1160 763 1340 833 :quod
1385 761 1592 818 scilicet
1616 761 1684 816 ab
1715 761 2146 816 adversariorum

564 881 661 922 nos
689 864 898 920 insidiis
930 863 1151 926 liberat,
1175 860 1322 931 quod
1351 867 1672 929 cooperator
1711 859 1863 914 nobis
1891 866 1949 912 ut
1974 857 2154 913 carnis

559 960 690 1016 vitia
713 971 972 1026 superare
1001 955 1296 1026 possimus,
1331 953 1474 1023 quod
1503 967 1532 1006 a
1575 951 1830 1022 periculis
1861 965 1960 1005 nos
1989 951 2154 1005 etiam

561 1053 876 1122 ignorantes
901 1048 1172 1118 protegit;
1195 1045 1340 1117 quod
1373 1059 1405 1099 a
1426 1047 1578 1115 lapsu
1607 1034 1815 1116 peccati
1836 1043 2155 1109 communit,

560 1142 703 1213 quod
738 1140 961 1210 adjuvat
987 1153 1089 1194 nos
1121 1148 1176 1194 et
1207 1137 1508 1200 illuminat,
1537 1146 1593 1190 ut
1625 1137 1800 1206 ipsum
1829 1135 2156 1205 adjutorium

563 1232 888 1304 nostrum(a
912 1230 1056 1300 quod
1101 1244 1211 1284 non
1245 1227 1390 1282 aliud
1442 1227 1658 1298 quidam
1685 1227 2029 1297 interpretari
2062 1240 2158 1281 vo-

562 1332 682 1386 lunt
709 1343 870 1399 quam
898 1323 1100 1397 legem)
1127 1322 1430 1394 intelligere
1451 1331 1506 1378 et
1529 1335 1828 1390 agnoscere
1853 1319 2156 1389 valeamus,

564 1424 706 1495 quod
735 1437 834 1492 pro
865 1417 1211 1488 negligentiis
1239 1415 1564 1485 delictisque
1599 1414 1801 1469 nostris
1843 1413 1959 1483 ejus
1989 1414 2160 1483 inspi-

563 1518 776 1574 ratione
829 1515 1063 1568 latenter
1100 1525 1226 1564 cum
1275 1510 1601 1580 pungimur,
1655 1507 1802 1577 quod
1846 1506 2157 1576 dignatione

2253 669 2546 740 proclivius
2571 669 2745 723 fertur
2767 667 2833 722 ad
2853 667 3002 732 vitia,
3023 665 3092 720 ad
3112 665 3394 720 meliorem
3407 663 3588 734 dirigit
3604 663 3796 732 frugem,

2255 772 2308 818 et
2339 761 2405 816 ad
2431 763 2687 818 virtutum
2711 760 2850 814 viam
2872 759 3232 829 instigationis
3249 773 3364 814 suae
3379 755 3678 813 visitatione
3694 772 3805 813 con-

2257 863 2492 925 torquet.

2845 943 3073 1000 CAPUT
3102 942 3246 999 XIX.

2262 1037 2422 1105 Quod.
2459 1037 2569 1092 haec
2619 1037 2748 1106 ﬁdes
2793 1037 2855 1092 ab
2903 1039 3130 1108 antiquis
3160 1035 3408 1090 Patribus
3435 1035 3505 1090 sit
3538 1035 3715 1090 tradita
3757 1037 3814 1088 de

2875 1107 3048 1180 gratia
3077 1107 3198 1163 Dei.

2334 1235 2358 1264 ο
2399 1224 2525 1281 Hac
2551 1233 2634 1281 est
2659 1223 2878 1296 proprie
2918 1238 3048 1295 erga
3077 1224 3242 1279 Deum
3274 1223 3586 1290 humilitas,
3613 1223 3718 1279 haec
3739 1230 3817 1279 est

2265 1320 2770 1390 antiquissimorum
2803 1319 3022 1374 Patrum
3051 1319 3262 1374 sincera
3303 1319 3470 1386 ﬁdes,
3513 1334 3628 1389 quae
3669 1331 3818 1388 penes

2266 1429 2618 1470 successores
2647 1429 2838 1470 eorum
2865 1415 3181 1470 intemerata
3209 1427 3352 1468 nunc
3372 1429 3541 1484 usque
3563 1412 3818 1484 perdurat.

2263 1504 2362 1562 Cui
2405 1506 2528 1562 tidei
2557 1504 2583 1544 ά
2617 1509 2846 1562 virtutes
2893 1505 3243 1576 apostolicae,
3295 1521 3417 1576 qua:
3469 1519 3822 1576 saepenumero

1645 1641 1904 1699 ALARDI
1943 1641 2175 1698 GAZtEl
2213 1640 2782 1700 COMMENTARIUS.

567 1748 751 1816 utique
779 1742 972 1816 bonis.
1005 1747 1061 1795 et
1089 1739 1270 1816 denhis
1298 1736 1438 1792 nihil
1465 1737 1642 1816 excipi
1689 1736 1974 1816 permittit.
2023 1736 2160 1816 lior-

569 1807 756 1871 sus'ad
783 1812 997 1868 Coloss.
1029 1826 1122 1868 tu:
1153 1809 1316 1862 Omne
1339 1809 1691 1879 quodcumque
1721 1809 1887 1879 facitis
1909 1807 1962 1860 in
1988 1807 2156 1879 verba,

568 1897 654 1940 aut
695 1889 749 1939 in
790 1899 976 1955 opere,
1022 1881 1196 1935 omnia
1243 1877 1544 1955 in_nomin_e
1587 1877 1798 1955 Domini
1841 1877 2160 1955 nostri_.lesu

2267 1739 2434 1791 boves
2463 1736 2600 1791 trahi
2632 1737 2845 1808 solent,
2877 1737 2972 1793 sed
2998 1783 3012 1808 ,
3045 1746 3105 1793 ιιι
3131 1737 3311 1793 statim
3342 1737 3602 1807 explicat,
3631 1736 3693 1792 In
3717 1738 3822 1792 vitt-

2266 1808 2396 1861 culis
2441 1809 2728 1862 charitatis.
2781 1807 2944 1862 Trahi
2995 1811 3260 1878 siquidem
3303 1810 3555 1878 dicimur,
3597 1810 3821 1865 etiamin

2267 1879 2544 1933 communi
2577 1893 2672 1933 usu
2703 1881 2954 1949 loquendi
2982 1919 2996 1941 ,
3025 1896 3131 1935 non
3164 1881 3338 1935 solum
3369 1897 3492 1936 cum
3525 1884 3750 1950 cogimur
3777 1891 3824 1934 et

572 1956 767 2012 Christi
787 1948 1026 2023 {gratias
1048 1959 1256 2023 agentes
1283 1950 1390 2003 Deo
1416 1959 1462 2003 et
1487 1948 1638 2023 Patri
1666 1967 1755 2020 per
1779 1952 1966 2023 ipsum.
1999 1948 2160 2023 Com:
2189 1950 2236 2008 B
2267 1950 2615 2023 impellimur.
2649 1948 2934 2023 sedetiam
2977 1966 3098 2004 cum
3146 1953 3393 2023 ducimur
3437 1961 3493 2006 et
3534 1948 3820 2023 invitamur,

570 2019 1199 2093 mendantidipsum’SS.
1219 2022 1424 2074 Patres.
1441 2019 1862 2093 (lltry_sostt)tttus
1884 2020 2070 2093 homil.
2086 2019 2156 2074 26

571 2102 623 2154 in
667 2090 973 2152 idatthazuin
1001 2113 1013 2148 :
1048 2093 1321 2164 Apostolus
1361 2092 1524 2145 dicit:
1557 2090 1706 2164 Grati
1737 2099 1918 2164 estote:
1950 2090 2158 2164 Optima

569 2172 756 2242 quippe
786 2161 1146 2242 beneﬁciorum
1172 2175 1341 2218 custos
1372 2171 1446 2242 est
1480 2162 1727 2242 memoria
1759 2161 2116 2242 beneﬁciorum
2135 2203 2148 2226 ,

571 2232 618 2296 et
659 2232 921 2312 perpetua
949 2237 1240 2312 gratiarum
1289 2235 1564 2312 confessio.
1611 2232 1894 2312 Propterea
1938 2243 1984 2285 et
2019 2248 2160 2312 reve-

573 2303 734 2368 renda
755 2303 820 2365 'ac
847 2303 1098 2364 salutaria
1123 2305 1214 2359 illa
1244 2303 1484 2375 mysteria
1509 2320 1621 2373 qua:
1648 2306 1702 2356 iu
1730 2303 1869 2375 omni
1897 2315 2028 2356 certe
2059 2303 2158 2356 Ec-

573 2384 740 2437 clesite
767 2380 1161 2452 congregatione
1196 2374 1506 2452 celebramus
1528 2417 1542 2438 ,
1585 2374 1897 2452 eucharistia
2048 2383 2154 2452 est,

573 2444 1032 2525 gratiarumvact'to
1047 2457 1396 2525 nuncupatur.
1424 2445 1760 2525 Augusﬁnus
1782 2444 1836 2498 in
1863 2444 2158 2525 Soliloquis

574 2518 693 2592 cap.
733 2522 836 2592 i8):
877 2519 1154 2583 Recolam,
1186 2519 1394 2592 inquit,
1427 2520 1740 2592 ad‘mentem
1783 2532 1946 2568 meam
1985 2518 2160 2592 omnia

576 2587 706 2649 bona
729 2637 742 2659 ,
787 2591 1004 2644 Domine
1029 2631 1043 2652 ,
1071 2604 1184 2656 qua:
1223 2587 1388 2657 fecisti
1418 2587 1544 2641 mihi
1573 2605 1606 2640 a
1630 2589 1904 2659 juventute
1947 2601 2062 2659 mea
2103 2587 2157 2640 in

574 2667 712 2720 omni
734 2657 843 2717 vita
875 2677 1004 2714 mea.
1035 2660 1156 2714 Scio
1189 2676 1406 2726 namque
1433 2661 1569 2724 quod
1590 2658 1914 2730 ingratitudo
1937 2657 2158 2730 multum

579 2737 667 2790 tibi
701 2735 965 2803 displiceat
988 2777 1000 2800 ,
1029 2747 1142 2802 qua:
1170 2740 1241 2783 est
1267 2732 1420 2784 radix
1448 2731 1606 2784 totius
1636 2728 1760 2781 mali
1790 2728 2043 2803 spiritalis
2063 2769 2076 2791 ,
2111 2737 2160 2803 et

574 2818 752 2861 ventus
784 2799 1000 2875 quidam
1029 2799 1291 2875 desiccans
1311 2813 1398 2875 ,ct
1430 2817 1584 2854 urens
1615 2815 1762 2875 omne
1807 2799 2026 2875 bonum,
2071 2799 2159 2851 ob-

575 2889 776 2932 strucns
797 2871 993 2944 'fontem
1037 2874 1401 2926 misericordite
1433 2883 1532 2925 tute
1555 2888 1709 2942 super
1739 2871 2032 2934 hominem;
2057 2885 2161 2940 qua

527 2987 530 2990 ~
578 2959 624 3002 et
654 2949 789 3000 mala
825 2949 942 3017 jam
971 2953 1182 3017 mortua
1222 2945 1480 3017 oriuntur2
1511 2952 1560 3017 et
1589 2946 1700 2995 viva
1721 2944 1833 3010 jam
1849 2957 2019 3017 opera
2045 2958 2161 3017 mo-

583 3011 902 3072 riuntur.'Et
931 3016 1024 3069 lib.
1052 3016 1119 3068 de
1149 3015 1356 3080 Spiritu
1380 3027 1433 3068 et
1462 3014 1664 3068 Littera
1693 3027 1812 3080 cap.
1841 3011 1902 3066 ll
1932 3029 1947 3073 :
1979 3011 2160 3066 Cultus

578 3089 672 3142 Dei
696 3090 748 3141 in
773 3089 870 3142 hoc
893 3087 1110 3140 maxime
1139 3090 1444 3138 constitutus
1471 3097 1543 3138 est
1567 3127 1580 3146 ,
1607 3095 1663 3137 ut
1693 3085 1868 3136 anima
1894 3084 1938 3136 ei
1961 3101 2064 3136 non
2095 3085 2162 3136 sit

577 3162 782 3231 ingrata
810 3159 992 3231 :_undc
1019 3157 1074 3210 in
1099 3157 1212 3225 ipso
1244 3157 1503 3231 verissimo
1534 3165 1578 3208 et
1607 3152 1864 3231 singulari
1903 3154 2160 3231 sacriﬁcio

579 3223 802 3285 Domino
832 3229 944 3282 Deo
989 3223 1162 3280 nostra
1203 3228 1396 3297 gratias
1438 3243 1589 3297 agere
1631 3223 1991 3280 admonemur.
2027 3223 2161 3278 Vide

579 3301 644 3355 D.
683 3302 1011 3355 Bernardum
1045 3312 1209 3351 serm.
1240 3295 1308 3350 52
1342 3298 1392 3350 in
1420 3295 1662 3350 cantica.

652 3382 677 3410 ⁸
723 3371 1044 3440 Pelagianos
1083 3369 1369 3440 haereticos
1415 3377 1596 3440 notat,
1627 3381 1857 3440 quorum
1888 3367 2161 3440 sententia

581 3443 713 3510 fuit,
745 3438 983 3496 non—allo
1030 3456 1128 3494 nos
1173 3438 1266 3492 Dei
1310 3440 1520 3510 auxilio
1552 3439 1794 3504 indigere
1837 3453 1994 3510 quam
2041 3438 2158 3510 lege

579 3531 674 3569 seu
701 3508 838 3584 legis
868 3511 1078 3584 notitia.
1112 3510 1344 3564 Meminit
1389 3509 1450 3584 ρ.
1488 3509 1852 3584 Hieronymus
1885 3508 2023 3562 libro
2051 3509 2163 3577 pri-

580 3602 670 3640 mo
689 3579 876 3641 contra
902 3583 1220 3652 Pelagianos
1245 3596 1363 3650 cap.
1385 3581 1438 3644 9,
1464 3591 1512 3634 et
1542 3581 1590 3652 in
1613 3579 1865 3652 Jeremim
1886 3595 2008 3646 cap.
2027 3595 2159 3635 xxv.

583 3656 646 3711 D.
678 3671 891 3726 quoque
923 3649 1254 3726 Augustinus
1299 3649 1395 3726 lib1
1425 3652 1491 3706 tle
1529 3651 1712 3726 Gratia
1741 3649 1938 3726 Christi
1971 3661 2160 3726 contra

583 3720 902 3798 Pelagio-tn,
957 3725 1100 3779 inter
1157 3725 1308 3798 alia:
1367 3721 1584 3794 Ipsum,
1628 3722 1808 3798 inquit
1833 3720 2162 3798 ,__auxilium

584 3792 809 3872 (graiia:
829 3798 853 3872 )4
876 3813 979 3868 quo
1007 3792 1408 3872 possibilitatem
1427 3793 1720 3872 naturalem
1749 3792 2158 3872 perhibet_adj_u-

579 3863 686 3924 vari
707 3913 719 3936 ,
752 3872 805 3922 in
829 3863 949 3940 leae
973 3863 1236 3920 constituit
1259 3877 1433 3940 atque
1457 3866 1694 3919 doctrina
1725 3863 1876 3930 quam
1908 3863 2050 3940 nobis
2079 3866 2160 3932 fa-

582 3949 713 3994 tetur
735 3937 1112 4008 etiam'Spiritu
1133 3938 1366 3991 revelari.
1399 3937 1462 3990 Et
1489 3951 1674 3990 rursus
1691 3950 1876 4008 Contra
1897 3937 2116 4006 eosdem
2145 3953 2159 3988 :

579 4010 796 4080 Le‘gant,
827 4010 922 4072 ait,
947 4007 993 4060 et
1019 4009 1338 4080 intelligant,
1369 4009 1668 4080 intueantur
1697 4015 1743 4058 et
1772 4007 2034 4080 fateantur
2059 4022 2161 4058 non

582 4077 690 4151 lcg'e
716 4094 866 4148 atque
896 4079 1130 4151 doctrina
1156 4079 1429 4151 insonante
1469 4077 1782 4151 forinsecus.
1831 4077 1921 4127 sed
1959 4077 2162 4128 interna

579 4147 729 4222 atqtte
759 4147 957 4222 Occulta
981 4189 995 4212 ,
1030 4148 1251 4222 mirabili
1273 4156 1430 4222 atque
1471 4147 1717 4208 ine/Iabili
1756 4155 2002 4222 potestate
2040 4161 2164 4212 0pc—

579 4217 688 4274 rari
721 4222 882 4272 Deum
913 4221 964 4271 in
994 4217 1232 4270 COt'dlbul
1263 4217 1561 4278 hominum,
1595 4233 1694 4268 non
1719 4218 1883 4268 solum
1910 4223 2054 4268 veras
2083 4231 2163 4268 re-

581 4290 862 4344 velationes
885 4330 898 4352 ,
931 4289 1018 4342 sed
1047 4293 1196 4339 etiam
1231 4287 1388 4340 bonus
1418 4287 1726 4340 voluntates.

656 4359 682 4398 b
726 4360 880 4412 Inviti
923 4357 1187 4412 trahimur
1211 4400 1224 4421 ,
1265 4375 1370 4412 non
1402 4359 1540 4426 quod
1587 4360 1834 4412 nolentes
1866 4367 1956 4412 aut
1987 4359 2158 4412 coacti

577 4431 890 4494 credau‘ius,
921 4439 1012 4482 aut
1041 4428 1330 4498 diligamus
1350 4429 1518 4482 Demn
1549 4429 1688 4499 (hanc
1715 4431 1858 4483 enim
1881 4429 2160 4497 implicant

580 4499 1144 4566 contradictionem),
1179 4500 1272 4554 sed
1323 4501 1446 4568 quia
1505 4500 1647 4553 Deus
1694 4517 1760 4554 ex
1818 4501 2155 4568 nolentibus,

582 4573 876 4628 rebellibus
915 4583 970 4626 et
997 4572 1408 4626 contumacibus
1430 4611 1443 4632 ,
1475 4574 1719 4624 volentes
1760 4583 1812 4626 et
1843 4572 2160 4627 obedieutcs

579 4644 762 4699 reddit
790 4651 898 4697 tum
931 4643 1177 4698 externis
1205 4641 1431 4708 olijemis
1452 4685 1466 4704 ,
1497 4642 1798 4696 terroribus
1817 4687 1832 4710 ,
1867 4643 2120 4710 periculis
2139 4685 2156 4710 ,

580 4715 1087 4778 exhortationibus;
1123 4725 1233 4767 tum
1283 4713 1554 4784 praecipue
1595 4713 1800 4767 interna
1843 4714 2078 4767 motione
2104 4724 2157 4768 et
2183 4721 2236 4780 ι)
2259 4717 2391 4768 sicut
2429 4717 2501 4768 ait
2557 4715 2858 4784 Pr0pheta:
2893 4714 3076 4768 Nonne

576 4786 746 4857 gratia
779 4801 874 4838 sua
906 4785 1113 4857 ellicaci
1141 4825 1154 4850 ,
1177 4801 1278 4854 qua
1307 4787 1463 4836 corda
1485 4783 1750 4837 hominum
1772 4785 1845 4837 sic
1867 4800 2154 4857 congruen-

576 4855 652 4911 ter
677 4859 906 4924 ipsorum
929 4855 1195 4923 a/fectibus
1223 4862 1382 4924 movet
1404 4873 1462 4906 ac
1491 4857 1714 4920 suadet,
1737 4865 1792 4908 ut
1822 4856 2152 4922 persuadeat,

578 4931 655 4984 ait
686 4929 748 4982 D.
781 4927 1115 4997 Augustinus
1147 4926 1250 4994 (De
1271 4923 1580 4979 Prwdestin.
1611 4926 1790 4981 Sanct.
1818 4943 1864 4978 c.
1891 4928 1980 4992 8).
2013 4925 2150 4979 Tra-

581 5001 760 5054 himur
802 5013 930 5068 ergo
972 4997 1126 5052 inviti
1175 5013 1278 5050 non
1311 4999 1359 5048 in
1390 5013 1552 5052 sensu
1581 4998 1918 5067 Composito,
1947 4998 2040 5052 sed
2072 4997 2156 5052 di-

577 5075 692 5126 viso
717 5113 732 5138 ,
767 5080 823 5123 ut
855 5071 1148 5141 loquuntur
1179 5068 1471 5123 dialectici.
1505 5071 1622 5141 Quo
1651 5075 1811 5124 etiam
1845 5085 2005 5124 sensu
2034 5079 2154 5124 orat

577 5144 815 5198 Ecclesia
865 5140 938 5195 iu'
963 5143 1189 5202 quadam
1233 5150 1440 5194 secreta
1466 5181 1480 5202 ,
1506 5147 1563 5194 ut
1594 5140 1730 5194 Deus
1761 5153 1966 5195 nostras
1997 5141 2152 5194 etiant

571 5215 781 5268 rebelles
812 5213 880 5265 ad
905 5230 959 5266 se
987 5210 1259 5278 compellat
1289 5211 1540 5280 propitius
1572 5213 1877 5278 voluntates,
1912 5221 1968 5266 et
1995 5211 2150 5266 Luca:

573 5301 658 5338 xxv
683 5287 815 5341 dixit
841 5285 1096 5338 Dominus
1119 5279 1309 5337 servo:
1337 5279 1592 5350 Compelle
1615 5283 1828 5336 intrare.
1853 5285 1980 5350 Quae
2003 5298 2152 5336 com-

575 5358 781 5426 putsio,
831 5371 934 5410 non
979 5356 1292 5409 violentiam
1327 5355 2151 5426 autnecessitatem,isedAdili-

569 5421 786 5494 gentem
835 5427 1326 5492 vehementemque
1376 5423 1808 5478 adhortationem
1849 5421 2148 5491 signiﬁcat,

571 5497 778 5562 vulgari
821 5498 984 5552 modo
1011 5497 1303 5566 loquendi,
1334 5509 1440 5562 quo
1471 5494 1722 5562 compelli
1754 5509 1851 5548 nos
1878 5494 2108 5566 uicimus
2133 5535 2146 5560 ,

568 5579 691 5620 Cum
721 5571 1072 5621 vehementer
1099 5582 1350 5634 rogantur
1378 5575 1430 5618 et
1475 5567 1780 5619 invitamur.
1813 5566 1901 5620 Sic
1938 5565 2146 5631 Sponsa

573 5635 625 5688 in
659 5636 895 5690 Canticis
925 5648 1043 5690 orat
1074 5635 1261 5704 (Cant.
1287 5637 1338 5706 ι)
1365 5653 1376 5687 :
1413 5635 1580 5689 Trahe
1611 5654 1689 5690 me
1717 5645 1830 5707 post
1859 5645 1905 5690 te
1926 5678 1940 5702 ,
1974 5651 2150 5707 curre-

571 5721 685 5758 ntus
715 5708 769 5758 in
799 5707 1008 5759 odorem
1039 5704 1413 5774 unguentorum
1441 5717 1650 5760 tuorum
1675 5724 1693 5764 :
1717 5704 1769 5760 et
1796 5709 1924 5761 (ise.
1955 5719 2010 5759 χι
2037 5722 2048 5756 :
2079 5704 2149 5761 In

570 5775 788 5852 vinculis
813 5775 980 5830 Adam
1005 5779 1206 5832 trahant
1232 5791 1350 5842 eos,
1384 5775 1437 5832 id
1465 5785 1582 5844 est,
1616 5792 1722 5834 non
1756 5778 1842 5848 vi,
1874 5778 2154 5852 quomodo,

2266 2021 2433 2074 immo
2457 2032 2510 2076 et
2534 2037 2654 2074 cum
2679 2021 2958 2090 voluptate
2982 2023 3272 2077 allicimur.
3299 2022 3352 2076 ld
3377 2023 3724 2088 pulcherrime
3741 2022 3825 2076 do-

2263 2103 2352 2146 cet
2381 2091 2445 2144 D.
2484 2094 2813 2160 Augustinus
2859 2103 3014 2146 tract.
3043 2091 3113 2146 26
3141 2093 3194 2148 in
3238 2093 3504 2148 Joannem
3529 2139 3542 2162 ,
3575 2095 3825 2162 explicans

2261 2163 2534 2232 quomodo
2559 2163 2717 2216 Pater
2741 2164 2920 2217 trahat
2946 2162 3190 2218 homines
3219 2165 3282 2217 ad
3312 2163 3620 2221 Christum:
3653 2164 3824 2234 Magna

2259 2236 2442 2302 gratia:
2463 2235 2840 2288 commendatio
2862 2280 2876 2298 ,
2905 2236 3077 2302 inquit
3099 2277 3113 2296 ,
3137 2251 3285 2288 nemo
3309 2238 3479 2302 venit,
3507 2237 3606 2289 nisi
3629 2245 3822 2288 tractus.

2267 2303 2407 2372 Quid
2435 2305 2516 2356 ltic
2545 2303 2794 2368 dicimus,
2829 2309 3053 2374 fratres?
3086 2305 3146 2361 Si
3178 2307 3432 2360 trahimur
3459 2309 3529 2358 ad
3557 2307 3824 2370 Christum,

2260 2392 2378 2445 ergo
2431 2376 2578 2428 inviti
2629 2376 2885 2429 credimus
2911 2417 2926 2440 ,
2957 2392 3078 2446 ergo
3119 2378 3361 2431 violentia
3401 2377 3688 2444 adhibetur,
3735 2393 3822 2430 non

2262 2448 2498 2519 voluntas
2541 2448 2815 2519 excitatur.
2873 2446 3393 2519 Intrarequisquom
3439 2447 3701 2502 ecclesiam
3747 2463 3826 2519 po-

2262 2526 2358 2570 test
2401 2517 2579 2571 nolens
2604 2557 2616 2578 .
2661 2518 2903 2572 accedere
2944 2520 3012 2570 ad
3049 2518 3214 2572 altare
3257 2529 3420 2588 potest
3462 2521 3669 2586 nolens,
3705 2517 3826 2570 alci-

2261 2603 2379 2660 ρει-ε
2409 2589 2798 2660 sacramentum
2830 2597 2994 2660 potest
3035 2591 3246 2652 nolens,
3291 2590 3497 2642 credere
3538 2607 3638 2642 non
3675 2597 3822 2660 potest

2261 2659 2361 2710 nisi
2390 2659 2582 2712 volens.
2624 2659 2689 2712 Et
2732 2661 2905 2713 intra:
2940 2659 3118 2714 Nolite
3148 2661 3374 2728 cogitare
3409 2662 3624 2713 invitum
3661 2659 3824 2714 trahi:

2263 2729 2486 2782 trahitur
2514 2731 2715 2783 animus
2747 2742 2794 2783 et
2825 2746 3036 2796 amore;
3069 2748 3161 2785 nec
3191 2734 3371 2784 timere
3401 2733 3662 2796 debemus,
3693 2747 3751 2784 ne
3772 2730 3824 2782 ab

2262 2798 2556 2853 hominibus
2575 2841 2588 2862 ,
2617 2802 2703 2870 qui
2729 2801 2881 2854 rerba
2911 2802 3234 2870 perpendam
3254 2843 3268 2865 ,
3305 2811 3354 2854 et
3387 2820 3418 2854 a
3449 2802 3597 2856 rebus
3625 2803 3823 2854 maxime

2263 2871 2866 2944 divinisiremotirsunt,
2913 2873 2970 2944 in
3015 2873 3110 2944 hoc
3139 2875 3824 2944 Scripturarumsanctarum

2263 2943 2554 3014 evangelica
2597 2943 2746 2996 verbo
2787 2941 3264 3014 reprehendamur,
3305 2953 3350 2996 et
3403 2945 3612 3014 dicatur
3661 2943 3822 2996 nobis:

2267 3011 2532 3076 Quomodo
2561 3015 2822 3084 voluntate
2847 3011 3004 3066 credo
3023 3056 3036 3078 ,
3070 3015 3115 3067 si
3159 3015 3383 3068 trahor?
3413 3013 3526 3084 Ego
3565 3015 3680 3067 dico
3702 3055 3716 3076 ,
3745 3027 3823 3082 pa-

2261 3099 2381 3136 rum
2407 3097 2480 3137 est
2505 3083 2764 3138 voluntate
2793 3087 2900 3148 ire,
2929 3085 3086 3137 etiam
3125 3087 3388 3153 voluptate
3427 3083 3668 3140 traheris.
3705 3083 3822 3148 Quid

2263 3155 2400 3208 enim
2431 3164 2506 3210 est
2537 3154 2670 3208 trahi
2700 3156 3003 3223 voluptate?
3031 3156 3298 3210 Delectare
3326 3159 3376 3209 in
3407 3157 3723 3218 Dominoget
3745 3155 3826 3208 da-

2267 3224 2336 3277 bit
2371 3225 2462 3278 tibi
2495 3227 2764 3294 petitiones
2793 3227 2962 3279 cordis
2994 3229 3089 3279 tui.
3121 3226 3186 3280 Et
3212 3229 3447 3296 quaedam
3468 3229 3699 3294 voluptas
3722 3242 3820 3278 cor-

2265 3296 2375 3360 dis,
2403 3299 2484 3349 cui
2519 3298 2665 3362 panis
2693 3297 2860 3350 dulcis
2888 3307 2961 3350 est
2992 3297 3080 3350 ille
3105 3299 3346 3352 caelestis.
3395 3299 3562 3352 Porro
3599 3299 3638 3351 si
3683 3305 3823 3366 poeta!

2266 3367 2434 3419 dicere
2463 3367 2606 3420 licuit
2631 3384 2650 3421 .'
2680 3366 2866 3440 Trahit
2895 3385 2992 3421 sua
3032 3386 3277 3437 quemque
3305 3370 3538 3440 voluptas
3561 3386 3580 3435 ;
3619 3385 3712 3422 nan
3748 3383 3824 3440 ne-

2267 3440 2505 3502 cessitas,
2537 3440 2625 3491 sed
2656 3437 2931 3507 voluptas;
2963 3455 3062 3492 non
3093 3441 3337 3508 obligatio
3357 3482 3370 3502 ,
3402 3437 3493 3494 sed
3533 3438 3823 3502 delectatio;

2266 3519 2457 3578 quanto
2499 3510 2685 3578 fortius
2713 3525 2804 3562 nos
2835 3511 3002 3564 dicere
3041 3511 3279 3566 debemus
3318 3512 3451 3566 trahi
3493 3511 3738 3564 hominem
3763 3508 3822 3560 ad

2266 3579 2525 3634 Christum
2548 3621 2562 3644 ,
2591 3583 2678 3650 qui
2707 3581 2990 3635 delectatur
3015 3583 3328 3648 sempiterna
3359 3584 3504 3636 vita?
3535 3585 3728 3636 liursus
3755 3581 3822 3632 in-

2266 3650 2347 3704 l‘ra
2372 3651 2644 3722 {Ramum
2691 3653 2902 3704 viridem
2945 3653 3173 3706 ostendis
3215 3654 3329 3717 ovi,
3363 3662 3410 3706 et
3457 3656 3614 3707 trahis
3653 3653 3822 3714 illum;

2265 3738 2420 3776 nuces
2451 3739 2609 3790 puero
2639 3723 3075 3790 demonstrantur,
3110 3733 3156 3775 et
3188 3725 3431 3776 trahitur.
3469 3724 3537 3778 Et
3565 3735 3680 3793 post
3713 3735 3824 3791 pau-

2266 3807 2330 3848 ca
2356 3813 2368 3846 :
2401 3793 2464 3848 Si
2489 3811 2606 3867 ergo
2635 3797 2731 3847 ista
2750 3835 2764 3858 ,
2791 3811 2908 3864 quae
2934 3795 3063 3867 inter
3092 3794 3306 3848 delicias
3337 3806 3380 3848 et
3412 3795 3696 3867 voluptates
3737 3803 3825 3846 ter-

2265 3881 2417 3918 renas
2447 3866 2737 3918 revelantur
2761 3866 3084 3931 amantibus,
3114 3867 3358 3932 trahunt,
3389 3881 3492 3918 non
3522 3866 3678 3919 trahit
3703 3877 3822 3916 reue-

2265 3935 2400 3988 latus
2427 3935 2662 3990 Christus
2691 3952 2722 3987 a
2763 3935 2964 3989 Patre?
3007 3935 3144 4002 Quid
3185 3938 3318 3990 enim
3358 3938 3546 4006 fortius
3587 3937 3820 3990 desiderat

2266 4008 2438 4060 anima
2470 4022 2621 4073 quam
2651 4007 2918 4060 veritatem
2939 4008 2964 4060 ?
2991 4007 3259 4061 Hactenus
3291 4007 3642 4075 Augustinus.

2343 4089 2364 4114 ο
2410 4077 2697 4131 linmditas
2727 4091 2850 4146 erga
2891 4077 3055 4132 Deum
3089 4089 3206 4144 est,
3239 4077 3332 4133 Dei
3377 4080 3638 4134 benelicia
3679 4090 3824 4148 agno-

2266 4161 2442 4212 scere,
2475 4158 2528 4200 et
2560 4163 2657 4215 pro
2683 4147 2761 4200 eis
2787 4158 2984 4214 gratias
3026 4165 3207 4218 agere,
3251 4151 3445 4204 divinae
3491 4147 3744 4204 voluntati
3769 4162 3822 4201 se

2265 4218 2575 4286 subjicere;
2619 4219 2758 4287 quod
2805 4221 3079 4287 apostolus
3125 4223 3312 4274 l’etrus
3353 4221 3522 4274 dicit:
3557 4218 3822 4275 Humiliari

2264 4288 2358 4342 sub
2387 4291 2578 4360 potenti
2607 4305 2762 4341 manu
2787 4287 2883 4343 Dei
2913 4291 2929 4360 (
2959 4290 2979 4344 l
3011 4290 3152 4344 Petri
3183 4307 3195 4344 ι
3225 4291 3276 4358 ),
3321 4301 3372 4344 et
3419 4305 3642 4360 promer
3671 4294 3820 4360 Deum

2265 4361 2423 4430 eiiatu
2457 4359 2800 4424 hominibus,
2841 4361 2892 4413 id
2924 4359 3052 4424 est,
3085 4363 3458 4430 superioribus
3481 4407 3495 4430 ,
3527 4359 3590 4416 ut
3622 4365 3706 4417 Dei
3735 4359 3822 4416 mi-

2267 4429 2452 4484 nistris
2480 4441 2535 4484 et
2578 4433 2982 4494 instrumentis,
3029 4429 3186 4500 caput
3231 4429 3565 4489 submittere.
3617 4436 3676 4487 ι).
3709 4432 3822 4486 Ber-

2265 4501 2470 4555 nartius
2503 4503 2553 4555 in
2581 4503 2806 4570 quodam
2841 4517 3090 4557 sermone
3119 4520 3132 4558 :
3165 4503 3344 4558 Totius
3369 4547 3382 4568 ,
3433 4505 3636 4571 inquit,
3665 4501 3822 4555 humi-

2265 4573 2426 4626 litatis
2467 4589 2665 4626 summa
2709 4573 2762 4626 in
2811 4589 2869 4625 eo
2911 4576 3110 4627 videtur
3149 4577 3459 4640 consistere,
3503 4574 3544 4626 si
3597 4574 3822 4627 voluntas

2265 4653 2441 4697 nostra
2471 4645 2657 4698 divinat
2685 4643 2779 4713 (ut
2807 4645 3020 4712 dignum
3051 4645 3154 4770 estg
3195 4647 3426 4716 subjecta
3453 4645 3515 4698 sit
3547 4643 3817 4707 voluntati,

2265 4717 2391 4768 sicut
2429 4717 2501 4768 ait
2557 4715 2858 4770 Pronheta:
2893 4714 3076 4768 Nonne
3159 4735 3215 4770 eo
3255 4718 3488 4770 subiecta
3531 4719 3628 4769 erit
3668 4716 3817 4769 anima

3159 4735 3215 4770 eo
3255 4718 3488 4789 subjecta
3531 4719 3628 4769 erit
3668 4716 3820 4769 anima

2262 4803 2372 4841 mea
2404 4785 2628 4857 (Psalm.
2659 4787 2765 4855 ut)
2795 4784 2818 4838 ?
2851 4786 2973 4840 Scio
3013 4789 3216 4857 quidem
3261 4784 3556 4840 creaturam
3601 4801 3784 4840 omnem
3806 4823 3818 4844 ς

2257 4857 2410 4920 velit,
2441 4856 2600 4920 nolit,
2633 4861 2914 4925 subjectum
2947 4856 3053 4912 esse
3083 4858 3333 4911 Creatori.
3381 4859 3486 4912 Sed
3529 4875 3561 4910 a
3605 4867 3820 4911 creatura

2258 4927 2503 4981 rationali
2534 4929 2824 4999 voluntaria
2855 4929 3101 4999 subjectio
3135 4933 3404 4997 quteritur,
3449 4939 3502 4980 ut
3549 4925 3820 4982 voluntarie

2258 4999 2510 5066 sacriﬁcet
2557 4997 2814 5064 Domino,
2859 5010 2904 5052 et
2943 4997 3252 5069 conﬁteatur
3297 5001 3494 5052 nomini
3537 5003 3688 5070 ejus,
3730 5011 3820 5070 non

2259 5065 2638 5138 quia’terribile
2667 5082 2714 5122 et
2745 5081 3010 5136 sanctum,
3043 5065 3142 5124 non
3187 5071 3311 5138 quia
3354 5065 3675 5140 omnipotens
3699 5086 3716 5132 ;
3743 5065 3820 5121 sed

2259 5143 2382 5210 quia
2409 5142 2597 5194 bonum
2623 5149 2718 5195 est.
2751 5143 2815 5192 At
2841 5157 2954 5193 vero
2981 5141 3349 5206 subiectionem
3387 5145 3537 5210 istam
3583 5141 3822 5210 triplicem

2257 5209 2367 5266 esse
2413 5228 2615 5265 necesse
2654 5219 2726 5264 est
2748 5253 2762 5274 ,
2805 5223 2857 5262 ttt
2897 5213 3032 5280 quod
3073 5221 3264 5264 certum
3293 5223 3366 5264 est
3395 5209 3562 5264 Deum
3589 5212 3714 5266 velle
3735 5251 3748 5274 ,
3777 5209 3822 5261 id

2259 5299 2352 5337 nos
2389 5285 2600 5336 velimus
2630 5283 2878 5346 omnino;
2908 5295 2950 5334 et
2982 5283 3117 5348 quod
3159 5293 3354 5335 certum
3393 5293 3466 5334 est
3489 5283 3624 5336 'eum
3665 5281 3821 5342 nolle,

2257 5354 2492 5407 similiter
2517 5368 2840 5407 exsecrentur
2865 5363 2909 5404 et
2937 5369 3026 5406 nos
3050 5369 3067 5406 :
3094 5354 3228 5422 quod
3258 5363 3430 5406 autem
3471 5354 3722 5408 incertum
3759 5359 3822 5404 est

2259 5433 2429 5476 utrum
2459 5425 2610 5490 velit,
2643 5432 2732 5475 aut
2763 5423 2928 5493 nolit,
2961 5439 3122 5493 neque
3148 5423 3361 5477 velimus
3401 5441 3462 5478 ea:
3505 5434 3646 5490 toto,
3681 5435 3824 5493 neque

2257 5496 2460 5565 penitus
2491 5511 2590 5546 non
2617 5494 2850 5565 velimus.
2875 5492 3054 5565 litat).
3087 5495 3412 5549 Bernardns.

2331 5561 2358 5602 ⁸³
2391 5565 2446 5618 ld
2479 5573 2562 5618 est
2583 5562 2850 5616 miracula
2885 5564 3016 5616 viris
3048 5567 3359 5630 apostolicis
3397 5565 3561 5634 digna
3583 5608 3598 5629 ,
3631 5577 3688 5622 et
3712 5575 3824 5633 apo-

2259 5635 2519 5690 stolorum
2545 5635 2833 5688 virtutibus
2860 5647 2922 5686 ac
2944 5634 3220 5690 miraculis
3247 5647 3641 5692 consentanea.
3674 5639 3822 5692 Para-

2257 5706 2507 5776 phrastes
2534 5707 2692 5774 paulo
2718 5704 3038 5776 dilucidius:
3071 5705 3199 5759 Cum
3227 5707 3348 5773 fidei
3375 5718 3576 5762 certum
3607 5711 3822 5762 testimo-

2253 5775 2397 5832 nium
2422 5777 2682 5854 perht'bent
2707 5775 2997 5844 apostolica
3021 5782 3168 5862 signa
3195 5795 3286 5850 per
3309 5787 3514 5838 sanctos
3545 5778 3824 5854 frequenter
