4014 6200
195 252 300 311 457

756 248 851 310 DE
888 242 1370 311 C(ENOBIORUM
1406 242 1657 309 INSTI'I‘.
1700 247 1833 306 LIB.
1870 246 1984 305 XII.
2014 274 2081 290 —
2107 246 2197 304 DE
2237 245 2509 305 SPIRI'I'U
2554 248 2942 311 SUPERBIIE.

3372 267 3481 328 858

203 384 295 439 per
326 381 425 425 eos
454 366 815 425 manifestata
845 379 1007 437 sunt,
1035 385 1145 424 non
1170 354 1515 437 solumapud
1542 381 1665 432 nos,
1695 365 1788 421 sed
1818 366 1867 426 Α
1895 363 2089 417 Filium
2131 364 2456 433 cogitatione
2496 368 2657 433 impia
2702 368 3134 439 blaSphemasse.
3165 377 3321 437 Unde
3352 400 3483 454 per-

202 462 365 517 etiam
397 461 543 529 apud
573 460 816 516 infideles
840 470 896 515 et
923 460 1264 528 incredulos,
1298 460 1654 515 indubitatum
1686 467 1794 513 tes-

204 553 495 608 timonium
523 553 773 608 reddunt.
807 552 909 621 Qui
937 552 1239 622 simplicem
1269 553 1596 622 piscatorum
1628 548 1793 604 ﬁdem

204 645 259 699 in
290 644 461 701 corde
500 644 729 715 simplici
769 644 1103 711 retinentes,
1151 658 1260 699 non
1305 658 1425 699 eam
1466 640 1793 713 syllogismis

204 739 512 795 dialecticis
556 749 611 794 et
649 738 895 794 Tulliana
949 738 1197 794 facundia
1244 740 1438 809 spiritu
1488 752 1795 807 concepere

204 830 518 896 mundano,
551 829 645 885 sed
673 831 1049 899 experimento
1086 832 1213 885 vita
1253 832 1487 885 sincerae
1508 873 1523 898 ,
1567 837 1797 899 actuque

205 924 524 993 purissimo,
557 925 899 978 correctione
925 938 1143 994 quoque
1172 923 1432 979 vitiorum
1452 964 1466 989 ,
1497 930 1552 978 et
1580 923 1673 992 (ut
1702 935 1798 976 ve-

205 1017 319 1072 rius
345 1016 605 1088 dixerim)
655 1018 709 1072 in
757 1017 870 1088 ipsa
920 1018 1274 1087 perfectionis
1317 1018 1499 1073 inesse
1537 1026 1785 1071 naturam

207 1110 435 1163 oculatis
463 1110 678 1165 indiciis
703 1109 1218 1180 deprehenderunt:
1249 1111 1368 1166 sine
1398 1125 1502 1179 qua
1544 1124 1647 1165 nec
1686 1109 1799 1178 pie-

210 1211 293 1257 tas
321 1204 374 1257 in
404 1204 569 1259 Deum
592 1245 605 1268 ,
636 1219 735 1259 nec
761 1205 1012 1275 purgatio
1036 1206 1291 1259 vitiorum
1313 1244 1328 1269 ,
1366 1220 1464 1259 nec
1490 1202 1801 1259 emendatio

211 1311 424 1351 morum
448 1312 592 1377 ,.nec
620 1297 880 1352 virtutum
920 1297 1321 1352 consummatio
1360 1295 1567 1367 poterit
1609 1309 1804 1364 appre—

212 1387 398 1443 hendL

808 1479 1039 1536 CAPUT
1076 1480 1201 1536 XX.

334 1570 416 1627 De
444 1587 504 1627 eo
530 1572 618 1642 qui
642 1581 852 1644 prapter
881 1571 1250 1644 blasphemiam
1276 1572 1689 1627 immundissimo

718 1643 931 1712 spiritui
961 1643 1182 1696 traditus
1210 1651 1305 1697 est.

281 1754 420 1811 Novi
453 1754 748 1826 quemdam
769 1754 837 1810 de
860 1754 1084 1810 fratrum
1112 1769 1374 1821 numero,
1407 1769 1565 1825 quem
1596 1756 1801 1811 utinam
1833 1750 1882 1812 B
1910 1758 2287 1828 ignominiosa
2352 1758 2519 1816 fuerit
2573 1762 2805 1819 traditus
2861 1769 3098 1836 passioni

214 1847 447 1902 minime
478 1852 704 1903 scissem
729 1890 745 1915 ,
777 1846 1043 1917 siquidem
1078 1858 1196 1916 post
1226 1844 1343 1902 hac
1387 1856 1413 1884 ει
1456 1847 1666 1902 ordinis
1698 1847 1803 1903 mei

208 1940 384 2009 gradu
414 1954 477 1995 se
510 1954 698 2006 passus
734 1947 815 1994 est
860 1938 1228 2008 pragravari;
1274 1938 1368 2009 qui
1415 1939 1807 2008 probatissimo

208 2031 431 2087 cuidam
465 2046 658 2087 senum
690 2032 823 2087 vitio
859 2033 1039 2087 carnis
1082 2033 1435 2103 semetipsum
1480 2034 1806 2104 gravissimo

210 2125 499 2180 confessus
529 2133 614 2179 est
642 2124 948 2194 impugnari
974 2141 989 2191 ;
1024 2140 1151 2179 nam
1182 2133 1378 2181 contra
1408 2140 1565 2181 usum
1598 2137 1807 2183 natura

210 2217 491 2272 desiderio
518 2215 755 2285 patiendi
785 2217 955 2287 magis
976 2232 1138 2288 quam
1162 2218 1425 2274 inferendi
1453 2219 1804 2289 ignominiam

209 2307 551 2363 intolerabili
592 2316 723 2363 astu
753 2307 995 2364 libidinis
1026 2310 1324 2365 urebatur:
1359 2320 1471 2365 tum
1502 2311 1655 2367 illum
1688 2310 1717 2351 δ
1747 2321 1809 2368 ut

210 2400 520 2471 spiritalem
562 2415 863 2472 verumque
908 2402 1217 2468 medicum,
1266 2402 1582 2460 interiorem
1618 2416 1638 2443 ο
1681 2419 1813 2461 cau-

208 2507 338 2547 sam
367 2492 544 2547 morbi
584 2490 743 2563 hujus
781 2503 838 2549 et
876 2494 1145 2564 originem
1191 2495 1441 2564 protinus
1482 2498 1807 2567 pervidisse.

209 2585 318 2653 Qui
352 2586 592 2656 graviter
633 2587 954 2656 suspirans:
980 2587 1333 2659 Nequaquam
1357 2629 1375 2657 ,
1425 2590 1532 2657 ait,
1567 2598 1675 2645 tam
1715 2607 1810 2648 ne-

208 2693 377 2748 quam
392 2678 763 2747 spirituitradi
786 2686 841 2735 te
874 2679 1135 2734 Dominus
1166 2680 1544 2750 permisisset,
1574 2682 1680 2738 nisi
1706 2683 1810 2738 ali-

208 2773 346 2843 quid
374 2773 819 2843 blasphemasses
842 2775 896 2829 in
916 2789 1059 2830 eum.
1085 2774 1203 2843 Quo
1232 2775 1324 2830 ille
1350 2785 1654 2846 comperto,
1683 2790 1812 2833 con-

208 2865 400 2922 festim
432 2867 666 2937 procidit
691 2867 759 2922 ad
792 2868 956 2937 pedes
988 2870 1106 2937 ejus
1135 2869 1188 2923 in
1221 2876 1423 2924 terram
1444 2913 1460 2939 ,
1491 2884 1813 2940 summaque

206 2959 578 3015 admiratione
607 2959 892 3031 perculsus
912 3004 927 3027 ,
959 2968 1231 3031 tamquam
1263 2975 1293 3015 a
1324 2960 1438 3016 Deo
1465 2976 1698 3017 cernens
1728 2976 1815 3017 ar-

204 3066 351 3117 cana
383 3051 467 3106 sui
505 3053 741 3122 pectoris
782 3051 1046 3122 patefacta
1072 3092 1089 3119 ,
1115 3050 1399 3108 confessus
1427 3061 1512 3107 est
1542 3051 1597 3107 in
1633 3051 1728 3108 Dei
1753 3068 1814 3110 se

1896 457 2137 526 spicuum
2181 470 2263 511 εει
2306 473 2427 512 eum
2473 461 2561 528 qui
2604 463 2872 529 superbia
2916 467 3109 534 spiritu
3152 474 3481 546 possidetur,

1896 550 1982 605 vel
2011 550 2103 619 qui
2134 549 2186 604 in
2231 550 2397 604 Deum
2438 550 2792 621 blasphemus
2822 558 3042 625 existit,
3090 569 3361 633 tamquam
3391 570 3484 638 qui

1892 644 2104 713 irroget
2130 644 2207 697 illi
2242 643 2494 712 iniuriam
2539 660 2568 699 a
2610 663 2719 714 quo
2759 651 3007 717 puritatis
3044 657 3315 722 speranda
3358 671 3488 716 sunt

1900 730 2043 792 dona
2063 778 2078 803 ,
2112 736 2463 806 perfectionis
2490 738 2799 811 integritate
2827 745 3029 813 privari
3050 790 3064 813 ,
3094 758 3152 804 et
3178 754 3489 811 sanctifica-

1902 832 2101 886 tionem
2128 831 2461 887 castimonia
2491 848 2599 888 non
2628 836 2846 892 mereri.

2489 946 2713 1004 CAPUT
2752 950 2895 1007 XXI.

2050 1036 2360 1118 Exemplum
2384 1037 2512 1093 Joas
2536 1044 2670 1110 regis
2698 1040 2857 1118 Juda:
2878 1086 2891 1109 ,
2921 1064 3024 1118 quo
3054 1052 3349 1112 ostenditur

2207 1110 2331 1179 quid
2360 1120 2570 1179 prapter
2596 1114 2889 1183 superbiam
2921 1110 3184 1178 meruerit.

1973 1198 2227 1270 Legimus
2258 1201 2365 1256 tale
2390 1202 2589 1272 aliquid
2614 1204 3066 1275 Paralipomenon
3095 1214 3235 1272 libro
3259 1237 3273 1271 :
3304 1218 3332 1259 ἀ
3361 1224 3494 1281 Joas

1906 1292 2049 1347 enim
2092 1306 2186 1347 rex
2215 1292 2349 1347 Juda
2381 1303 2587 1364 septem
2621 1311 2883 1353 annorum
2911 1304 2979 1355 ab
3008 1303 3196 1362 Joiada
3228 1315 3489 1379 pontifice

1907 1385 2105 1439 ascitus
2144 1386 2196 1438 in
2242 1400 2501 1456 regnum,
2546 1398 2707 1457 atque
2746 1390 2797 1444 in
2826 1395 3111 1463 omnibus,
3158 1404 3331 1469 quoad
3361 1407 3493 1462 vixit

1909 1485 2244 1532 memoratus
2269 1477 2515 1546 pontifex
2536 1519 2551 1543 ,
2582 1481 2894 1537 testimonio
2919 1485 3215 1557 Scriptura
3245 1493 3494 1553 laudatus

1909 1578 2015 1623 est.
2048 1570 2122 1623 De
2150 1582 2259 1639 quo
2285 1578 2406 1639 post
2433 1570 2638 1626 obitum
2668 1571 2876 1629 Joiada
2906 1578 3031 1632 audi
3063 1580 3188 1649 quid
3215 1583 3494 1655 Scriptura

1909 1674 2344 1733 commemorat,
2396 1673 2452 1719 et
2500 1668 2955 1736 quemadmodum
3008 1674 3183 1732 elatus
3236 1683 3496 1751 superbia

3141 1790 3153 1824 :
3212 1774 3289 1829 Po
3307 1785 3498 1848 itquam

1910 1860 2083 1905 autem
2110 1850 2236 1904 abiit
2262 1848 2490 1920 Joiada,
2533 1854 2749 1927 ingressi
2799 1872 2917 1914 sunt
2959 1864 3214 1935 principes
3253 1867 3395 1923 Juda
3449 1882 3498 1925 et

1914 1945 2294 1998 eadoraverunt
2336 1962 2526 2016 regem.
2563 1950 2663 2013 Qui
2715 1950 2957 2007 delinitus
3013 1957 3266 2027 obsequiis
3322 1979 3499 2017 eorum

1910 2038 2198 2106 acquievit,
2239 2047 2286 2091 et
2326 2038 2705 2108 dereliquerunt
2747 2044 2991 2111 templum
3032 2046 3243 2102 Domini
3273 2050 3372 2105 Dei
3400 2070 3497 2122 pa-

1910 2136 2046 2183 trum
2076 2146 2287 2184 suorum
2310 2170 2325 2195 ,
2357 2132 2735 2201 servieruntque
2765 2134 2895 2186 lucis
2923 2146 2969 2189 et
3002 2140 3382 2207 sculptibilibus
3403 2185 3416 2207 ,
3447 2156 3498 2200 et

1910 2224 2052 2291 facta
2079 2232 2149 2276 est
2179 2222 2257 2275 ira
2285 2238 2475 2287 magna
2500 2232 2682 2276 contra
2706 2224 2737 2276 J
2747 2224 2905 2277 udam
2937 2234 2982 2280 et
3012 2225 3309 2283 Jerusalem
3338 2250 3497 2304 prop-

1910 2321 1987 2367 ter
2014 2314 2107 2367 hoc
2131 2324 2392 2385 peccatum
2417 2314 2482 2385 (ll
2508 2312 2635 2368 Par.
2660 2316 2829 2386 xxrv).
2861 2316 2931 2370 Et
2958 2327 3075 2385 post
3103 2335 3268 2387 pauca
3299 2339 3311 2374 :
3339 2322 3497 2377 Cum-

1909 2422 2007 2477 que
2037 2405 2270 2460 evolutus
2298 2415 2423 2460 esset
2454 2423 2623 2460 annus
2642 2448 2656 2471 ,
2689 2410 2918 2461 ascendit
2946 2420 3123 2464 contra
3150 2427 3263 2465 eum
3289 2417 3489 2469 exerci-

1911 2510 1994 2555 tus
2032 2501 2233 2573 Syria,
2266 2504 2502 2572 venitque
2530 2503 2583 2554 in
2614 2499 2809 2556 ludam
2834 2512 2882 2556 et
2910 2502 3230 2573 Jerusalem,
3261 2518 3307 2562 et
3331 2510 3497 2565 inter-

1913 2592 2030 2662 fecit
2061 2602 2269 2647 cunctos
2312 2594 2571 2663 principes
2603 2593 2815 2662 populi,
2847 2606 2998 2665 atque
3030 2599 3320 2654 universam
3363 2620 3500 2670 pra:-

1912 2685 2032 2737 dam
2061 2686 2309 2739 miserunt
2338 2685 2447 2754 regi
2477 2684 2808 2738 Damascum.
2856 2685 2923 2739 Et
2966 2698 3100 2743 certe
3138 2706 3253 2744 cum
3291 2710 3501 2761 permo-

1912 2778 2060 2832 dicus
2081 2778 2295 2832 venisset
2326 2793 2565 2829 numerus
2598 2778 2853 2846 Syrorum
2874 2819 2888 2843 ,
2922 2780 3139 2833 tradidit
3164 2782 3417 2839 Dominus
3446 2789 3501 2841 in

1912 2886 2094 2925 manus
2121 2885 2301 2924 eorum
2330 2869 2592 2937 inﬁnitam
2617 2869 3003 2923 multitudinem
3026 2912 3039 2936 ,
3082 2889 3140 2926 eo
3179 2876 3318 2945 quod
3355 2878 3503 2933 dere-

1915 2963 2182 3033 liquissent
2207 2959 2491 3015 Dominum
2520 2960 2684 3014 Deum
2710 2968 2916 3031 patrum
2942 2979 3178 3021 suorum.
3212 2966 3279 3021 In
3316 2968 3337 3006 ι
3369 2968 3503 3026 Joas

1915 3069 2114 3125 quoque
2142 3053 2491 3124 ignominiosa
2517 3066 2783 3107 exercuere
2802 3052 3039 3123 judicia,
3068 3065 3118 3109 et
3147 3058 3393 3114 abeuntes
3423 3063 3504 3117 di-

1301 3184 1557 3241 ALARDI
1596 3185 1827 3243 ϐΑΖιΕῙ
1862 3184 2430 3244 COMMENTARIUS.

205 3279 480 3360 ecbibita,
506 3294 610 3333 non
639 3278 808 3333 solum
835 3276 977 3347 apud
1002 3293 1124 3344 nos,
1151 3277 1242 3333 sed
1281 3277 1438 3331 etiam
1476 3278 1617 3344 apud
1645 3280 1811 3333 incre-
1836 3280 1880 3342 C
1914 3291 2175 3360 peccatum
2205 3282 2432 3360 incipiat
2470 3290 2680 3353 peccato
2719 3285 3005 3360 cumulare.
3057 3282 3337 3342 Peccatum
3378 3307 3505 3360 ergo

205 3353 391 3405 dulos.

283 3432 312 3460 ³
370 3421 579 3491 Nempe
625 3420 952 3485 sacerdotii,
1006 3434 1113 3491 quo
1160 3419 1483 3475 Cassianum
1538 3421 1808 3477 initiatum

205 3495 360 3560 apud
403 3489 698 3548 Massiliam
739 3492 985 3546 scribunt
1027 3489 1346 3545 Gennadius
1391 3500 1445 3545 et
1476 3490 1811 3547 Trithemius

206 3564 358 3635 (Lib.
381 3564 483 3634 xi),
510 3564 652 3617 unde
674 3572 728 3618 et
748 3560 1172 3635 superius(Cap.
1191 3559 1281 3632 I7)
1310 3561 1450 3635 dixit
1478 3576 1540 3618 se
1564 3563 1808 3632 episcopi

206 3632 416 3690 manus
440 3632 567 3688 'non
610 3634 851 3704 potuisse
880 3632 1148 3697 evadere,
1182 3646 1251 3686 ne
1281 3632 1495 3704 scilicet
1521 3636 1592 3704 ab
1624 3648 1691 3688 eo
1723 3650 1813 3689 or-

205 3707 523 3761 dinaretur.
556 3703 709 3760 unde
736 3704 1011 3774 colligitur
1041 3718 1164 3756 eum
1200 3716 1311 3771 pra
1341 3703 1647 3759 humilitate
1675 3720 1810 3774 quo—

206 3777 517 3833 dammodo
538 3776 764 3831 invitum
794 3774 957 3829 fuisse
983 3774 1291 3828 ordinatum
1317 3790 1330 3826 :
1356 3775 1809 3843 quemadmodum

207 3848 280 3928 de
314 3847 644 3928 Pauliniano
667 3846 725 3928 S.
759 3843 1322 3928 Hieronymi-fratrea
1355 3861 1415 3900 se
1444 3845 1695 3928 ordinato
1727 3860 1811 3900 re-

206 3923 317 3975 fert
353 3921 416 3975 S.
453 3918 784 3988 Epiphanius
818 3919 869 3988 in
899 3914 1130 3988 epistola
1155 3914 1227 3988 ad
1254 3914 1520 3988 Joannem
1552 3916 1813 3988 Hieroso-

208 3985 571 4057 lymitanum,
588 3998 641 4043 et
668 3987 735 4042 de
756 3986 815 4042 S.
836 3985 1136 4056 Augustino
1155 3985 1432 4042 Possidius
1454 3987 1507 4041 in
1530 3987 1649 4057 ejus
1666 3987 1809 4041 Vita.

256 4075 520 4132 erperam
549 4074 678 4114 vero
715 4057 1028 4132 Dionysius,
1053 4065 1109 4112 et
1128 4071 1201 4132 ex
1219 4072 1319 4111 suo
1343 4072 1508 4132 sensu
1527 4098 1543 4121 ,
1567 4072 1673 4132 non
1703 4058 1813 4132 Au-

207 4128 395 4186 ctoris
416 4172 431 4192 .
465 4131 569 4186 nisi
612 4128 867 4185 mendum
900 4129 972 4183 sit
999 4129 1051 4181 in
1083 4128 1306 4183 codice:
1334 4128 1661 4198 Pragravari
1684 4170 1699 4193 ,
1729 4129 1814 4184 in-

208 4204 384 4273 quit‘,
416 4219 470 4255 se
500 4217 682 4273 passus
706 4209 781 4253 est
812 4200 1092 4273 posteriori;
1108 4199 1305 4273 ordinis
1318 4203 1519 4273 _gradu.
1566 4200 1811 4273 Pragra-

206 4268 341 4327 vari
376 4268 591 4337 autem,
628 4272 677 4325 id
723 4278 833 4335 est,
879 4270 1095 4325 onerari
1136 4270 1269 4324 dicit
1309 4268 1603 4325 Cassianus
1643 4268 1812 4339 gradu

204 4341 561 4407 sacerdotii,
594 4344 727 4396 forte
758 4341 885 4395 illud
925 4351 1177 4405 spectans
1203 4341 1392 4396 Jacobi
1438 4342 1675 4409 apostoli
1707 4355 1806 4394 tu:

209 4414 418 4468 Nolite
453 4414 625 4483 plures
662 4414 894 4485 magistri
929 4411 1043 4485 ﬁeri
1066 4413 1332 4485 ,_scientes
1367 4412 1616 4485 quoniam
1645 4414 1814 4483 majus

205 4482 485 4551 iudicium
514 4482 856 4540 sumitisfSic
886 4494 942 4538 et
974 4482 1037 4554 D.
1072 4482 1428 4554 Hieronymus
1456 4482 1773 4554 clericatum
1794 4522 1809 4548 ,

208 4571 334 4611 non
372 4557 634 4610 honorem
658 4595 673 4621 ,
706 4555 800 4609 sed
831 4569 969 4624 opus
998 4553 1383 4624 interpretatur
1415 4556 1577 4621 epist.
1613 4553 1703 4607 6'2.

295 4626 326 4665 δ
360 4626 713 4694 Manuscripti
744 4623 991 4680 nonnulli
1023 4626 1246 4694 legunt:
1286 4623 1355 4679 Ut
1376 4624 1703 4695 spiritualem
1738 4624 1813 4678 vi-

203 4716 340 4753 rum
364 4739 380 4764 ,
402 4699 767 4768 medicumque
799 4696 1126 4768 interiorem.

293 4781 319 4807 ε
360 4767 644 4823 Monemur
668 4770 769 4822 hoc
795 4767 917 4822 loco
941 4774 1217 4836 peccatum
1241 4780 1407 4820 unum
1432 4780 1811 4836 sapenumero

204 4854 449 4895 causam
481 4854 604 4894 esse
632 4840 858 4893 alterius
890 4839 1095 4907 peccati
1129 4838 1230 4904 (8.
1260 4836 1439 4892 Thom.
1477 4837 1603 4904 1-2,
1634 4855 1685 4909 q.
1716 4838 1809 4903 87,

204 4929 264 4965 α.
293 4909 417 4983 2);
451 4922 505 4966 et
532 4910 675 4979 quod
710 4909 835 4983 inde
863 4910 1127 4978 sequitur,
1153 4909 1395 4977 quaedam
1424 4909 1503 4963 sic
1537 4923 1656 4963 esse
1687 4926 1810 4977 pec-

205 4981 369 5047 cata,
411 4994 468 5036 ut
497 4984 662 5036 etiam
700 4981 810 5034 sint
850 4994 1025 5049 pana
1057 4989 1435 5051 peccatorum,
1466 4995 1587 5034 cum
1620 4995 1814 5051 pecca-

210 5064 337 5107 tum
369 5053 716 5121 subsequens
740 5051 1369 5120 ptnnasitprtecedentis.
1396 5050 1529 5104 Nam
1556 5050 1814 5120 quemad-

206 5124 454 5179 modum
482 5124 571 5177 hic
592 5124 932 5191 blasphemia
956 5122 1041 5176 vel
1063 5122 1313 5187 superbia
1339 5136 1497 5175 causa
1532 5122 1632 5175 fuit
1659 5124 1817 5176 luxu—

208 5199 359 5259 ria,
410 5195 479 5248 Ill
532 5195 739 5248 luxuria
784 5208 940 5261 pana
982 5192 1332 5260 blasphemiae
1382 5203 1473 5244 aut
1524 5193 1814 5260 superbia.

206 5267 369 5321 Iliuc
406 5264 466 5318 D.
500 5264 794 5335 Gregorius
821 5264 967 5318 hom.
1005 5263 1283 5318 undecima
1331 5263 1393 5335 in?
1428 5261 1771 5335 Ezechielem
1802 5280 1817 5316 :

208 5338 558 5402 Peccatum,
591 5333 798 5405 inquit,
828 5336 965 5403 quod
1005 5350 1094 5403 per
1134 5334 1479 5402 paenitentiam
1519 5333 1673 5387 citius
1718 5349 1820 5405 non

204 5408 458 5469 deletur,
506 5417 596 5459 aut
636 5404 903 5478 peccatum
943 5416 1055 5478 est,
1086 5412 1174 5457 aut
1219 5420 1375 5478 causa
1405 5404 1825 5478 peccati,_simul

200 5490 253 5531 et
294 5494 465 5547 pecua
490 5475 709 5549 peccati.
744 5476 908 5549 Omne
937 5476 1075 5549 enim
1102 5475 1239 5546 quod
1280 5476 1423 5549 prius
1464 5476 1822 5549 committitur,

204 5546 505 5617 peccatum
547 5560 663 5602 est:
703 5549 792 5601 sed
840 5547 885 5601 si
918 5547 1071 5600 citius
1094 5547 1393 5617 paenitendo
1440 5562 1542 5598 non
1586 5546 1825 5617 tergitur,

194 5614 366 5692 iusto
423 5619 635 5692 judicio
677 5616 1215 5692 _omnipotens_Deus
1266 5614 1547 5692 obligatam
1600 5614 1822 5692 peccatis

200 5687 457 5746 ruentem
486 5691 641 5745 etiam
670 5690 724 5742 iu
755 5687 964 5756 culpam
992 5689 1208 5742 alteram
1238 5687 1483 5759 permittit
1515 5688 1704 5740 cadere
1725 5728 1738 5750 ,
1756 5694 1821 5759 ut

195 5764 309 5843 qui
344 5760 535 5834 ﬂendo
568 5769 616 5813 et
644 5760 953 5827 corrigendo
990 5763 1155 5819 noluit
1200 5757 1454 5815 mundare
1490 5759 1627 5829 quod
1668 5757 1821 5830 fecit,

528 5852 806 5914 ΡΔτιιοι.
854 5850 1085 5915 XLIX.

1913 3352 2053 3423 quod
2082 3352 2392 3423 paenitentia:
2414 3352 2640 3408 lamenta
2661 3370 2760 3408 non
2790 3354 3027 3421 diluitur,
3054 3367 3321 3424 peccatum
3346 3360 3392 3414 si
3405 3352 3508 3417 τῖιιι

1913 3432 1986 3477 est
2016 3432 2065 3477 et
2095 3440 2252 3478 causa
2280 3425 2510 3493 peccati,
2543 3426 2666 3494 quia
2709 3441 2771 3479 ea:
2809 3427 2900 3478 illo
2942 3429 3106 3479 oritur
3148 3431 3285 3483 unde
3330 3433 3507 3486 adhuc

1912 3495 2197 3567 peccatoris
2243 3495 2444 3548 animus
2492 3496 2687 3567 arctius
2737 3494 3012 3567 obligetur.
3064 3495 3344 3552 Peccatum
3386 3517 3507 3555 vero

1910 3565 2051 3635 quod
2077 3581 2139 3618 ea:
2167 3573 2375 3636 peccato
2401 3566 2658 3633 sequitur,
2690 3565 2955 3633 peccatum
2984 3568 3142 3619 simul
3169 3580 3243 3622 est
3273 3579 3320 3621 et
3354 3587 3505 3635 ριιεηα

1914 3637 2152 3704 peccati,
2203 3636 2327 3704 quia
2352 3678 2366 3701 ,
2402 3644 2722 3688 excrescente
2768 3636 2995 3688 caecitate
3016 3676 3031 3700 ,
3063 3651 3127 3688 ea:
3168 3638 3506 3694 retributione

1912 3706 2101 3776 prioris
2129 3706 2297 3776 culpa:
2316 3711 2617 3776 generatur,
2643 3712 2695 3755 ut
2722 3704 2868 3776 quasi
2884 3708 3000 3775 jam
3018 3705 3126 3776 sint
3153 3708 3207 3758 in
3238 3719 3505 3775 peccatore

1911 3773 2313 3847 suppliciaipsa
2355 3774 2669 3825 incrementa
2708 3773 2964 3847 vitiorum.
3013 3774 3137 3847 Hac
3177 3773 3502 3847 Gregorius.

1913 3844 1992 3900 Ac
2036 3844 2233 3899 deinde
2273 3844 2431 3897 docet
2476 3857 2883 3913 nonnumquam
2930 3844 3085 3910 ﬁeri,
3136 3857 3196 3902 ut
3237 3844 3400 3902 unum
3447 3861 3503 3905 et

1914 3916 2365 3989 idem_peccatum
2388 3956 2403 3981 ,
2434 3924 2491 3969 et
2518 3914 2904 3989 peccatumsit
2927 3958 2941 3981 ,
2974 3925 3028 3970 et
3058 3930 3218 3989 pana
3250 3922 3499 3989 peccati,

1913 3984 2361 4060 simul’ethcausa
2404 3985 2632 4060 peccati.
2677 3984 2832 4060 Quod
2882 3996 2936 4043 et
2976 3984 3162 4043 multis
3200 3984 3504 4060 scriptura

1914 4056 2239 4114 testimoniis
2270 4064 2327 4111 et
2354 4056 2622 4125 exemplis
2651 4055 2959 4112 confirmat.

1987 4128 2016 4166 ἀ
2055 4128 2223 4184 Filius
2263 4125 2549 4202 Dchosia,
2593 4126 2687 4182 tllii
2730 4127 3397 4202 lorampliliiJosaphat.
3434 4132 3504 4189 IV

1916 4200 2051 4273 Reg.
2081 4215 2133 4254 χι
2155 4240 2170 4264 ,
2202 4206 2259 4254 et
2287 4198 2329 4273 ll
2353 4197 2586 4273 Paralip.
2612 4198 2910 4273 xxiv._Euit
2940 4201 3077 4273 alter
3100 4201 3229 4257 Joas
3250 4197 3505 4273 iempore

1915 4268 2077 4341 paulo
2106 4270 2379 4343 posterior
2408 4284 2505 4324 rex
2536 4268 2698 4343 Israel
2725 4311 2739 4332 ,
2774 4270 2823 4323 id
2854 4282 2971 4335 est,
3003 4271 3190 4327 decem
3227 4268 3463 4331 tribuum
3487 4318 3504 4343 ,

1916 4339 2126 4416 quibat:
2138 4341 2316 4416 adhuc
2341 4339 2635 4408 superstite
2657 4355 2887 4410 regnare
2915 4343 3100 4413 capit,
3128 4343 3194 4398 IV
3216 4343 3351 4416 Reg.
3378 4339 3502 4415 xm,

1916 4411 1971 4467 et
2001 4412 2044 4467 Il
2068 4411 2301 4480 Paralip.
2327 4426 2454 4467 xxv.

1993 4493 2016 4520 ε
2047 4483 2109 4537 D.
2142 4482 2508 4551 Hieronymus
2561 4484 2613 4535 in
2669 4481 3079 4548 Quastionibus
3124 4483 3406 4543 Hebraicis
3437 4488 3507 4543 ad

1919 4553 2062 4609 hunc
2091 4554 2267 4607 locum
2297 4552 2582 4607 annotavit
2608 4571 2619 4605 :
2652 4552 3010 4607 Adaraverunt
3042 4570 3160 4608 eum
3207 4567 3264 4610 ut
3300 4558 3510 4624 Deum;

1918 4635 1966 4679 et
1996 4624 2266 4692 acquievit,
2314 4640 2488 4677 eorum
2513 4624 2765 4690 obsequiis
2792 4626 3069 4692 delinitus,
3098 4635 3151 4678 ut
3179 4643 3232 4680 se
3257 4640 3312 4682 ut
3340 4628 3515 4684 Deum

1919 4697 2019 4767 coli
2044 4698 2371 4767 permitteret.
2406 4695 2807 4767 Quapassiani
2839 4697 3001 4751 dictis
3044 4700 3397 4753 conveniunt.

1991 4766 2010 4805 ί
2057 4767 2181 4822 Hac
2232 4766 2418 4819 itidem
2444 4766 2509 4838 D.
2546 4766 2909 4835 Hieronymus
2961 4768 3031 4820 ita
3066 4768 3504 4838 interpretatur:

1916 4835 2193 4893 Facientes
2218 4839 2270 4890 in
2299 4854 2413 4889 eum
2435 4837 2773 4904 ignominiosa
2788 4838 3021 4908 judicia,
3053 4840 3156 4891 sive
3185 4835 3305 4905 quia
3330 4852 3509 4907 turpes

1916 4910 1969 4961 in
1998 4925 2113 4961 eum
2143 4924 2225 4979 res
2249 4916 2482 4979 egerunt,
2514 4908 2619 4979 sive
2655 4909 2773 4979 quia
2814 4909 3175 4979 interﬁcientes
3206 4910 3343 4976 ﬁlios
3372 4913 3419 4979 ej
3429 4928 3510 4972 us,

1914 4977 2387 5048 improperabantei
2417 4978 2580 5048 scelus
2603 4977 2740 5048 quod
2764 4979 2814 5029 in
2843 4976 3161 5048 Zachariam
3185 4976 3515 5047 perpetrave-

1915 5044 1997 5101 rat
2030 5049 2046 5114 (
2074 5044 2140 5099 In
2170 5045 2370 5117 Quaest.
2408 5044 2571 5117 Hebr.
2605 5046 2689 5117 ubi
2743 5047 2971 5117 supra).
3007 5046 3249 5117 Priorem
3276 5044 3509 5104 sensum

1920 5113 2140 5173 secutus
2170 5115 2257 5168 hic
2288 5113 2580 5168 Cassianus
2614 5113 2887 5182 significat
2914 5113 3099 5186 regem
3128 5116 3282 5170 Joam
3324 5120 3392 5171 ob
3421 5134 3516 5172 su-

1920 5188 2163 5260 perbiam
2191 5195 2250 5260 et
2274 5186 2729 5260 a_t_'roga_nliam_eo
2751 5186 2999 5260 miseria
3019 5186 3307 5260 devenisse
3332 5230 3346 5253 ,
3382 5200 3440 5241 ut
3484 5204 3514 5244 a

1922 5254 2076 5342 Syris
2109 5255 2418 5342 hominibus
2466 5254 2693 5342 impuris
2743 5256 2881 5342 raeda
2907 5267 2962 5311 et
2990 5257 3512 5342 ignominiosadibi-

1924 5326 2053 5387 dine
2087 5329 2443 5399 pollueretur.
2476 5327 2749 5394 Josephus
2788 5336 2972 5399 tamen
3000 5336 3053 5378 et
3088 5326 3181 5379 alii
3236 5327 3367 5382 nihil
3405 5332 3511 5384 tale

1925 5397 2373 5461 commemorant.
2409 5399 2506 5454 sed
2540 5397 2913 5453 tantummodo
2944 5398 3099 5451 Joam
3128 5399 3514 5466 gravissimum

1903 5473 2224 5527 “incurrisse
2246 5473 2583 5539 languorem,
2610 5480 2661 5524 et
2685 5486 2712 5523 a
2746 5470 2859 5523 suis
2888 5468 3048 5522 fuisse
3079 5468 3466 5535 interemptum
3499 5487 3515 5535 ;

1929 5558 2033 5598 nec
2081 5544 2223 5597 aliud
2253 5540 2424 5595 Grteci
2476 5543 2809 5613 interpretes
2834 5582 2848 5606 ,
2873 5555 3032 5613 quam
3060 5553 3075 5591 :
3101 5543 3184 5613 κᾳὶ
3213 5544 3343 5613 μετᾴ
3374 5541 3518 5613 ἰροάς

1931 5610 2692 5687 ἐποίηᾳανρχρῄυατᾳμοερρή.
2722 5611 2811 5665 lib.
2844 5627 2898 5665 ιχ
2929 5609 3182 5681 Antiquit.
3207 5609 3254 5664 ὸ.
3299 5611 3351 5666 8.
3389 5611 3517 5666 Sui-

1932 5687 2024 5740 das
2060 5682 2384 5739 Verb'o'Joas
2408 5684 2446 5755 ).

2934 5844 3009 5913 15
