4014 6200
273 299 372 357 461

819 298 907 354 os
944 294 1426 355 C(ENOBIORUM
1464 287 1711 348 lNSTl'l‘.
1756 264 1883 343 uri.
1925 284 2041 341 xu.
2074 316 2144 326 —
2173 284 2261 340 ne
2303 284 2574 342 srrnrru
2614 284 2992 340 suaenam.

3454 292 3563 351 462

275 432 440 490 quam
475 415 831 486 perfectionis
862 415 1023 469 tinem
1054 429 1119 468 ac
1172 411 1417 482 puritatis
1437 411 1729 478 attingere,
1766 407 1867 462 nisi
1894 411 1948 470 Α
1975 404 2317 458 solummodo
2350 403 2567 472 pulsare
2590 403 2749 467 solet,
2780 402 2891 472 qui,
2922 400 3151 457 devictis
3179 406 3559 472 superioribus

277 523 378 577 per
404 506 771 562 humilitatem
802 515 828 543 ιι
857 520 1043 559 veram
1066 546 1079 570 ,
1131 518 1291 573 quem
1324 502 1567 571 primitus
1614 498 1870 554 fratribus

280 599 543 671 reddens,
569 599 683 655 Deo
704 598 988 670 quoquein
1014 596 1387 669 penetralibus
1400 592 1577 649 cordis
1590 591 1867 655 exhibeat,

280 692 515 747 credens
526 692 642 747 sine
656 686 988 764 protectione
1002 688 1125 759 ejus
1141 678 1303 759 atque
1317 686 1534 751 auxilio,
1550 701 1646 757 per
1659 683 1871 759 singula

280 782 387 838 sibi
415 790 691 840 momenta
719 781 921 848 delato,
953 780 1347 851 perfectionem
1369 794 1528 850 quam
1552 778 1701 845 cupit
1723 785 1776 833 et
1803 774 1871 833 Id

280 891 444 946 quam
456 890 787 947 magnopere
800 876 972 931 currit
988 888 1048 929 se
1061 874 1279 944 penitus
1298 872 1547 928 obtinere
1567 884 1674 927 non
1687 883 1867 941 posse.

608 979 635 996 ’
849 985 1076 1053 CAPUT
1106 984 1303 1043 XXIV.

351 1080 496 1148 Quos
527 1082 781 1153 spiritalis
815 1081 1063 1151 superbia
1091 1081 1283 1152 pulset,
1313 1094 1506 1150 quosve
1534 1079 1791 1133 carnalis.

353 1172 639 1243 Hucusque
664 1172 730 1228 de
756 1171 1025 1243 bspiritali
1056 1171 1329 1242 superbia,
1356 1188 1459 1242 qua
1488 1171 1723 1231 diximus
1750 1178 1874 1242 per-

284 1266 456 1323 tectos
503 1281 742 1338 quosque
769 1267 1005 1337 pulsari,
1068 1276 1329 1337 quantum
1390 1267 1628 1321 tenuitas
1666 1265 1872 1335 ingenii

284 1359 456 1412 nostri
503 1359 824 1427 prmvalnit,
877 1358 1117 1414 donante
1167 1359 1319 1423 Deo,
1368 1358 1585 1413 dixisse
1612 1358 1870 1414 sufﬁciat.

281 1448 435 1516 Quod
462 1449 729 1519 superbia:
756 1464 931 1521 genus
961 1465 1072 1505 non
1104 1450 1292 1505 multis
1335 1448 1611 1518 cognitum
1644 1464 1743 1505 nec
1779 1454 1875 1507 ex-

281 1550 494 1611 pertum
522 1550 627 1608 est,
649 1543 777 1613 quia
806 1557 906 1598 nec
931 1541 1115 1613 plures
1140 1541 1361 1598 student
1377 1541 1670 1612 perfectam
1695 1543 1874 1600 cordis

282 1633 710 1703 apprehendere
742 1635 1056 1703 puritatem,
1088 1642 1148 1689 ut
1171 1634 1240 1689 ad
1268 1633 1368 1689 bos
1396 1635 1702 1703 praeliorum
1746 1650 1874 1704 gra-

280 1726 387 1782 dus
416 1728 639 1782 valeant
667 1728 986 1796 pervenire;
1012 1741 1109 1782 nec
1133 1726 1548 1796 praecedentium
1580 1727 1873 1796 vitiorum,

283 1835 522 1891 quorum
545 1820 598 1875 in
628 1819 855 1888 singulis
882 1818 1086 1875 libellis
1106 1826 1352 1874 naturam
1377 1820 1578 1888 pariter
1600 1819 1866 1874 remedia-
1897 1808 1944 1868 B

282 1927 393 1981 que
419 1912 806 1982 praemisimus,
834 1919 1156 1982 procuratur
1178 1911 1287 1966 ulla
1312 1911 1577 1981 purgatio.
1612 1911 1719 1967 Sed
1740 1912 1863 1969 illos

1974 499 2152 562 vitiis,
2184 499 2292 568 jam
2328 496 2712 568 propemodum
2758 513 2885 549 sunt
2928 496 2983 550 in
3026 496 3283 551 virtutum
3319 500 3561 560 culmine

1974 591 2245 648 collocati.
2278 591 2424 658 Quos
2447 589 2573 671 quia
2601 589 2756 657 lapsu
2802 588 3009 647 carnali
3052 588 3444 646 subtilissimus
3470 592 3561 648 lio-

1972 684 2070 740 stis
2097 698 2354 755 superare
2390 699 2493 737 non
2520 681 2717 752 quivit,
2759 680 2993 749 spiritali
3026 682 3180 737 ruina
3204 682 3445 753 dejicere
3498 700 3562 741 ac

1972 777 2318 845 supplantare
2337 784 2586 839 conatur,
2606 787 2701 842 per
2724 773 2860 827 hanc
2881 772 3001 828 illos
3024 774 3293 830 universis
3318 784 3564 832 veterum

1973 868 2365 939 stipendiorum
2387 866 2597 921 meritis
2624 865 2793 920 mu‘lto
2837 865 3022 919 labore
3049 866 3288 935 quaesitis
3327 867 3566 936 spoliare

1974 959 2334 1018 contendens.
2358 958 2625 1014 Caeterum
2660 973 2757 1013 nos
2790 956 2881 1025 qui
2911 957 3086 1013 adhuc
3108 958 3343 1015 terrenis
3376 976 3565 1016 sumus

1976 1054 2322 1124 passionibus
2354 1053 2611 1121 involuti,-
2639 1065 2978 1121 nequaquam
3030 1048 3132 1106 hoc
3170 1052 3332 1107 modo
3351 1061 3565 1109 tentare

1976 1147 2251 1216 dignatur,
2277 1146 2374 1202 sed
2402 1146 2707 1209 crassiore,
2746 1154 2823 1211 et,
2847 1146 2907 1198 ut
2942 1144 3017 1198 ita
3062 1145 3297 1200 dixerim
3316 1188 3329 1211 ,
3357 1147 3565 1201 carnali

1978 1238 2211 1295 elatione
2235 1238 2565 1309 supplantat.
2601 1237 2666 1292 Et
2688 1237 2891 1292 idcirco
2921 1236 2989 1293 de
3037 1236 3159 1304 ltac,
3183 1254 3286 1309 qua
3328 1240 3565 1295 maxime

1978 1349 2105 1397 nos,
2149 1348 2244 1388 seu
2295 1342 2501 1388 nostra:
2540 1345 2809 1386 mensura:
2856 1330 3138 1397 homines,
3167 1347 3231 1386 ac
3284 1333 3563 1403 praecipue

1974 1426 2247 1497 juniorum
2279 1424 2362 1479 vel
2389 1424 2756 1493 incipientlum
2790 1431 3002 1479 mentes
3028 1424 3325 1491 periclitari
3358 1426 3561 1491 solent,

1978 1518 2347 1575 necessarium
2378 1532 2501 1573 reor
2535 1514 2831 1572 secundum
2870 1516 3288 1586 promissionem
3319 1526 3563 1574 nostram

1978 1626 2150 1682 pauca
2179 1611 2519 1681 depromere.

2557 1722 2791 1781 CAPUT
2824 1722 2996 1781 XXV.

2336 1818 2626 1889 Descriptio
2674 1817 2903 1877 carnalis
2936 1819 3206 1890 superbire.

2046 1912 2169 1966 Hmc
2191 1910 2397 1980 igitur,
2426 1925 2586 1980 quam
2620 1909 2857 1965 diximus
2879 1949 2895 1975 ,
2933 1918 2956 1949 ε
2985 1911 3221 1964 carnalis
3267 1910 3518 1980 superbia
3546 1954 3562 1981 ,

1355 2024 1611 2081 ALARDI
1651 2002 1887 2082 GazzEt
1925 2010 2495 2082 cbnnsurantus.

353 2128 379 2157 ⁸
408 2117 763 2191 Nonjctatn,
801 2127 889 2173 aut
923 2118 1227 2174 simulatam
1252 2160 1266 2182 ,
1291 2118 1347 2173 id
1370 2128 1455 2174 est
1481 2119 1687 2191 nullam
1716 2162 1730 2185 ,
1770 2120 1870 2176 sed
1972 2121 2199 2185 devenit,
2230 2136 2348 2173 cum
2376 2120 2624 2191 gaudium
2651 2118 2789 2191 quod
2820 2118 3265 2191 semperappetit,
3306 2122 3562 2191 frequenti

277 2206 488 2246 veram.
517 2187 960 2262 Humilitasenim
972 2191 1228 2262 virtutes}
1246 2206 1348 2259 qua
1367 2191 1481 2260 quis
1500 2188 1765 2262 verissima
1790 2192 1873 2247 sui
1972 2192 2106 2245 videt
2136 2186 2441 2262 interpoltiri
2484 2186 2717 2252 tristitia,
2748 2188 2991 2262 quamde
3012 2186 3162 2262 bonis
3195 2186 3409 2262 alterius
3437 2206 3563 2242 con-

277 2262 574 2331 cognitione
602 2259 695 2313 sibi
717 2260 817 2327 ipsi
847 2261 1063 2323 vilescit,
1094 2261 1166 2315 ait
1190 2260 1253 2314 D.
1290 2262 1617 2331 Bernartius.
1652 2261 1789 2317 llinc
1812 2270 1869 2318 et

284 2330 359 2386 D.’
386 2331 741 2399 Hieronymus
763 2332 815 2385 in
838 2331 1076 2399 Epistola
1102 2332 1168 2385 atl
1186 2332 1499 2387 Ctelantiam
1526 2330 1869 2401 lEpisl.14):

285 2402 691 2473 Nihil,rinqnit,
745 2402 931 2456 habeas
961 2401 1253 2456 humilitate
1309 2403 1643 2473 priestantius
1672 2444 1686 2467 ,
1740 2404 1875 2461 nihil

283 2472 589 2527 amabilius.
632 2472 761 2527 Ηιεο
788 2483 862 2528 est
908 2475 1047 2527 enim
1109 2474 1371 2542 precipua
1418 2476 1790 2539 conservatrix,
1822 2484 1873 2531 et

278 2545 440 2616 quasi
468 2553 635 2597 custos
663 2544 900 2616 quasdam
928 2545 1179 2616 virtutum
1210 2545 1462 2616 omnium.
1505 2542 1755 2616 Nihilque
1798 2554 1875 2600 est

274 2614 421 2684 quod
452 2630 547 2667 nos
578 2616 650 2668 ita
679 2624 724 2668 et
764 2614 1060 2669 hominibus
1093 2624 1266 2685 gratos
1296 2624 1341 2667 et
1366 2614 1476 2668 Deo
1506 2615 1686 2682 faciat,
1718 2633 1877 2683 quam

276 2688 329 2740 si
360 2687 477 2739 vita:
499 2686 681 2739 merito
703 2688 876 2754 magni
905 2685 1201 2739 humilitate
1229 2686 1396 2753 inﬁmi
1432 2688 1591 2756 simus
1617 2700 1636 2747 ;
1663 2698 1877 2756 propter

272 2756 422 2826 quod
466 2756 745 2826 Scriptura
772 2758 897 2811 dicit
926 2772 945 2811 .'
976 2756 1181 2823 Quanto
1206 2772 1426 2823 magnus
1456 2773 1530 2821 es,
1556 2755 1779 2811 humilia
1828 2768 1879 2815 te

274 2830 340 2881 in
375 2826 633 2896 omnibus,
666 2837 712 2880 et
744 2843 919 2880 coram
961 2827 1071 2881 Deo
1126 2829 1344 2880 invenies
1371 2827 1636 2896 gratiam(
1672 2826 1875 2884 Eceles.

272 2914 339 2953 ιιι
364 2898 405 2966 ).
440 2895 508 2949 Ει
536 2896 791 2970 Dominus
814 2898 1049 2970 loquitur
1062 2914 1154 2968 per
1174 2895 1513 2970 prophetam:
1535 2897 1706 2968 Super
1726 2915 1879 2965 quem

272 2970 452 3023 alium
479 2969 820 3036 requiescam,
858 2968 961 3021 nisi
986 2986 1143 3035 super
1174 2968 1446 3039 humilem,
1480 2978 1525 3021 et
1557 2969 1879 3039 quietum,et

273 3048 583 3095 trementem
621 3039 769 3093 verba
798 3054 910 3093 mea
950 3040 969 3109 (
997 3039 1117 3093 Esa.
1149 3055 1268 3094 1.th
1294 3038 1353 3108 )‘i
1389 3038 1754 3093 Verumtamen
1780 3039 1880 3094 hu-

273 3111 559 3165 militatem
581 3125 813 3191 sequere,
844 3126 945 3191 non
969 3126 1084 3179 qua:
1106 3110 1396 3191 ostenditur
1419 3121 1582 3191 atque
1602 3111 1880 3165 simulatur

272 3190 435 3253 gestu
464 3182 695 3250 corporis
726 3190 817 3233 aut
847 3184 1155 3252 fractavocs
1176 3180 1466 3247 verborum,
1492 3181 1582 3235 sed
1612 3197 1730 3251 qua:
1751 3199 1883 3251 puro

271 3250 479 3319 aﬂ'ectu
500 3250 673 3304 cordis
695 3252 1022 3321 exprimitur.
1039 3251 1197 3305 Aliud
1221 3261 1297 3306 est
1310 3253 1445 3305 enim
1470 3253 1711 3307 virtutem
1732 3254 1887 3308 habe-

268 3341 330 3379 re
357 3321 528 3381 .aliud
540 3324 737 3375 virtutis
749 3323 1163 3387 similitudinem;
1186 3324 1332 3376 aliud
1358 3330 1431 3377 est
1454 3339 1627 3377 rerum
1655 3325 1887 3379 umbram

270 3396 453 3463 sequi,
481 3393 627 3447 aliud
657 3395 937 3447 veritatem.
969 3393 1136 3448 Multo
1166 3395 1451 3463 deformior
1482 3395 1577 3447 illa
1597 3404 1670 3448 est
1695 3412 1877 3462 super-

272 3468 396 3531 bia,
426 3480 543 3534 qua:
574 3463 1478 3534 subquibusdamhumilitatissignis
1505 3466 1650 3519 latet.
1683 3465 1874 3522 Nescio

274 3537 425 3591 enim
461 3535 722 3608 quomodo
752 3536 987 3606 turpiora
1017 3544 1138 3591 sunt
1164 3537 1312 3603 sitia,
1351 3552 1467 3589 cum
1493 3537 1742 3590 virtutunt
1762 3553 1879 3608 spe-

271 3608 361 3663 cie
396 3607 651 3659 celantur.

352 3676 389 3715 λ’
417 3676 727 3749 Spiritualis
752 3678 1001 3745 superbia
1028 3676 1291 3749 Cassiano
1311 3691 1431 3748 qua:
1459 3677 1689 3749 dicatur,
1709 3687 1765 3734 et
1785 3681 1878 3749 qui

272 3762 304 3802 a
330 3747 553 3821 carnali
581 3746 946 3821 distinguatur
968 3789 983 3812 ,
1008 3748 1212 3821 dictum
1260 3746 1346 3821 est
1379 3754 1546 3821 supra
1568 3748 1587 3813 (
1612 3747 1739 3820 Cap.
1772 3746 1873 3821 Ξ),

273 3830 329 3874 et
383 3819 516 3872 satis
539 3822 700 3873 etiam
732 3834 799 3872 ex
842 3818 946 3874 hoc
967 3820 1148 3889 capite
1177 3818 1520 3888 intelligitur.

358 3900 389 3929 ⁶
413 3889 702 3944 Carnalem
726 3890 1034 3959 superbiam
1086 3889 1366 3953 describit,
1398 3890 1627 3961 ejusque
1674 3891 1878 3961 gradus

276 3962 498 4027 aliquot
520 3970 795 4015 recenset.
819 3961 985 4029 Cujus
1014 3965 1306 4015 occasione
1334 3976 1519 4030 operte
1543 3962 1775 4028 pretium
1799 3965 1880 4018 vi-

276 4031 475 4095 detur,
500 4039 663 4100 atque
689 4032 940 4086 instituto
986 4040 1173 4085 nostro
1222 4031 1376 4100 plane
1398 4043 1823 4088 consentaneum
1857 4076 1872 4100 ,

276 4100 577 4157 duodecim
612 4102 814 4171 gradus
859 4103 1130 4168 superbia:
1179 4117 1209 4156 a
1253 4103 1313 4156 ι).
1348 4102 1627 4157 Bernardo
1653 4118 1878 4161 enume-

278 4182 445 4243 ratos
469 4179 524 4226 et
550 4173 773 4243 totidem
806 4173 1133 4228 humilitatis
1182 4172 1463 4243 gradibus,
1495 4187 1630 4242 quos
1658 4172 1724 4227 D.
1774 4175 1878 4230 Be-

281 4242 541 4314 nedictus
569 4244 586 4309 (
613 4242 679 4297 In
700 4261 749 4297 c.
781 4246 815 4299 5
838 4244 965 4313 Reg.
1000 4242 1019 4313 )
1047 4258 1155 4297 non
1185 4255 1291 4297 tam
1328 4245 1691 4298 numerandos
1716 4260 1875 4314 quam

282 4313 669 4384 ascendendos
692 4316 964 4383 proponit,
998 4314 1206 4368 directe
1238 4314 1517 4384 oppositos
1544 4314 1632 4369 hic
1658 4313 1875 4381 aﬂerre,

283 4396 440 4454 quos
471 4382 609 4454 idem
631 4382 1015 4440 DJBernardus
1039 4382 1404 4454 pulcherrime
1425 4386 1873 4454 explicattTract.

278 4450 363 4509 29
394 4454 438 4521 ).
473 4450 686 4526 Primus
715 4456 895 4525 itaque
931 4450 1201 4525 superbia:
1225 4455 1425 4526 gradus
1472 4450 1555 4510 est
1581 4450 1879 4523 curiositas,

278 4539 460 4595 quam
490 4524 646 4580 docet
677 4527 759 4582 his
791 4524 1009 4581 indiciis
1046 4524 1418 4595 deprehendi:
1450 4526 1510 4581 Si
1540 4528 1752 4593 videris,
1788 4530 1876 4582 in-

280 4596 770 4668 quit,_monacltum
798 4598 861 4651 de
883 4613 985 4667 qua
1010 4598 1157 4668 prius
1188 4597 1313 4651 bene
1360 4596 1678 4666 conﬁdebas,
1713 4597 1879 4653 oculis

275 4666 626 4733 incipientem
650 4670 850 4740 vagari,
881 4666 1040 4736 eaput
1066 4679 1291 4723 erectum
1310 4712 1338 4740 ,Α
1358 4683 1510 4740 aures
1532 4668 1722 4740 habere
1766 4683 1879 4725 sus-

275 4753 516 4805 pensas;
557 4754 622 4792 ea:
659 4737 878 4793 motibus
906 4740 1174 4793 exterioris
1202 4737 1423 4793 hominis
1450 4738 1746 4793 interiorem
1783 4740 1881 4793 Ito-

276 4796 509 4880 mirtem'
538 4810 865 4863 immutatum
909 4809 1517 4880 agnoscas.,Secundus
1570 4820 1654 4864 est
1702 4811 1882 4867 levitas
1908 4796 1963 4859 D

271 4879 609 4947 animique
632 4881 766 4961 ineo
788 4879 1056 4963 consistit,
1078 4879 1221 4949 quod
1238 4881 1439 4963 quissit
1460 4880 1717 4966 facilisad
1728 4881 1879 4951 judi-

272 4949 524 5003 candum
547 4949 617 5004 de
646 4951 872 5005 altorum
898 4950 1075 5009 iactis.
1100 4962 1155 5006 et
1176 4952 1242 5006 ad
1268 4952 1480 5009 uutdvis
1499 4952 1878 5009 eﬂuttendum.

272 4968 524 5003 canuum
547 4968 617 5004 ue
646 4968 872 5005 auorum
898 4968 1075 5014 saetis,
1100 4968 1155 5006 et
1176 4968 1242 5006 aa
1268 4968 1480 5021 qutuvts
1499 4968 1878 5018 euuuenuum,

272 5028 396 5092 etc.
421 5018 741 5087 Monachus,
768 5022 963 5091 inquit,
985 5023 1094 5091 qui,
1118 5024 1196 5076 sui
1219 5022 1503 5092 negligens,
1527 5025 1661 5078 alios
1682 5027 1884 5079 curiose

274 5091 645 5164 circumspicit
669 5108 688 5157 ;
708 5096 835 5146 dum
861 5095 1112 5161 quosdam
1134 5091 1347 5162 suspicit
1379 5096 1691 5161 superiores,
1721 5111 1882 5164 quos-

272 5162 657 5235 dam‘despicit
671 5164 973 5235 inferiores.
1006 5173 1054 5217 et
1090 5166 1147 5217 in
1176 5164 1293 5235 aliis
1318 5164 1527 5235 quidem
1568 5165 1703 5217 videt
1733 5162 1882 5235 quod

269 5231 510 5305 invidet,
542 5234 597 5285 in
625 5231 746 5287 aliis
764 5232 905 5304 quod
932 5234 1157 5297 irridet;
1187 5234 1388 5305 indeﬁt
1420 5242 1475 5286 ut
1505 5251 1597 5305 pro
1622 5231 1883 5289 mobilita-

270 5312 329 5374 te
358 5304 641 5356 oculorum
668 5304 914 5374 levigatus
951 5306 1181 5370 animus,
1208 5304 1359 5358 modo
1381 5320 1470 5368 per
1496 5304 1785 5371 superbiam
1810 5307 1880 5359 ad

269 5372 397 5445 alta
422 5388 477 5426 se
496 5375 683 5444 erigat,
714 5372 868 5429 modo
892 5392 981 5445 per
1008 5375 1257 5429 insidians
1298 5376 1352 5428 in
1376 5376 1478 5428 ima
1495 5374 1753 5445 demergat
1778 5391 1797 5440 ;
1823 5378 1879 5431 in

268 5443 460 5516 altera
484 5460 728 5515 nequam,
760 5448 817 5500 in
844 5444 1008 5501 altera
1029 5462 1214 5511 vanus,
1240 5447 1295 5499 in
1345 5456 1563 5513 utroque
1605 5443 1880 5516 superbus.

269 5513 514 5586 Tertius
528 5513 731 5585 gradus
754 5524 841 5573 est
863 5518 1042 5586 inepta
1084 5518 1283 5573 latitia.
1318 5515 1601 5585 Proprium
1634 5513 1776 5569 enim
1800 5524 1885 5571 est

268 5585 656 5658 superborum
698 5589 820 5658 laeta
873 5585 1093 5658 semper
1128 5597 1387 5658 appetere
1411 5628 1425 5651 ,
1461 5594 1517 5658 et
1572 5587 1886 5658 tristiarde-

268 5650 491 5721 vitiare,
532 5656 685 5727 juxta
729 5650 902 5715 illud:
934 5650 1035 5716 Co'r
1076 5650 1353 5716 stultorum
1380 5650 1465 5715 ubi
1486 5654 1670 5710 lwtitia
1699 5656 1882 5723 (Eccl.

272 5740 404 5801 xvn
418 5731 459 5789 ).
497 5727 647 5801 Unde
663 5739 709 5784 et
722 5732 1002 5785 monachus
1024 5733 1113 5801 qui
1141 5730 1395 5801 duosjant
1414 5727 1675 5801 superbiat
1690 5728 1886 5801 gradus

272 5799 585 5865 descendit,
627 5804 753 5855 dum
783 5818 873 5870 per
920 5799 1381 5859 curiositatem’ad
1428 5799 1589 5854 animi
1633 5800 1887 5856 levitatem

1975 2262 2168 2329 trahit;
2206 2258 2481 2330 impatiens
2520 2275 2629 2315 sure
2671 2258 3069 2330 humiliationis,
3104 2258 3236 2326 fugit
3272 2260 3347 2330 ad
3392 2262 3564 2312 consi-

1976 2334 2103 2388 lium
2132 2328 2286 2403 falsa?
2304 2331 2687 2386 consolationis.
2716 2328 2877 2383 Illum
2918 2329 3298 2403 quiejusmodi
3326 2339 3421 2394 est,
3471 2339 3562 2383 aut

1976 2397 2277 2474 numquam,
2309 2415 2398 2457 aut
2441 2419 2563 2457 raro
2592 2411 2877 2474 gementem
2904 2397 3226 2474 audies,_aut
3258 2397 3564 2474 lactyntan-

1977 2483 2079 2529 tem
2108 2470 2298 2530 videbis
2327 2491 2345 2528 :
2375 2476 2429 2527 in
2458 2470 2616 2544 signis
2660 2470 2972 2544 scurrilitas,
3018 2472 3069 2544 in
3100 2472 3267 2538 fronte
3296 2470 3560 2544 hilaritas.

1978 2549 2179 2599 vanitas
2201 2556 2420 2616 apparet
2447 2542 2742 2599 in‘incessu.
2768 2543 2977 2595 Pronus
2997 2542 3063 2593 ad
3078 2546 3281 2616 jacum,
3300 2542 3562 2616 facilisaac

1979 2612 2247 2689 promptus
2274 2612 2345 2670 'in
2384 2618 2565 2689 risum.
2618 2616 2683 2669 Et
2710 2618 2872 2683 paulo
2920 2623 3039 2681 post
3066 2612 3182 2689 {Ut
3229 2615 3361 2689 enim
3394 2614 3562 2689 vesica

1981 2684 2194 2763 collecto
2223 2684 2628 2763 turgida_vento_.
2659 2694 2948 2763 punctoque
2990 2685 3251 2763 perforata
3280 2686 3484 2752 exiguo,
3517 2685 3565 2738 si

1981 2760 2272 2829 stringitur,
2311 2756 2709 2829 crepitatLdu‘m
2755 2756 3078 2829 detumescit,
3113 2764 3377 2829 ac‘ventus
3416 2770 3565 2829 egre-
3600 2770 3605 2777 ’

1983 2825 2134 2883 ἀξιεηέ
2152 2846 2251 2882 non
2282 2825 2474 2900 passim
2499 2827 2711 2900 effusus,
2740 2826 2827 2900 sed
2854 2826 3068 2879 strictim
3096 2825 3329 2900 emissus,
3351 2826 3564 2900 crebros

1983 2900 2233 2969 quosdam
2270 2895 2469 2952 sonitus
2493 2899 2695 2961 reddit;
2727 2898 2800 2950 sic
2827 2899 3110 2969 monachus
3134 2895 3223 2969 ubi
3244 2897 3386 2969 vanis
3413 2913 3566 2950 scur-

1983 2968 2263 3039 rilibusque
2287 2986 2373 3024 cor
2398 2986 2549 3023 suum
2589 2968 2983 3038 cogitationibus
3015 2968 3317 3035 impleverit,
3349 2977 3562 3037 prapter

1987 3041 2316 3111 disciplinam
2341 3043 2529 3095 silentii
2560 3057 2661 3094 non
2691 3040 2949 3093 inveniens
2989 3047 3166 3111 ventus
3192 3040 3431 3091 vanitatis
3459 3056 3561 3104 qua

1987 3110 2187 3185 plenius
2214 3113 2531 3185 egrediatur,
2559 3115 2689 3165 inter
2710 3111 2985 3185 angustias
3004 3110 3228 3185 {aurium
3248 3126 3335 3185 per
3357 3111 3565 3165 cachin-

1988 3179 2081 3238 nos
2104 3179 2381 3239 excutitur.
2410 3179 2643 3251 Quartus
2671 3179 3039 3254 cstjactantia.
3072 3180 3173 3245 Qui
3203 3179 3562 3254 adhuncigra-

1990 3254 2119 3329 dum
2160 3256 2405 3327 pervenit,
2434 3257 2613 3329 plenus
2642 3262 2715 3308 est
2759 3252 3219 3329 sermonibustait
3246 3252 3386 3329 idern
3430 3253 3566 3329 Ber-

1992 3321 2215 3392 nardu's,
2263 3338 2310 3382 et
2347 3321 2571 3382 coarctat
2612 3342 2726 3380 eum
2754 3327 2969 3393 spiritus
2999 3324 3131 3377 uteri
3176 3323 3275 3375 sui.
3310 3321 3487 3376 Esurit
3518 3335 3567 3379 et

1988 3399 2098 3452 sitit
2134 3399 2396 3453 auditores
2443 3398 2622 3468 quibus
2666 3412 2786 3450 suas
2818 3398 3021 3468 jactitet
3063 3394 3334 3468 vanitates,
3383 3395 3566 3463 quibus

1982 3485 2130 3523 omne
2158 3472 2294 3539 quod
2342 3462 2493 3523 sentit
2544 3462 3024 3539 eﬁ’ttndat,'qttibus
3062 3462 3228 3539 qualis
3266 3475 3313 3517 et
3343 3462 3566 3539 quantus

1982 3542 2049 3595 sit
2078 3532 2381 3595 innotescat.
2414 3532 2630 3593 Inventa
2651 3545 2822 3589 autent
2846 3532 3113 3589 occasione
3138 3532 3402 3603 loquendi,
3428 3537 3471 3587 si
3501 3537 3565 3590 de

1984 3611 2167 3664 litteris
2190 3627 2353 3664 sermo
2387 3610 2639 3673 exoritur,
2662 3616 2831 3660 vetera
2860 3606 3194 3675 proferuntur
3224 3614 3269 3656 et
3297 3620 3447 3675 n_ova.
3477 3620 3565 3657 vo-

1982 3681 2095 3733 lant
2138 3682 2421 3742 sententiw,
2466 3672 2631 3731 verba
2662 3672 2905 3728 resonant
2951 3672 3261 3740 ampullosa.
3305 3672 3563 3730 Prwvenit

1982 3752 2409 3823 interrogantem,
2450 3765 2549 3823 non
2580 3746 2825 3823 quturenti
2872 3743 3178 3823 raspondeti
3209 3744 3318 3809 ipse
3357 3746 3563 3823 quierit,

1982 3823 2094 3884 ipse
2137 3814 2307 3883 so'lvit,
2337 3830 2383 3873 et
2414 3819 2567 3872 verba
2598 3814 2941 3871 collocutoris
2982 3814 3279 3884 imperfecta
3318 3816 3564 3884 praescia-

1983 3893 2082 3957 dit,
2116 3900 2222 3947 etc.
2255 3890 2315 3947 Si
2344 3891 2405 3943 de
2429 3887 2890 3960 religioneagitur,
2925 3887 3097 3960 statim
3120 3886 3338 3960 visiones
3360 3895 3407 3960 et
3428 3902 3565 3960 som-

1984 3964 2073 4016 nia
2122 3966 2476 4034 proferuntur,
2528 3957 2642 4034 etc._
2670 3958 2907 4034 Quintus
2957 3957 3158 4034 gradus
3201 3958 3563 4034 singularitas,

1982 4051 2084 4100 qua
2103 4028 2229 4105 quis"
2250 4032 2444 4100 aliquid
2470 4031 2574 4103 agit
2600 4030 2883 4105 singulare,
2916 4028 3369 4105 aut__sin__qulariter
3386 4044 3567 4105 seges

1981 4099 2071 4172 rit,
2105 4099 2203 4176 quo
2233 4099 2639 4176 supra_cteteros
2668 4099 3045 4176 test_imetur._U
3054 4100 3150 4153 nde
3181 4113 3288 4176 non.
3310 4099 3492 4168 sufﬁcit
3519 4103 3565 4153 ei

1982 4170 2126 4245 quod
2161 4170 2445 4230 communis
2491 4173 2787 4245 monasterii
2820 4172 3019 4245 Regula
3050 4181 3136 4223 aut
3182 4170 3439 4245 majorum
3470 4187 3556 4224 co«

1984 4244 2255 4302 hortantur
2276 4247 2531 4311 exempla.
2557 4244 2667 4298 Nec
2691 4254 2861 4297 tamen
2888 4244 3067 4297 melior
3090 4257 3196 4296 esse
3218 4244 3384 4295 studet
3409 4258 3563 4311 quant

1983 4320 2178 4383 videri;
2208 4335 2309 4372 non
2332 4318 2514 4371 melius
2545 4316 2726 4382 vivere,
2756 4316 2846 4385 sed
2869 4315 3027 4368 videri
3058 4314 3221 4367 vivere
3247 4315 3419 4384 gestit,
3445 4328 3566 4381 qua-

1986 4399 2130 4460 tenus
2170 4389 2334 4443 dicere
2364 4389 2525 4460 possit
2556 4386 2731 4460 :__No_n_
2771 4401 2887 4460 sum
2925 4386 3053 4460 sicut
3095 4388 3267 4460 caeteri
3297 4385 3565 4460 hominum

1984 4459 2140 4528 (Luc.
2173 4454 2514 4529 x’vm).'Plus
2558 4457 2653 4511 sibi
2682 4456 2946 4510 blanditur
2974 4457 3039 4510 de
3062 4472 3166 4510 uno
3186 4454 3567 4529 jejunioaquod

1984 4527 2179 4583 caeteris
2210 4527 2575 4600 prandentibus
2603 4528 2747 4600 facit,
2802 4542 2957 4600 quam
2998 4528 3056 4600 si
3090 4543 3205 4600 cum
3242 4527 3441 4580 ueteris
3488 4542 3568 4579 se-

1984 4606 2119 4671 ptem
2158 4598 2265 4654 dies
2287 4600 2564 4671 jejunarit.
2600 4598 2927 4653 Commodior
2964 4598 3059 4671 sibi
3088 4598 3288 4671 videtur
3314 4614 3420 4650 una
3445 4613 3567 4671 ora-

1986 4668 2216 4726 tiuncula
2246 4668 2543 4742 peculiaris,
2575 4686 2733 4742 quam
2753 4679 2859 4723 tota
2882 4668 3170 4742 psalmodia
3197 4669 3351 4721 unius
3377 4670 3563 4742 noctis,

1987 4755 2041 4797 et
2072 4740 2269 4797 caetera
2299 4757 2429 4797 sane
2465 4740 2849 4811 pulcherrima.
2894 4740 3094 4811 Sextus
3126 4741 3559 4811 estarrogantia,

1990 4830 2089 4884 qua
2122 4815 2242 4896 quis
2266 4812 2369 4868 sibi
2404 4810 2521 4896 plus
2558 4811 2935 4896 tribrtit‘quam
2967 4810 3152 4896 liabet,
3180 4810 3301 4896 aliis
3334 4824 3397 4896 se
3424 4824 3565 4896 pra?-

1990 4880 2314 4940 stantinrem
2344 4885 2585 4938 mstimat
2604 4882 2851 4947 scientia,
2879 4882 3099 4945 virtute,
3122 4880 3430 4944 prudentia,
3457 4884 3563 4932 etc.

1991 4954 2083 5017 Et,
2119 4962 2177 5007 ut
2204 4954 2281 5006 ait
2308 4952 2637 5014 Bernardus,
2666 4954 2825 5003 credit
2855 4952 2991 5018 quod
3020 4952 3185 5013 audit,
3218 4950 3397 5001 laudat
3426 4951 3565 5017 quod

1990 5025 2117 5095 agit,
2156 5033 2204 5075 et
2233 5023 2356 5090 quid
2389 5022 2646 5095 intendat,
2688 5038 2789 5073 non
2821 5022 3070 5095 attendit;
3100 5021 3285 5095 quique
3324 5020 3387 5095 de
3425 5019 3565 5095 omni

1990 5088 2183 5165 aliare
2212 5088 2330 5165 plus
2355 5092 2452 5165 sibi
2468 5091 2633 5165 credit
2658 5106 2811 5165 quam
2837 5090 2976 5165 aliis,
3006 5091 3068 5143 de
3097 5088 3148 5165 se
3168 5088 3277 5165 solo
3306 5089 3418 5153 plus
3446 5088 3566 5142 aliis

1991 5164 2153 5218 credit
2200 5159 2352 5235 quam
2382 5162 2477 5216 sibi
2500 5178 2542 5235 ,°_
2564 5174 2613 5213 et
2639 5159 2889 5235 quidquid
2933 5161 2996 5235 de
3024 5177 3076 5235 se
3104 5159 3368 5235 laudatum
3386 5172 3562 5235 _agno-_

1990 5236 2137 5304 verit,
2164 5228 2265 5289 non
2288 5232 2611 5304 ignorantia},
2637 5241 2726 5284 aut
2755 5230 3109 5304 benetjolentjte
3140 5228 3442 5304 laudatoris,
3473 5231 3566 5304 sed

1988 5307 2095 5360 suis
2125 5299 2337 5360 'meriti's
2384 5311 2684 5374 arroganter
2740 5301 2968 5374 ascribit.
3027 5300 3303 5368 Septimus
3367 5299 3565 5374 gradus

1992 5379 2354 5449 prtesumptio,
2401 5370 2557 5449 quain
2609 5383 2661 5449 et
2692 5370 3561 5449 prmﬁdentiantnvocant“Catini,

1989 5440 2096 5517 qua
2128 5440 2250 5518 quis
2279 5440 2390 5502 suae
2416 5440 2707 5518 industriae
2736 5452 2831 5518 aut
2858 5444 2968 5495 suis
2996 5441 3201 5495 viribus
3230 5442 3299 5518 i_t_a
3333 5440 3470 5505 fidit,
3507 5455 3566 5497 ut

1990 5512 2060 5573 ad
2091 5512 2271 5573 omnia
2295 5534 2354 5573 se
2380 5532 2561 5586 parem
2592 5516 2863 5586 existimet
2901 5522 2956 5568 et
2976 5529 3034 5567 ea
3062 5512 3409 5586 aggrediatur
3442 5526 3563 5580 quae

1990 5592 2136 5645 vires
2167 5592 2287 5659 ejus
2316 5578 2590 5659 superant.
2622 5586 2724 5651 Qui
2754 5585 2911 5649 enim,
2943 5578 3196 5659 inquiti).
3230 5578 3565 5659 Bernartius,

1990 5660 2123 5714 alios
2173 5652 2226 5713 se
2267 5652 2557 5730 prtecellere
2586 5665 2749 5729 putat,
2776 5657 3054 5730 __quomodo
3100 5672 3201 5709 non
3245 5655 3363 5730 plus
3408 5652 3471 5706 de
3514 5671 3567 5730 se

1990 5747 2143 5798 quam
2171 5732 2234 5784 de
2269 5726 2391 5783 aliis
2417 5726 2735 5801 prwsuntat?
2764 5728 2969 5783 Primits
2999 5730 3051 5782 in
3075 5726 3399 5781 conventibus
3433 5727 3565 5801 resi-

1992 5802 2101 5868 det,
2129 5803 2184 5857 in
2202 5798 2427 5859 consiliis
2447 5802 2644 5869 primus
2664 5802 2956 5873 respondet,
2980 5818 3082 5857 non
3109 5809 3317 5857 vocatus
3344 5798 3563 5860 accedit,
