4014 6200
483 242 591 300 ιθδ

1792 224 2100 296 JOANNES
2136 232 2451 296 CASSIANI

3637 237 3737 293 ια

483 374 606 417 cum
644 355 827 428 tepido
856 364 920 411 ac
941 354 1081 413 male
1106 358 1327 427 arrepto
1349 353 1770 412 renuntiationis
1792 356 2062 425 principio
2089 367 2143 427 Α
2165 374 2289 415 eum
2308 366 2523 413 tumore
2536 357 2602 411 ad
2617 368 2798 412 veram
2822 352 3025 411 Christi
3039 352 3396 411 humilitatem
3417 353 3736 410 descendere

485 454 537 507 in
576 447 822 505 monachi
855 446 1119 503 resederit
1139 457 1342 514 mente,
1370 448 1435 502 de
1464 447 1696 517 pristino
1730 462 1794 502 ac
1815 450 2062 504 saeculari

2174 467 2282 506 non
2314 454 2666 521 permittens,
2697 451 2930 520 primum
2978 449 3378 505 inobedientem
3409 463 3533 504 eum
3568 448 3734 503 reddit

1550 541 1804 596 ALARDI
1844 540 2075 596 GAZIEI
2112 543 2683 601 COMMENTARIUS.

484 656 587 695 non
615 639 798 693 missus
842 653 897 693 se
936 636 1247 703 intromittit,
1292 633 1559 689 reordinat
1586 634 1852 697 ordinata,
1892 633 2058 702 reficit

484 714 643 780 facta.
671 707 938 778 Quidquid
962 708 1068 773 ipse
1095 723 1209 780 non
1237 705 1435 780 fecerit,
1466 714 1557 758 aut
1588 703 1938 780 ordinauerit,
1965 719 2057 780 nec

481 771 614 834 recte
645 771 857 848 factum,
884 771 988 831 nec»
1013 771 1511 848 pulchre'existimat
1543 776 1871 848 ordinatum.
1902 771 2059 826 ludi-

483 859 563 921 cat
586 843 903 921 judicantes,
932 843 1238 919 prtejudicat
1258 846 1598 921 judicaturis.
1632 843 1692 899 Si
1719 860 1834 897 cum
1863 852 2058 921 tempus

481 915 766 982 advenerit,
796 933 897 971 non
922 915 1278 986 promoveatur
1299 915 1367 969 ad
1392 916 1880 986 prioratum,_suum
1898 915 2058 986 abba—

482 999 581 1041 tem
604 1001 693 1041 aut
722 984 949 1057 invidum
969 987 1196 1057 judicat,
1236 996 1329 1040 aut
1363 987 1649 1057 deceptum.
1684 984 1834 1057 Quod
1862 984 1907 1057 si
1954 1000 2058 1057 nie-

480 1060 669 1113 diocris
698 1060 745 1111 ei
790 1053 1218 1127 aliquaifunctio
1262 1058 1341 1110 vel
1365 1054 1605 1126 oﬁicium]
1643 1054 1929 1127 obedientia
1976 1053 2059 1107 in-

476 1133 657 1202 juncta
679 1129 860 1202 fuerit,
884 1126 1222 1202 indignatur,
1236 1135 1562 1202 aspernatur,
1593 1126 1851 1202 arbitrans
1881 1141 1935 1177 se
1954 1141 2056 1202 non

479 1197 590 1254 esse
620 1199 907 1253 minoribus
951 1197 1333 1267 occupandum,
1358 1199 1443 1268 qui
1486 1197 1554 1250 ad
1582 1199 1782 1263 majora
1816 1211 1868 1248 se
1885 1197 2057 1268 _s_eiitit

478 1271 742 1323 idoneum.
790 1270 1026 1324 Octavus
1075 1264 1161 1324 est
1210 1264 1440 1340 defensio
1484 1276 1828 1340 peccatorum.
1876 1264 2057 1340 Multis

482 1356 601 1394 vero
628 1340 793 1393 modis
836 1341 967 1409 fiunt
998 1335 1352 1393 excusationes
1398 1339 1451 1391 in
1487 1335 1729 1409 peccatis.
1779 1335 1880 1409 Aut
1922 1336 2056 1409 enim

480 1412 603 1463 dicit
623 1412 709 1479 qui
738 1426 792 1463 se
819 1403 1044 1476 excusat,
1081 1409 1201 1463 Non
1233 1410 1329 1479 feci
1354 1426 1373 1475 ;
1402 1403 1516 1473 aut,
1550 1403 1679 1460 Feci
1706 1407 1935 1479 quidem,
1966 1406 2055 1479 sed

480 1480 605 1536 bene
630 1474 732 1550 feci
752 1496 767 1544 ;
790 1490 878 1531 aut
903 1483 946 1532 si
972 1474 1125 1544 male,
1151 1474 1254 1533 non
1282 1474 1700 1550 multummale;
1728 1484 1815 1528 aut
1841 1476 1886 1550 si
1921 1474 2053 1550 mul-

481 1564 587 1603 tum
627 1542 785 1615 male,
813 1565 915 1602 non
960 1542 1429 1603 mala'intentione.
1462 1547 1524 1600 Si
1566 1555 1735 1599 autem
1773 1554 1818 1598 et
1844 1545 1909 1598 de
1937 1542 2053 1607 illa,

480 1622 615 1673 sicut
654 1622 841 1683 Adam,
875 1628 921 1671 et
951 1618 1081 1684 Eva,
1115 1622 1453 1681 convincitur,
1499 1617 1670 1670 aliena
1701 1616 1942 1668 suasione
1966 1629 2058 1667 ea:-

478 1706 660 1744 cusare
687 1707 740 1742 se
770 1690 968 1741 nititur.
1009 1689 1193 1744 Nonus
1220 1700 1304 1744 est
1346 1686 1591 1742 simulata
1635 1685 1915 1754 confessio,
1942 1700 2058 1754 qua:

478 1760 645 1813 multo
676 1759 1009 1829 periculosior
1048 1768 1124 1813 est
1162 1775 1315 1829 quam
1344 1773 1536 1829 procaa:
1575 1764 1626 1829 et
1669 1756 1925 1810 obstinata
1962 1754 2053 1809 de-

478 1832 662 1898 fensio.
696 1828 954 1883 Nonnulli
974 1831 1107 1883 enim
1135 1827 1251 1883 cum
1272 1827 1702 1899 de’apertioribus
1732 1834 2052 1899 arguuntur,

477 1896 693 1954 scientes
716 1901 855 1971 quod
896 1903 939 1971 si
978 1916 1031 1953 se
1059 1896 1407 1969 defenderent,
1443 1897 1541 1971 sibi
1585 1896 2049 1971 n_on_crederetur,

480 1965 1011 2025 subtilius'inveniunt
1045 1965 1398 2041 argumentum
1426 1967 1766 2041 defensionis,
1793 1965 1945 2018 verba
1971 1983 2056 2041 re-

478 2042 784 2113 spondentes
808 2041 1004 2096 dolosa!
1039 2036 1400 2113 confessionis.
1434 2036 1527 2092 Est
1564 2038 1779 2113 quippe,
1803 2042 1880 2113 _ut
1922 2038 2052 2090 scri-

478 2106 623 2183 ptum
658 2121 752 2177 est,
790 2113 881 2180 qui
926 2106 1158 2183 nequiter
1202 2110 1540 2183 humiliatse,
1590 2117 1638 2183 et
1661 2106 1912 2183 interiora
1940 2115 2051 2178 ejus

478 2177 635 2251 plena
673 2177 945 2238 sunt'dolo
965 2177 1154 2254 (Eccli.
1183 2181 1317 2305 καὶ.
1362 2177 1548 2232 Vultus
1590 2178 1903 2241 demittitur,
1935 2177 2050 2245 pro-

478 2255 725 2305 sternitur
753 2269 958 2305 corpus.
989 2254 1191 2305 aliauas
1221 2253 1265 2305 si
1300 2252 1319 2305 i
1358 2249 1616 2305 lacrumas
1644 2255 1970 2305 extorquent,
2004 2249 2050 2301 si

476 2249 725 2307 sternitur
753 2249 1191 2323 corpusfaliquas
1221 2249 1319 2306 sibi
1358 2249 1970 2323 lacrgmasextorquent,
2004 2249 2051 2301 si

478 2334 723 2389 possunt;
769 2318 936 2377 vocem
974 2318 1235 2393 suspiriis,
1279 2321 1427 2393 verba
1455 2318 1736 2393 gemitibus
1766 2319 2045 2393 interrum-

476 2387 624 2462 punt.
651 2387 716 2449 Et
746 2393 880 2447 infra
914 2410 925 2445 :
955 2387 1192 2446 Gloriosa
1214 2407 1294 2446 res
1320 2387 1617 2462 humilitas,
1646 2405 1749 2459 qua
1778 2387 2048 2462 ipsequa-

477 2457 573 2535 que
598 2463 834 2533 superbia
858 2463 1075 2535 palliare
1111 2478 1166 2535 se
1193 2462 1408 2535 appetit,
1436 2476 1500 2535 ne
1540 2457 2049 2535 vilescat._.3edlhtec

474 2526 576 2585 cito
605 2526 952 2604 tergiversbtio
981 2550 1012 2586 a
1038 2526 1253 2604 prwlato
1290 2526 1721 2604 deprehenditur,
1749 2528 1795 2581 si
1819 2528 1886 2579 ad
1914 2526 2048 2604 hanc

476 2599 744 2671 superbam
769 2599 1113 2657 humilitatem
1136 2619 1238 2655 non
1280 2601 1455 2655 leviter
1481 2602 1725 2671 ﬂectitur,
1749 2613 1850 2667 quo
1881 2599 2046 2671 magis

477 2667 764 2726 dissimulet
789 2672 1014 2739 culpam,
1040 2674 1118 2728 vel
1146 2671 1350 2738 αἰπειναί
1377 2667 1600 2742 patriam.
1625 2668 1789 2742 Cujus
1816 2667 1950 2742 enim
1976 2669 2046 2742 si-

477 2744 671 2795 mulata
697 2738 950 2809 confessio
978 2753 1070 2805 est,
1103 2759 1209 2797 una
1239 2743 1319 2796 vel
1348 2738 1443 2796 levi
1473 2738 1802 2802 contumelia,
1829 2738 1907 2791 vel
1929 2738 2043 2791 eati-

475 2830 577 2885 gua
593 2830 739 2885 plena
760 2813 1123 2883 interrogatus,
1138 2816 1254 2885 jam
1281 2812 1626 2867 humilitatem
1647 2809 2045 2885 simulandam

476 2884 853 2937 simulationem
874 2881 1199 2939 dissimulare
1222 2900 1325 2937 non
1346 2892 1541 2953 potest:
1569 2889 1879 2953 murmurat,
1902 2881 2044 2953 fren-

476 2954 583 3018 det,
611 2955 872 3022 irascitur,
914 2971 1009 3009 nec
1049 2957 1103 3009 in
1131 2963 1311 3024 quarto
1351 2951 1487 3008 stare
1515 2951 1844 3024 humilitatis,
1876 2951 1968 3024 sed
1987 2951 2044 3004 in

475 3041 670 3079 nonum
700 3021 951 3095 superbiae
969 3021 1187 3095 gradum
1214 3025 1467 3079 corruisse
1494 3022 1763 3095 probatur,
1794 3029 1899 3095 etc.
1917 3021 2041 3095 pe-

477 3096 648 3150 cimus
674 3089 1009 3161 est'rebeltio,
1042 3111 1148 3166 qua
1189 3089 1560 3166 superioribus
1588 3091 1769 3147 renuit
1796 3089 2041 3166 obedire,

475 3177 570 3220 aut
608 3181 796 3222 eorum
840 3160 1091 3221 mandata
1135 3160 1451 3221 contemnit.
1484 3160 1795 3223 Frontosus,
1844 3160 2041 3228 inquit,

474 3252 596 3291 mox
622 3247 670 3292 et
698 3238 967 3308 impudens
993 3239 1157 3308 factus
1188 3244 1329 3308 tanto
1370 3232 1625 3308 deterius,
1644 3239 1837 3301 quanto
1862 3230 2045 3308 despe-

2082 1941 2131 2001 B

2162 637 2410 693 diuscule
2456 646 2733 692 exaratam
2780 648 2847 689 ac
2888 632 3216 688 delineatam
3247 632 3444 688 lectori
3484 632 3734 702 religioso

2161 708 2443 772 exhibere,
2490 715 2545 760 et
2570 715 2857 775 utramque
2898 704 3177 759 nonnullis
3212 703 3511 771 Scriptura:
3556 716 3610 775 et
3642 703 3731 759 SS.

2161 778 2379 832 Patrum
2425 777 2616 845 elogiis
2656 774 2895 829 adlatus
2938 775 3188 840 ascriptis
3235 775 3533 829 illustrare.
3586 774 3736 829 Prius

2162 848 2367 917 itaque,
2394 848 2535 917 quod
2564 848 2706 917 ratio
2737 845 2996 914 postulat,
3024 845 3225 917 scalam
3270 845 3595 917 humilitatis
3631 847 3735 899 suis

2161 914 2446 973 duodecim
2491 916 2753 986 gradibus
2791 932 2857 971 ex
2888 916 3154 986 sententia
3195 915 3260 968 D.
3295 914 3575 971 Benedicti
3611 931 3733 969 con-

2160 998 2399 1043 stantem
2452 984 2834 1056 proponemus.
2882 984 3083 1041 Verum
3135 987 3257 1053 quia
3299 987 3466 1039 nimis
3516 987 3730 1055 longum

2161 1061 2303 1115 foret
2339 1071 2396 1113 et
2440 1058 2776 1127 superﬂuum
2807 1059 3047 1127 eosdemi
3070 1056 3273 1124 gradus
3303 1071 3424 1110 cum
3472 1064 3585 1111 toto
3613 1071 3730 1125 cap.

2162 1130 2376 1199 septimi
2418 1138 2697 1193 contextu,
2730 1143 2838 1197 quo
2864 1126 2992 1199 al).
3026 1126 3316 1199 Benedicto
3365 1136 3733 1196 proponuntur

2160 1197 2599 1269 ctexplicautur,
2635 1199 2721 1254 hic
2749 1197 3044 1269 ascribere,
3082 1198 3319 1269 breviter
3336 1208 3408 1269 _et
3433 1198 3732 1269 summai-ie

2159 1286 2255 1327 eos
2297 1266 2699 1334 annotnbimus,
2741 1278 2849 1321 tum
2895 1268 3076 1322 verbis
3122 1268 3291 1334 ipsius
3334 1267 3398 1320 l).
3433 1266 3731 1330 Benedicti,

2161 1351 2274 1397 tum
2304 1343 2422 1396 aliis
2450 1341 2509 1394 S.
2552 1341 2773 1396 Thomas
2804 1338 3109 1407 Aquinatis,
3150 1345 3265 1391 tum
3303 1337 3538 1405 denique
3570 1336 3734 1393 versi-

2160 1414 2262 1467 bus
2291 1412 2503 1467 abbatis
2529 1409 2837 1472 Tritbemii,
2875 1422 2982 1462 non
3013 1408 3356 1475 spernendis,
3382 1408 3585 1477 quibus
3615 1422 3731 1463 eos-

2161 1483 2282 1537 dem
2327 1483 2548 1537 aStricte
2589 1488 2642 1535 ct
2669 1481 2879 1549 poetice
2906 1479 3195 1547 expressit.
3232 1477 3329 1549 Ubi
3364 1488 3571 1549 tamen,
3594 1478 3730 1547 quod

2161 1554 2227 1607 ad
2273 1553 2332 1609 S.
2381 1552 2643 1606 Thomam
2672 1547 2913 1612 attinet,
2965 1548 3295 1616 deprehendi
3344 1547 3461 1615 ejus
3505 1559 3730 1613 textum,

2160 1624 2336 1693 quoad
2386 1624 2528 1677 hunc
2584 1622 2787 1693 locum,
2843 1619 3130 1693 manifeste
3172 1619 3549 1693 depravatum.
3606 1620 3729 1673 Nam

2160 1689 2277 1761 ipse
2306 1694 2524 1764 quidem
2555 1692 2772 1747 eosdem
2799 1689 2999 1760 gradus
3027 1698 3082 1743 et
3119 1690 3316 1743 eodem
3342 1703 3585 1764 numero
3615 1704 3731 1764 cum

2161 1760 2225 1818 D.
2259 1760 2555 1819 Benedicto
2585 1768 2889 1818 enumerat.
2932 1774 3226 1828 eorumque
3254 1760 3518 1813 rationein
3566 1760 3733 1828 expli-

2158 1845 2273 1901 cat;
2317 1843 2371 1888 at
2403 1850 2509 1888 non
2542 1833 2730 1888 eodem
2763 1830 2975 1896 ordine,
3009 1829 3101 1884 sed
3135 1831 3293 1899 plane
3324 1831 3544 1884 inverso
3567 1839 3621 1884 et
3648 1846 3732 1901 re-

2157 1900 2433 1973 trogrado.
2466 1904 2743 1973 Siquidem
2784 1901 3165 1957 duodecimum
3193 1901 3444 1973 nominat
3470 1915 3633 1969 quem
3671 1900 3729 1954 D.

2157 1971 2481 2032 Benedictus
2512 1971 2773 2044 primum,
2815 1983 2868 2026 et
2908 1983 3091 2026 contra
3120 1983 3225 2044 ;»et
3253 1971 3334 2026 sic
3363 1971 3646 2044 deinceps,
3678 1981 3734 2025 ut

2153 2050 2341 2102 videre
2383 2054 2468 2100 est
2498 2041 2603 2098 tam
2637 2045 2689 2097 in
2719 2050 3065 2113 argumentor
3086 2042 3259 2109 primo
3294 2041 3617 2109 qua'stionis
3642 2055 3733 2094 no-

2152 2127 2281 2173 tata:
2322 2131 2482 2187 quam
2534 2115 2588 2168 in
2626 2112 2981 2183 eorp.’artic.
3028 2112 3487 2187 Cpnstatitaque
3534 2121 3728 2166 textum

2152 2189 2272 2258 ejus
2303 2181 2430 2242 esse
2467 2181 2805 2258 corruptum,
2848 2191 2960 2258 t_um
2990 2182 3127 2258 quia
3150 2181 3437 2258 manifesge
3469 2192 3732 2258 repugnat

2153 2252 2375 2329 Regulae
2419 2265 2475 2311 et
2516 2252 2700 2312 verbis
2744 2255 2821 2329 ῐ)Δ
2851 2254 3154 2329 Benedicti,
3189 2252 3258 2329 de
3288 2252 3490 2329 quibus
3541 2254 3654 2329 agit
3681 2259 3732 2306 et

2149 2322 2511 2400 quaestionem
2542 2334 2725 2400 movet
2756 2322 2954 2393 (Tract.
2990 2323 3059 2378 59
3100 2324 3155 2400 in
3191 2323 3468 2400 Regulam)
3497 2341 3509 2375 :
3552 2322 3730 2400 illrum

2149 2391 2508 2455 convenienter
2536 2391 2923 2467 distinguantur
2962 2391 3356 2467 secundume:
3394 2391 3730 2467 Benedictum

2148 2470 2423 2525 duodecim
2446 2469 2637 2539 gradus
2662 2463 3007 2539 humilitatis?
3034 2474 3147 2539 tuLm
3166 2466 3301 2539 quia
3329 2463 3575 2519 Joannes
3593 2464 3726 2539 Tur-

2148 2534 2508 2603 recrematus,
2530 2538 2618 2603 qui
2647 2545 2852 2591 textum
2894 2536 3043 2589 illum
3076 2535 3134 2589 S.
3165 2534 3387 2589 Thoma:
3413 2549 3560 2603 pene
3591 2537 3725 2589 inte-

2146 2627 2301 2683 grum
2333 2605 2605 2683 transtulit
2635 2607 2688 2660 in
2727 2620 2881 2683 suum
2928 2605 3407 2683 commentarium,
3442 2605 3722 2683 contratjo

2147 2674 2310 2737 modo
2332 2680 2483 2748 legit,
2514 2686 2569 2733 et
2588 2677 2658 2731 ita
2686 2674 2854 2731 refert
2880 2676 3392 2748 verbaS._’l‘liomte,
3420 2684 3479 2729 ut
3505 2691 3630 2730 cum
3658 2677 3719 2729 D.

2146 2745 2440 2807 Benedicto
2470 2748 2631 2819 plane
2662 2748 3012 2802 conveniant.
3047 2745 3154 2803 Sed
3176 2747 3286 2817 jam
3318 2746 3387 2801 ad
3417 2749 3596 2802 scalas
3628 2761 3716 2800 ac-

2145 2822 2424 2878 cedamus.

2645 2924 2806 2967 SCALA
2845 2923 3201 2965 HUIILITATIS.

2217 3029 2362 3083 Duas
2379 3025 2576 3091 scalas,
2590 3024 2846 3093 religiose
2866 3022 3065 3090 lector,
3081 3023 3214 3077 mihi
3238 3030 3294 3077 et
3306 3020 3404 3076 tibi
3416 3025 3726 3093 propono',

2144 3098 2462 3155 rudiuscule
2492 3097 2621 3151 licet
2649 3092 2967 3157 fabricatas,
3000 3094 3227 3148 alteram
3261 3092 3610 3155 humilitatis,
3657 3095 3729 3146 al-

2148 3181 2316 3224 teram
2346 3167 2647 3239 superbiae;
2672 3167 2908 3239 alteram
2938 3180 2966 3218 a
2987 3164 3065 3239 AD.
3099 3163 3678 3239 Ben‘edictoLalteram
3700 3178 3727 3216 a

2146 3240 2211 3294 D.
2236 3233 2535 3302 Bernardo,
2558 3237 2771 3291 duobus
2791 3237 3031 3302 patronis
3048 3233 3249 3289 nostris
3268 3233 3595 3289 humilitatis
3616 3249 3730 3287 sua-

474 3309 637 3362 ratius
668 3308 724 3361 in
767 3302 1022 3361 decimum
1068 3306 1287 3378 gradum
1313 3319 1404 3375 per
1436 3303 1773 3378 _rebellionem
1819 3302 2044 3367 corruit;

2151 3310 2381 3375 soribus,
2401 3308 2666 3378 superbiae
2683 3308 2933 3361 osoribus
2945 3306 3267 3378 descriptam
3287 3322 3302 3369 ;
3318 3307 3431 3358 suis
3449 3313 3730 3378 utramque

473 3381 661 3451 quique
707 3380 852 3451 prius
890 3375 1101 3451 latenter
1138 3391 1385 3451 arrogans
1424 3375 1609 3451 fratres
1651 3380 2042 3451 contempserat,

475 3442 589 3522 iani
614 3442 845 3522 patenter
868 3449 1189 3513 inobediens,
1223 3442 1375 3522 etiam
1412 3442 1716 3515 magistrum
1744 3442 2042 3522 contemnit.

477 3512 825 3585 Undecimus,
875 3521 1080 3574 libertas
1118 3512 1384 3591 peccandi,
1423 3512 1517 3585 per
1539 3529 1693 3591 quam
1738 3512 2042 3591 monachus,

475 3594 759 3661 expulsus,
794 3584 877 3646 vel
906 3584 1167 3661 egressus
1188 3587 1257 3642 de
1294 3586 1643 3645 monasterio,
1672 3598 1791 3637 cum
1808 3584 1926 3654 jam
1952 3599 2045 3638 nec

475 3660 778 3735 magistrum
816 3660 1004 3735 timeat,
1034 3678 1123 3716 nec
1145 3660 1680 3735 fratres_re_vereatur,
1714 3662 1856 3735 tanta
1887 3669 2046 3735 secu-

474 3724 587 3787 rius
617 3742 811 3805 quanto
841 3724 1054 3787 liberius
1084 3724 1187 3805 sua
1215 3728 1468 3805 desideria
1491 3726 1706 3805 implere
1734 3724 2044 3805 delectatur,

474 3819 508 3857 a
536 3795 718 3872 quibus
744 3804 799 3857 in
820 3804 1125 3859 monasterio
1151 3801 1468 3872 tam'pudore
1486 3812 1640 3872 quam
1666 3795 1847 3851 timore
1870 3796 2048 3872 prohi-

477 3868 705 3928 bebatur.
733 3873 976 3942 Denique
1012 3868 1367 3927 duodecimus
1396 3868 1705 3942 gradus‘est
1734 3868 2045 3942 consuetudo

477 3943 752 4013 peccandi,
781 3935 903 3997 cuni
930 3943 1072 4012 quis,
1117 3942 1322 4010 rejecto
1340 3935 1566 4013 penitus
1597 3935 1692 4013 Dei
1725 3939 1939 4001 timore,
1987 3939 2044 3991 in

475 4008 640 4069 omne
666 4028 837 4083 genus
870 4008 1073 4082 peccati
1105 4027 1163 4066 se
1180 4008 1493 4083 praecipitat
1520 4018 1575 4083 et
1611 4008 1761 4083 in__eo
1789 4020 2046 4083 perseve-

475 4094 566 4141 rat
592 4076 694 4154 (ut'
710 4076 887 4138 solent
924 4076 1328 4154 apostatat,_qui
1362 4076 1465 4154 “hic.
1490 4076 1930 4154 describuntur),
1980 4089 2044 4154 ac

478 4146 695 4210 tandem
733 4168 909 4221 prava:
937 4146 1343 4221 consuetudinis
1380 4146 1565 4221 habitu
1616 4147 1942 4221 constrictus
1987 4147 2042 4221 in

477 4217 802 4296 profundum
843 4224 1124 4296 ιιιαιριζᾳιιι⁸
1153 4220 1476 4296 devolvitur.
1512 4217 1831 4296 Postquam,
1870 4217 2046 4296 inquit

476 4286 804 4357 Bernartius,
842 4292 1053 4346 terribili
1087 4291 1181 4345 Dei
1200 4289 1403 4361 judicio
1440 4289 1609 4359 prima
1639 4286 1839 4361 ﬂagitia
1875 4286 2042 4357 impu-

478 4370 613 4422 nitas
649 4366 893 4433 sequitur,
921 4373 1132 4430 experta
1156 4358 1390 4433 voluptas
1419 4358 1632 4433 libenter
1663 4358 1930 4425 repetitur,
1945 4372 2042 4433 re-

476 4444 637 4511 petita
669 4429 965 4511 blanditur,
990 4429 1415 4511 concupiscentia
1449 4431 1796 4511 reviviscente,
1831 4429 2043 4511 ﬁsopitur

475 4499 632 4571 ratio,
662 4506 790 4576 ligat
830 4499 1172 4573 consuetudo,
1195 4501 1416 4556 trahitur
1443 4501 1608 4576 miser
1632 4501 1687 4576 in
1728 4499 2041 4568 profundum

476 4571 755 4638 malorum,
781 4575 1003 4629 traditur
1023 4571 1250 4643 captiuus
1277 4571 1539 4643 tyrannidi
1567 4571 1825 4632 uitiorum,
1853 4581 1906 4621 ut
1926 4587 2042 4624 car-

476 4649 679 4703 nalium
698 4649 772 4701 ita
799 4646 1040 4717 voragine
1057 4641 1424 4717 desideriorum
1447 4641 1737 4717 absorptus,
1760 4655 1869 4717 sua:
1889 4642 2044 4717 ratio-

474 4722 555 4773 nis
584 4720 843 4787 divinique
881 4711 1093 4787 ιίὶηονὶδ⁸
1116 4716 1304 4787 oblitus
1340 4714 1478 4787 dicat
1507 4711 1759 4787 insipierts
1789 4711 1843 4763 in
1884 4712 2043 4787 corde

472 4805 590 4856 suo,
617 4789 740 4842 Non
760 4780 837 4841 est
865 4787 1004 4840 Deus
1032 4785 1205 4858 (Psal.
1239 4781 1531 4858 sittjsdam
1556 4780 1906 4858 indi/ferenter
1934 4782 2044 4836 libi-

473 4863 537 4915 tis
564 4853 658 4932 pro
680 4860 836 4932 licitis
872 4853 1204 4932 ut_i_tur‘;jam
1232 4854 1426 4909 illicitis
1471 4853 1781 4932 cogitandis,
1814 4862 2045 4920 patran-

472 4924 574 4999 dis,
611 4929 974 4999 investigandis
1004 4924 1225 4994 animus,
1256 4937 1467 4999 manus,
1495 4924 1571 4979 vel
1588 4924 1747 4999 pedes
1780 4940 1884 4979 non
1915 4941 2041 4999 pro-

471 4997 732 5067 hibentur,
761 4997 867 5055 etc.
894 4999 1019 5053 Haec
1047 4999 1115 5053 de
1143 4997 1397 5066 gradibus
1420 4997 1687 5067 superﬂuae
1715 5010 1783 5050 ex
1816 4999 1876 5050 ι).
1912 4998 2043 5052 Ber-

470 5073 641 5127 nardo
678 5065 1021 5140 deprompta,
1072 5065 1287 5137 ex’quo
1339 5066 1522 5140 itidem
1566 5065 2038 5137 Turrecrematus,

470 5136 798 5198 Trithemius
827 5151 885 5197 et
911 5136 1025 5194 'alii
1060 5146 1403 5207 acceperunt.
1434 5136 1645 5191 Caetera
1690 5140 1828 5207 apud
1861 5136 2035 5207 ipsum

466 5214 673 5269 videbit
714 5214 917 5277 lector,
960 5225 1059 5266 nec
1109 5210 1307 5265 vidisse
1347 5209 1648 5278 pumitebit.
1691 5209 1887 5263 Verum
1929 5225 2036 5279 quo

465 5285 585 5340 hanc
613 5283 921 5339 rudioribus
962 5281 1130 5351 magis
1159 5288 1459 5350 patescant,
1503 5290 1557 5351 et
1588 5279 1747 5351 velut!
1768 5281 1819 5333 in
1852 5280 2033 5337 tabula

465 5355 679 5425 depicta
709 5355 911 5425 clarius
939 5349 1268 5425 spectentur,
1311 5359 1366 5425 et
1401 5350 1561 5425 quasi
1588 5349 1833 5425 manibus
1863 5360 2031 5407 attre-

464 5419 697 5491 ctentur,
729 5440 850 5479 cum
876 5419 1034 5491 juxta
1071 5419 1480 5490 Philosophum,
1513 5420 1762 5491 Opposita
1782 5423 1939 5492 juxta
1980 5439 2035 5476 se

465 5497 635 5562 posita
662 5496 823 5563 magis
844 5496 1154 5561 elucescant,
1185 5493 1367 5563 visum,
1387 5501 1471 5545 est
1501 5506 1682 5563 opera:
1712 5502 1766 5546 et
1799 5493 2033 5549 instituti

458 5561 633 5620 nostri
661 5561 930 5633 geminam
962 5565 1050 5617 hic
1078 5563 1296 5627 scalam,
1322 5562 1549 5617 alteram
1579 5561 1829 5618 videlicet
1855 5564 2023 5617 humi-

457 5632 1236 5706 litatis,alteramdsuperbiaa,
1276 5634 1392 5706 suis
1416 5632 1671 5706 gradibus
1712 5634 1939 5692 invicem
1974 5644 2029 5697 et

458 5718 527 5791 ex
568 5705 800 5761 adverso
838 5702 1052 5762 collatis
1080 5714 1134 5765 et
1161 5702 1789 5791 oppositisdistinctam,
1836 5717 1890 5765 et
1935 5721 2026 5765 ru-

2150 3380 2408 3450 gradibus
2436 3375 2504 3433 ex
2532 3380 2758 3432 adverso
2784 3377 3045 3450 oppositis
3084 3375 3394 3450 distinctam
3426 3393 3439 3427 :
3466 3376 3729 3450 illam,_ut

2147 3445 2529 3514 ascendamus,
2553 3457 2824 3512 erectam;
2858 3447 3020 3510 hanc,
3048 3462 3115 3501 ne
3140 3445 3562 3510 descendamus,
3590 3446 3730 3514 deje-

2146 3534 2333 3579 ctam:
2369 3521 2515 3574 illam
2567 3526 2619 3572 in
2668 3520 2886 3578 ctelum.
2935 3518 3161 3572 alteram
3210 3518 3263 3571 in
3307 3515 3584 3570 infernum
3620 3527 3731 3572 ten-

2146 3595 2387 3650 dentem.
2413 3590 2664 3645 Nostrum
2697 3600 2803 3654 est,
2825 3590 2869 3643 si
2893 3589 3010 3643 sani
3037 3604 3242 3653 sumus,
3267 3587 3473 3655 eligere
3499 3588 3727 3649 bonum,

2148 3675 2203 3721 et
2234 3663 2524 3731 reprobare
2557 3661 2777 3715 malum.
2827 3659 2981 3725 Quod
3015 3658 3145 3713 mihi
3178 3668 3232 3712 et
3260 3657 3355 3712 tibi
3391 3660 3522 3711 faxit
3568 3659 3725 3712 Deus.

2231 3734 2369 3787 Vidit
2397 3732 2559 3787 Jacob
2596 3732 2790 3786 scalam
2820 3739 3041 3785 stantem
3079 3746 3236 3799 super
3260 3737 3453 3799 terram
3501 3739 3555 3782 et
3586 3745 3731 3782 cacu-

2144 3821 2261 3861 men
2287 3805 2430 3858 illius
2456 3815 2669 3874 tangens
2696 3803 2878 3857 ctelum
2901 3817 2919 3867 ;
2948 3797 3163 3871 angelos
3188 3816 3390 3874 quoque
3420 3797 3516 3874 Dei
3553 3816 3729 3874 ascen-

2145 3821 2261 3861 men
2287 3818 2430 3858 iuius
2456 3818 2669 3874 tangens
2696 3818 2878 3857 ctutum
2901 3818 2919 3867 ,'
2948 3818 3163 3871 angetos
3178 3818 3390 3924 Suoque
3420 3818 3515 3853 uei
3553 3818 3729 3854 ascen-

2145 3879 2340 3943 dentes,
2365 3885 2411 3928 et
2440 3874 2801 3928 descendentes
2831 3887 2922 3941 per
2946 3888 3079 3936 eam,
3100 3880 3149 3924 et
3229 3872 3461 3924 ominum
3488 3871 3729 3925 innixum

2144 3946 2320 4010 scalis,
2347 3954 2452 3999 etc.
2480 3944 2616 3998 Gen.
2639 3944 2732 3998 28.

2219 4018 2280 4071 D.
2310 4009 2643 4083 Benedictus
2684 4027 2804 4083 cap.
2832 4013 2867 4083 ,7
2896 4027 3008 4066 suae
3037 4011 3294 4083 [tegulam
3330 4029 3350 4064 ι
3377 4009 3595 4065 Clamat
3620 4024 3728 4083 rno-

2145 4087 2227 4142 bis
2256 4086 2434 4141 divina
2485 4082 2763 4150 Scriptura
2811 4082 3034 4137 dicens:
3070 4082 3251 4137 Omnis
3283 4084 3369 4151 qui
3410 4098 3467 4135 se
3503 4082 3723 4143 exultat.

2144 4155 2529 4217 humiliabitur;
2573 4163 2622 4208 et
2671 4156 2756 4222 qui
2806 4170 2859 4207 se
2900 4152 3162 4218 humiliat,
3211 4152 3543 4207 exaltabitur.
3590 4154 3725 4206 Cum

2144 4229 2259 4282 haec
2280 4240 2410 4294 ergo
2438 4223 2590 4295 dicit,
2622 4225 2861 4295 ostendit
2888 4224 3048 4295 nobis
3076 4239 3291 4295 omnem
3325 4224 3727 4295 exaltationem

2141 4313 2311 4369 genus
2334 4293 2456 4369 esse
2483 4293 2769 4369 superbiae.
2803 4313 2829 4369 ιΔ
2856 4295 2920 4349 Et
2949 4293 3129 4369 infra:
3166 4313 3185 4346 ι
3225 4294 3400 4369 Unde,
3430 4293 3656 4354 fratres,
3681 4295 3726 4369 si

2142 4362 2368 4424 summa;
2396 4362 2721 4420 humilitatis
2749 4366 2993 4419 volumus
3013 4366 3230 4420 culmen
3258 4366 3545 4432 attingere,
3575 4372 3633 4418 et
3660 4362 3727 4416 ad

2143 4439 2529 4494 exaltationem
2564 4436 2712 4490 illam
2735 4435 3010 4491 etelestem
3036 4436 3128 4505 (ad
3155 4450 3319 4506 quam
3355 4448 3448 4504 per
3478 4448 3728 4506 praesen-

2145 4511 2214 4564 tis
2252 4511 2377 4564 vitae
2420 4508 2782 4562 humilitatem
2832 4502 3439 4576 ascenditurivolumus
3462 4502 3725 4576 velociter

2144 4579 2458 4649 pervenire;
2501 4578 2710 4633 actibus
2739 4578 2940 4649 nostris
2970 4571 3415 4649 ascendentibus,
3454 4572 3601 4649 scala
3628 4571 3729 4630 illa

2067 4675 2120 4739 ο
2145 4647 2402 4739 uisenda
2437 4647 2817 4739 95-99%}?
2864 4661 3078 4739 §?"1'.'9_
3103 4647 3729 4739 ’?9°P..ateittt"j.rfr

2144 4716 2306 4790 quam
2354 4721 2407 4776 ei
2428 4716 2819 4790 descendentes
2859 4726 2915 4790 et
2958 4719 3319 4790 ascendentes
3346 4716 3729 4790 angeli__mon-

2109 4786 2476 4864 .strabantur.
2509 4790 2632 4864 Non
2668 4787 2813 4864 aliud
2828 4788 2963 4864 sine
2988 4788 3158 4864 dubio
3180 4789 3483 4864 descensus
3526 4786 3657 4864 ille,_
3673 4794 3730 4840 et

2142 4877 2402 4918 ascensus
2444 4877 2473 4915 a
2512 4862 2667 4915 nobis
2717 4857 3056 4928 intelligitur,
3107 4859 3212 4914 nisi
3251 4858 3585 4914 exultatione
3614 4857 3726 4928 ide-

2142 4932 2402 4988 scendere
2449 4940 2507 4987 et
2537 4930 2840 4985 humilitate
2887 4927 3201 4985 ascendere.
3250 4929 3403 4984 Scala
3436 4941 3569 4982 vero
3612 4927 3725 4995 ipsa

2143 5013 2348 5069 erecta,
2400 5011 2579 5057 nostra
2630 5001 2853 5057 estvita
2905 5001 2956 5054 in
3000 5000 3218 5065 szeculo,
3260 5014 3382 5069 quae
3430 4998 3729 5052 humiliato

2142 5073 2307 5128 corde
2352 5089 2380 5127 a
2423 5072 2650 5127 Domino
2696 5072 2920 5139 erigitur
2959 5070 3024 5125 ad
3069 5070 3286 5125 malum.
3330 5070 3524 5124 Latera
3573 5069 3724 5139 enim

2144 5144 2305 5198 scala:
2339 5143 2569 5198 dicimus
2610 5137 2858 5198 nostrum
2888 5155 3009 5194 esse
3036 5156 3236 5207 corpus
3265 5148 3322 5194 et
3373 5140 3637 5201 animam,
3676 5137 3728 5193 in

2142 5216 2336 5281 quibus
2361 5214 2610 5269 diversos
2648 5212 2846 5284 gradus
2889 5210 3256 5284 humilitatis,_
3279 5211 3360 5266 vel
3389 5209 3725 5284 disciplinat,

2143 5280 2393 5339 evoi-atio
2424 5285 2605 5339 divina
2644 5280 3015 5339 ascendendos
3059 5281 3307 5337 inseruit.
3343 5301 3362 5334 ι
3395 5280 3460 5334 Et
3507 5280 3561 5333 in
3619 5282 3728 5333 line

2141 5356 2337 5425 capitis
2391 5354 2679 5425 ejusdem:
2719 5372 2737 5404 ‹
2779 5353 2917 5422 Ergo
2958 5353 3047 5425 his
3101 5352 3355 5425 omnibus
3404 5350 3728 5425 humilitatis

2138 5421 2701 5494 gradibus'ascensis,
2758 5421 3055 5479 monachus
3102 5439 3225 5478 mox
3272 5422 3344 5494 ad
3398 5421 3727 5494 charitatem

2144 5492 2235 5551 Dei
2282 5498 2580 5565 perveniet,
2623 5496 2793 5558 illam,
2820 5509 2939 5562 quae
2989 5494 3230 5563 perlecta
3260 5492 3409 5547 foras
3442 5493 3616 5544 mittit
3662 5493 3727 5544 ti-

2201 5595 2217 5612 '
2245 5594 2509 5655 Utriusque
2533 5592 2695 5656 scale,
2720 5592 3004 5642 humilitatis
3024 5592 3212 5644 scilicet
3245 5599 3296 5643 et
3313 5591 3593 5656 superbia,
3618 5588 3724 5640 ele~

2134 5660 2334 5727 gauteui
2368 5653 2622 5727 picturam,
2646 5653 2789 5727 quam
2805 5656 2862 5726 in
2886 5668 2970 5703 sua
3006 5655 3225 5727 editione
3245 5654 3474 5727 exhibuit
3498 5653 3724 5715 Gnatis,

2135 5714 2197 5773 ad
2213 5714 2397 5781 calcem
2418 5714 2566 5781 huius
2587 5714 2844 5768 voluminis
2867 5717 3160 5781 exscnptam
3184 5716 3380 5771 videsis.
