4014 6200
279 327 394 387 465

832 326 918 381 DE
953 324 1433 382 C(ENOBIORUM
1474 324 1723 382 INSTIT.
1764 324 1897 382 LIB.
1935 323 2053 380 ΧΠ.
2082 354 2153 366 -
2176 325 2262 380 DE
2302 325 2577 383 SPIRITU
2618 326 3007 382 SUPERBIIE.

3452 332 3559 390 466

282 450 340 497 et
366 454 624 511 asperum
649 458 666 506 ;
695 439 887 496 deinde
916 441 1110 494 mitem
1130 447 1288 508 atque
1312 437 1579 493 affabilem
1603 451 1727 493 esse
1757 452 1867 493 non
1890 448 1941 508 Α
1969 453 2075 506 que
2097 452 2201 491 non
2223 438 2355 491 sinit
2381 454 2396 503 ;
2430 453 2531 493 nec
2551 439 2849 494 secundum
2892 439 2987 494 Dei
3018 452 3081 493 ac
3118 439 3419 497 Salvatoris
3447 459 3557 500 no-

284 534 531 605 patitur;
561 533 1042 605 aqualemquoque
1062 531 1317 589 fratribus
1339 529 1457 587 ﬁeri
1485 544 1858 587 communem—
1893 537 1899 545 '

1962 530 2064 585 stri
2094 529 2413 586 mandatum
2444 531 2673 603 spoliari
2726 532 2961 589 terrenis
3005 531 3201 603 Opibus
3249 534 3556 606 nudariqus

1356 692 1611 750 ALARDI
1647 689 1887 749 GAZEI
1922 691 2490 750 COMMENTARIUS.

290 829 542 871 morem:
569 830 664 884 per
710 826 868 883 quam
915 812 1193 884 universa,
1242 825 1365 884 quae
1406 810 1561 884 prius
1604 824 1711 884 non
1746 808 1867 866 sine

287 881 581 942 formidine
602 881 944 949 observabat,
972 883 1177 952 absque
1208 882 1321 935 ullo
1351 881 1743 952 labore,ivelut
1772 893 1869 934 na-

288 957 555 1021 turaliter,
601 970 664 1011 ex
693 951 1103 1009 consuetudine
1127 952 1350 1021 incipiet
1394 951 1671 1006 custodire
1710 968 1726 1009 :
1757 965 1867 1005 non

280 1027 392 1095 jam
424 1020 617 1081 timore
646 1025 931 1095 gehennae,
958 1023 1055 1079 sed
1081 1020 1265 1077 amore
1293 1020 1521 1095 Christi,
1554 1030 1609 1077 et
1636 1035 1865 1095 cons_ue-

284 1090 471 1151 iudine
502 1099 620 1168 ipsa
648 1090 893 1168 bona,_et
920 1094 1283 1168 delectatione
1306 1093 1589 1168 virtutum,
1616 1107 1735 1161 quae
1757 1090 1867 1168 Do-

285 1161 586 1237 minusja'm
614 1166 865 1237 operario
897 1181 997 1221 suo
1030 1164 1232 1237 mundo
1266 1178 1296 1217 a
1326 1163 1471 1217 vitiis
1508 1171 1565 1217 et
1600 1161 1862 1233 peccatis,

283 1235 494 1309 Spiritu
533 1248 715 1309 sancto
744 1235 1491 1309 dignabiturdemonstrare;
1518 1251 1539 1285 ι

358 1309 424 1362 D.
474 1308 762 1377 Gregorius
802 1302 895 1361 lib.
932 1322 970 1361 ll
1010 1307 1217 1374 Dialog.
1258 1320 1379 1377 ca_p.
1423 1305 1531 1377 δῖε
1562 1320 1580 1353 t
1612 1302 1739 1357 Haec
1779 1310 1864 1361 est

286 1379 391 1444 via,
426 1396 529 1449 qua
559 1374 793 1434 dilectus
810 1378 1048 1449 Domino
1067 1377 1269 1449 cmlum
1308 1374 1636 1449 Benedictus
1666 1388 1861 1449 ascen-

284 1449 382 1503 dit.
414 1443 534 1503 s'D.
582 1448 893 1504 Bernartius
922 1448 978 1501 in
1008 1455 1165 1503 tract.
1197 1446 1266 1501 de
1292 1443 1862 1516 gradibus_humilita-_-

281 1519 351 1573 tis
379 1538 391 1572 :
426 1538 446 1571 ι
476 1520 767 1575 Hutnilitas
793 1528 878 1574 est
899 1518 1098 1585 virtus,
1136 1531 1242 1587 qua
1280 1512 1444 1570 homo
1468 1512 1860 1587 verissimasui

279 1591 561 1659 agnitione
587 1590 687 1644 sibi
716 1589 818 1657 ipsi
851 1582 1093 1644 vilescit.
1115 1582 1239 1643 Haec
1263 1594 1445 1659 autem
1473 1582 1724 1659 convenit
1753 1584 1856 1648 his,

277 1655 371 1727 qui
399 1655 815 1715 ascensionibus
850 1660 903 1713 in
934 1659 1096 1714 corde
1122 1672 1220 1713 suo
1246 1656 1540 1727 dispositis,
1565 1655 1632 1708 de
1654 1655 1859 1727 virtute

281 1725 337 1783 in
377 1731 657 1794 virtutem,
682 1730 735 1783 id
766 1739 869 1796 est,
901 1729 973 1784 de
999 1729 1167 1798 gradu
1204 1729 1257 1783 in
1283 1725 1506 1798 gradum
1545 1725 1856 1798 proficiunt,

279 1800 458 1855 donec
500 1802 567 1856 ad
616 1801 825 1855 culmen
876 1796 1195 1854 humilitatis
1240 1796 1555 1868 perveniant
1586 1796 1681 1868 ;in
1724 1810 1854 1866 quo,

276 1872 436 1926 velut
468 1873 522 1925 in
558 1871 713 1935 Sion,
740 1870 791 1923 id
818 1880 903 1940 est
936 1872 990 1924 in
1017 1867 1409 1940 speculatione,
1437 1867 1625 1940 positi,
1655 1868 1862 1940 verita-

279 1952 390 1995 tem
421 1943 776 2012 prospiciam.
806 1937 1255 2012 Etenim,'inquit,
1289 1938 1684 2012 benedictionem
1714 1937 1856 2012 dabit

276 2007 739 2093 legislator':_quia
789 2012 878 2093 qui
933 2011 1081 2092 dedit
1105 2007 1499 2093 legemhdabit
1543 2015 1598 2062 et
1626 2007 1853 2093 benedif

273 2078 517 2137 ctionem
547 2099 563 2138 :
597 2082 699 2137 hoc
728 2088 828 2145 est,
871 2081 962 2146 qui
982 2081 1145 2151 jussit
1165 2078 1554 2151 humilitatem,
1592 2078 1854 2145 perducet

270 2153 342 2206 ad
373 2154 685 2207 veritatem.
717 2171 737 2203 ι
769 2150 832 2205 Ει
869 2149 1007 2205 infra
1036 2169 1051 2205 ε
1088 2169 1107 2203 ι
1137 2152 1285 2206 Hanc
1315 2152 1495 2219 itaque
1523 2149 1720 2218 legem,
1752 2164 1857 2218 qua

272 2223 525 2278 redditur
555 2223 622 2277 ad
645 2221 963 2288 veritatem,
996 2224 1188 2278 beatus
1230 2222 1557 2276 Benedictus
1588 2234 1688 2289 per
1726 2220 1862 2275 duo-

274 2294 456 2348 decim
487 2294 681 2363 gradus
714 2292 992 2361 dispanit:
1026 2302 1085 2347 ut
1128 2294 1269 2348 sicut
1298 2307 1394 2361 per
1423 2292 1612 2363 decem
1655 2303 1862 2363 praece-

274 2372 374 2434 pta
409 2360 543 2434 legis
570 2379 629 2417 ac
668 2360 934 2434 geminam
978 2360 1448 2434 circumcisionem
1481 2361 1560 2433 (in
1588 2375 1695 2431 quo
1723 2360 1860 2434 duo—

277 2432 537 2505 denarius
566 2432 821 2489 numerus
850 2434 1203 2505 adimpletur)
1229 2434 1294 2488 ad
1312 2432 1597 2505 Christum
1616 2432 1854 2498 venitur,

272 2506 355 2558 ita
386 2504 470 2558 bis
497 2505 779 2559 duodecim
821 2505 1077 2574 gradibus
1116 2502 1380 2569 ascensis,
1420 2502 1623 2574 veritas
1666 2516 1859 2574 appre-

270 2575 567 2629 hendatur.
608 2575 742 2630 Illud
781 2571 998 2645 quoque
1026 2576 1172 2645 quod
1217 2577 1270 2630 in
1319 2575 1463 2628 scala
1496 2572 1607 2645 illa,
1640 2586 1761 2645 quae
1800 2571 1855 2626 in

270 2590 567 2629 nenaatur.
610 2590 742 2630 Illud
781 2592 850 2641 qu
926 2590 998 2631 ue
1026 2590 1172 2645 quoa
1217 2592 1270 2630 ιη
1319 2590 1463 2628 scala
1496 2590 1607 2637 Illa,
1640 2590 1761 2641 qua:
1800 2590 1855 2626 ιη

270 2657 419 2723 typo.
436 2645 756 2723 humilitatis
779 2590 946 2723 Jagdb
966 2654 1262 2723 monstrata
1281 2654 1395 2723 est_._
1416 2644 1673 2723 Dominus
1695 2641 1857 2723 desit:

266 2713 373 2785 per
404 2715 622 2771 innixus
653 2718 900 2785 apparuit
932 2717 1094 2784 :quid
1133 2717 1287 2772 vobis
1328 2715 1469 2769 aliud
1502 2714 1701 2780 innuit,
1750 2713 1856 2785 nisi

267 2782 423 2857 quod
472 2788 525 2841 in
576 2782 811 2842 culmine
860 2782 1178 2842 humilitatis
1221 2786 1570 2841 constituitur
1592 2782 1855 2857 (cognitio

266 2853 559 2912 veritatis?
590 2876 610 2910 s
638 2858 876 2915 Ibidem:
913 2875 932 2908 ι
970 2857 1175 2917 Venite.
1206 2858 1379 2925 inquit
1410 2857 1681 2912 Salvator.
1705 2853 1855 2919 Quo?

266 2930 362 2982 Ad
397 2946 477 2982 me
503 2930 810 2984 veritatem.
844 2928 995 2996 Qua?
1034 2929 1139 2984 Per
1163 2924 1543 2983 humilitatem.
1586 2928 1706 2991 Quo
1745 2924 1856 2978 fru-

264 3000 404 3053 ctu?
444 2998 560 3069 Ego
586 3016 674 3053 vos
705 3000 954 3065 reﬁciam.
996 2999 1103 3056 Sed
1145 3014 1265 3069 quae
1304 3006 1389 3054 est
1416 2996 1658 3069 refectio,
1691 3009 1851 3069 quam

263 3064 930 3124 veritas'ascendentibus
952 3064 1236 3139 promittit,
1270 3064 1853 3139 pervenientibus'red-

262 3140 393 3196 dit?
417 3143 497 3195 An
520 3138 660 3195 forte
685 3140 773 3195 illa
806 3151 883 3195 est
903 3136 1173 3196 Charitas?
1194 3141 1275 3194 Ad
1294 3140 1430 3194 hanc
1449 3140 1666 3207 quippe,
1696 3145 1753 3190 ut
1777 3136 1854 3207 ait

262 3213 469 3268 beatus
483 3211 828 3275 Benedictus,
844 3213 1082 3266 ascensis
1094 3212 1343 3266 omnibus
1357 3206 1669 3264 humilitatis
1682 3206 1853 3277 gradi-

264 3284 381 3337 bus
395 3281 692 3336 monachus
707 3298 829 3335 mox
846 3283 1139 3348 perveniet.
1165 3300 1184 3333 ι
1212 3283 1443 3337 ibidem:
1467 3299 1486 3332 ι
1507 3279 1703 3334 Pedem
1721 3291 1851 3347 ergo

262 3354 469 3423 gratia:
497 3352 709 3407 fortiter
732 3354 923 3421 figens,
957 3363 1012 3407 et
1037 3368 1215 3408 meum
1246 3354 1336 3422 qui
1364 3351 1608 3406 infirmus
1632 3358 1735 3411 est,
1768 3348 1849 3423 le-

1969 819 2130 882 ctumg
2147 818 2324 879 putes.
2354 809 2568 882 scalam
2595 812 2796 882 quippe
2820 826 2973 867 suam
3008 812 3235 868 invertit
3271 822 3325 867 et
3357 813 3554 869 evertit

1971 879 2189 935 Lucifer
2209 880 2481 950 superbiae
2501 879 2746 951 parens,
2763 884 2889 938 dum
2906 891 3115 937 naturte
3136 891 3191 937 et
3211 884 3438 938 rationis
3456 898 3553 939 or—

1969 950 2098 1005 dine
2129 951 2346 1007 inverso
2372 961 2427 1006 et
2451 950 2667 1016 everso,
2702 969 2729 1006 a
2759 968 2862 1009 suo
2894 954 3176 1007 conditore
3206 967 3450 1019 aversus,
3482 953 3553 1010 ad

1967 1022 2204 1094 seipsum
2228 1033 2405 1077 autem
2420 1038 2732 1091 conversus,
2754 1033 2807 1078 et
2829 1024 2880 1077 in
2897 1024 3077 1091 seipso
3098 1024 3267 1091 magis
3287 1038 3351 1094 ac
3373 1024 3544 1094 magis

1967 1092 2363 1163 intumescens,
2388 1095 2589 1148 sensim
2616 1109 2681 1149 ac
2700 1094 2865 1150 veluti
2896 1109 2991 1163 per
3018 1094 3215 1163 gradus
3244 1092 3310 1146 ad
3328 1093 3435 1146 ima
3453 1092 3552 1148 de-

1968 1162 2187 1219 volutus
2214 1173 2298 1219 est
2328 1179 2344 1219 :
2372 1164 2561 1235 sicque
2590 1180 2690 1235 qua
2724 1162 3252 1235 ascendere’debuit,
3279 1172 3550 1235 retroveh

1967 1248 2061 1289 sus
2098 1251 2220 1290 cum
2252 1249 2349 1288 sua
2390 1234 2545 1290 Scala
2592 1234 2873 1291 descendit
2901 1236 2953 1290 in
3004 1234 3360 1289 barathrum:
3391 1234 3549 1303 cujus

1965 1304 2274 1377 imitatores
2298 1304 2401 1377 filii
2413 1307 2680 1374 superbia:
2703 1306 2863 1361 simili
2887 1305 3205 1377 gradatione
3231 1306 3284 1358 in
3299 1304 3547 1361 eamdem

1964 1374 2218 1499 abyssum
2247 1374 2629 1431 devolvuntur.

2072 1463 2159 1499 pse
2187 1455 2262 1499 est
2289 1462 2381 1499 rea:
2409 1462 2566 1499 super
2588 1464 2629 1499 οι

2070 1463 2159 1513 pse
2187 1455 2262 1500 est
2289 1462 2381 1500 rea:
2409 1462 2566 1512 super
2588 1464 2762 1502 omnes
2788 1446 2927 1515 filios
2961 1444 3235 1514 superbiae.
3267 1444 3391 1500 Job.
3426 1460 3543 1500 xu.

2040 1518 2313 1583 Quomodo
2361 1518 2588 1587 cecidisti
2638 1518 2701 1572 de
2766 1519 2923 1581 aceto,
2981 1515 3212 1587 Lucifer,
3260 1517 3347 1585 qui
3393 1531 3545 1570 mana

1960 1587 2245 1711 agebam?
2282 1595 2389 1643 etc.
2420 1584 2669 1644 Detracta
2714 1600 2789 1644 est
2828 1588 2896 1642 ad
2927 1584 3121 1659 inferos
3163 1584 3401 1657 superbia
3425 1598 3542 1643 tua.

2051 1698 2064 1711 .
2096 1674 2209 1711 xiv.

2051 1698 2064 1711 .
2096 1674 2209 1713 ιιν.

2032 1728 2184 1794 Core,
2212 1728 2421 1784 Dathan
2452 1740 2500 1785 et
2530 1731 2725 1786 Abiron
2747 1729 3120 1786 descenderunt
3158 1730 3256 1784 vivi
3296 1729 3349 1783 in
3376 1729 3540 1799 infer-

1961 1814 2105 1852 num.
2139 1799 2297 1853 Num.
2323 1817 2434 1855 xvr.

2031 1867 2098 1923 In
2126 1881 2399 1944 conspectu
2422 1872 2536 1942 ejus
2561 1874 2749 1928 cadent
2786 1887 2963 1927 omnes
3009 1874 3097 1944 qui
3146 1870 3455 1927 descendunt
3485 1871 3542 1926 in

1960 1950 2169 1995 terram.
2204 1941 2345 1996 Psal.
2392 1941 2507 1997 xxi.

2031 2011 2085 2084 Ν
2089 2028 2155 2065 οη
2177 2014 2346 2066 veniat
2362 2015 2487 2067 mihi
2511 2030 2600 2084 pes
2620 2015 2876 2084 superbia:
2893 2029 2911 2067 :
2927 2014 2999 2067 ibi
3019 2014 3309 2068 ceciderunt
3339 2028 3536 2080 omnes,

1885 2114 1935 2176 Β
1962 2082 2748 2176 loperant'urJiniquitatem
2776 2104 2795 2139 :
2822 2086 3023 2155 expulsi
3060 2094 3203 2149 sunt,
3236 2100 3328 2137 nec
3359 2091 3540 2151 potue-

1962 2163 2086 2206 runt
2110 2165 2265 2208 stare.
2294 2155 2435 2209 Psal.
2463 2170 2630 2209 xxxv.

2048 2223 2225 2278 Veniat
2248 2242 2386 2280 mors
2423 2241 2578 2295 super
2603 2224 2745 2293 illos,
2768 2233 2817 2280 et
2848 2226 3162 2279 descendant
3182 2224 3237 2277 in
3273 2223 3539 2293 infernum

1961 2294 2203 2348 viventes.
2227 2295 2370 2350 Psal.
2404 2294 2509 2350 Liv.

2031 2364 2101 2437 ]_n
2128 2366 2239 2436 ipsa
2267 2367 2473 2421 initium
2500 2367 2717 2435 sumpsit
2741 2367 2903 2420 omnis
2924 2363 3168 2437 perditio.
3192 2360 3331 2437 Tob.
3362 2375 3440 2415 Iv.

2033 2434 2102 2507 Et
2118 2431 2203 2507 tu,
2231 2431 2883 2507 Capharnaum,numquid
2896 2431 3053 2507 usque
3066 2438 3119 2507 in
3130 2434 3311 2507 emittm
3331 2431 3537 2488 exalta-

1961 2504 2090 2579 berjs
2108 2506 2147 2579 7Δ
2155 2504 2321 2579 usque
2349 2509 2416 2561 ad
2446 2509 2707 2579 infernum
2730 2504 3024 2563 descendes.
3047 2505 3233 2560 Matth.
3266 2519 3341 2579 ιι.

2034 2575 2679 2649 D.7Hieronymus'epist.
2707 2580 2781 2633 45
2812 2596 2825 2631 :
2865 2578 3126 2633 «Satanas
3152 2591 3219 2649 ex
3241 2575 3536 2649 archange-

1960 2644 2067 2701 lico
2105 2648 2315 2717 fastigio
2335 2644 2455 2703 'non
2507 2644 2671 2703 aliam
2702 2649 2773 2704 ob
2802 2664 3044 2715 causam,
3074 2648 3177 2702 nisi
3215 2646 3285 2700 ob
3308 2654 3535 2717 contra-

1960 2717 2097 2789 riam
2141 2716 2429 2774 humilitati
2482 2720 2822 2789 superbiam,
2858 2721 2984 2774 ruit.
3024 2718 3194 2789 Cujus
3242 2716 3324 2789 rei
3370 2728 3535 2771 causa

1957 2784 2237 2855 Scriptura
2269 2791 2341 2842 ait
2376 2808 2388 2840 :
2421 2784 2566 2845 Deus
2603 2789 2835 2857 superbis
2863 2791 3048 2844 resistit
3077 2784 3397 2841 {humilibus
3440 2803 3534 2839 au-

1956 2859 2206 2930 tem_dat
2252 2861 2473 2928 gratiam
2504 2876 2523 2914 :
2554 2860 2716 2922 Vide,
2751 2860 2935 2925 frater,
2984 2859 3143 2930 quale
3192 2859 3396 2930 malum
3439 2857 3532 2926 sit,

1955 2927 2099 2999 quod
2144 2927 2518 2999 adversarium
2558 2930 2722 2986 habet
2748 2930 2939 2997 Deum,
2970 2927 3043 2986 ob
3071 2929 3215 2999 quod
3263 2929 3317 2981 in
3361 2927 3535 2999 Evan-

1993 2997 2104 3072 elio
2130 3008 2184 3054 et
2222 2998 2529 3072 Pharisaeus
2575 3016 2837 3072 arrogans
2890 2997 3187 3072 spernitur,
3212 3008 3268 3055 et
3310 2998 3532 3055 humilis

1999 3068 2280 3124 ublicanus
2307 3070 2545 3125 auditur.

2025 3140 2085 3211 S.
2116 3142 2450 3210 Augustinus
2477 3158 2564 3199 xiv
2592 3143 2659 3198 de
2679 3143 2913 3200 Civitate
2941 3145 3061 3211 Dei,
3084 3157 3203 3210 cap.
3231 3141 3318 3195 13.
3340 3158 3358 3191 ‹
3378 3138 3533 3211 Mala;

1911 3218 1915 3225 '
1952 3209 2250 3285 voluntatis
2294 3212 2506 3267 initium
2557 3216 2697 3284 quod
2729 3218 2902 3285 potuit
2929 3209 3076 3283 esse,
3109 3212 3211 3268 nisi
3242 3209 3533 3285 superbia?

1954 3280 2172 3337 Initium
2233 3285 2369 3359 enim
2415 3280 2800 3359 omnis—peccati
2855 3280 3097 3359 superbia
3109 3293 3227 3359 est.
3255 3280 3413 3359 Quid
3447 3292 3533 3359 est

1951 3362 2131 3426 autem
2154 3355 2427 3423 superbia,
2450 3358 2550 3411 nisi
2573 3351 2843 3426 perversa:
2873 3351 3211 3413 celsitudinis
3237 3351 3533 3426 appetitus?

262 3420 423 3479 niter
450 3424 694 3487 trahens,
725 3420 951 3478 securus
991 3420 1278 3479 ascendam
1318 3438 1413 3491 per
1441 3423 1641 3475 scalam
1677 3420 1854 3492 hunti-
1899 3490 1910 3492 Α
1954 3420 2236 3479 Perversa'
2252 3426 2395 3481 enim
2439 3420 2705 3483 celsitudo
2733 3439 2846 3492 est,
2890 3431 3111 3484 deserto
3142 3439 3207 3478 eo
3252 3420 3338 3476 cui
3371 3422 3532 3476 debet

264 3493 478 3558 litatis,
539 3493 714 3567 donec
764 3494 987 3567 veritati;
1033 3490 1343 3567 adhaerens,
1376 3493 1461 3567 ad
1516 3490 1848 3567 latitudinem
1879 3490 1925 3554 C
1955 3495 2167 3550 animus
2196 3496 2467 3551 inhrerere
2512 3500 2799 3566 principio,
2836 3490 2941 3554 Sibi
2968 3494 3369 3567 quodammodo
3412 3492 3531 3567 fieri

265 3576 552 3620 transeam
580 3564 889 3619 Charitatis.
918 3583 939 3617 s
970 3565 1207 3634 Denique
1234 3565 1456 3620 inferius
1485 3579 1498 3616 :
1532 3580 1551 3634 ᾳ
1585 3559 1849 3634 Duastibi

264 3642 395 3691 vias
440 3635 653 3689 videtur
700 3636 863 3690 David
909 3630 1277 3705 proposuisse,
1333 3650 1453 3689 cum
1492 3633 1625 3687 dicit
1654 3649 1666 3705 ς
1698 3630 1848 3685 Viam

263 3707 568 3770 iniquitatis
584 3724 759 3761 amove
778 3724 810 3761 a
831 3704 931 3772 me,
951 3709 1070 3761 etde
1082 3707 1192 3777 lege
1213 3718 1299 3761 tua
1319 3707 1555 3759 miserere
1571 3704 1688 3777 mei,
1713 3712 1846 3767 etc.,

264 3777 374 3836 sed
406 3792 565 3831 unatn
598 3780 815 3833 noveris
841 3793 986 3846 esse,
1014 3775 1186 3847 ipsain
1211 3790 1390 3831 tamen
1418 3792 1448 3829 a
1489 3775 1846 3847 sediversam

263 3859 324 3904 et
380 3848 612 3904 diversis
659 3842 981 3904 numinibus
1018 3842 1363 3920 appellatam,
1420 3856 1514 3900 aut
1556 3842 1850 3913 iniquitatis

267 3929 503 3990 propter
548 3920 959 3989 descendentes,
1012 3918 1106 3975 aut
1132 3918 1375 3974 veritatis
1406 3926 1623 3990 propter
1656 3928 1851 3990 ascen-

266 3984 471 4046 dentes
502 4006 518 4042 :
550 3992 674 4059 quia
700 3999 754 4044 et
782 3984 956 4061 iidem
975 3990 1171 4061 gradus
1203 4000 1325 4061 sunt
1354 3984 1763 4061 ascendentium
1794 3985 1849 4039 in

266 4061 473 4116 solium
502 4056 1059 4125 et'desceudentiut'n;
1105 4072 1161 4115 et
1201 4060 1386 4117 eadem
1419 4060 1502 4111 via
1546 4056 1849 4110 ascenden-

271 4134 413 4186 tium
440 4130 507 4184 ad
536 4132 809 4185 civitatem
846 4143 901 4187 et
937 4131 1322 4195 recedentium,
1350 4140 1403 4185 et
1442 4143 1605 4183 unum
1650 4126 1850 4181 ostium

270 4212 364 4257 est
425 4201 840 4269 ingredientium
896 4203 1115 4257 domum
1168 4214 1222 4257 et
1274 4199 1687 4272 egredientium.
1748 4195 1853 4250 Per

278 4286 448 4326 unam
478 4268 708 4343 denique
738 4273 939 4329 scalam
966 4268 1333 4328 ascendentes
1347 4272 1524 4341 angeli
1551 4279 1604 4324 et
1628 4268 1854 4343 descen:

277 4343 481 4415 dentes
506 4337 675 4415 _J_ac6b
700 4353 1090 4415 apparuerunt.
1121 4345 1389 4412 Quorsum
1423 4337 1673 4415 spectant
1704 4337 1853 4394 haec?

279 4422 341 4467 ut
380 4412 645 4479 videlicet,
688 4411 836 4469 si'ad
877 4411 1164 4471 veritatem
1191 4415 1371 4469 redire
1410 4411 1588 4481 cupis,
1621 4426 1726 4465 non
1758 4426 1855 4465 ne-

274 4498 441 4539 cesse
464 4483 537 4537 sit
564 4486 700 4540 viam
730 4501 975 4556 quaerere
1012 4500 1204 4541 novam
1231 4500 1392 4556 quam
1425 4499 1534 4556 non
1565 4484 1725 4556 nosti,
1756 4481 1853 4556 sed

277 4564 467 4609 notam
504 4571 607 4623 qua
637 4553 963 4612 descendisti
991 4575 1006 4613 :
1035 4553 1298 4626 quatenus
1338 4555 1629 4626 reciprocis
1654 4553 1855 4626 gressi-

279 4626 382 4698 bus
414 4634 502 4698 tua
534 4626 649 4694 ipse
685 4628 907 4697 vestigia
956 4624 1218 4698 sequens,
1255 4642 1347 4695 per
1395 4624 1619 4698 eosdem
1645 4624 1854 4698 gradus

276 4693 603 4767 humilitatis
641 4693 923 4764 ascendas,
953 4693 1049 4767 per
1078 4693 1211 4767 quos
1241 4693 1601 4767 superbiendo
1626 4693 1857 4767 descen-

275 4766 441 4821 deras
468 4783 482 4821 :
515 4766 589 4821 ita
623 4779 677 4821 ut
699 4767 791 4837 qui
820 4762 1175 4825 dandecinius
1202 4762 1469 4837 superbia:
1497 4762 1595 4820 fuit
1621 4765 1852 4820 descen-

1953 3577 2114 3634 atque
2136 3581 2256 3620 esse
2282 3563 2628 3635 principium.
2659 3563 2884 3634 Hociit,
2918 3563 3041 3623 cuin
3074 3565 3176 3620 sibi
3215 3564 3377 3618 nimis
3410 3563 3529 3635 pia:

1949 3632 2056 3689 cet.
2074 3636 2188 3692 Sibi
2212 3632 2341 3691 vero
2359 3638 2430 3690 ita
2460 3632 2656 3705 placet,
2677 3654 2799 3692 cum
2823 3632 2890 3691 ah
2915 3641 3006 3691 illo
3038 3640 3182 3692 bono
3206 3632 3529 3705 immutabili

1951 3706 2136 3760 deficit
2154 3746 2169 3769 ,
2193 3707 2335 3775 quod
2349 3699 2579 3775 eimagis
2604 3699 2819 3775 placere
2841 3708 3047 3770 debuit,
3063 3718 3222 3775 quam
3239 3704 3350 3767 ipse
3366 3699 3525 3775 sibi.)

2022 3776 2080 3830 S.
2108 3770 2403 3843 Gregorius
2433 3770 2527 3845 lib'.
2558 3770 2622 3831 tv
2645 3777 2836 3831 Moral.
2865 3792 2985 3845 cap.
3011 3778 3045 3832 9
3081 3770 3095 3828 Ξ
3130 3791 3149 3824 ι
3189 3773 3329 3845 Deus
3352 3770 3529 3825 omni-

1951 3854 2145 3915 potens
2173 3841 2307 3900 duas
2332 3846 2401 3916 ad
2440 3844 2848 3916 intelligendum
2892 3841 2954 3903 se
2989 3852 3270 3902 creaturas
3300 3841 3529 3904 fecerat,

1952 3916 2249 3985 angelicam
2300 3915 2573 3983 videlicet,
2604 3915 2658 3971 et
2698 3919 2984 3972 humanam
3020 3927 3343 3983 :utramque
3398 3925 3530 3985 vero

1948 3982 2203 4113 super‘bia
2232 3988 2486 4069 perculit,
2519 3982 2682 4059 atque
2714 3989 2782 4045 ab
2807 3997 2952 4044 statu
2984 3986 3240 4057 ingenitae
3262 3982 3526 4038 rectitu-

1988 4073 2092 4113 lnls
2136 4068 2292 4113 reatt.
2328 4079 2346 4111 ι

1988 4060 2092 4113 inis
2115 4060 2292 4127 fregit.
2328 4079 2346 4111 ι

2024 4129 2082 4201 ξ.
2103 4124 2414 4186 Bernartius
2443 4130 2495 4184 in
2523 4138 2757 4187 tractatu
2779 4130 2847 4186 de
2875 4130 3134 4201 gradibus
3157 4124 3528 4201 Humilitatis;

1960 4219 1979 4252 ‹
2015 4198 2300 4276 Compara,
2351 4203 2395 4276 si
2442 4203 2544 4276 vis,
2588 4203 2724 4276 duos
2763 4193 2983 4276 primos
3011 4198 3280 4276 superbiae
3315 4193 3530 4276 gradus

1953 4266 2222 4340 supremis
2249 4274 2460 4328 duobus
2488 4266 2826 4339 humilitatis,
2858 4282 2912 4328 et
2938 4273 3061 4328 vide
3082 4266 3135 4326 Si
3178 4284 3282 4324 non
3314 4266 3367 4321 in
3396 4266 3529 4340 ulti:

1955 4336 2044 4398 mo
2094 4344 2404 4409 curiositas,
2432 4346 2487 4400 in
2535 4336 2830 4413 penultimo
2881 4343 3078 4400 levitas
3124 4341 3428 4397 cohibetur.
3471 4336 3530 4394 ld

1954 4417 2130 4483 ipsum
2166 4415 2217 4468 in
2241 4417 2454 4470 caeteris
2480 4416 2744 4482 reperies,
2773 4416 2820 4470 si
2850 4415 3172 4470 alterutrum
3207 4423 3529 4483 comparen-

1957 4479 2064 4539 tur.
2101 4500 2120 4533 ι
2145 4483 2214 4539 Et
2244 4488 2378 4541 infra
2410 4502 2469 4544 ς(
2489 4479 2779 4541 sciendum
2813 4496 2916 4549 est,
2948 4486 3090 4554 quod
3112 4498 3306 4539 omnes
3326 4479 3528 4554 gradus

1955 4569 2088 4627 quos
2120 4554 2170 4627 in
2193 4556 2473 4612 duodecim
2506 4559 2736 4624 partitus
2761 4572 2903 4624 sum,
2930 4550 2984 4612 in
3010 4568 3121 4611 tres
3152 4550 3528 4609 tantummodo

1956 4623 2137 4703 colligi
2168 4635 2427 4703 possunt:
2458 4623 2521 4682 ut
2559 4629 2612 4681 in
2658 4642 2753 4683 sex
2779 4623 3155 4703 superioribus
3183 4630 3528 4703 contemptus

1957 4698 2204 4761 fratrum,
2220 4697 2275 4752 in
2297 4707 2525 4767 quatuor
2546 4694 2896 4768 sequentibus
2918 4707 3261 4765 contemptus
3286 4694 3529 4763 magistri

1959 4768 2034 4839 (id
2065 4775 2147 4823 εει
2177 4769 2562 4838 superiorum),
2587 4771 2639 4822 in
2678 4772 2886 4826 duobus
2912 4770 3003 4840 qui
3037 4777 3243 4840 reSIant
3273 4777 3529 4821 consum-

275 4837 463 4918 denti,
484 4840 686 4929 primus
712 4836 1131 4929 humilitatis'sit
1157 4836 1499 4920 ascendenti;
1537 4837 1854 4892 undecimus
1879 4868 1935 4929 Β
1960 4836 2133 4895 inetur
2162 4836 2710 4922 contemptus'Dei.)
2750 4836 2990 4929 Denique
3028 4854 3184 4895 suum
3217 4836 3529 4929 Ilituncptra:

276 4908 592 4962 inveniatur
609 4910 911 4976 secundus;
941 4911 1204 4975 decimus,
1230 4909 1451 4975 tertius;
1477 4922 1676 4969 nonus,
1694 4922 1857 4975 quar-

276 4988 418 5050 msi
453 4988 698 5045 Octavus,
754 4981 1006 5048 quintus;
1056 4983 1337 5050 septimus,
1370 4990 1587 5046 sextus;
1644 4989 1855 5044 sextus,

274 5048 582 5118 septimus;
629 5051 869 5119 quintus,
922 5048 1179 5117 octavus;
1224 5048 1466 5121 quartus,
1501 5065 1705 5106 nonus:
1747 5058 1858 5103 ter-

278 5121 408 5184 tius,
439 5122 720 5185 decimus;
752 5124 1049 5189 secundus,
1083 5124 1433 5178 undecimus:
1465 5123 1691 5191 primus,
1716 5123 1854 5191 duo-

275 5192 551 5264 decimus.
577 5192 783 5264 Quibus
812 5195 1081 5264 superbiae
1118 5192 1397 5264 gradibus,
1428 5190 1481 5264 in
1512 5200 1563 5247 te
1601 5190 1854 5264 inventis,

278 5262 472 5335 immo
502 5263 829 5331 recognitis,
875 5263 988 5335 jam
1038 5260 1163 5335 noti
1195 5263 1407 5335 laboras
1469 5263 1522 5316 in
1565 5260 1858 5331 quaerendo

276 5331 424 5387 viam
459 5333 803 5390 humilitatis.
832 5354 853 5388 ι
876 5331 1013 5390 ἰὶωε
1049 5335 1113 5388 D.
1143 5332 1471 5389 Bernardus.

847 5463 1013 5504 εοΔιΑ
1051 5462 1338 5503 SUPERBIE.

337 5541 766 5606 Animadvertis,
783 5543 968 5609 credo,
988 5543 1159 5599 lector
1178 5541 1457 5606 benevole,
1470 5541 1671 5597 scalam
1685 5553 1870 5608 super-

280 5609 392 5664 hia:
414 5614 687 5668 inversam
707 5622 763 5669 et
781 5629 1053 5673 eversam;
1082 5614 1237 5675 cuius
1265 5613 1428 5682 pedes
1456 5612 1511 5665 in
1539 5625 1871 5678 summo,ca-

282 5689 387 5746 put
412 5692 465 5737 et
494 5699 757 5739 cacumen
790 5685 843 5738 in
895 5686 1006 5739 imo
1036 5687 1227 5740 situm:
1253 5700 1374 5738 cum
1400 5699 1465 5738 ex
1492 5683 1718 5736 adverso
1745 5696 1867 5738 sca-

281 5751 397 5832 lam
426 5755 742 5808 humilitatis
770 5755 952 5832 videas
991 5767 1249 5832 erectam.
1278 5755 1473 5811 (ὶαέίυιιὶ
1506 5757 1863 5832 δρθειδξιιθεη.

284 5822 456 5882 immo
476 5834 878 5901 ettangentem.
901 5828 1054 5895 Quod
1083 5845 1187 5884 non
1214 5822 1762 5893 temere,autiortuito
1782 5826 1863 5882 fa—

1959 4923 2159 4965 ctatum
2198 4925 2319 4964 cum
2360 4906 2551 4979 magna
2605 4913 2688 4965 sui
2743 4906 3072 4966 demissione
3123 4920 3177 4965 et
3216 4906 3531 4979 Humilitate

1959 4981 2031 5034 ita
2062 4980 2338 5034 concludit
2366 4973 2708 5037 Befnardus;
2744 4999 2764 5032 ι
2801 4982 2950 5035 Dicis
2971 4983 3128 5049 forte,
3160 4979 3323 5032 frater
3350 4973 3529 5031 Code-

1958 5049 2119 5120 fride,
2145 5062 2230 5101 me
2251 5049 2422 5120 aliud,
2453 5063 2610 5120 quam
2642 5058 2698 5103 tu
2735 5051 2977 5120 quaesisti
3027 5065 3184 5120 quam
3218 5048 3355 5120 ipse
3396 5059 3526 5120 pro-

1960 5119 2104 5181 misi,
2138 5117 2351 5188 tandem
2377 5117 2699 5188 exhibuisse
2735 5115 2901 5175 :'cum
2934 5115 3315 5188 pro'gradibus
3343 5115 3527 5188 humi:

1960 5188 2149 5253 litatis,
2174 5185 2442 5257 superbiae
2462 5186 2851 5257 gradusvidear
2880 5184 3253 5257 descripsisse.
3277 5187 3357 5241 Ad
3382 5184 3527 5253 quod

1962 5273 2063 5329 ego
2090 5258 2237 5313 :Nnn
2268 5258 2417 5328 potui
2442 5257 2660 5329 docere,
2695 5260 2795 5314 nisi
2821 5260 2961 5329 quod
2992 5259 3175 5313 didici.
3203 5257 3317 5312 Non
3346 5260 3527 5326 putavi

1973 5328 2268 5400 congruum
2306 5344 2393 5383 me
2435 5328 2739 5385 describere
2766 5332 3133 5393 ascensiones,
3163 5330 3253 5399 qui
3283 5329 3399 5396 plus
3431 5329 3528 5384 de-

1973 5399 2254 5464 scendere,
2275 5415 2433 5471 quam
2457 5401 2751 5455 ascendere
2780 5399 3206 5471 novi.Proponat
3223 5400 3315 5454 tibi
3340 5400 3527 5456 beatus

1974 5468 2307 5529 Benedictus
2330 5472 2528 5539 gradus
2578 5472 2909 5537 humilitatis,
2940 5484 3075 5541 quos
3124 5468 3240 5538 ipse
3295 5472 3441 5540 prius
3475 5475 3527 5526 in

1973 5544 2137 5599 corde
2177 5557 2276 5595 suo
2318 5541 2580 5610 disposuit
2612 5560 2626 5596 :
2654 5557 2754 5610 ego
2789 5541 2914 5611 quid
2948 5555 3240 5611 proponam
3296 5558 3400 5596 non
3434 5544 3528 5598 ha-

1977 5616 2099 5677 beo,
2131 5614 2230 5666 nisi
2257 5612 2499 5667 ordinem
2526 5627 2658 5667 mea:
2685 5612 3087 5684 descensionis;
3115 5612 3169 5668 in
3190 5628 3296 5684 qun
3323 5624 3524 5678 tamen,

1973 5688 2020 5741 si
2044 5686 2327 5753 diligenter
2359 5684 2659 5752 inspicitur,
2693 5685 2777 5740 via
2818 5683 3040 5740 forsitan
3076 5683 3410 5740 ascensionis
3443 5702 3525 5741 re-

1974 5758 2202 5823 peritur.
2231 5754 2287 5810 Si
2326 5757 2469 5812 enim
2508 5755 2601 5811 tibi
2647 5758 2868 5815 Romam
2910 5757 3144 5814 tendenti
3188 5757 3348 5813 homo
3402 5760 3524 5815 inda

1972 5830 2197 5886 veniens
2222 5828 2485 5899 obviaret,
2507 5831 2763 5901 quaesitus
2785 5831 2948 5899 viam,
2967 5828 3094 5899 quid
3126 5830 3323 5891 melius
3363 5849 3527 5905 quam
