4014 6200
357 314 461 375 469

899 311 988 370 DE
1020 309 1499 370 C(ENOBIORUM
1536 306 1783 367 INSTIT.
1828 306 1955 362 LIB.
1999 290 2185 358 Xll—
2216 292 2304 355 DE
2347 297 2618 357 SPIRITU
2660 296 3051 357 SUPERBIE.

3520 301 3625 359 4⁷0

357 431 473 490 tus;
504 421 721 479 sedhuc
737 421 973 493 illucque
986 422 1233 494 stupidus
1251 422 1659 479 circumferatnr
1683 418 1931 480 intuitus,
1963 418 2014 479 Α
2039 414 2137 471 ciii-
2160 410 2231 468 ab
2261 428 2326 468 eo
2349 398 2421 466 sl't
2448 411 2501 466 in
2528 402 2839 467 humilitate
2868 414 3204 481 praeventus,
3236 410 3455 494 gravius
3489 413 3625 493 indi.

356 513 619 567 aliorsum
650 522 705 568 et
731 513 784 568 in
810 512 1107 582 obliquum,-
1140 526 1302 582 quam
1332 514 1498 568 moris
1527 520 1631 577 est,
1660 510 1803 567 oculi
1834 510 1935 566 de-

358 604 613 674 ﬁgantur.
644 604 756 659 Pro
804 604 1055 674 'susplriis
1106 606 1253 659 enim
1297 604 1647 671 salutaribus,
1675 612 1831 674 sputa
1864 602 1933 657 de

358 696 507 753 sicco
561 700 780 766 gutture
824 695 1244 761 contrahuntur,
1296 698 1706 751 exscreationes
1769 694 1933 750 etiam

357 790 478 845 sine
532 790 639 844 ulla
685 789 1126 859 interpellatione
1171 788 1497 861 phlegmatis
1548 796 1932 859 provocamur,

356 879 509 949 digiti
528 881 743 947 ludunt,
769 890 823 937 et
846 883 898 937 in
926 882 1144 937 modum
1180 883 1445 953 quiddam
1483 884 1770 939 scribentis
1794 882 1934 938 voli-

357 978 473 1025 tant
500 980 664 1041 atque
688 973 985 1043 depingunt
1015 991 1028 1026 :
1060 983 1115 1029 et
1142 975 1214 1029 ita
1238 975 1342 1029 huc
1373 976 1537 1046 atque
1568 977 1695 1031 illuc
1716 974 1936 1030 univer-

350 1075 412 1117 sa
439 1063 683 1118 membra
705 1066 949 1133 corporis
970 1074 1400 1134 commoventur,
1425 1075 1480 1121 ut
1506 1067 1635 1121 dum
1666 1066 1930 1136 spiritalis

352 1155 589 1224 agitatur
619 1157 858 1225 collatio,
875 1166 1047 1213 totum
1072 1172 1132 1215 se
1155 1161 1239 1215 vel
1263 1162 1600 1216 scatentibus
1628 1162 1933 1228 vermibus,

358 1249 450 1303 vel
479 1252 808 1306 acutissimis
848 1253 1094 1322 sudibus,
1145 1256 1336 1311 credat
1388 1258 1652 1323 insidere,
1685 1264 1740 1313 et
1776 1258 1935 1328 quid-

356 1341 484 1410 quid
515 1342 748 1412 simplex
788 1345 1010 1400 collatio
1055 1346 1123 1400 ad
1176 1348 1597 1404 aedificationem
1648 1348 1936 1417 protulerit

354 1431 706 1499 audientium,
737 1435 811 1489 ob
851 1451 1006 1491 suam
1055 1438 1490 1507 suggillationem
1534 1441 1768 1495 aestimet
1814 1454 1935 1497 esse

350 1523 644 1592 prolatum.
679 1525 927 1596 Totoque
955 1535 1202 1597 tempore
1226 1545 1336 1599 quo
1364 1533 1624 1599 Spiritalis
1646 1533 1771 1587 vitat
1806 1547 1933 1588 exa-

351 1614 582 1668 minatio
630 1617 949 1687 ventilatur,
988 1618 1106 1673 suis
1152 1621 1555 1690 suspicionibus
1614 1632 1928 1693 occupatus,

356 1717 470 1758 non
498 1704 625 1773 quid
662 1706 860 1762 exinde
889 1709 955 1762 ad
983 1709 1285 1778 profectum
1315 1726 1469 1766 suum
1491 1727 1683 1783 capere
1714 1714 1930 1782 debeat,

2045 514 2263 577 gnatur.
2305 502 2499 573 Fltque
2528 505 2576 558 ei
2612 502 2865 558 salutaris
2894 500 3174 557 humilitas
3212 504 3275 557 ac
3306 490 3623 573 satisfactio,

2041 600 2162 669 quae
2210 596 2370 651 finem
2413 593 2695 651 diabolicis
2745 594 3133 650 tentationibus
3161 584 3410 669 [Lips.in
3459 612 3623 667 marg.

2039 686 2463 760 intentionibus]
2507 688 2648 743 solet
2701 687 2934 754 inferre,
2985 700 3149 743 causa
3206 685 3626 759 vehementioris

2037 778 2299 836 incendii.
2376 838 2377 841 η

2538 848 2547 913 ἑ
2579 846 2811 905 CAPUT
2848 846 3089 903 XXVI".

2397 941 2480 998 De
2506 942 2683 1013 fratris
2706 940 2981 1013 cujusdam
2998 939 3260 1011 superbia.

2110 1059 2309 1118 Audivi
2349 1059 2404 1114 in
2446 1058 2549 1113 hac
2598 1056 2878 1113 dumtaxat
2924 1057 3143 1127 regione
3184 1050 3373 1128 (quod
3441 1055 3628 1115 horret

2043 1156 2317 1227 pudetque
2382 1152 2710 1222 resolvere)
2760 1151 3059 1221 fquemdam
3126 1149 3435 1220 juniorum,
3503 1168 3625 1207 cum

2038 1258 2070 1303 a
2101 1262 2199 1304 suo
2250 1247 2623 1316 increparetur
2664 1244 2880 1310 abbate,
2927 1257 3024 1298 cur
3057 1242 3441 1311 humilitatem,
3466 1259 3629 1317 quam

2036 1340 2353 1396 renuntians
2380 1336 2694 1408 permodico
2735 1347 2979 1406 tempore
3008 1344 3329 1402 retentarat,
3368 1339 3622 1408 coepisset

2037 1432 2330 1501 excedere,
2354 1445 2418 1486 ac
2446 1430 2709 1486 diabolica
2753 1428 2926 1484 inflari
2958 1428 3242 1499 superbia?
3264 1445 3475 1486 summa
3498 1447 3627 1487 con-

2037 1526 2267 1580 tumacia
2294 1523 2640 1594 respondisse
2663 1539 2678 1575 :
2703 1519 2975 1592 Numquid
3003 1521 3075 1576 ob
3096 1522 3198 1577 hoc
3246 1525 3622 1595 memetipsum

2039 1616 2315 1672 humiliavi
2345 1631 2442 1685 pro
2476 1624 2752 1685 tempore,
2786 1622 2843 1668 ut
2871 1628 3087 1683 semper
3107 1612 3351 1670 subditus
3381 1615 3515 1669 sim?
3542 1612 3625 1670 Ad

2036 1710 2177 1781 quod
2210 1711 2329 1779 ejus
2367 1717 2475 1763 tam
2508 1707 2831 1763 eﬁ‘renatum
2866 1706 3259 1777 scelestamque
3308 1721 3625 1777 reSponsum

356 1804 681 1866 aucupatur,
716 1799 809 1853 sed
826 1810 1017 1855 causas
1040 1810 1139 1855 cur
1169 1804 1581 1876 unumquodque
1606 1807 1677 1861 sit
1698 1806 1924 1876 dictum,
1956 1801 2004 1861 Β
2033 1805 2108 1859 ita
2170 1807 2255 1855 est
2283 1800 2463 1855 senior
2510 1797 2932 1869 obstupefactus,
2965 1800 3244 1869 omnisque
3291 1796 3407 1866 ejus
3458 1799 3628 1855 inter-

356 1891 595 1949 sollicita
624 1904 810 1952 mente
835 1898 1134 1967 perquirit;
1161 1899 1243 1953 rei
1273 1898 1401 1968 quid
1429 1900 1506 1955 eis
1536 1900 1708 1969 posbit
1726 1901 1933 1971 obiice-

362 1998 449 2051 re,
488 1987 647 2040 tacita
679 1988 816 2042 intra
844 2001 903 2043 se
940 1989 1119 2045 cordis
1165 1990 1500 2046 volutatione
1548 1992 1853 2061 conjectat;
1878 2002 1938 2047 ut

352 2075 495 2129 nihil
530 2091 596 2131 ex
644 2078 728 2132 his
760 2094 877 2149 quae
906 2080 1263 2136 saluberrime
1291 2091 1419 2137 sunt
1460 2084 1689 2154 digesta,
1724 2086 1937 2155 penitus

352 2169 765 2239 apprehendere
791 2172 882 2227 aut
921 2172 973 2227 in
1007 2175 1189 2244 aliquo
1219 2176 1398 2230 valeat
1424 2176 1723 2232 emendari.
1760 2166 1828 2231 Et
1858 2178 1933 2231 ita

355 2262 417 2317 fit
442 2272 501 2318 ut
527 2278 635 2319 non
680 2266 855 2320 solum
887 2266 940 2320 in
972 2268 1121 2323 nullo
1167 2268 1216 2323 ei
1248 2268 1500 2337 proficiat
1526 2270 1747 2325 collatio
1778 2269 1939 2339 spiri-

359 2355 506 2421 talis.
530 2371 715 2427 verum
743 2359 903 2417 etiam
931 2358 1189 2417 damnosa
1212 2361 1382 2432 magis
1410 2361 1939 2428 existat,efticiatur-

361 2460 469 2518 que
505 2449 555 2503 ei
597 2462 753 2503 causa
804 2451 1027 2521 majoris
1058 2453 1288 2521 peccati.
1321 2454 1457 2508 Dum
1497 2455 1642 2509 enim
1686 2468 1785 2524 pro
1806 2469 1941 2509 con-

360 2541 583 2597 scientia
613 2554 711 2596 sua
739 2548 909 2627 totum
941 2553 1128 2600 contra
1158 2562 1217 2603 se
1248 2547 1556 2619 suspicatur
1592 2560 1713 2603 esse
1754 2546 1936 2617 prola-

361 2634 503 2697 tum,
534 2626 922 2686 vehementiori
971 2633 1150 2689 cordis
1198 2635 1566 2707 obstinatione
1610 2636 1937 2705 obduratur,

360 2720 457 2777 iraa
487 2737 703 2793 quoque
730 2714 959 2781 stimulis
984 2729 1164 2785 acrius
1208 2730 1496 2799 instigatur
1524 2748 1539 2784 :
1568 2731 1769 2788 deinde
1820 2742 1943 2803 post

365 2811 505 2879 haec,
549 2816 761 2870 excelsa
793 2828 920 2883 vox,
952 2833 1132 2874 sermo
1174 2822 1401 2891 rigidus,
1434 2836 1615 2878 amara
1655 2834 1709 2880 et
1753 2826 1940 2881 turbu-

364 2900 507 2975 lenta
532 2906 842 2975 responsio,
878 2909 1123 2966 incessus
1155 2921 1374 2969 erectus
1400 2928 1463 2968 ac
1494 2916 1730 2984 mobilis,
1760 2916 1943 2991 lingua

376 2996 573 3065 facilis,
605 3013 807 3069 procax
855 3002 1095 3073 loquela,
1128 3022 1227 3061 nec
1267 3023 1519 3076 umquam
1563 3010 1948 3066 taciturnitatis

365 3091 561 3156 amica,
599 3093 702 3147 nisi
725 3094 848 3151 cum
877 3105 1065 3151 contra
1091 3096 1311 3153 fratrem
1346 3116 1625 3157 rancorem
1656 3104 1945 3173 quemdam

2037 1902 2226 1964 ceptus
2281 1900 2365 1948 est
2415 1906 2615 1958 sermo,
2677 1891 2843 1947 veluti
2886 1892 2975 1961 qui
3029 1891 3218 1946 abillo
3263 1891 3379 1961 ipso
3409 1892 3630 1963 antiquo

2036 1988 2286 2045 Lucifero
2319 1986 2485 2042 verba
2514 1984 2635 2040 haec
2676 1987 2903 2056 prolata,
2955 1996 3061 2039 non
3099 1984 3167 2040 ab
3194 1978 3413 2040 homine
3443 2000 3630 2055 perce-

2038 2084 2225 2153 pisset,
2252 2088 2311 2135 ut
2333 2081 2534 2135 nullam
2563 2094 2753 2134 vocem
2779 2078 3036 2132 adversus
3060 2086 3257 2131 tantam
3298 2078 3627 2147 prolerviam

2041 2173 2110 2229 de
2138 2186 2233 2227 ore
2284 2185 2380 2226 suo
2410 2183 2632 2241 prorsus
2662 2169 2933 2234 emittere,
2976 2167 3080 2221 nisi
3109 2166 3340 2235 gemitus
3366 2168 3433 2221 de
3460 2168 3627 2223 corde

2036 2264 2412 2321 tantummodo
2435 2274 2499 2315 ac
2519 2259 2753 2331 suspiria
2777 2257 3036 2328 potuerit,
3065 2258 3196 2311 illud
3219 2258 3392 2310 solum
3434 2259 3629 2313 tacitus

2041 2356 2181 2411 intra
2207 2354 2560 2429 semetipsum
2586 2352 2834 2415 volvens,
2855 2348 2999 2420 quod
3020 2347 3088 2405 de
3127 2347 3415 2404 Salvatore
3436 2357 3628 2406 nostro

2042 2466 2276 2524 dicitur:
2305 2465 2408 2532 Qui
2453 2478 2568 2518 cum
2604 2464 2659 2517 in
2709 2463 2878 2533 {arma
2921 2460 3015 2516 Dei
3053 2468 3202 2528 esset,
3254 2457 3545 2541 humiiiavit
3572 2478 3629 2516 se

2042 2552 2212 2637 factus
2237 2558 2497 2635 obediens,
2530 2570 2637 2612 non
2668 2555 2763 2627 (ut
2786 2554 2877 2609 ille
2904 2554 3005 2618 ait,
3035 2550 3306 2617 diabolico
3332 2551 3526 2619 spiritu
3567 2566 3632 2606 ac

2040 2662 2259 2708 tumore
2283 2650 2610 2721 possessus)
2640 2646 2669 2689 ιδ
2694 2663 2793 2718 pro
2815 2659 3078 2717 tempore,
3102 2646 3198 2704 sed
3219 2661 3378 2717 usque
3401 2645 3470 2698 ad
3488 2660 3631 2699 mor-

2050 2756 2148 2801 tem
2177 2743 2443 2816 (Philipp.
2476 2757 2514 2797 ll
2541 2740 2583 2811 ).

2619 2830 2846 2903 CAPUT
2884 2832 3077 2889 xxrx.

2050 2926 2277 2994 Indicia,
2308 2927 2491 2997 quibus
2512 2925 2757 2995 superbia
2787 2926 3014 3005 carnalis
3042 2924 3229 2979 animo:
3255 2925 3421 2979 inesse
3441 2940 3632 2997 cogno-

2745 3005 2930 3051 settur.

2125 3113 2188 3169 Et
2218 3122 2278 3168 ut
2305 3113 2523 3170 brevius
2552 3127 2613 3168 ea
2641 3125 2761 3183 quae
2789 3111 2931 3166 dicta
2972 3118 3098 3166 sunt
3120 3109 3186 3166 de
3220 3108 3325 3167 hoc
3366 3112 3636 3181 superbiae

367 3179 420 3234 ln
450 3196 549 3237 suo
571 3183 733 3239 corde
758 3184 1091 3258 conceperit,
1122 3192 1287 3259 fitque
1320 3200 1345 3228 τι
1374 3193 1653 3249 silentium
1680 3196 1801 3266 ejus
1836 3212 1942 3252 non
1972 3182 2019 3257 ϐ
2049 3222 2250 3278 genere
2281 3179 2728 3277 perstringamus,
2760 3204 3006 3274 quaedam
3037 3206 3188 3275 signa
3220 3206 3338 3275 ejus
3376 3179 3630 3275 in—quan-

369 3278 826 3345 compunctionis,
859 3296 960 3336 nec
982 3281 1303 3339 humilitatis
1334 3285 1517 3353 ullius,
1550 3287 1647 3343 sed
1678 3289 1948 3357 superbia:

369 3378 424 3425 et
454 3372 838 3443 indignationis
868 3377 1149 3443 indicium,
1182 3381 1255 3434 ita
1289 3390 1349 3434 ut
1375 3382 1502 3451 quid
1532 3385 1587 3436 in
1615 3398 1680 3437 eo
1706 3384 1945 3439 detesta-

366 3462 530 3519 bilius
552 3467 644 3533 sit,
673 3468 813 3525 haud
843 3470 1002 3528 facile
1046 3472 1411 3543 discernatur,
1439 3486 1618 3533 utrum
1646 3480 1839 3535 difl‘usa
1859 3481 1947 3537 illa

371 3558 727 3631 petulansque
756 3562 960 3631 laetitia,
986 3580 1056 3621 an
1097 3567 1215 3623 dira
1247 3570 1364 3624 hmo
1411 3570 1787 3643 virulentaque
1819 3575 1950 3630 taci-

373 3648 631 3705 turnitas.
690 3652 748 3707 ln
789 3654 880 3709 illa
923 3671 1160 3727 namque
1206 3673 1390 3715 sermo
1435 3676 1541 3717 non
1592 3674 1949 3733 opportunus,

370 3738 517 3795 risus
544 3742 684 3798 levis
722 3759 783 3799 ac
806 3746 1017 3814 fatuus,
1045 3750 1307 3807 effrenata
1351 3764 1511 3826 atque
1539 3756 1947 3828 indisciplinata

374 3834 558 3888 cordis
585 3832 749 3893 elatio
779 3856 794 3896 :
820 3840 872 3895 in
902 3843 1000 3897 ieta
1040 3860 1193 3909 vero,
1216 3846 1303 3917 ira
1325 3848 1571 3921 plenum,
1598 3851 1954 3915 virulentum-

376 3937 482 3991 que
516 3926 821 3997 silentium,
853 3941 908 3987 et
944 3935 1088 4002 quod
1118 3936 1187 3990 ob
1227 3937 1331 3992 hoc
1366 3947 1581 3995 tantum
1626 3943 1951 4011 concipitur,

379 4021 437 4065 ut
474 4015 733 4072 adversus
777 4019 997 4077 fratrem
1040 4034 1239 4081 rancor
1293 4031 1661 4086 taciturnitate
1711 4042 1955 4089 servatus

380 4107 647 4174 protelari
681 4111 880 4170 diutius
905 4120 1098 4188 possit,
1126 4137 1233 4176 non
1261 4130 1320 4177 ut
1346 4140 1414 4180 ex
1436 4141 1501 4180 eo
1534 4127 1711 4183 virtus
1740 4127 1958 4183 humili-

380 4198 505 4254 tatis
536 4215 601 4255 ac
644 4206 915 4272 patientiae
948 4212 1278 4278 prmbeatur.
1308 4216 1374 4271 Et
1418 4232 1539 4273 cum
1579 4220 1696 4285 ipse
1741 4230 1950 4277 tumore

376 4304 696 4382 possessus,
731 4296 890 4353 facile
928 4304 1138 4358 cunctis
1164 4308 1407 4363 tristitias
1437 4310 1661 4376 inferat,
1688 4320 1847 4382 atque
1890 4313 1956 4368 ad

383 4379 804 4443 satisfactionem
844 4390 956 4447 laesi
988 4393 1170 4461 fratris
1220 4400 1570 4470 semetipsum
1635 4379 1956 4463 submittere

2040 3308 2160 3355 tum
2189 3314 2474 3369 possumus
2502 3300 2840 3369 colligentes,
2873 3306 2933 3353 ut
2959 3296 3044 3352 his
3088 3298 3181 3367 qui
3207 3298 3273 3353 de
3305 3299 3636 3367 perfectione

2050 3394 2238 3448 sitiunt
2257 3392 2479 3457 erudiri,
2504 3391 2900 3461 quodammodo
2939 3388 3280 3445 characteres
3307 3389 3426 3460 ejus
3450 3388 3517 3445 de
3543 3406 3637 3446 ex-

2052 3486 2267 3541 terioris
2296 3485 2530 3541 hominis
2558 3484 2794 3540 motibus
2815 3484 3190 3552 exprimamus
3215 3499 3230 3547 ;
3260 3483 3633 3538 necessarium

2051 3587 2184 3648 puto
2206 3578 2392 3646 paucis
2408 3576 2596 3632 eadem
2617 3575 2891 3644 replicati,
2919 3582 2979 3627 ut
2999 3574 3437 3643 compendiosius
3468 3591 3636 3645 agno-

2050 3682 2301 3732 scamus,
2350 3668 2545 3737 quibus
2588 3680 2707 3720 eam
2755 3665 3067 3719 discernere
3109 3676 3174 3717 ac
3218 3663 3632 3731 deprehendere

2054 3762 2328 3827 valeamus
2359 3748 2604 3821 indiciis;
2636 3771 2742 3833 quo
2770 3753 2985 3825 nudatae
3010 3764 3173 3823 atque
3204 3754 3256 3808 in
3286 3754 3627 3823 superficiem

2052 3852 2337 3923 productae
2382 3850 2661 3920 passionis
2696 3846 2863 3916 huius
2889 3846 3124 3914 radices,
3162 3855 3220 3902 et
3252 3848 3507 3903 oculatim
3538 3849 3637 3905 de-

2054 3942 2337 4014 prehensae
2365 3952 2531 4009 atque
2558 3946 2876 4007 perspectas,
2904 3936 2988 3991 vel
3027 3937 3257 3993 convelli
3294 3937 3507 3996 facilius
3535 3956 3632 3996 va-

2056 4030 2223 4101 leant,
2253 4031 2338 4087 vel
2368 4032 2549 4086 vitari.
2575 4030 2726 4085 Tunc
2748 4030 2896 4097 enim
2922 4030 3121 4099 poterit
3160 4029 3383 4100 pestifer
3414 4034 3637 4090 morbus

2051 4126 2122 4197 ad
2144 4127 2411 4196 integrum
2438 4122 2720 4188 declinari,
2742 4136 2866 4178 cum
2895 4131 3087 4179 contra
3105 4122 3275 4191 ipsius
3300 4124 3637 4191 perniciosos

2056 4230 2220 4278 aestus
2238 4228 2295 4275 et
2318 4219 2547 4288 impetus
2576 4217 2788 4280 noxios,
2814 4228 2923 4270 non
2952 4228 3075 4269 sera
3105 4215 3471 4288 observantia,
3511 4232 3637 4273 cum

2054 4311 2165 4382 jam
2192 4310 2568 4374 dominantur,
2614 4308 2939 4373 assumitur;
2981 4305 3077 4361 sed
3105 4320 3229 4361 cum
3272 4309 3639 4377 praecedentes

2060 4405 2175 4476 ejus
2205 4405 2297 4476 (ut
2336 4405 2408 4459 ita
2453 4400 2722 4472 dixerim)
2770 4400 2941 4456 lineas
2984 4410 3364 4470 agnoscentes,
3412 4401 3637 4471 provida

382 4473 707 4548 dedignetur
739 4499 753 4536 :
796 4484 956 4539 etiam
1001 4488 1069 4542 ab
1098 4488 1190 4544 illo
1217 4490 1434 4548 sibimet
1468 4494 1705 4553 oblatam
1751 4497 1959 4565 respuit
2061 4473 2182 4554 eum
2208 4473 2496 4567 sagacique
2521 4494 2850 4550 discretione
2870 4495 3277 4563 precurrimus.
3307 4495 3382 4549 De
3402 4496 3641 4550 exterio-

376 4577 544 4638 atque
573 4574 889 4630 contemnit.
920 4577 988 4632 Et
1018 4593 1125 4658 non
1165 4582 1338 4636 solum
1378 4584 1527 4638 nulla
1574 4584 1755 4641 fratris
1798 4589 1957 4643 satis-
1982 4570 2037 4631 D
2060 4590 2137 4644 ris
2165 4602 2411 4657 namque,
2442 4588 2582 4641 ‘sicut
2615 4580 2961 4657 praediximus
2980 4625 2994 4651 ,
3020 4572 3261 4655 hominis
3294 4595 3465 4654 motu,
3496 4587 3637 4643 inte-

367 4658 614 4718 tactione
647 4667 1026 4755 compungitur
1056 4674 1232 4741 neque
1256 4672 1527 4740 mollitur,
1559 4690 1747 4730 verum
1790 4678 1952 4759 etiam

2063 4681 2222 4738 rioris
2243 4688 2416 4736 status
2441 4678 2770 4751 agnoscitur.
2799 4687 2821 4716 ο
2853 4676 2949 4733 His
2973 4676 3135 4749 igitur
3163 4677 3374 4736 indiciis
3407 4678 3642 4735 carnalis

1452 4813 1710 4871 ALARDI
1745 4817 1982 4877 GAZZEI
2012 4812 2580 4889 COMMENTARIUS.

448 4928 477 4957 ι
605 4920 897 5002 Gregorius
923 4925 1018 4980 lib.
1051 4938 1213 4981 xxxiv
1238 4927 1519 4985 Moralium
1551 4945 1670 5002 cap.
1698 4931 1770 4988 20
1794 4951 1805 4985 :
1832 4934 1945 4989 Ati-

372 4991 835 5074 quandogsup’erbi
874 5006 1134 5074 proterpa,
1174 5014 1291 5074 que
1332 5003 1576 5074 sentiunt,
1619 4991 1951 5074 nequaquam

370 5061 627 5131 produnt,
653 5061 703 5117 et
728 5065 781 5117 Isi
800 5061 1017 5143 quorum
1039 5061 1320 5143 loquacitas
1336 5072 1425 5143 vix
1440 5061 1953 5143 compescitur,'non-

372 5147 660 5200 numquam
688 5150 753 5189 ex
775 5135 889 5190 sola
912 5138 1257 5193 amarisudiue
1280 5140 1451 5195 intimi
1468 5135 1700 5198 rancoris
1726 5135 1955 5199 obmute-

374 5212 527 5281 scunt
556 5219 580 5281 ς
605 5203 710 5271 Qui
740 5222 829 5275 per
854 5207 1087 5263 dolorm
1111 5209 1295 5263 mentis
1320 5214 1650 5281 procacitatis
1674 5230 1783 5269 sua:
1803 5216 1957 5270 verba

376 5273 766 5354 subtrahentes,
809 5294 922 5333 cum
964 5280 1277 5355 male_l_oqui
1312 5273 1531 5355 soleant,
1572 5288 1719 5355 pejus
1758 5295 1959 5353 tacent;

376 5345 499 5421 quia
521 5360 641 5399 cum
671 5357 935 5421 peccantes
954 5350 1154 5419 aliquid
1174 5345 1237 5405 de
1266 5345 1583 5406 correctione
1607 5345 1844 5421 a’udiunt,
1873 5345 1957 5410 in;

380 5413 653 5497 digitaptes
673 5413 1386 5497 'etiamArespgn'sionisperba
1414 5425 1736 5493 suspendunt
1762 5413 1953 5497 (Greg.

377 5482 577 5562 Hora],
602 5488 641 5540 L
665 5502 698 5541 ν
718 5503 767 5542 c.
799 5488 870 5562 9.9
894 5482 952 5543 et
974 5488 1062 5556 5i,
1097 5502 1145 5545 et
1174 5492 1356 5562 alibi).

449 5555 578 5636 bﬁld
618 5566 731 5622 est,
772 5558 841 5612 ad
865 5555 1100 5636 tempus,
1131 5572 1190 5636 ut
1214 5555 1501 5636 Dionysius
1531 5563 1781 5632 exposuit
1805 5564 1957 5636 (Lib.

380 5626 445 5680 de
472 5625 751 5702 Praecepto
777 5637 827 5702 et
855 5625 1069 5702 Dispen.
1088 5625 1148 5687 ὀ.
1171 5632 1298 5702 24),
1329 5625 1480 5701 quasi
1506 5625 1639 5688 vero
1666 5625 1958 5692 monastica

380 5698 649 5774 professi_o
670 5699 1049 5774 etobedientia
1078 5698 1399 5772 temporaria
1428 5713 1593 5771 esset,
1623 5713 1678 5774 et
1706 5718 1812 5758 non
1842 5721 1962 5774 per-

381 5777 565 5851 petua.
602 5768 668 5825 D.
703 5768 1009 5830 Bernardus
1039 5774 1092 5831 in
1117 5768 1283 5831 simili
1304 5768 1632 5847 argumento
1662 5768 1960 5848 interroga-

2058 4947 2145 4992 tus
2180 4937 2297 4989 :An
2339 4936 2536 4989 abbatis
2580 4940 2797 4992 mutatio
2836 4940 3202 4993 monasterium
3246 4956 3399 5001 suum
3437 4948 3632 4997 mutare

2054 5007 2338 5060 volentibus
2366 5008 2419 5058 in
2445 5005 2620 5074 aliqua
2642 5009 3031 5073 patrocin‘etur?
3050 5007 3154 5062 hoc
3182 5017 3367 5073 est,an
3392 5011 3443 5064 in
3468 5021 3642 5068 morte

2056 5076 2145 5147 vel
2170 5076 2522 5147 translatione
2548 5078 2757 5147 praelati
2784 5079 2904 5145 plus
2931 5078 3128 5147 aliquid
3162 5079 3425 5133 libertatis
3453 5081 3639 5136 subdi-

2059 5144 2128 5201 tis
2146 5149 2168 5219 _(
2188 5143 2504 5219 monachis)
2527 5143 2880 5219 concedatur,
2912 5143 3033 5217 quo'
3057 5148 3308 5219 licentius
3338 5150 3548 5219 possint
3575 5167 3643 5205 en

2059 5216 2287 5271 articulo
2309 5214 2572 5285 temporis
2593 5214 2833 5285 migrare
2859 5214 2966 5284 quo
2991 5216 3281 5279 voluerint,
3313 5214 3488 5272 altero
3512 5234 3643 5276 nec-

2061 5288 2190 5342 dum
2222 5284 2556 5341 mbstituto?
2593 5284 2888 5353 respondet
2926 5287 3196 5354 negative.
3242 5285 3379 5338 Nam
3424 5293 3641 5355 sponsio

2059 5359 2417 5428 professionis,
2445 5356 2638 5426 inquit,
2672 5357 2739 5409 de
2762 5356 2961 5428 abbatis
2996 5356 3103 5428 uita
3141 5371 3244 5428 n_on
3274 5357 3430 5428 sumit
3459 5363 3640 5413 termi-

2054 5424 2219 5489 imm,-
2246 5429 2334 5482 sed
2364 5424 2430 5481 de
2455 5424 2728 5498 prizsentia
2750 5426 3115 5500 testimonium.
3152 5424 3433 5495 Proﬁtenti
3464 5428 3639 5500 itaque

2057 5500 2241 5553 modus
2267 5501 2331 5552 sit
2355 5497 2592 5564 suavita,
2621 5514 2719 5551 non
2745 5497 2937 5552 aliena.

2134 5580 2157 5609 ο
2198 5569 2427 5636 Similia,
2457 5571 2620 5623 immo
2647 5569 2834 5623 eadem
2866 5570 2977 5621 fere
3008 5567 3275 5634 superbiae
3305 5568 3503 5623 indicia
3532 5576 3641 5625 tra-

2062 5640 2143 5695 dit
2164 5640 2229 5695 D.
2263 5638 2555 5708 Gregorius
2585 5639 2901 5695 Cassianum
2934 5638 3175 5695 imitatus
3216 5640 3333 5694 loco
3364 5654 3527 5707 supra
3558 5644 3637 5695 ci-

2060 5708 2469 5783 tato.__Cunptis,
2514 5711 2703 5781 inquit,
2732 5711 2950 5781 superba
2973 5710 3110 5782 apud
3141 5728 3197 5765 se
3226 5710 3530 5783 cogitatione
3556 5718 3639 5765 tu-

2062 5780 2314 5836 mentibus
2343 5781 2474 5838 inest
2496 5783 2692 5838 clamor
2716 5782 2769 5837 in
2798 5780 3072 5849 locutione,
3099 5780 3389 5840 amaritudo
3408 5782 3464 5837 in
3485 5781 3637 5837 silen-
