4014 6200
187 326 291 384 475

185 444 438 501 volumus
472 460 538 501 ac
580 444 848 515 placentia
880 445 995 501 Deo
1032 459 1382 514 consurgere,
1426 446 1773 501 fundamenta
1799 461 1857 523 Α

183 538 304 609 ejus
327 552 439 592 non
468 536 765 593 secundum
798 548 997 591 nostrae
1029 536 1269 592 libidinis
1295 537 1649 607 voluntatem,
1674 536 1773 593 sed

184 629 489 686 secundum
530 628 884 684 districtionis
916 628 1257 698 Evangelicae
1294 629 1639 700 disciplinam
1681 630 1771 699 ja-

185 736 317 776 cere
344 721 669 776 festinemus
702 737 715 772 :
743 735 862 791 quae
892 719 997 774 alia
1024 735 1149 775 esse
1177 736 1284 775 non
1320 730 1567 791 possunt,
1610 737 1772 791 quam

188 813 357 867 timor
384 812 483 867 Dei
513 820 671 882 atque
694 812 988 879 humilitas,
1013 828 1135 883 quae
1164 812 1232 868 de
1260 815 1679 870 mansuetudine
1708 824 1765 871 et

190 904 379 960 cordis
407 905 752 974 simplicitate
781 905 1080 960 descendit.
1117 906 1408 962 Humilitas
1437 922 1568 963 vero
1593 908 1771 963 nulla-

195 1005 356 1051 tenus
378 996 579 1065 poterit
608 996 812 1065 absque
844 1006 869 1033 η
899 996 1143 1053 nuditate
1170 999 1436 1069 conquiri.
1472 1000 1585 1067 Qua
1622 1015 1779 1071 pere-

192 1089 462 1158 grinante,
491 1104 589 1143 nec
617 1089 940 1146 obedientize
973 1092 1197 1158 bonum,
1240 1108 1341 1148 nec
1365 1093 1645 1163 patientiae
1684 1109 1775 1149 ro-

194 1180 312 1244 bur,
347 1194 447 1234 nec
475 1180 908 1236 mansuetudinis
943 1183 1331 1252 tranquillitas,
1379 1200 1482 1240 nec
1518 1200 1776 1242 consum-

192 1272 362 1325 matio
392 1271 668 1327 charitatis
708 1273 980 1329 ullatenus
1019 1275 1218 1343 poterit
1242 1277 1576 1346 apprehendi
1611 1294 1626 1333 :
1661 1279 1779 1335 sine

193 1361 391 1430 quibus
416 1376 512 1417 cor
546 1371 787 1418 nostrum
814 1364 1183 1421 habitaculum
1223 1366 1461 1434 Spiritus
1489 1369 1663 1425 sancti
1686 1384 1778 1439 pe-

191 1455 340 1508 nitus
366 1468 487 1510 esse
510 1470 619 1510 non
651 1457 871 1525 poterit,
904 1458 977 1511 ita
1001 1459 1387 1526 pronuntiante
1420 1461 1648 1516 Domino
1681 1477 1775 1531 per

193 1549 510 1617 prophetam
551 1548 746 1621 (Isaia:
786 1549 981 1621 uvr),
1012 1549 1039 1588 δ
1079 1551 1252 1623 Super
1310 1569 1461 1620 quem
1504 1555 1779 1623 requiescet

191 1642 423 1709 Spiritus
452 1659 617 1708 meus,
646 1643 750 1697 nisi
773 1660 928 1712 super
958 1644 1221 1711 humilem,
1250 1653 1295 1699 et
1315 1647 1560 1714 quietum,
1594 1656 1641 1700 et
1671 1658 1778 1702 tre-

186 1745 414 1790 mentem
438 1736 595 1791 uerba
626 1739 777 1791 mea?
805 1737 920 1791 sive
958 1737 1252 1792 secundum
1294 1740 1623 1809 exemplaria
1655 1754 1780 1809 qua:

728 328 817 384 DE
856 326 1337 386 C(ENOBIORUM
1377 324 1625 383 INSTIT.
1668 323 1799 381 LIB.
1842 326 1959 382 XII.
1989 352 2061 369 -
2090 325 2179 380 DE
2219 323 2488 381 SPlltlTU
2531 323 2915 381 SUPERBUE.

3363 327 3471 386 4η

2423 441 2655 501 CAPUT
2693 444 2912 503 XXXII.

1880 644 2149 712 Quomodo
2178 644 2544 719 depopulatnia
2572 646 2798 699 omnium
2824 648 3069 719 uirtutum
3104 646 3345 716 superbia
3376 664 3467 719 per

2149 729 2323 770 ueram
2352 716 2697 771 humilitatem
2726 717 2889 787 possit
2917 720 3193 791 exstingui.

1950 916 2293 985 Quapropter
2309 915 2513 970 athleta
2536 914 2764 982 Christi,
2792 916 2883 986 qui
2906 916 3208 986 spiritalem
3235 931 3461 987 agonem

1879 1010 2115 1081 legitime
2144 1017 2363 1065 certans
2387 1024 2418 1063 a
2450 1008 2684 1064 Domino
2716 1008 2990 1065 desiderat
3012 1011 3291 1074 coronari,
3322 1009 3462 1065 hanc

1880 1118 2089 1173 quoque
2122 1101 2511 1157 ferocissimam
2538 1101 2789 1166 bestiam,
2819 1110 2876 1155 ut
2906 1101 3303 1157 devoratricem
3334 1117 3466 1157 cun-

1880 1205 2086 1251 ctarum
2102 1196 2385 1261 virtutum,
2415 1194 2742 1250 omnimodis
2766 1193 2986 1249 festinet
3015 1204 3037 1232 ο
3063 1195 3414 1264 exstinguere
3449 1212 3461 1245 :

1881 1296 2063 1341 certus
2093 1285 2235 1355 quod
2288 1284 2388 1341 hac
2429 1285 2485 1339 in
2516 1298 2614 1338 suo
2662 1292 2885 1351 pectore
2911 1293 3311 1349 commorante,
3359 1298 3465 1338 non

1882 1377 2059 1432 solum
2086 1375 2398 1445 omnigenis
2437 1375 2582 1429 vitiis
2627 1389 2815 1430 carere
2863 1389 2968 1430 non
3018 1376 3223 1443 possit,
3276 1388 3467 1428 verum

1882 1469 2065 1535 etiam,
2087 1468 2131 1522 si
2154 1468 2285 1538 quid
2308 1466 2525 1521 virtutis
2548 1466 2755 1522 habere
2778 1466 3046 1535 videatur,
3071 1465 3232 1534 hujus
3253 1479 3466 1520 veneno

1884 1558 2165 1627 depereat.
2198 1556 2363 1613 Nullo
2392 1558 2536 1613 enim
2570 1557 2730 1612 modo
2759 1557 2959 1627 poterit
2988 1557 3040 1610 in
3074 1557 3250 1610 anima
3283 1564 3466 1610 nostra

1883 1650 2142 1705 virtutum
2187 1658 2457 1704 structura
2508 1663 2874 1718 consurgere,
2911 1644 2938 1686 ἀ
2982 1648 3085 1703 nisi
3131 1648 3280 1716 prius
3324 1647 3469 1716 jacta

1885 1740 2086 1796 fuerint
2108 1755 2252 1796 vera:
2278 1739 2596 1794 humilitatis
2617 1738 2672 1793 iu
2694 1739 2862 1794 corde
2887 1746 3071 1793 nostro
3094 1736 3466 1802 fundamenta,

184 1828 517 1883 chraicam
542 1830 855 1898 exprimunt
875 1832 1154 1884 veritatem
1183 1849 1194 1882 :
1219 1830 1289 1883 ad
1308 1846 1459 1900 quem
1478 1833 1777 1901 respiciam,
1808 1851 1859 1912 Β
1884 1849 2004 1904 quae
2036 1833 2351 1887 firmissime
2398 1832 2665 1887 collocata
2716 1830 3066 1901 perfectionis
3104 1840 3159 1884 et
3185 1828 3470 1884 charitatis

184 1919 291 1973 nisi
319 1920 391 1973 ad
408 1920 800 1991 pauperculum,
829 1932 877 1977 et
904 1924 1183 1978 contritum
1211 1925 1423 1995 spiritu,
1469 1934 1517 1981 et
1558 1935 1780 1981 tremen-

186 2019 293 2064 tem
318 2011 474 2066 uerba
502 2029 615 2067 mea
634 2014 662 2066 ?

1885 1928 2101 1983 culmen
2133 1927 2349 1982 valeant
2381 1924 2658 1980 suStinere
2693 1943 2704 1977 :
2736 1925 2808 1980 ita
2839 1924 3065 1990 scilicet,
3094 1933 3174 1991 ut,
3204 1921 3468 1994 quemad-

1888 2017 2105 2073 modum
2131 2017 2388 2081 diximus,
2416 2026 2440 2054 ε
2466 2017 2701 2088 primum
2730 2014 2990 2071 fratribus
3021 2015 3221 2070 nostris
3253 2011 3471 2068 humili-

1267 2127 1529 2183 ALARDI
1566 2127 1795 2184 GAZIEI
1830 2127 2402 2185 COMMENTARIUS.

189 2214 346 2268 filiali
376 2229 533 2278 posse
560 2213 809 2282 intelligi,
839 2217 1052 2272 diversa
1086 2225 1265 2274 tamen
1293 2218 1529 2274 ratione.
1561 2220 1779 2275 Servilis

188 2286 329 2337 enim
362 2286 514 2359 timor
560 2287 672 2339 ideo
702 2288 894 2341 dicitur
922 2288 1127 2342 initium
1158 2292 1455 2357 sapientiae,
1486 2291 1609 2358 quia
1646 2306 1782 2359 prat-

185 2365 348 2426 parat
390 2357 554 2408 locum
588 2359 885 2431 sapientiai,
932 2369 977 2411 et
1004 2360 1144 2413 ducit
1185 2360 1253 2412 ad
1296 2357 1607 2431 sapientiam
1624 2357 1655 2424 ;“
1686 2361 1779 2415 sed

187 2441 303 2502 non
330 2436 555 2502 remanet
582 2428 633 2480 in
662 2443 741 2482 ea.
776 2428 927 2502 Stepe
966 2446 1185 2502 namque
1218 2428 1424 2484 initium
1445 2431 1673 2502 alicujus
1700 2432 1782 2484 di-

188 2496 335 2548 citur
352 2495 568 2569 aliquid,
594 2514 695 2551 non
717 2500 853 2567 quod
866 2495 1155 2569 quidquam
1176 2502 1355 2555 habeat
1379 2495 1644 2555 commune
1665 2518 1781 2555 cum

188 2582 262 2643 eo
287 2568 439 2635 cujus
470 2567 671 2643 initium
710 2570 923 2643 dicitur,
963 2567 1053 2624 sed
1096 2572 1219 2641 quia
1246 2588 1405 2643 causa
1430 2573 1498 2625 sit
1533 2574 1649 2643 ejus
1694 2588 1782 2626 ea:-

192 2638 541 2711 trinseca,‘v_el
558 2639 899 2711 inductiuum,
922 2658 1025 2711 quo
1049 2638 1307 2696 mediante
1328 2641 1465 2695 illud
1489 2638 1776 2710 per/icitur,

195 2709 352 2780 cujus
377 2707 584 2762 initium
609 2720 700 2763 est.
738 2709 828 2764 Sic
856 2707 1031 2765 uinum
1061 2712 1295 2765 libidinis
1321 2707 1550 2780 fomes'et
1574 2707 1780 2766 initium

194 2778 410 2852 dicitur.
448 2796 547 2832 non
589 2781 727 2847 quod
758 2782 924 2849 ipsum
964 2784 1031 2837 sit
1059 2783 1255 2852 aliquid
1285 2778 1348 2836 de
1380 2784 1594 2837 libidine
1619 2829 1633 2851 ,
1690 2785 1783 2838 sed

195 2850 321 2913 quia
368 2862 606 2920 provocat
642 2852 709 2904 ad
736 2852 1025 2905 libidinem.
1074 2850 1233 2909 Unde
1264 2864 1317 2908 et
1356 2853 1425 2908 de
1456 2853 1556 2908 hoc
1588 2854 1782 2909 timore

195 2920 520 2993 sententiam
557 2921 703 2975 illam
738 2923 1152 2978 Proverbiorum
1199 2925 1422 2993 exponit
1454 2925 1516 2977 D.
1550 2924 1783 2979 Basilius

196 2991 253 3063 i_n
295 2991 485 3063 psalm.
536 3007 683 3045 xxxu
725 3000 781 3046 et
811 2995 1145 3063 Augustinus
1191 2991 1400 3049 tractat.
1449 2995 1482 3049 9
1515 2997 1564 3047 in
1610 2995 1779 3063 Epist.

196 3060 399 3132 .loann.
445 3062 519 3114 De
547 3063 736 3116 eodem
771 3060 985 3132 quoque
1011 3066 1213 3120 dictum
1250 3074 1333 3118 est
1367 3064 1436 3118 ab
1467 3060 1779 3119 Ecclesiast.

193 3130 350 3205 juxta
382 3132 599 3205 concilii
643 3130 944 3205 Tridentini
976 3135 1143 3205 (Sess.
1175 3153 1258 3203 vr,
1287 3152 1405 3203 cap.
1437 3135 1470 3189 6
1507 3144 1554 3189 et
1581 3152 1697 3203 cap.
1726 3136 1783 3204 8)

193 3202 622 3274 declarationem
688 3221 702 3257 :
754 3203 931 3259 Timor
985 3202 1201 3259 Domini
1249 3202 1457 3273 expellit
1516 3202 1784 3274 peccatum

200 3270 437 3345 (Ecclcs.
464 3272 528 3341 ι).
564 3275 627 3327 Et
646 3275 834 3345 eodem
868 3278 1028 3329 etiam
1052 3287 1261 3345 spectat
1285 3270 1413 3330 illud
1438 3270 1588 3329 Isaia:
1611 3292 1736 3331 sxw
1766 3295 1779 3331 :

198 3342 251 3417 A_
275 3344 468 3417 timore-
484 3354 595 3417 tuo,
632 3342 851 3417 Domine
870 3386 885 3411 ,
908 3342 1236 3417 concepimus
1254 3392 1268 3414 ,
1294 3358 1343 3400 et
1364 3348 1651 3415 peperimus
1676 3349 1784 3416 spi-

198 3414 361 3487 ritum
386 3412 590 3468 salutis.
623 3415 785 3469 Porro
810 3417 963 3470 timor
988 3412 1214 3487 sanctus,
1246 3412 1336 3471 seu
1359 3412 1557 3483 filiolis,
1576 3412 1783 3471 initium

201 3483 395 3558 dicitur
421 3487 711 3558 sapientiw,
754 3488 885 3540 sicut
924 3489 1115 3558 primus
1150 3483 1418 3555 sapientia:
1442 3487 1675 3553 e/i'ectus,
1709 3491 1785 3541 ait

201 3554 269 3629 _S.
300 3555 554 3629 Thomas.
597 3556 731 3629 Cum
755 3559 890 3610 enim
925 3554 993 3611 ad
1024 3554 1331 3629 sapientiam
1370 3560 1617 3625 pertineat
1645 3560 1785 3627 quod

201 3623 435 3678 humana
462 3628 565 3678 rita
586 3626 849 3696 reguletur
872 3623 1148 3682 secundum
1164 3623 1391 3682 rationes
1413 3630 1633 3691 divinas,
1656 3623 1784 3682 hinc

204 3706 404 3765 oportet
423 3713 641 3769 sumere
660 3699 991 3769 principium,
1022 3708 1078 3752 ut
1104 3698 1258 3753 homo
1286 3699 1446 3754 Deum
1471 3709 1781 3765 revereatur,

203 3775 254 3817 et
305 3783 356 3819 se
384 3767 433 3840 ei
464 3767 724 3840 subiiciat.
766 3768 855 3822 Sic
880 3771 1017 3840 enim
1056 3780 1421 3840 consequenter
1458 3770 1526 3840 inA
1554 3769 1785 3823 omnibus

201 3838 491 3908 secundum
523 3836 686 3890 Deum
733 3838 1077 3908 regulubitur.
1110 3836 1302 3895 Merito
1339 3855 1468 3908 ergo
1497 3837 1786 3894 Cassianus

207 3908 308 3980 lib.
360 3923 412 3980 iv
459 3906 651 3962 harum
700 3906 1096 3980 lusiilutionum
1146 3912 1322 3980 Capite
1371 3906 1556 3964 ultimo
1599 3910 1783 3964 dixit:

204 3975 535 4050 Eriticipium
590 3989 778 4050 nostra;
844 3978 1031 4033 salutis
1085 3975 1448 4050 sapientiaque
1506 3982 1786 4035 secundum

203 4046 539 4121 S_cripturas,
568 4050 721 4103 timor
748 4048 958 4103 Domini
985 4062 1058 4103 est
1081 4046 1473 4121 (Prouerbfix).
1508 4051 1584 4105 De
1604 4052 1788 4105 timore

203 4116 424 4189 Domini
468 4121 701 4173 nascitur
738 4116 1379 4189 compunctio'salutaris.
1423 4116 1498 4175 De
1537 4138 1789 4189 compun-

202 4188 375 4240 ctione
397 4191 565 4243 cordis
597 4192 824 4257 procedit
847 4188 1251 4259 abrenuntiatio,
1292 4192 1345 4245 id
1376 4200 1475 4258 est,
1509 4192 1719 4246 nuditas
1741 4201 1787 4245 et

201 4268 535 4325 contemptus
561 4262 788 4314 omnium
809 4263 1137 4330 facultatum,
1164 4275 1269 4317 etc.
1300 4265 1372 4317 De
1399 4263 1573 4316 altern
1596 4262 1790 4316 funda-

203 4340 435 4403 mento,
480 4344 666 4403 nempe
697 4332 1023 4403 humilitate,
1051 4334 1110 4386 Ι).
1145 4333 1448 4387 Bernardus
1479 4333 1615 4403 (Lib.
1645 4350 1676 4385 v
1725 4333 1788 4387 de

200 4397 459 4473 Consid.,
480 4397 673 4473 iit/ine)
701 4421 712 4454 :
752 4402 1041 4468 Virtutum,
1068 4405 1263 4472 inquit,
1287 4397 1784 4473 bonum'quodtlam,

200 4486 273 4521 ac
301 4468 484 4543 stabile
510 4468 904 4543 fundamentum
931 4484 1005 4526 est
1035 4468 1319 4527 humilitas.
1356 4474 1422 4527 Et
1452 4468 1519 4525 Ι).’
1542 4468 1789 4543 Αιιευςιίὲ

200 4554 314 4593 nus
335 4538 426 4592 lib.
465 4538 641 4615 primo
666 4543 733 4596 de
761 4543 951 4597 Verbis
980 4544 1212 4604 Domini,
1243 4559 1410 4597 serm.
1442 4543 1511 4615 10
1536 4560 1550 4597 :
1586 4538 1791 4615 cogitas

201 4625 449 4676 magnam
483 4613 734 4683 fabricam
773 4622 1066 4668 construere
1095 4615 1454 4669 celsitudinis?
1482 4614 1559 4668 De
1600 4613 1792 4683 funda-

200 4690 379 4752 mento
416 4682 563 4749 prius
611 4686 782 4752 cogita
825 4686 1161 4747 humilitatis:
1188 4694 1241 4739 et
1286 4684 1420 4737 infra
1461 4702 1475 4737 :
1514 4684 1623 4736 Hoc
1651 4688 1702 4738 in
1744 4696 1791 4740 te

200 4750 332 4824 {ode
357 4750 753 4824 fundamentum
791 4755 1118 4817 humilitatis.
1160 4767 1207 4809 et
1231 4756 1488 4824 pervenies
1524 4755 1592 4808 ad
1638 4757 1790 4824 fasti-

197 4822 351 4894 gium
378 4823 667 4894 charitatis.
701 4826 906 4879 Dicitur
925 4835 1105 4881 autem
1122 4826 1209 4893 (S.
1231 4822 1423 4879 Thom.
1442 4825 1559 4890 2-2,
1584 4822 1786 4894 (1.161,

1884 2220 2089 2300 nequit.
2131 2219 2572 2300 Humilitas‘vero
2600 2217 2858 2300 itiﬂuxtim
2906 2216 3058 2300 illum
3085 2217 3357 2300 attrahit);
3373 2231 3470 2300 ex-

1881 2284 2011 2365 eipit
2035 2291 2367 2365 _et_coll_ig_it.
2402 2290 2556 2365 [inde
2594 2290 2665 2365 ΔΙ).
2714 2287 3258 2365 Augustinus-“sam.
3288 2284 3469 2365 27__de

1884 2355 2081 2415 verbis
2108 2355 2316 2415 Domini
2350 2378 2365 2417 :
2398 2358 2628 2430 Con/luit
2657 2376 2790 2429 aqua
2804 2355 2890 2412 'ad
2915 2358 3253 2430 humilitatem
3283 2355 3469 2421 vallis;

1882 2431 2088 2484 denatat
2103 2432 2169 2484 de
2190 2433 2473 2485 tumoribus
2485 2426 2663 2497 collis;
2685 2426 2738 2483 et
2754 2444 2920 2484 serui.
2940 2428 3039 2483 157
3062 2427 3129 2482 de
3158 2426 3427 2497 Tempore
3451 2444 3465 2480 :

1892 2500 2097 2568 Videte,
2126 2502 2319 2571 inquit,
2354 2519 2595 2572 magnum
2624 2495 2931 2572 miraculum
2966 2514 2985 2553 :
3019 2499 3156 2572 altus
3182 2507 3255 2572 est
3280 2495 3417 2572 Deus
3450 2513 3469 2550 :

1884 2573 2037 2642 erigis
2065 2582 2131 2654 te,
2161 2568 2215 2654 et
2240 2573 2373 2654 fugit
2400 2568 2536 2654 a'te;
2563 2571 2809 2654 huinilias
2839 2581 2907 2638 te,
2934 2568 3265 2654 etaescenndit
3291 2568 3469 2654 adte:

1882 2640 2040 2712 quare
2067 2642 2201 2696 hoc?
2220 2640 2341 2712 quia
2367 2646 2599 2697 excelsus
2621 2642 2893 2703 Dominus,
2920 2650 2966 2692 et
2988 2640 3207 2712 humilia
3234 2640 3464 2712 respicit,

1884 2709 1947 2783 ut
1970 2715 2211 2778 attollat;
2233 2709 2390 2777 'alta,
2442 2714 2497 2765 id
2521 2724 2617 2777 est,
2668 2712 2889 2783 superba
2915 2712 2978 2764 de
3011 2711 3161 2780 longe
3207 2709 3470 2781 cognoscit

1886 2780 2061 2853 (Psal.
2087 2798 2192 2837 cxx
2204 2785 2358 2850 XVII),
2388 2791 2444 2836 ut
2467 2780 2743 2850 deprimat.

1956 2861 1982 2889 ι
2014 2854 2067 2907 Id
2096 2863 2211 2917 est,
2241 2853 2606 2921 abdicatione,
2640 2851 3038 2907 renuntiatione
3068 2861 3121 2905 et
3152 2859 3467 2919 contemptu

1887 2938 2066 3047 ῖὶςῖω
2118 2925 2359 3047 omnium
2407 2924 2814 2993 temporalium,
2862 2931 2920 2977 ut
2965 2922 3100 2976 alias
3138 2922 3338 2976 dictum
3386 2930 3472 2976 est

1956 3011 1970 3045 t
2009 3032 2024 3046 .
2056 3009 2150 3047 vn.
2217 3003 2315 3047 nst.
2351 3033 2364 3047 .

1956 2995 2024 3048 ib.
2056 3009 2150 3048 vn.
2181 2995 2207 3047 l
2217 3003 2315 3049 nst.
2330 2996 2364 3049 l.

1886 2993 2024 3066 (Lib.
2056 3009 2150 3048 vn.
2181 2994 2364 3065 lnst.).
3398 3062 3408 3072 ο

1956 3063 1984 3103 δ
2014 3065 2168 3134 Apud
2218 3065 2281 3119 Ι).
2315 3066 2699 3135 Hieronymum
2742 3079 2806 3120 ex
2842 3064 3100 3135 Hebraica
3141 3064 3365 3117 veritate
3395 3070 3468 3115 ita

1885 3135 2081 3205 legitur
2110 3154 2125 3193 :
2154 3136 2234 3189 Ad
2259 3152 2408 3206 quem
2439 3134 2740 3204 respiciam,
2774 3136 2871 3190 nisi
2900 3134 2969 3188 ad
3000 3135 3385 3206 pauperculum.
3421 3140 3471 3185 et

1886 3202 2158 3260 contritum
2183 3202 2399 3273 spiritu,
2444 3216 2493 3262 et
2519 3202 2814 3262 trementem
2858 3202 3113 3261 sermones
3142 3220 3280 3259 meos
3331 3202 3467 3269 (fsa.

1886 3277 2075 3353 nm)?
2119 3278 2390 3353 quomodo
2416 3279 2589 3353 etiarn
2612 3280 2662 3353 in
2703 3277 2927 3353 vulgata
2966 3278 3203 3353 editione
3246 3273 3465 3353 legitur.

1889 3348 1966 3400 Ex
2002 3348 2353 3417 Septuaginta
2398 3364 2529 3405 vero
2577 3349 2716 3404 idem
2750 3346 3112 3413 Hieronymus
3156 3346 3225 3399 ita
3255 3346 3417 3397 vertit
3453 3360 3466 3396 :

1889 3417 1955 3470 Et
1973 3435 2127 3484 super
2154 3436 2302 3489 quem
2330 3421 2617 3489 respiciam,
2645 3420 3034 3483 nisi/inmitem,
3066 3426 3111 3471 et
3139 3418 3397 3489 quietum,
3420 3422 3471 3467 et

1889 3488 2182 3542 trementem
2226 3506 2480 3543 sermones
2505 3492 2678 3544 meos?
2707 3490 2917 3543 Citatur
2948 3497 3125 3541 tamen
3157 3488 3471 3553 frequenter

1889 3574 1916 3610 a
1948 3559 2196 3614 Patribus
2243 3561 2344 3614 sub
2376 3562 2482 3614 illis
2511 3561 2689 3613 verbis
2725 3575 2738 3611 :
2790 3559 2964 3623 Super
3006 3572 3151 3627 quem
3194 3555 3473 3627 requiescet

1886 3630 2276 3701 spiritusineus,
2297 3642 2404 3701 etc.
2426 3630 2603 3701 (Greg.
2623 3630 2714 3701 lib.
2737 3644 2789 3683 ν.
2814 3623 3074 3682 Merulae.
3095 3628 3184 3689 '51;
3207 3623 3468 3677 Bernard.

1887 3699 2067 3773 homil.
2095 3699 2519 3773 1__super_Miss_us
2539 3699 2715 3773 est).__
2824 3767 2858 3773 __
3122 3764 3132 3773 _
3268 3762 3279 3773 ,
3402 3760 3415 3772 ,

1964 3780 1985 3806 ο
2017 3770 2076 3822 D.
2101 3764 2391 3836 Gregorius
2413 3764 2648 3822 lib.xxiv
2671 3767 2955 3821 Moralium
2980 3782 2995 3820 :
3032 3764 3243 3828 Vitium,
3267 3764 3463 3831 inquit,

1888 3840 2135 3905 superbia:
2170 3841 2235 3891 ab
2264 3839 2379 3908 ipsa
2418 3854 2539 3891 mox
2583 3839 2757 3891 radice
2792 3836 3073 3908 secundum
3109 3845 3213 3898 est;
3259 3842 3313 3885 ut
3349 3848 3469 3885 cum

1888 3909 2107 3963 latenter
2128 3905 2310 3967 oritur.
2336 3917 2457 3961 tunc
2477 3909 2745 3978 vigilanter
2771 3905 3121 3978 abscindatur,
3148 3920 3209 3958 ne
3229 3911 3471 3978 prouectu

1888 3981 2077 4056 uigeat.
2112 3995 2174 4033 ne
2204 3996 2300 4033 usu
2324 3975 2612 4056 roboretur.
2652 3978 2876 4056 Difﬁcile
2911 3978 3044 4056 enim
3086 3977 3145 4056 in.
3172 3992 3224 4056 se
3254 3975 3469 4056 quisque

1888 4043 2220 4123 inueteratam
2239 4051 2526 4117 superbiam
2549 4043 2919 4121 deprehendit,
2945 4049 3067 4123 quia
3094 4043 3336 4123 nimirum
3371 4043 3471 4123 hoc

1887 4122 2061 4175 vitium
2086 4132 2274 4191 quanto
2295 4113 2457 4191 magis
2473 4113 2719 4189 patimur,
2746 4130 2886 4173 tanto
2909 4113 3080 4193 minus
3100 4115 3349 4193 videmus.
3375 4113 3469 4167 Sic

1888 4193 2074 4263 quippe
2099 4187 2155 4268 in
2186 4203 2350 4268 mente
2380 4187 2808 4268 snperbia,__sicut
2838 4193 2891 4242 in
2922 4190 3086 4268 oculis
3116 4187 3282 4268 caligo
3301 4200 3467 4268 lgene-

1888 4255 2056 4317 ratur.
2090 4263 2220 4338 Quo_
2230 4280 2283 4316 se
2304 4262 2414 4338 hac
2434 4255 2589 4317 latius
2619 4255 2827 4338 dilatat,
2853 4277 2912 4313 eo
2932 4258 3273 4338 vehementius
3296 4255 3469 4338 lumen

1890 4344 2144 4402 angustat.
2181 4333 2458 4404 Paulisper
2484 4349 2604 4404 ergo
2625 4332 2779 4387 elatio
2796 4334 2851 4385 in
2876 4329 3175 4404 prwcordiis
3199 4329 3400 4404 crescit,
3419 4334 3469 4380 et

1891 4398 2006 4456 cum
2031 4420 2084 4457 se
2105 4405 2294 4457 vastius
2322 4398 2625 4465 eaitenderit,
2641 4398 2900 4472 oppressa:
2913 4402 3094 4455 mentis
3120 4398 3323 4472 oculum
3346 4398 3471 4467 fun-

1891 4474 2031 4525 ditus
2077 4474 2308 4529 claudit:
2342 4485 2397 4527 ut
2439 4469 2912 4545 captivus'animus
2939 4482 3116 4542 typum
3152 4469 3387 4545 elationis
3422 4477 3471 4522 et

1889 4545 1996 4616 pati
2018 4546 2197 4668 possit,
2221 4554 2268 4597 et
2292 4554 2459 4598 tamen
2488 4541 2626 4613 quod
2654 4546 2846 4617 patitur
2868 4541 3038 4595 uidere
3060 4558 3161 4594 non
3186 4541 3366 4605 possit.

1962 4614 1990 4651 ἀ
2042 4616 2163 4668 dem
2196 4617 2291 4669 lib.
2325 4631 2375 4668 iv
2405 4630 2527 4670 can.
2564 4616 2651 4670 i8.
2687 4617 2750 4668 D.
2781 4612 3112 4670 Augustinus
3141 4611 3208 4664 ad
3249 4611 3471 4664 Diosco-

2079 4630 2163 4668 em
2196 4630 2291 4669 ΙΙΙ).
2325 4631 2375 4668 ιν
2405 4630 2527 4670 can.
2564 4630 2651 4670 16.
2687 4630 2750 4668 υ.
2781 4630 2862 4668 Al)

1962 4629 1990 4651 α
2018 4629 2163 4668 luem
2196 4629 2291 4669 un.
2325 4631 2375 4668 iv
2405 4630 2527 4685 cap.
2564 4629 2651 4670 ιδ.
2687 4629 2750 4668 υ.
2781 4629 3112 4683 Augusunus
3141 4629 3208 4664 au
3249 4629 3467 4664 Diosco-

1892 4702 2009 4741 rum
2047 4703 2058 4737 :
2089 4685 2209 4739 Nisi
2240 4685 2504 4763 humilitas
2533 4686 2703 4739 omnia
2724 4700 3055 4763 quotcumque
3079 4684 3201 4736 bene
3223 4682 3467 4763 facimus.

1891 4766 1939 4833 et
1971 4757 2284 4824 prwcesserit
2321 4767 2370 4810 et
2415 4768 2687 4833 consecuta
2716 4757 2903 4833 fuerit,
2934 4764 2984 4807 et
3024 4757 3289 4833 proposita
3316 4766 3469 4833 quam

1892 4830 2200 4891 intueamur,
2228 4836 2275 4879 et
2299 4829 2536 4897 apposita
2577 4828 2659 4880 cui
2701 4826 3085 4897 adhwrcamus,
3135 4833 3182 4875 et
3231 4826 3471 4892 imposita

197 4910 253 4944 α.
289 4891 345 4968 5,,
378 4894 446 4945 ad
491 4893 574 4968 ξ),
604 4894 873 4950 humilitas
908 4891 1313 4968 fundamentum
1356 4891 1608 4968 virtutum
1628 4939 1640 4959 ,
1680 4891 1786 4953 non
1816 4898 1868 4958 D
1892 4917 1993 4968 qua
2022 4891 2394 4966 reprimamu'r';
2411 4899 2528 4966 jam
2558 4898 2701 4949 nobis
2725 4897 2789 4949 de
2810 4897 2984 4964 aliqua
3014 4896 3149 4968 bono
3172 4898 3314 4968 facto
3335 4906 3467 4960 gau-

199 4961 423 5027 quidem
470 4964 677 5019 directe
707 4978 759 5017 vt
802 4966 1172 5035 principaliter
1201 4969 1304 5037 (sic
1326 4966 1469 5023 enim
1501 4969 1614 5022 sola
1649 4969 1784 5025 fides

197 5042 292 5109 est
323 5036 827 5109 supernatiiralium
848 5040 1104 5090 virtutum
1150 5036 1554 5094 fundamentum
1584 5081 1597 5102 ,
1632 5041 1785 5109 juxta

200 5102 339 5176 illud
364 5105 610 5173 Apostoli
646 5124 657 5158 ε
698 5106 917 5160 Credere
952 5109 1090 5161 enim
1125 5119 1322 5176 oportet
1355 5102 1676 5165 accedentem
1714 5112 1785 5164 ad

198 5172 375 5248 Deum
400 5172 421 5235 ,’
460 5176 583 5245 quia
631 5187 724 5234 est.
758 5180 915 5241 etc.),
960 5181 1054 5231 sed
1110 5172 1464 5247 dispositive,
1520 5190 1787 5248 quatenus

197 5243 731 5319 nimirumrcmovet
758 5243 1511 5319 virtutuminipet‘liiueutum,
1536 5243 1678 5319 quod
1706 5262 1789 5306 cst

193 5316 457 5383 superbia
492 5357 506 5381 ,
557 5317 843 5386 redditque
888 5316 1164 5372 hominem
1216 5321 1328 5374 Deo
1367 5316 1673 5383 subditum,
1724 5337 1787 5375 ac

190 5396 448 5459 paratum
480 5388 547 5440 ad
582 5387 698 5455 ejus
733 5389 921 5456 gratia:
964 5389 1226 5444 iulluxum
1272 5388 1663 5458 recipiendum,
1696 5393 1786 5459 qui

190 5456 586 5529 estrvirtutumr
603 5474 813 5524 semen,
838 5460 991 5527 origo
1017 5470 1071 5513 et
1098 5456 1460 5515 conservatio.
1497 5456 1791 5529 Utrumque

190 5526 441 5581 insinuat
468 5528 531 5581 D.
564 5528 820 5595 Jacobus,
844 5526 973 5583 dum
996 5530 1072 5584 ait
1099 5548 1113 5583 :
1145 5530 1285 5585 Deus
1310 5530 1544 5597 superbis
1572 5526 1786 5597 resistit,

192 5598 481 5670 humilibus
512 5608 685 5650 autem
726 5600 812 5651 dat
853 5602 1097 5670 gratiam.
1139 5600 1270 5655 Nam
1302 5601 1346 5655 si
1380 5601 1523 5655 Deus
1555 5600 1661 5653 illis
1707 5616 1793 5653 re-

190 5668 374 5730 SiSlil;
426 5685 533 5723 non
581 5685 713 5737 ergo
761 5668 868 5724 dat'
903 5671 1013 5725 illis
1056 5673 1305 5740 gratiam.
1356 5672 1585 5739 Impedit
1628 5671 1791 5737 igitur

188 5740 457 5807 superbia
502 5739 763 5793 iulluxum
812 5741 1006 5810 divina;
1062 5739 1277 5811 gratim,
1313 5751 1369 5796 et
1397 5750 1792 5809 consequenter

193 5814 469 5867 virtutum
497 5811 761 5879 studium,
792 5811 935 5881 quod
960 5813 1075 5874 sine
1102 5814 1303 5871 auxilio
1328 5816 1514 5883 gratia:
1541 5821 1791 5873 constare

1887 4960 2120 5023 dentibus
2168 4976 2330 5019 totum
2376 4960 2639 5035 eictorquet
2677 4968 2740 5018 de
2776 4960 2927 5018 manu
2974 4960 3236 5033 superbia.
3286 4960 3470 5028 Itaque

1885 5043 2015 5095 sicut
2045 5039 2219 5089 rhetor
2259 5036 2348 5087 ille
2376 5037 2744 5097 nobilissimus,
2772 5051 2889 5087 cum
2927 5036 3270 5101 interrogatus
3319 5039 3467 5101 esset,

1886 5109 2007 5180 quid
2044 5108 2090 5180 ei
2116 5107 2340 5175 primum
2376 5106 2635 5180 videretur
2658 5106 2710 5180 in
2753 5103 3057 5180 eloquentia:
3078 5100 3351 5180 praeceptis.
3373 5100 3463 5151 ob-

1887 5171 2080 5235 servari
2108 5171 2369 5245 oportere,
2394 5171 2861 5250 pronuntiationem
2900 5174 3092 5250 dicitur
3114 5171 3469 5250 respondisse;

1890 5265 2006 5305 cum
2041 5243 2351 5316 quereretur
2382 5246 2507 5314 quid
2542 5245 2795 5316 secundo,
2829 5243 3060 5296 eamdem
3089 5243 3467 5316 pronuntiatio-

1893 5312 2063 5386 nem,“
2090 5312 2415 5390 quitltertio,
2448 5316 2592 5390 nihil
2612 5315 2756 5390 aliud
2784 5329 2940 5383 quam
2973 5312 3473 5390 eamdcmpronun-

1896 5383 2155 5444 tiatione'm
2185 5388 2395 5442 dixisse.
2441 5387 2531 5443 Sic
2551 5388 2593 5460 si
2615 5387 2992 5460 interrogares,
3023 5392 3068 5460 et
3094 5383 3472 5460 quotiesjnter-

1893 5477 2101 5532 rogares
2140 5460 2205 5512 de
2244 5462 2528 5533 praeceptis
2552 5448 2859 5533 Christianae
2900 5448 3197 5533 religionis,
3228 5448 3362 5533 nihil
3391 5465 3471 5533 me

1893 5522 2037 5585 aliud
2068 5522 2395 5602 respondere.
2413 5522 2529 5582 nisi
2577 5527 2919 5581 humilitatem
2946 5522 3159 5590 liberet,
3190 5522 3286 5578 etsi
3336 5522 3467 5591 forte

1892 5604 1997 5656 alia
2018 5603 2186 5655 dicere
2207 5602 2477 5654 necessitas
2500 5607 2723 5669 cogeret.

1967 5675 1992 5703 °
2019 5673 2169 5726 Circa
2222 5670 2364 5724 hunc
2409 5664 2583 5724 locum
2614 5684 2720 5723 non
2745 5682 2987 5739 posmm,
3018 5664 3146 5737 quin
3180 5679 3275 5739 pro
3318 5677 3473 5717 coro-

1895 5745 2019 5798 uide
2050 5744 2206 5810 hujus
2242 5750 2501 5795 tractatus
2532 5741 2599 5797 de
2628 5736 2931 5810 humilitate
2956 5750 3008 5792 et
3032 5736 3301 5807 superbia,
3321 5748 3474 5810 prae-

1894 5822 1979 5871 t‘er
2025 5806 2171 5873 illam
2213 5815 2559 5885 partitionem
2602 5822 2660 5874 et
2702 5806 3140 5874 distributionem
3187 5806 3473 5891 duodecim
