4004 6198
631 3970 804 4070 nas;

620 289 725 347 ΠΒ

1171 291 1259 351 DE
1296 293 1775 357 C(ENOBIORUM
1812 292 2056 355 lN‘S’TlT.
2112 295 2240 355 Ll'B.
2281 298 2399 355 ΧΠ.
2424 298 2600 354 -ΒΕ
2655 295 2929 355 SPIRITU
2969 295 3354 356 SUPERBUE.

2343 212 2433 230 .‘A‘,

3762 306 3859 364 476

622 416 786 465 tatem
834 423 1017 465 veram
1047 410 1239 483 intimo
1280 411 1464 467 cordis
1494 413 1850 469 exbibeamus
1892 414 2202 483 aﬂ'ectu,in
2228 410 2523 479 Atametsi
2574 410 2838 480 injuriosa
2886 409 3033 479 sint,
3083 410 3167 465 vel
3216 411 3411 478 tristia,
3474 410 3556 468 vel
3592 412 3858 489 damnosa,

625 504 773 558 nullo
819 504 1026 559 scilicet
1078 498 1491 573 acquiescentes
1538 521 1633 560 eos
1690 509 2054 579 contristare,
2114 511 2200 564 vel

622 593 860 660 laedere;
903 595 1046 663 quod
1086 595 1397 649 nullatenus
1434 597 1731 664 poterimus
1782 599 2038 669 implere,
2095 602 2201 655 nisi

624 694 652 723 ι
673 687 1072 741 abrenuntiatio
1117 701 1267 752 vera,
1300 702 1423 756 quae
1451 686 1503 741 in
1534 690 1931 761 exspoliatione
1964 694 2202 748 omnium

623 779 943 834 facultatum
998 793 1061 832 ac
1117 778 1360 834 nuditate
1410 782 1699 849 consistit;
1752 784 1808 837 in
1837 785 1991 840 nobis
2040 784 2206 839 fuerit

620 870 823 926 Christi
855 884 1041 925 amore
1066 869 1318 936 fundata;
1346 871 1545 927 deinde
1572 874 1896 930 obedientiae
1917 876 2106 947 jugum
2148 885 2207 932 et

623 962 891 1031 subjectio
931 961 1163 1031 simplici
1201 962 1367 1018 corde
1406 978 1471 1019 ac
1501 967 1617 1021 sine
1648 967 1751 1020 ulla
1782 967 1944 1022 fuerit
1982 968 2203 1023 simula-

620 1052 767 1107 tione
797 1064 1081 1122 suscepta,
1132 1051 1203 1106 ita
1239 1061 1335 1120 ut,
1376 1063 1571 1124 praeter
1597 1057 1806 1111 abbatis
1850 1057 2161 1113 mandatum
2186 1104 2199 1128 ,

623 1144 770 1198 nulla
820 1143 1036 1213 penitus
1089 1145 1337 1199 voluntas
1390 1145 1532 1199 vivat
1584 1148 1633 1201 in
1667 1148 1845 1205 nobis.
1889 1149 2041 1215 Quod
2094 1165 2203 1205 non

624 1235 783 1291 aliter
810 1236 1088 1290 observari
1123 1236 1339 1305 poterit,
1373 1238 1475 1291 nisi
1507 1238 1574 1292 ab
1604 1254 1667 1293 eo
1692 1241 1779 1309 qui
1815 1257 1922 1294 non
1948 1241 2123 1295 solum
2147 1256 2206 1296 se

620 1336 897 1382 mortuum
923 1327 1046 1381 huic
1074 1327 1299 1393 mundo,
1334 1343 1517 1382 verum
1557 1328 1718 1383 etiam
1752 1329 2206 1403 insipientemju-

621 1417 884 1473 dicaverit
930 1434 991 1472 ac
1038 1420 1266 1473 stultum
1295 1461 1309 1485 ,
1364 1420 1617 1476 universa
1646 1438 1765 1492 qua:
1815 1422 1916 1476 sibi
1948 1424 2149 1479 fuerint
2175 1439 2208 1478 a

621 1512 931 1568 senioribus
959 1512 1242 1582 imperata,
1267 1514 1384 1568 sine
1408 1514 1513 1568 ulla
1544 1513 1883 1569 discussione
1898 1516 2205 1585 perficiens,

621 1602 1009 1661 1’sacrosancta
1039 1620 1103 1660 ea
1130 1604 1362 1660 credens
1393 1621 1455 1660 ac
1487 1607 1749 1661 divinitus
1772 1608 2134 1679 promulgata.

1149 1698 1382 1755 CAPUT
1421 1699 1662 1754 XXXIII.
2184 1690 2200 1702 λ

870 1792 1118 1847 Remedia
1145 1794 1392 1848 adversus
1422 1794 1654 1847 morbum
1682 1794 1953 1866 superbire.

696 1901 751 1939 in
772 1900 873 1955 qua
896 1886 1323 1941 consistentibus
1341 1887 1623 1956 qualitate,
1650 1886 2009 1957 proculdubio
2030 1895 2206 1944 status

624 1976 715 2032 ille
770 1976 1089 2031 humilitatis
1139 1992 1271 2032 vere
1322 1978 1648 2047 tranquillus
1686 1986 1850 2047 atque
1908 1979 2206 2034 immobilis

625 2071 1025 2141 subsequetur;
1057 2082 1078 2110 ε
1109 2080 1168 2126 ιιι
1216 2073 1578 2142 nosmetipsos
1625 2072 1912 2127 inferiores
1951 2073 2208 2129 omnibus

622 2164 959 2236 iudicantes,
1016 2165 1270 2222 universa
1302 2181 1421 2237 qua:
1460 2166 1618 2221 nobis
1667 2164 1873 2221 fuerint
1922 2166 2157 2236 irrogata
2185 2208 2202 2232 ,

2308 514 2584 572 tamquam
2616 517 2646 556 a
2675 500 3051 572 superioribus
3080 501 3283 555 nostris
3308 502 3481 568 illata,
3504 503 3861 572 patientissime

2306 595 2624 651 toleremus.
2679 590 2840 662 (Vide
2893 592 3129 659 exempla
3180 593 3322 662 apud
3359 591 3519 649 Joan.
3570 593 3859 666 Climacum,

2306 689 2474 761 gradu
2494 686 2732 758 quarto.)
2762 685 2893 752 Quae
2915 684 3133 755 quidem
3166 700 3195 739 a
3225 686 3381 741 nobis
3410 702 3517 743 non
3538 689 3704 747 solum
3734 691 3866 746 facil-

2306 784 2439 839 lime
2463 779 2874 844 tolerabuutur,
2907 792 3091 833 verum
3124 776 3288 833 etiam
3320 793 3485 850 parva
3508 780 3864 849 judicabantur

2308 888 2375 929 ac
2413 873 2599 939 nulla,
2633 872 2681 926 si
2726 879 2910 925 mente
2958 870 3159 939 jugiter
3202 869 3504 926 recolamus
3542 872 3627 928 vel
3677 871 3865 928 Domini

2309 966 2486 1022 nostri
2529 964 2615 1019 vel
2665 970 2978 1019 sanctorum
3008 964 3248 1022 omnium
3289 964 3597 1035 passiones,
3642 965 3868 1027 conside—

2310 1067 2495 1113 rantes
2521 1062 2673 1110 tanto
2700 1054 3000 1110 levioribus
3026 1069 3127 1110 nos
3153 1054 3367 1125 injuriis
3393 1057 3660 1124 attentari,
3684 1065 3868 1129 quanto

2310 1150 2530 1220 longius
2557 1165 2589 1204 a
2621 1147 2830 1203 meritis
2861 1163 3051 1203 eorum
3082 1158 3135 1203 et
3162 1150 3578 1205 conversatione
3600 1149 3869 1215 distamus;

2312 1243 2521 1314 pariter
2545 1241 2708 1297 etiam
2738 1241 3037 1310 cogitantes
3070 1240 3120 1295 in
3151 1240 3303 1295 brevi
3328 1256 3428 1295 nos
3453 1241 3522 1297 de
3553 1240 3653 1295 hoc
3691 1242 3871 1307 saeculo

2312 1337 2670 1405 migraturos,
2696 1347 2996 1401 eorumque
3019 1347 3120 1387 nos
3139 1333 3305 1387 celeri
3336 1332 3457 1388 vita:
3475 1334 3634 1402 hujus
3651 1333 3871 1399 finemox

2313 1425 2529 1481 futuros
2573 1440 2695 1480 esse
2748 1432 3056 1479 consortes.
3105 1424 3483 1496 Peremptoria
3536 1440 3764 1494 namque
3801 1436 3875 1482 est

2314 1519 2434 1575 haec
2448 1519 2861 1589 contemplatio,
2890 1532 2996 1571 non
3024 1516 3198 1573 solum
3221 1516 3511 1586 superbiae,
3532 1531 3714 1577 verum
3730 1517 3874 1575 etiam

2314 1613 2651 1683 generaliter
2665 1612 2910 1668 omnium
2932 1611 3210 1666 vitiorum.
3239 1611 3446 1671 Deinde
3468 1620 3593 1682 post
3619 1613 3729 1669 haec
3752 1612 3878 1667 hanc

2317 1705 2566 1762 eamdem
2598 1704 2954 1759 humilitatem
2983 1718 3111 1772 erga
3154 1702 3324 1758 Deum
3369 1702 3681 1760 firmissime
3715 1714 3879 1760 reten-

2208 1810 2213 1857 ι
2237 1812 2291 1872 Β
2317 1805 2515 1853 temus.
2546 1796 2701 1864 Quod
2728 1810 2760 1850 a
2790 1794 2947 1851 nobis
2975 1795 3048 1849 ita
3078 1794 3466 1863 complebitur,
3496 1802 3561 1850 ut
3600 1794 3730 1851 nihil
3768 1809 3879 1849 nos-

2318 1888 2581 1957 metipsos
2607 1886 2813 1956 absque
2840 1884 2990 1940 illius
3009 1884 3368 1956 opitulatione
3398 1883 3482 1939 vel
3508 1884 3713 1956 gratia,
3752 1882 3881 1953 quod

2320 1982 2388 2036 ad
2411 1982 2670 2035 virtutum
2703 1978 3229 2035 consummationem
3274 1978 3533 2047 pertinet,
3562 1992 3716 2047 posse
3742 1976 3883 2047 peril-

2319 2087 2445 2129 cere
2468 2086 2894 2141 cognoscamus;
2922 2070 3018 2126 sed
3043 2079 3100 2125 et
3117 2070 3221 2125 hoc
3242 2072 3417 2141 ipsum
3440 2070 3581 2139 quod
3601 2071 3883 2141 intelligere

2322 2167 2647 2233 meruimus,
2673 2165 2793 2234 ejus
2817 2178 2941 2220 esse
2964 2164 3230 2230 muneris,
3252 2162 3307 2217 in
3332 2164 3562 2219 veritate
3589 2162 3882 2218 credamus.

1705 2278 1961 2333 ALAllDl
2002 2277 2233 2333 ΟΑΖᾸΞῙ
2278 2274 2841 2334 COMMENTARIUS.

622 2373 885 2442 graduum
919 2373 1239 2428 humilitatis
1274 2388 1303 2426 a
1347 2372 1410 2426 D.
1434 2370 1729 2426 Benedicto
1760 2372 2084 2441 assignatam
2105 2414 2118 2435 ,
2150 2370 2207 2425 et

622 2445 677 2499 in
705 2446 844 2497 scala
872 2445 1112 2510 ejusdem
1153 2445 1400 2513 superius
1430 2444 1879 2513 demonstratam,
1914 2442 2048 2496 alias
2074 2444 2204 2496 item

623 2513 760 2568 duas
809 2515 1188 2570 distinctiones
1225 2512 1287 2570 et
1335 2514 1631 2567 divisiones
1668 2512 1927 2581 graduum
1960 2512 2204 2580 ejusdem

624 2584 841 2656 virtutis
884 2585 971 2640 hic
999 2587 1244 2656 adjiciam
1280 2601 1293 2639 :
1324 2599 1563 2656 quarum
1581 2584 1734 2653 prior
1764 2594 1844 2637 est
1871 2582 2077 2637 Glossa!
2113 2598 2206 2656 Aor-

624 2654 852 2710 dinaria:
882 2657 947 2710 ad
981 2654 1107 2712 illud
1138 2657 1371 2709 Matthaei
1395 2670 1451 2709 Ill
1483 2672 1495 2707 :
1529 2654 1617 2710 Sic
1644 2656 1777 2707 enim
1810 2656 1947 2706 decet
1971 2662 2064 2706 nos
2103 2654 2203 2706 im-

623 2726 765 2851 Elere
803 2744 1001 2780 omnem
1032 2729 1309 2799 justitiam.
1345 2726 1613 2791 Perfecta,
1645 2726 1741 2789 ait.
1778 2725 2050 2779 bumililas
2093 2735 2205 2779 tres

666 2798 788 2851 abet
810 2798 1010 2851 aradus
1042 2818 1054 2851 :
1088 2799 1292 2851 uriinus
1313 2805 1396 2851 est
1422 2798 1656 2851 subdere
1687 2811 1745 2851 se
1776 2796 1989 2851 maiori.
2014 2804 2070 2850 et
2099 2812 2204 2849 non

666 2798 788 2868 abet
810 2798 1010 2867 gradus
1033 2796 1054 2853 ἐ
1088 2799 1292 2868 primus
1313 2805 1396 2854 est
1422 2798 1656 2851 subdere
1687 2811 1745 2851 se
1776 2796 1989 2865 majori,
2011 2804 2070 2868 et
2099 2812 2204 2849 non

622 2867 885 2940 prmferre
907 2885 965 2924 se
1002 2867 1213 2940 inquali,
1246 2870 1338 2939 qui
1367 2879 1450 2924 est
1479 2869 1786 2931 sufficiens;
1823 2867 2090 2922 Secundus
2122 2878 2209 2921 est

623 2939 857 2993 subdere
907 2956 965 2994 se
996 2939 1212 3009 aequali,
1248 2956 1345 2994 nec
1389 2940 1646 3008 praeferre
1674 2954 1733 2992 se
1765 2940 1957 2991 minori
1986 2981 2000 3003 ,
2035 2943 2091 2991 et
2122 2940 2209 2992 lilc

627 3009 828 3064 dicitur
859 3011 1170 3076 abundans;
1221 3011 1411 3065 tertius
1458 3011 1657 3079 gradus
1697 3015 1780 3061 est
1834 3010 2100 3076 subjicere
2148 3024 2207 3061 se

626 3081 861 3145 minori,
899 3081 951 3133 in
980 3098 1085 3146 quo
1114 3091 1198 3134 est
1246 3082 1422 3135 omnis
1446 3082 1677 3149 ju~titia.
1708 3080 1890 3133 Altera
1933 3079 2207 3149 distinctio

625 3158 715 3203 est
747 3151 805 3203 D.
836 3151 1074 3204 Anselmi
1108 3154 1161 3205 in
1196 3153 1332 3205 libro
1363 3153 1430 3205 de
1454 3148 1914 3204 Similitudinibus
1941 3148 2101 3219 (Cap.
2138 3148 2206 3204 99

628 3228 678 3273 et
724 3221 883 3288 seq.),
926 3222 1017 3273 ubi
1072 3204 1321 3274 numerat
1372 3231 1578 3287 septem
1610 3204 2205 3286 humilitatis‘gradus,
2237 3204 2284 3265 C

627 3303 768 3357 quos
826 3289 1022 3343 ibidem
1071 3291 1190 3344 fuse
1252 3291 1508 3358 explicat.
1568 3291 1777 3344 Primus
1841 3300 1922 3343 est
1975 3290 2213 3357 cognitio

627 3359 733 3422 sui,
766 3359 1019 3431 nimirum
1049 3361 1223 3431 quoad
1257 3370 1473 3430 peccata
1507 3370 1561 3415 et
1587 3361 1835 3431 defectus
1878 3359 2212 3431 culpabiles;

628 3429 925 3502 secundus,
958 3429 1113 3486 dolor
1142 3432 1211 3485 de
1255 3429 1366 3486 Suis
1396 3433 1630 3502 peccatis
1659 3440 1712 3502 et
1744 3429 2076 3483 defectibus:
2109 3436 2216 3484 ter-

628 3501 761 3564 tius,
809 3503 1086 3557 confessio
1108 3501 1418 3556 earumdem
1452 3511 1561 3556 tum
1589 3502 1640 3555 in
1672 3501 2023 3555 Sacramenta
2048 3542 2062 3563 ,
2098 3508 2209 3554 tum

629 3571 782 3637 alibi,
817 3586 937 3625 cum
969 3576 1107 3627 ratio
1138 3574 1405 3641 posmlat;
1434 3583 1686 3642 quartus,
1718 3580 1774 3625 ut
1805 3586 1910 3624 non
1940 3571 2111 3624 solum
2136 3570 2218 3624 fa-

628 3648 843 3697 teamur
871 3658 969 3697 nos
1003 3659 1286 3712 peccasse,
1320 3644 1413 3700 sed
1437 3645 1488 3698 id
1520 3643 1641 3697 aliis
1672 3642 2095 3712 persuadeamus
2121 3684 2134 3707 ,
2164 3651 2221 3696 et

628 3715 859 3769 velimus
888 3716 1069 3781 credi;
1104 3716 1347 3783 quintus,
1381 3723 1439 3769 ut
1470 3717 1741 3784 patienter
1770 3715 2138 3784 sustineamus
2165 3712 2219 3767 id

631 3784 699 3837 de
729 3786 887 3840 nobis
917 3787 1059 3849 dici;
1093 3797 1287 3842 sextus
1307 3830 1320 3851 ,
1350 3783 1619 3857 patienter
1649 3784 1794 3839 ferre
1837 3798 1896 3838 se
1939 3800 2033 3853 pro
2062 3783 2218 3857 culpa

523 3910 540 3938 λ
632 3868 730 3938 sua
760 3861 1115 3926 contemptim
1170 3854 1389 3938 tractari
1422 3858 1507 3938 vel
1539 3858 1746 3938 puniri;
1798 3856 2090 3938 septimus,
2122 3854 2224 3937 hoc

634 3926 797 3997 etiam
831 3924 1052 3994 optare,
1078 3937 1136 3982 et
1159 3930 1225 3981 de
1251 3944 1318 3982 eo
1343 3924 1597 3997 gaudere.
1632 3929 1799 3982 Porro
1821 3942 1890 3979 ex
1926 3924 2006 3979 his
2048 3927 2225 3979 humi-

845 3998 1105 4065 gradibus
1136 4012 1244 4051 non
1275 4009 1357 4051 est
1393 3999 1618 4051 difﬁcile
1644 3998 1948 4051 contrarios
1978 4004 2029 4049 et
2054 4010 2223 4063 oppo-

636 4064 777 4119 sitos
810 4064 1080 4139 superbiae
1114 4068 1322 4137 gradus
1350 4068 1606 4135 colligere
1627 4075 1681 4122 et
1705 4075 1974 4131 statuere;
2003 4065 2224 4121 inverso

2317 2371 2579 2447 nimirum
2634 2370 2824 2424 ordine
2872 2369 3218 2447 procedendo
3248 2410 3263 2435 ,
3312 2377 3371 2424 ut
3394 2369 3604 2447 primus
3643 2369 3885 2447 superbire

2319 2443 2517 2509 gradus
2546 2450 2833 2495 censeatur
2863 2442 2952 2509 qui
2984 2441 3274 2511 opponitur
3304 2441 3539 2510 septimo
3572 2448 3626 2495 et
3652 2441 3883 2510 Supremo

2316 2513 2509 2582 gradui
2543 2512 2885 2582 humilitatis.
2916 2520 2969 2564 et
2992 2513 3069 2565 sic
3098 2519 3518 2582 consequenter.

2394 2591 2420 2618 α
2453 2583 2525 2636 De
2575 2580 3052 2636 abrenuntiatione
3094 2591 3147 2635 et
3201 2581 3370 2635 tribus
3418 2580 3887 2635 abrenuntiationis

2315 2653 2609 2721 generibus
2637 2653 2811 2721 agitur
2834 2652 2990 2720 plene
3018 2652 3301 2709 collatione
3332 2652 3489 2705 tertia
3516 2666 3639 2722 cap.
3660 2650 3884 2722 Setseq.

2391 2722 2419 2761 δ
2455 2720 2685 2797 [Egimus
2705 2724 2866 2778 etiam
2900 2723 3305 2797 hac_de_re_alio
3335 2724 3454 2776 loco
3482 2720 3629 2797 μήὸ.
3653 2720 3744 2797 iv).

2395 2804 2417 2831 ο
2446 2793 2639 2848 Glossa
2689 2808 2853 2861 super
2898 2795 3024 2847 illud
3056 2793 3290 2863 Philipp.
3341 2808 3424 2847 tt:
3470 2791 3776 2862 Superiores
3804 2791 3886 2846 sibi

2317 2864 2535 2918 invicem
2582 2864 2892 2917 arbitrantes
2938 2864 3094 2921 :Non
3122 2864 3245 2930 hoc,
3299 2864 3502 2933 inquit,
3554 2865 3627 2918 ita
3656 2864 3889 2919 debemus

2318 2936 2615 2999 aestimare,
2652 2944 2709 2990 ut
2738 2948 2835 2990 nos
2857 2936 3126 2989 aestimare
3154 2935 3418 3004 fingamus
3439 2976 3452 2998 ,
3483 2936 3588 2988 sed
3615 2949 3737 2989 vere
3767 2933 3889 2988 aesti-

2318 3019 2536 3060 memus
2584 3020 2749 3077 posse
2800 3021 2921 3060 esse
2963 3005 3164 3077 aliquid
3213 3007 3481 3059 occultum
3528 3005 3590 3059 in
3623 3006 3756 3073 alio,
3800 3018 3888 3077 quo

2318 3077 2479 3129 nobis
2511 3075 2759 3147 superior
2780 3079 2871 3144 sit,
2896 3077 3110 3131 etiamsi
3139 3076 3338 3131 bonum
3375 3086 3626 3129 nostrum
3650 3121 3661 3145 ,
3690 3075 3888 3147 quoillo

2319 3143 2596 3202 videmur'
2624 3147 2931 3217 superiores
2986 3162 3109 3202 esse
3135 3190 3149 3213 ,
3192 3163 3315 3217 non
3368 3147 3435 3200 sit
3465 3143 3739 3201 occultum
3776 3143 3891 3217 (Est

2316 3218 2533 3289 August.
2567 3219 2656 3271 lib.
2693 3215 2924 3283 sxum,
2957 3235 3007 3287 q.
3035 3217 3147 3289 71).
3173 3216 3602 3288 Chrysostomtis
3630 3216 3804 3272 homil.
3833 3215 3892 3268 55

2319 3288 2374 3342 ἱη
2394 3290 2647 3343 Genesim
2675 3306 2687 3340 :
2723 3289 2844 3341 Non
2870 3290 2943 3342 eis
2965 3288 3181 3351 tantum,
3208 3289 3294 3355 qui
3321 3298 3467 3342 ρειαιε
3489 3289 3645 3342 nobis
3666 3296 3778 3341 sunt
3800 3302 3893 3339 ma-

2310 3361 2476 3431 jores,
2532 3360 2612 3431 vel
2642 3360 2795 3412 etiam
2823 3360 3083 3431 aequales,
3129 3359 3374 3413 honorem
3418 3358 3783 3422 exhibeamas;
3808 3373 3893 3409 non

2319 3429 2396 3484 est
2425 3431 2559 3483 enim
2582 3429 2869 3495 humilitas,
2895 3430 3032 3499 quod
3058 3435 3225 3498 facere
3251 3432 3399 3484 debes
3425 3432 3732 3484 necessitate
3760 3442 3895 3482 :rera

2320 3511 2491 3553 autem
2527 3511 2623 3563 est,
2653 3500 2867 3571 quando
2898 3501 3130 3553 cedimus
3156 3501 3219 3571 iis
3245 3503 3333 3569 qui
3362 3500 3505 3553 nobis
3537 3501 3776 3554 videntur
3805 3512 3895 3550 esse

2321 3573 2566 3633 minores.
2593 3582 2641 3624 et
2666 3570 2752 3624 eos
2791 3586 3095 3624 veneramur
3118 3570 3206 3641 qui
3228 3572 3373 3624 nobis
3402 3572 3645 3624 videntur
3671 3586 3773 3623 esse
3801 3585 3897 3641 ina-

2324 3643 2403 3715 gis
2430 3642 2647 3715 indigni
2675 3658 2830 3711 quam
2861 3657 2975 3715 nos.
3009 3636 3155 3706 Quod
3184 3644 3237 3715 si
3266 3650 3401 3715 recte
3424 3642 3697 3715 sapimus,
3744 3636 3895 3715 nullos

2328 3708 2482 3766 Etiam
2530 3708 2809 3767 nobis'esse
2832 3713 3053 3766 minores
3082 3713 3464 3774 arbitrabimur,
3488 3708 3591 3764 sed
3617 3728 3707 3765 nos
3735 3708 3896 3763 euelli

2327 3784 2391 3836 ab
2434 3784 2667 3836 omnibus
2708 3782 3003 3837 hominibus
3047 3783 3296 3841 dicemus.
3337 3782 3404 3836 Et
3432 3782 3526 3835 hoc
3561 3784 3679 3835 dico
3710 3798 3804 3834 non
3848 3779 3900 3829 de

2324 3854 2495 3919 nobis,
2520 3855 2606 3917 qui
2630 3855 2909 3907 innumeris
2930 3854 3155 3907 immersi
3170 3870 3347 3907 sumus
3370 3855 3626 3921 peccatis;
3651 3852 3737 3907 sed
3762 3851 3897 3903 etiam

2326 3926 2371 3979 si
2398 3928 2509 3990 quis
2555 3924 2652 3978 sibi
2684 3925 3023 3992 plurimorum
3067 3924 3188 3978 bene
3218 3934 3481 3994 gestorum
3528 3924 3766 3977 conscius
3809 3923 3897 3994 sit,

2324 3997 2428 4049 nisi
2457 3997 2597 4063 apud
2625 3991 2882 4049 se'sentiat
2910 3994 3050 4066 quod
3073 3991 3305 4066 omnium
3333 3995 3398 4048 sit
3420 4005 3750 4066 postremus.
3773 3991 3902 4043 nulla

2328 4069 2375 4121 ei
2406 4062 2586 4137 futura
2615 4067 2813 4121 utilitas
2837 4062 3000 4121 estea;
3024 4065 3255 4120 omnibus
3277 4066 3383 4120 suis
3410 4062 3557 4120 bonis
3582 4062 3839 4135 aperibus.
