4014 6200
107 238 208 296 εει

879 222 1220 286 COLLATIO
1253 225 1298 282 l.
1326 250 1396 267 ι·-
1418 218 1511 281 DE
1547 222 1858 283 MONACHI
1895 223 2315 283 ῙΝἸῈΝΤΙΟΝΕ
2351 225 2442 284 AC
2477 226 2658 284 FINE.

3282 237 3397 296 ιεε

107 368 238 410 sane
262 351 515 408 volumus
544 353 672 406 ante
708 348 887 404 omnia
915 389 931 416 ,
966 355 1074 402 tam
1116 346 1303 402 barum
1346 345 1701 402 collationum
1727 355 1781 410 Α
1804 345 2107 412 constituti,
2138 355 2300 417 atque
2329 348 2396 403 ab
2426 348 2804 405 universorum
2833 352 3140 409 mortalium
3169 366 3393 414 consor-

105 462 266 516 quam
344 444 684 512 superiorum
751 440 1086 495 voluminum
1144 440 1513 508 prmmonitum
1580 452 1703 493 csse

100 538 395 605 lectorem,
425 546 484 590 ut
509 538 555 591 si
585 550 685 605 qua
712 533 850 589 forte
877 534 931 588 in
960 533 1047 587 bis
1075 547 1174 601 pro
1196 539 1363 585 status
1387 531 1468 584 sui
1496 538 1549 585 et
1578 545 1703 600 pro-

102 630 271 697 positi
308 627 601 695 qualitate,
633 628 749 681 sive
779 638 879 695 pro
908 639 1008 679 usu
1039 632 1095 676 et
1123 623 1532 677 conversatione
1558 636 1705 677 com-

101 724 285 791 muni,
321 722 408 775 vel
440 719 793 789 impossibilia
821 717 1091 787 putaverit
1121 730 1264 784 esse,
1300 717 1382 769 vel
1413 714 1569 781 dura,
1597 730 1704 769 non

100 831 172 869 ea
202 813 502 870 secundum
532 826 640 866 sua?
666 809 937 864 facultatis
965 807 1244 862 modulum
1271 846 1287 873 ,
1321 815 1349 845 ι
1376 805 1471 860 sed
1513 820 1710 860 secun-

100 907 241 960 dum
275 906 587 975 dignitatem
618 911 672 957 et
701 900 1089 971 perfectionem
1140 897 1478 969 loquentium
1521 897 1712 951 metia-

100 1010 222 1067 tur,
257 1012 482 1068 quorum
514 999 662 1065 prius
693 993 926 1047 studium
966 1003 1126 1061 atque
1164 991 1500 1059 propositum
1533 999 1710 1045 mente

100 1088 414 1157 concipiat,
441 1102 549 1158 quo
580 1101 707 1141 vere
735 1086 931 1139 mortui
962 1084 1089 1138 huic
1118 1082 1522 1137 conversationi
1555 1097 1713 1135 mun-

99 1183 267 1235 dante
312 1180 474 1234 nullis
522 1177 798 1233 affectibus
852 1186 1138 1246 parentum
1173 1174 1472 1229 carnalium
1499 1214 1515 1239 ,
1549 1172 1711 1227 nullis

96 1283 332 1327 actuum
365 1269 699 1326 saecularium
729 1268 957 1323 nexibus
980 1268 1309 1337 obligantur.
1339 1266 1544 1321 Deinde
1568 1265 1715 1320 loco-

96 1382 234 1421 rum
284 1380 491 1435 quoque
538 1364 589 1419 in
640 1363 838 1433 quibus
881 1370 1325 1425 commorantur,
1366 1359 1716 1414 considerent

95 1456 430 1528 qualitatem
475 1471 579 1527 qua
628 1454 738 1529 [Αι.
768 1451 916 1524 quia]
960 1454 1011 1507 in
1063 1451 1355 1507 solitudine
1403 1449 1714 1504 vastissima

1807 441 1881 495 tio
1926 440 2196 509 separati,
2240 449 2294 494 et
2338 455 2436 509 per
2484 441 2586 495 hoc
2647 442 3093 501 illuminatiOnem
3142 462 3394 504 sensuum

1806 532 2173 602 possidentes,
2197 534 2629 601 contemplantur
2650 536 2733 590 vel
2762 538 3155 608 proloquuntur
3184 556 3245 595 ea
3277 558 3398 612 qua:

1807 622 2105 692 inexpertis
2135 632 2295 692 atque
2323 624 2607 680 ineruditis
2634 641 2732 696 pro
2760 630 3072 686 conditione
3099 642 3154 688 et
3196 636 3401 690 medio-

1808 718 2003 773 critate
2030 718 2443 773 consuetudinis
2473 733 2584 773 suae
2612 717 2963 791 impossibilia
2998 724 3221 780 forsitan
3248 728 3404 785 vide-

1804 808 2028 866 buntur.
2073 808 2151 863 De
2201 809 2396 877 quibus
2445 816 2622 864 tamen
2671 809 2718 864 si
2768 812 2889 880 quis
2932 813 3164 869 voluerit
3218 831 3402 870 veram

1810 899 2054 970 proferre
2082 900 2402 955 sententiam
2421 941 2436 964 ,
2467 909 2523 956 et
2548 910 2730 956 utrum
2759 903 2966 970 impleri
2997 914 3227 973 queant,
3259 906 3403 960 desi-

1811 993 1964 1048 derat
2018 992 2292 1062 experiri,
2346 992 2564 1048 festinet
2626 995 2777 1064 prius
2833 1009 3021 1050 eorum
3065 1000 3404 1068 propositum

1814 1084 1977 1139 simili
2035 1084 2218 1139 studio
2265 1093 2320 1139 et
2361 1087 2773 1141 conversatione
2811 1088 3126 1157 suscipere,
3178 1098 3235 1144 et
3277 1099 3406 1145 tunc

1813 1174 2026 1229 demum
2048 1190 2109 1230 ea
2133 1191 2253 1245 quae
2277 1191 2437 1246 supra
2460 1176 2773 1231 facultatem
2802 1178 3036 1233 hominis
3058 1179 3401 1248 videbantur,

1814 1280 1919 1320 non
1943 1265 2113 1320 solum
2140 1266 2432 1335 possibilia,
2469 1282 2652 1322 verum
2680 1270 2844 1324 etiam
2872 1271 3188 1325 suavissima
3209 1271 3403 1340 depre-

1814 1356 2034 1413 hendet.
2088 1357 2192 1412 Sed
2226 1372 2367 1413 nunc
2387 1359 2498 1429 jam
2529 1359 2595 1415 ad
2618 1361 2935 1418 collationes
2955 1377 3140 1419 eorum
3168 1373 3223 1420 et
3248 1365 3404 1421 insti-

1814 1456 1928 1502 tuta
1961 1463 2331 1519 properemus.

1182 1561 1438 1617 ALARDI
1476 1559 1711 1617 ῦΑΖιΕΙ
1747 1559 2311 1617 COMMENTARIUS.

95 1658 357 1715 Grmcam
390 1659 630 1728 linguam
669 1655 838 1711 fuisse
874 1667 1189 1728 conversos.
1234 1651 1363 1706 Nam
1395 1659 1449 1706 et
1482 1652 1533 1705 in
1566 1650 1707 1728 Vati-
1739 1654 1788 1715 Β
1816 1651 1935 1728 illos
1976 1651 2127 1728 miris
2158 1652 2406 1728 laudibus
2436 1653 2705 1728 extollens
2736 1655 2948 1728 :rNihil
2966 1697 2995 1728 ,ι
3014 1657 3183 1728 inquit
3207 1702 3221 1726 ,
3252 1658 3315 1712 de
3339 1660 3406 1714 iis

94 1745 248 1784 cana
277 1723 609 1783 bibliotheca
640 1727 957 1781 collationes
985 1725 1190 1793 aliquot
1209 1733 1263 1779 et
1290 1732 1410 1776 octo
1440 1723 1704 1790 posterio-

94 1817 197 1856 res
234 1800 639 1855 Institutionum
684 1798 851 1852 libros
892 1798 943 1850 in
988 1796 1230 1850 Graacum
1274 1807 1569 1847 conversos
1605 1807 1704 1846 ex-

94 1884 257 1927 stare
280 1870 773 1925 scribitCiaconius
790 1868 882 1939 (In
902 1884 995 1921 sua
1021 1864 1274 1939 praefat),
1294 1863 1386 1917 sed
1411 1879 1502 1939 eos
1527 1863 1703 1939 potius

94 1944 149 1996 in
210 1941 597 2010 compendium
646 1934 891 2010 redactos
937 1934 1109 2010 quam,
1133 1934 1353 2010 integre
1411 1934 1698 2010 redditos:

95 2006 413 2082 cujusmodi
469 2012 664 2080 legisse
710 2009 917 2082 videtur
963 2007 1213 2071 Photius,
1255 2006 1342 2077 qui
1377 2008 1703 2082 non_p_|ures

96 2074 270 2153 quam
293 2084 429 2153 duas
453 2074 547 2135 aut
573 2092 682 2153 tres
700 2080 1019 2135 Collationes
1039 2074 1430 2132 commemorat
1460 2074 1703 2147 (Photius

101 2151 149 2207 ἐ.
188 2154 296 2208 177
324 2151 621 2220 Biblioth.).

177 2233 206 2259 ³·
268 2224 403 2278 tluic
450 2218 585 2277 loco
616 2221 896 2290 aptissime
948 2230 1215 2275 consonat
1266 2220 1327 2273 D.
1370 2218 1705 2288 Augustinus

98 2294 206 2349 lib.
240 2310 257 2348 ι
288 2294 357 2349 de
384 2294 622 2347 Moribus
650 2293 904 2347 Ecclesiae
930 2306 1052 2362 cap.
1087 2291 1150 2345 5i
1174 2332 1189 2358 ,
1221 2291 1309 2345 ubi
1341 2292 1701 2345 anachoretas

1811 1723 1983 1774 dicam
2013 1724 2101 1792 qui
2131 1724 2456 1795 secre‘tissimi
2481 1727 2686 1795 penitus
2726 1727 2788 1780 ab
2816 1716 3246 1783 omnivhoniinum
3275 1747 3405 1783 con-

1808 1803 2003 1865 spectu,
2036 1810 2172 1859 pane
2198 1793 2309 1846 solo
2335 1802 2380 1846 et
2408 1793 2542 1863 aqua
2571 1800 2816 1865 contenti,
2848 1800 3221 1853 desertissima:
3244 1810 3405 1855 terras

1810 1863 2063 1937 incolunt,
2091 1866 2410 1934 perfruentes
2437 1869 2687 1936 colloquio
2711 1863 2808 1921 Dei
2828 1911 2841 1935 ,
2872 1872 2955 1923 cui
2982 1873 3124 1937 puris
3154 1873 3407 1926 mentibus

1809 1934 2153 2011 inhaeserant,
2184 1945 2231 1988 et
2243 1939 2370 2011 ejus
2395 1934 2800 2011 pulchritudinis
2827 1934 3255 2011 contentplatione
3280 1942 3403 1995 bea-

1810 2006 2170 2083 tissin_1_i,-quw
2200 2006 2303 2083 nisi
2326 2020 2628 2062 sanctorum
2654 2009 2919 2083 intellectu
2960 2006 3152 2083 percipi
3182 2029 3283 2065 non
3314 2029 3408 2079 po-

1811 2085 1923 2151 test.
1951 2077 2016 2130 Et
2039 2077 2173 2131 infra
2208 2096 2220 2130 :
2258 2076 2369 2131 Hoc
2391 2087 2498 2151 tam
2524 2081 2775 2151 excellens
2799 2076 3067 2151 fastigium
3093 2076 3400 2147 sanctitatis,

1809 2148 1895 2200 cui
1926 2162 2028 2219 non
2051 2164 2149 2201 sua
2180 2158 2359 2219 sponte
2389 2150 2684 2202 mirandum
2721 2162 2765 2203 et
2796 2148 3148 2204 honorandum
3174 2152 3400 2218 videtur,

1811 2218 2043 2273 oratione
2064 2218 2243 2274 nostra
2270 2220 2428 2275 videri
2448 2220 2537 2291 qui
2559 2222 2766 2289 potest?

98 2429 3375 2454 ΨΜ

1062 2536 1844 2648 οοιιΑΤιο
1918 2541 2496 2687 PRIMA,

1203 2706 1359 2780 Quas
1392 2710 1488 2767 est
1516 2704 1728 2784 prima
1755 2705 2007 2767 abbatis
2044 2707 2309 2787 Moysis.

1205 2856 1292 2907 DE
1324 2854 1610 2908 MONACHI
1640 2852 2027 2906 INTENTIONE
2058 2854 2140 2907 AC
2172 2854 2337 2907 FINE.

618 3103 845 3162 CAPUT
895 3104 1181 3162 PRIMUM.

100 3207 181 3262 De
228 3202 547 3258 habitatione
586 3199 790 3272 Scythi,
835 3209 885 3254 et
928 3201 1191 3271 proposito
1239 3199 1438 3254 abbatis
1483 3198 1705 3271 Moysis.

169 3299 317 3354 Cum
346 3307 371 3334 ει
401 3296 456 3352 in
485 3309 671 3351 eremo
700 3293 921 3365 Scytbi,
958 3294 1051 3349 ubi
1093 3293 1483 3349 monachorum
1517 3294 1711 3363 proba-

1726 3105 1772 3170 C
1804 3103 1995 3161 tissimi
2028 3114 2209 3175 patres
2233 3145 2251 3173 ,
2299 3112 2355 3161 et
2389 3101 2419 3145 δ
2446 3104 2688 3164 omnium
2731 3117 3044 3167 sanctorum
3091 3112 3408 3171 morabatur

1813 3199 2097 3269 perfectio,
2133 3199 2381 3255 abbatem
2414 3209 2436 3238 ε
2470 3200 2723 3273 Moysen,
2760 3205 2847 3274 qui
2873 3206 3090 3261 suavius
3118 3209 3261 3264 inter
3283 3210 3408 3265 illos

1816 3294 2060 3364 egregios
2101 3293 2264 3352 ﬂores
2310 3290 2337 3332 ἀ
2393 3309 2499 3352 non
2537 3297 2713 3353 solum
2756 3300 2975 3366 actuali,
3008 3314 3195 3357 verum
3240 3303 3405 3358 etiam

1166 3431 1427 3488 ΑΕΔΗῡί
1466 3431 1695 3489 ΟᾹΖᾸΕΙ
1735 3430 2305 3491 COMMENTARIUS.

174 3540 202 3568 ι
265 3529 348 3584 tta
396 3527 751 3597 manuscripti
805 3524 1072 3597 plerique.
1124 3526 1197 3581 At
1246 3527 1307 3581 D.
1350 3526 1623 3597 Antonius,
1656 3533 1712 3581 et

100 3602 280 3658 editio
313 3596 691 3665 Basileensis,’
719 3607 774 3651 et
815 3599 906 3651 alii
950 3614 962 3649 :
1011 3596 1077 3650 In
1106 3613 1275 3651 eremo
1305 3597 1554 3666 Scythiae.
1588 3596 1710 3651 Fuit

102 3674 223 3728 haec
265 3686 517 3737 eremus,
562 3679 619 3723 ut
648 3668 777 3722 alibi
811 3668 1012 3739 dictum
1054 3676 1157 3731 est,
1199 3668 1251 3739 in
1285 3668 1521 3739 Egypto
1556 3668 1707 3739 justa

99 3745 350 3799 Mat-eam
382 3742 583 3805 lacum,
619 3753 809 3809 magna
838 3740 937 3795 SS.
982 3737 1197 3793 Patrum
1228 3737 1529 3808 frequentia
1559 3738 1711 3793 nobi-

100 3816 302 3880 litata,
337 3814 633 3881 eademque
670 3810 819 3864 varie
858 3821 1186 3881 nuncupata.
1224 3810 1368 3881 ANam
1417 3823 1471 3863 et
1508 3811 1704 3878 Scetis,

97 3886 319 3942 Sectica
342 3925 358 3947 ,
388 3879 607 3938 Scetina
629 3922 645 3946 ,
679 3880 921 3952 Scetiaca
948 3923 963 3945 ,
995 3892 1046 3933 et
1089 3879 1363 3952 Scythica,
1395 3881 1707 3952 Scytliiaca,

98 3954 446 4024 Scythiotica
476 3951 1065 4024 inscribiturlSocrat.
1089 3950 1186 4024 lib.
1220 3968 1273 4024 tv
1306 3951 1441 4005 Hist.
1473 3950 1517 4004 'c.
1553 3950 1631 4018 8).

174 4021 202 4066 ὃ
262 4025 551 4079 Ciaconius
587 4032 642 4078 et
679 4023 768 4076 alii
810 4021 995 4092 legunt
1029 4039 1040 4074 :
1076 4021 1257 4076 Omnis
1297 4024 1711 4076 commorabatur

169 4098 388 4151 rfectio.

101 4102 415 4221 “fertilis
454 4166 655 4220 Mosen.
709 4164 842 4218 Cum
894 4173 1071 4218 autem
1117 4172 1224 4218 tres
1270 4163 1430 4233 hujus
1476 4162 1708 4218 nominis

97 4238 462 4295 anachoreta:
490 4236 772 4289 sanctitate
803 4235 1043 4289 celebres
1072 4244 1462 4299 memorentur,
1495 4245 1550 4288 ut
1575 4234 1708 4287 alias

97 4309 433 4377 monuimus
458 4306 595 4373 (Lib.
619 4323 648 4359 χ
675 4304 852 4358 Instit.
878 4322 929 4377 c.
949 4305 1096 4375 ηιμ),
1126 4305 1357 4377 Libycus
1386 4306 1475 4377 ille
1505 4305 1593 4373 qui
1624 4318 1709 4377 so-

100 4384 190 4436 lus
246 4376 519 4432 Cassiano
561 4387 862 4430 coartaneus
914 4374 1059 4443 fuit,
1093 4374 1313 4431 omnino
1360 4376 1572 4428 videtur
1623 4374 1709 4429 hic

97 4453 431 4519 designatus
458 4464 472 4499 :
501 4448 652 4517 cujus
682 4448 843 4519 etiam
873 4447 1074 4517 Moysis
1100 4457 1165 4519 et
1191 4447 1419 4519 gemina:
1458 4445 1709 4519 collatio.

99 4527 190 4578 nis
220 4516 356 4575 cum
388 4516 576 4574 eodem
611 4518 807 4572 habita:
836 4516 1081 4571 meminit
1108 4516 1336 4570 Photins
1366 4516 1419 4569 in
1452 4516 1709 4569 Cassiano

101 4596 191 4649 bis
222 4589 411 4646 verbis
444 4587 555 4657 (Ea:
582 4590 813 4641 versione
845 4586 911 4640 P.
956 4588 1180 4641 Andreae
1202 4586 1396 4653 Scotti)
1423 4603 1435 4639 :
1475 4584 1711 4639 Tertium

102 4667 184 4718 his
218 4664 536 4731 adjunctum
565 4660 797 4713 libellum
821 4658 1041 4731 legimus
1060 4674 1253 4731 ,7quem
1276 4674 1308 4731 a
1341 4657 1568 4731 Castoris
1598 4657 1706 4731 epi-

100 4729 457 4807 scopintorte
483 4732 745 4807 inscripsit
770 4729 913 4807 illius
937 4730 1149 4807 coenobii
1183 4729 1522 4807 moderatori,
1559 4729 1709 4807 cuius

102 4797 327 4859 caeriobii
350 4818 509 4854 causa
535 4811 584 4853 et
617 4799 830 4869 Regula:
853 4799 957 4854 illte
987 4801 1128 4868 prius
1156 4800 1326 4852 missa:
1347 4799 1575 4868 fuerunt.
1606 4797 1707 4864 Qui

100 4876 318 4946 quidem
349 4872 555 4946 libellus
583 4872 669 4946 iis,
700 4887 824 4946 quos
844 4871 963 4946 jam
986 4871 1430 4946 enumerabimus,
1464 4870 1709 4946 assimilis

100 4941 199 4999 est.
251 4945 418 4997 Docet
458 4944 591 4996 enim
621 4943 675 4994 in
701 4942 879 5011 primis
909 4941 1035 5011 qttid
1063 4942 1307 4994 discretio
1348 4944 1447 5007 sit;
1492 4941 1707 4995 deinde-

98 5034 202 5087 qne
252 5015 506 5083 majorem
550 5028 662 5066 eam
699 5013 1051 5087 esset-tuteris
1086 5013 1352 5087 virtutibus
1375 5052 1391 5078 ,
1426 5022 1531 5087 tum
1573 5012 1711 5065 unde

99 5082 386 5158 gignatur,
425 5100 488 5137 ac
521 5083 781 5158 quomodo
811 5082 916 5136 hcec
955 5084 1133 5158 eadem
1171 5082 1370 5158 ctelitus
1405 5083 1711 5158 plerumque

99 5152 367 5222 donetur;
407 5152 615 5208 tandem
645 5154 928 5224 Scripturte
962 5154 1263 5207 testimoniis
1302 5152 1515 5224 probat,
1560 5168 1710 5204 suum

101 5229 296 5293 cuique
328 5226 563 5279 animum
604 5223 796 5277 seniori
826 5240 933 5277 esse
962 5224 1317 5278 indicandum.
1375 5223 1532 5275 Addit
1573 5237 1706 5293 prte-

105 5291 247 5353 terea
274 5299 393 5367 quis
422 5311 613 5361 scapus
659 5311 722 5347 ac
750 5295 868 5367 linis
896 5310 1070 5347 eorum
1101 5310 1208 5347 esse
1242 5293 1417 5367 debeat
1459 5291 1707 5367 quihreli-

104 5361 378 5439 giosoritm
418 5361 872 5439 exercitationibus
902 5367 1204 5439 probantur.
1258 5364 1339 5439 Ad
1369 5362 1485 5439 lucc
1529 5361 1708 5439 Mosen

104 5434 391 5509 quemdam
416 5438 690 5492 virtutibus
716 5434 1038 5509 admirandis
1060 5437 1225 5509 virum
1243 5436 1322 5509 ita
1344 5434 1618 5509 docentem
1633 5434 1713 5485 in-

104 5503 280 5573 ducit,
312 5520 368 5564 ut
397 5511 525 5581 ipsis
556 5523 754 5578 quoque
783 5505 1021 5581 operibus
1049 5507 1109 5581 ob
1126 5505 1311 5581 oculos
1338 5503 1713 5581 propemodum

101 5584 320 5636 statutis
356 5575 610 5651 dogmata
645 5594 739 5651 sua
775 5575 1039 5651 conﬁrmet
1081 5575 1355 5651 (Quinque
1397 5575 1498 5627 ista
1540 5576 1711 5651 capita

101 5664 316 5711 exstant
342 5643 527 5707 collat.
552 5647 645 5719 9.).
685 5647 809 5705 Haec
838 5643 1061 5719 Photius
1083 5643 1160 5719 de
1178 5643 1281 5719 boc
1307 5645 1491 5717 Moyse
1520 5643 1714 5719 abbate

98 5725 339 5809 ejusque
375 5712 762 5785 collationibus
783 5760 801 5793 ,
828 5718 1048 5785 concise
1074 5717 1293 5795 quidem
1311 5759 1328 5789 ,
1352 5712 1423 5779 et
1452 5712 1719 5815 cantuset

1812 3527 1907 3582 sed
1941 3544 2037 3598 pro
2062 3529 2272 3602 ratione
2314 3543 2379 3585 ac
2419 3529 2776 3602 dispositione
2805 3530 3067 3587 librorum
3109 3547 3246 3602 quos
3280 3542 3407 3590 tunc

1812 3608 2003 3653 nactus
2039 3600 2108 3653 sit
2138 3598 2328 3654 Graece
2373 3601 2665 3655 translatos
2703 3608 2760 3657 et
2787 3602 2840 3655 in
2873 3598 3249 3669 compendium
3282 3606 3408 3658 red-

1813 3679 1985 3740 actos,
2016 3678 2070 3740 ut
2102 3670 2351 3735 superius
2376 3669 2667 3724 indicatum
2698 3679 2805 3736 est,
2822 3672 2909 3725 vel
2934 3683 3097 3740 prout
3126 3676 3403 3729 memoriae

1811 3739 1951 3794 lecta
1977 3739 2329 3792 inhaeserunt.

1883 3806 1909 3846 ἀ
1954 3808 2102 3864 Scite
2132 3810 2183 3862 in
2221 3808 2365 3864 hunc
2402 3809 2582 3863 locum
2615 3808 2899 3865 Ciaconius
2929 3811 3043 3865 lucc
3073 3812 3358 3867 annotavit
3389 3830 3405 3871 :

1814 3879 2118 3934 Theoretica
2148 3880 2337 3952 vita‘ea
2356 3880 2556 3952 dicitur
2584 3881 2789 3952 quat‘in
2832 3880 3262 3952 contemplatione
3285 3901 3408 3938 catt-

1810 3952 1976 4017 sistil,
2006 3960 2062 4004 ut
2093 3948 2316 4003 actualis
2345 3951 2398 4003 in
2428 3951 2652 4003 actione.
2688 3947 2938 4005 therum
2964 3953 3018 4006 in
3035 3947 3281 4009 omnibus
3316 3972 3408 4009 ea:-

1811 4022 1946 4076 cusis
1976 4021 2237 4074 codicibus
2261 4021 2438 4074 vitiose
2465 4029 2582 4074 ante
2603 4019 2865 4091 legebatur
2894 4038 2914 4077 :
2940 4021 3193 4077 Theorica
3222 4025 3409 4081 virtute

1809 4093 2066 4163 ﬂagrabat
2098 4108 2114 4144 :
2147 4093 2199 4165 in
2240 4091 2644 4165 Vaticano_vero
2672 4094 2938 4165 emendate
2967 4094 3156 4165 legitur
3187 4111 3207 4149 :
3240 4094 3407 4149 Theo-

1810 4161 1967 4218 retica
1996 4165 2099 4217 vita
2129 4164 2453 4233 fragrabant.
2490 4161 2563 4214 De
2589 4163 2803 4229 ﬂoribus
2835 4166 2970 4218 enim
2998 4161 3165 4219 sermo
3192 4181 3409 4233 prteces-

1810 4244 1968 4289 serat.
2022 4233 2154 4305 Vita:
2188 4242 2357 4305 autem
2400 4233 2639 4305 practicte
2668 4244 2716 4287 et
2746 4234 3032 4289 theoreticte
3062 4235 3297 4305 frequens
3337 4247 3411 4291 est

1809 4306 1950 4368 apud
1986 4304 2319 4376 philosOphos
2361 4303 2553 4376 mentio
2600 4303 2785 4376 (Arist.
2813 4306 2901 4359 lib.
2938 4323 2955 4361 ι
2991 4303 3165 4360 Ethic.
3198 4325 3247 4360 c.
3278 4306 3329 4366 5.
3359 4319 3412 4362 et

1811 4375 1902 4428 lib.
1936 4374 1995 4429 η’
2016 4392 2062 4429 c.
2087 4377 2163 4443 4).
2193 4374 2376 4429 (ἰᾶσιῖνο
2412 4376 2480 4429 ad
2510 4374 2733 4429 Atticum
2768 4374 2859 4429 lib.
2893 4392 2930 4430 ιι
2961 4396 2973 4430 :
3013 4377 3296 4441 Quoniam,
3329 4379 3413 4433 in-

1809 4447 1919 4515 quit
1937 4448 2517 4518 ,_t_anta_controversia
2556 4454 2631 4498 est
2682 4447 2985 4501 Dicaearcho
3030 4449 3282 4518 familiari
3318 4459 3410 4503 tuo

1810 4533 1925 4598 eum
1951 4515 2733 4598 TlteOphrastoumicomeo,.ut
2763 4518 2850 4570 ille
2878 4528 2996 4598 tuus
3021 4515 3107 4575 ea»
3134 4522 3409 4598 πρακτικὸν

1811 4586 1936 4662 βξον,
1962 4587 2017 4639 id
2043 4588 2438 4662 cst,_practicam
2461 4588 2616 4662 vitam
2647 4588 2796 4657 longe
2825 4586 3408 4662 omnibusant'epanat;

1811 4658 1893 4736 hic
1911 4667 2078 4736 autem
2102 4658 2187 4713 τὸν
2209 4659 2527 4736 θεωρῃτικργ,
2553 4659 2606 4736 id
2630 4667 2727 4721 est,
2752 4658 3224 4736 contemplativant.
3253 4662 3406 4732 Apud

1811 4726 2131 4803 Christianos
2172 4726 2390 4803 vero'in
2436 4728 2648 4803 Martha
2705 4738 2752 4803 et
2813 4726 2989 4803 Maria
3032 4726 3314 4803 practicam
3360 4744 3409 4785 et

1812 4800 2144 4870 theoreticam
2173 4801 2329 4853 vitam
2357 4800 2617 4870 designari
2645 4800 2965 4854 notissimum
2992 4800 3090 4855 est.
3128 4801 3235 4855 Has
3263 4818 3408 4855 voce:

1813 4869 2093 4923 Cassianus
2116 4870 2291 4923 Grtrce
2317 4869 2553 4940 scripst,
2592 4878 2638 4921 et
2662 4870 2819 4923 latius
2843 4871 3117 4940 explicavit
3138 4871 3317 4925 collat.
3343 4872 3409 4925 tri

1814 4956 1933 5007 cap.
1964 4944 2016 4996 1.
2050 4940 2175 4993 llaec
2202 4937 2430 5007 quidem
2446 4937 2757 4993 Ciaconius.
2807 4937 2917 4993 Sed
2942 4942 3083 4995 bona
3108 4940 3227 5009 ejus
3251 4944 3404 4994 venia

1814 5026 1920 5066 non
1944 5018 2029 5064 est
2048 5024 2144 5062 cur
2169 5009 2433 5073 tlteorica,
2457 5018 2515 5063 ut
2540 5010 2735 5062 vitiose
2762 5009 2959 5077 scripta
2986 5026 3081 5078 pro
3111 5012 3407 5065 tbeoretica

1815 5078 2259 5148 reprehendatur.
2306 5079 2553 5149 Sumitur
2573 5078 2714 5149 enim
2760 5078 3001 5133 theorica
3046 5082 3208 5135 etiam
3256 5079 3403 5149 adio-

1813 5154 1987 5215 ctive,
2020 5168 2121 5203 non
2156 5150 2328 5201 stilum
2358 5150 2497 5215 apud
2525 5148 2840 5203 Cassianum
2872 5150 3116 5217 pluribus
3157 5151 3211 5204 in
3250 5151 3403 5216 locis,

1817 5233 1873 5275 ut
1897 5221 2079 5276 collat.
2114 5219 2179 5274 l9
2220 5235 2343 5288 cap.
2377 5219 2443 5285 5,
2477 5221 2563 5274 ubi
2598 5218 2893 5274 tbeoricam
2922 5228 3076 5276 vocat
3097 5220 3401 5275 sublimita-

1817 5302 1948 5357 tem,
1978 5301 2031 5346 et
2061 5306 2180 5359 cap.
2207 5291 2240 5347 9
2265 5290 2529 5360 ejusdem.
2564 5290 2650 5344 ubi
2678 5290 2976 5345 tbeoricam
3008 5292 3316 5359 puritatem,
3351 5302 3406 5346 ct

1815 5379 2004 5418 rursus
2034 5362 2213 5417 collat.
2243 5363 2315 5419 23
2343 5378 2463 5429 cap.
2491 5361 2547 5429 4,
2582 5362 2670 5417 ubi
2701 5361 3000 5417 tbeoricam
3028 5362 3271 5417 nominat
3289 5365 3398 5416 cla-

1814 5434 2026 5515 ritatem
2051 5434 2193 5515 ;_sed
2225 5445 2277 5488 et
2303 5435 2443 5515 apud
2572 5432 2959 5515 llieronymum
2987 5435 3041 5515 in
3071 5448 3190 5515 cap.
3214 5448 3277 5515 in
3301 5432 3407 5515 lat-

1816 5514 2040 5559 mentat.
2069 5506 2308 5559 Hierem.
2339 5504 2429 5557 ubi
2456 5504 2525 5559 de
2550 5503 2784 5559 theorica
2816 5504 3050 5571 puritate
3075 5503 3184 5571 agit
3214 5504 3403 5559 iisdem

1814 5590 1952 5644 pene
1980 5576 2179 5641 verbis,
2218 5577 2412 5643 quibus
2438 5574 2730 5630 Cassianus
2776 5574 2892 5629 loco
2915 5574 3024 5642 jam
3054 5575 3213 5630 dicto.
3262 5574 3403 5643 Quid

1817 5647 1978 5719 igitur
2006 5647 2321 5719 obstatquo
2362 5646 2810 5719 minusttheorica
2845 5645 2953 5701 vita
2990 5646 3097 5703 dici
3131 5646 3319 5715 possit,
3348 5657 3405 5719 ut

1815 5717 2057 5781 theorica
2083 5717 2318 5793 paritas.
2342 5719 2495 5779 etc.‘l
2536 5717 2781 5781 Sumitur
2807 5726 2985 5777 tamen
3020 5718 3290 5789 theorica.
3321 5718 3405 5785 vel
