4014 6200
605 282 707 341 185

1654 268 1932 330 JOANNIS
1969 270 2283 330 CASSIANI
2319 272 2814 331 COLLATIONES.

3770 276 3893 334 684

607 394 843 454 theorice
885 390 1087 446 virtute
1119 386 1380 457 ﬂagrabat
1401 426 1416 454 ,
1446 386 1785 444 institutione
1820 388 1936 458 ejus
1972 384 2183 443 fundari
2211 393 2259 450 Α
2287 403 2403 443 eam
2457 387 2665 441 cunctis
2728 386 2970 443 sentibus
3021 396 3377 457 expurgatam
3402 431 3418 459 ,
3491 388 3895 461 universisque

606 487 828 557 cupiens
838 482 1183 552 expetissem,
1200 495 1302 535 una
1316 495 1436 535 cum
1460 489 1649 535 sancto
1665 490 1690 518 ⁸
1713 482 1905 535 abbate
1921 480 2190 536 Germano

608 581 752 651 (cum
783 591 890 645 quo
918 574 1051 629 mihi
1079 573 1150 627 ab
1174 573 1292 642 ipso
1320 572 1617 641 tyrocinio,
1652 588 1715 628 ac
1743 572 2063 627 rudimentis
2094 573 2193 627 mi-

607 670 739 726 litia:
764 666 1021 737 spiritalis
1047 665 1120 721 ita
1146 664 1479 720 individuum
1506 664 1761 733 deinceps
1780 665 2193 719 contubernium

596 774 717 819 .tam
764 762 817 815 in
852 758 1132 823 omnobio,
1176 772 1334 827 quin
1365 754 1420 811 in
1448 771 1631 813 eremo
1669 758 1798 823 fuit,
1834 767 1891 811 ut
1924 757 2100 811 cuncti
2126 756 2195 812 ad

610 850 1015 921 signiﬁcandam
1039 849 1344 905 sodalitatis
1369 861 1432 903 ac
1464 848 1723 917 propositi
1754 848 1921 902 nostri
1951 846 2194 917 parilita-

613 954 720 997 tem
761 940 1213 1013 pronuntiarent,
1265 950 1430 994 unam
1478 948 1715 994 mentem
1759 950 1918 1009 atque
1962 938 2196 993 animam

613 1035 826 1091 duobus
873 1033 1056 1091 inesse
1098 1030 1475 1103 corporibus),
1514 1030 1836 1101 pariterque
1890 1030 1959 1085 ab
2006 1029 2198 1085 eodem

615 1127 811 1184 abbate
837 1124 1215 1183 aediﬁcationis
1240 1138 1545 1180 sermonem
1571 1124 1701 1180 fusis
1731 1124 1984 1195 lacrymis
2013 1137 2200 1193 posce-

617 1232 800 1275 remus
844 1218 1083 1289 (quippe
1110 1216 1268 1286 cujus
1297 1217 1438 1271 hunc
1468 1218 1635 1271 animi
1689 1218 1925 1286 rigorem
1970 1215 2199 1272 manife-

619 1312 856 1367 stissime
884 1323 1229 1373 noveramus,
1265 1317 1323 1362 ut
1352 1308 1454 1363 nisi
1485 1308 1715 1363 ﬁdeliter
1741 1308 2197 1379 desiderantibus,

620 1412 819 1463 etcum
842 1400 991 1458 omni
1013 1400 1202 1457 eordis
1224 1401 1551 1456 contritione
1573 1400 1968 1471 quaerentibus,
2001 1414 2201 1471 nequa-

622 1512 781 1568 quam
813 1497 1188 1566 acquiesceret
1213 1498 1438 1565 januam
1470 1494 1819 1565 perfectionis
1849 1495 2093 1564 aperire,
2135 1507 2203 1549 ne

623 1589 872 1652 scilicet,
911 1587 957 1641 si
989 1587 1188 1656 passim
1233 1587 1319 1641 vel
1367 1586 1675 1642 nolentibus
1711 1599 1833 1640 eam
1856 1630 1870 1654 ,
1908 1588 1988 1641 vel
2023 1583 2204 1655 tepide

623 1680 931 1737 sitientibus
956 1680 1267 1745 exhiberet,
1308 1694 1398 1735 res
1427 1680 1797 1745 necessarias,
1829 1691 1885 1734 et
1918 1693 2037 1748 qua:
2068 1679 2204 1734 solis

2291 481 2628 552 graminibus
2675 480 2976 535 absolutam
3025 480 3077 534 in
3126 481 3345 537 modum
3398 479 3651 536 solubilis
3695 497 3893 539 arenae

2294 572 2596 629 exercendo
2626 572 2958 626 comminuat
2990 590 3001 623 :
3038 572 3223 639 linem,
3254 572 3427 640 idest,
3462 575 3891 651 perceptionem

2295 670 2637 737 copiosarum
2678 665 2896 736 frugum
2930 674 2983 720 et
3017 665 3437 721 esuberantium
3471 676 3736 736 segetum,
3774 681 3891 719 non

2296 759 2427 813 alias
2446 758 2765 827 adepturum
2795 772 2855 811 se
2884 772 3003 811 esse
3026 757 3209 826 operis
3240 772 3301 811 ac
3325 755 3544 812 sudoris
3564 758 3647 813 sui
3674 757 3892 811 ratione

2297 850 2600 919 conﬁdens,
2629 866 2738 920 quo
2764 852 2850 906 vel
2878 851 2993 921 ipse
3023 851 3282 921 deinceps
3316 851 3485 906 vitam
3515 865 3737 906 securus
3765 850 3890 906 exi-

2298 958 2443 1013 gere,
2479 943 2566 997 vel
2598 958 2749 998 suam
2793 943 2962 1013 possit
2994 942 3329 1013 ampliﬁcare
3359 943 3741 999 substantiam.
3778 943 3891 998 Be-

2298 1028 2433 1092 ferta
2463 1036 2624 1092 etiam
2657 1034 2904 1107 frugibus
2947 1035 3143 1092 horrea
3191 1034 3426 1090 libenter
3452 1035 3736 1101 exhaurit,
3766 1050 3894 1091 eas-

2299 1143 2404 1199 que
2453 1129 2700 1197 putribus
2758 1129 2926 1183 sulcis
2986 1127 3212 1183 instanti
3273 1128 3459 1185 labore
3520 1128 3896 1197 commendat,

2302 1230 2629 1289 przesentem
2662 1219 3086 1275 diminutionem
3130 1218 3429 1274 futurarum
3462 1221 3718 1275 messium
3756 1236 3897 1277 con-

2304 1311 2654 1379 templatione
2703 1309 2881 1381 [Lips.
2929 1312 2983 1364 in
3031 1327 3199 1384 marg.
3253 1312 3736 1386 compensatione]
3783 1329 3897 1371 non

2303 1402 2565 1456 sentiens.
2611 1401 2689 1455 llli
2718 1402 2882 1455 etiam
2928 1401 3019 1471 qui
3066 1403 3495 1471 negotiationum
3524 1403 3701 1459 solent
3729 1418 3897 1461 exer-

2304 1507 2426 1549 cere
2469 1496 2793 1550 commercia
2815 1538 2830 1562 ,
2866 1512 2971 1549 non
3010 1496 3245 1550 incertos
3274 1496 3452 1565 pelagi
3492 1497 3684 1551 timent
3706 1512 3896 1565 casus,

2305 1602 2411 1642 non
2463 1587 2573 1643 ulla
2615 1589 2928 1643 discrimina
2976 1590 3418 1659 perhorrescunt,
3462 1590 3590 1645 dum
3632 1590 3697 1644 ad
3728 1590 3901 1649 ﬁnem

2306 1690 2542 1749 quastus
2590 1696 2685 1752 Spe
2717 1682 2876 1751 pretii
2915 1689 3299 1750 provocantur.
3338 1681 3450 1737 Nec
3489 1697 3599 1737 non
3644 1683 3808 1737 etiam
3843 1683 3901 1739 bi

627 1774 1008 1845 perfectionem
1056 1772 1402 1842 cupientibus
1456 1772 1655 1826 debent
1708 1787 1829 1826 csse
1883 1785 2199 1842 compertae,
2232 1765 2279 1825 B
2305 1772 2395 1843 qui
2428 1772 2634 1827 militiae
2665 1773 2953 1829 mundialis
2981 1775 3278 1831 ambitione
3305 1774 3738 1837 inﬂammantur,
3767 1775 3899 1830 dum

626 1866 860 1936 indignis
892 1872 947 1920 et
985 1863 1266 1919 fastidiose
1302 1863 1727 1934 suscipientibus
1776 1864 2055 1933 pandens,
2111 1872 2208 1920 aut

622 1958 898 2031 jactantia:
933 1957 1160 2027 vitium,
1201 1965 1295 2012 aut
1334 1956 1659 2025 proditionis
1693 1956 1898 2011 crimen
1929 1956 2208 2011 videretur

626 2050 955 2122 incurrere),
988 2048 1203 2106 tandem
1258 2047 1513 2118 fatigatus
1558 2048 1811 2118 precibus
1841 2048 2081 2113 nostris,
2132 2049 2206 2103 ita

627 2158 857 2201 CXOI'SUS
899 2152 1004 2199 εει.

1252 2233 1478 2292 CAPUT
1520 2235 1584 2291 ll.

628 2330 706 2385 De
726 2331 1123 2400 interrogatione
1159 2328 1356 2382 abbatis
1390 2327 1589 2400 Moysis
1615 2328 1889 2396 quaerentis
1916 2329 2002 2400 qui
2030 2345 2209 2384 mona-

987 2400 1082 2455 cho
1119 2415 1328 2468 scapos,
1356 2399 1434 2452 vel
1462 2400 1576 2469 quis
1606 2400 1671 2452 sit
1711 2400 1851 2469 ﬁnis.

700 2516 921 2580 Omnes,
944 2516 1141 2585 inquit,
1170 2524 1313 2569 artes
1335 2529 1398 2570 ac
1420 2514 1721 2584 disciplina:
1741 2514 1768 2553 δ
1796 2530 1998 2587 scopon
2022 2531 2210 2586 quem-

629 2606 753 2662 dam
776 2651 790 2675 ,
830 2606 882 2661 id
914 2616 1020 2672 est,
1050 2606 1467 2660 destinationem
1503 2615 1559 2661 et
1593 2606 1753 2676 tclos,
1787 2606 1889 2662 hoc
1917 2614 2017 2674 est,
2052 2606 2211 2662 ﬁnem

632 2698 909 2769 proprium
946 2698 1149 2753 habent
1180 2715 1195 2753 :
1228 2698 1295 2753 ad
1340 2714 1503 2768 quem
1545 2700 1845 2769 respiciens
1877 2701 2214 2771 uniuscujus-

630 2804 737 2861 que
780 2790 913 2846 artis
961 2789 1257 2844 industrius
1303 2790 1605 2860 appetitor,
1644 2800 1868 2846 cunctos
1913 2792 2128 2847 labores
2158 2801 2214 2847 et

631 2882 871 2954 pericula
900 2882 1289 2952 dispendioque
1340 2884 1595 2939 universa
1623 2886 1998 2954 aequanimiter
2035 2885 2213 2941 liben-

632 2985 819 3045 terque
848 2984 1136 3031 sustentat.
1174 2974 1307 3031 Nam
1337 2986 1391 3030 et
1424 2977 1658 3046 agricola
1697 2994 1838 3033 nunc
1866 2979 2102 3034 torridos
2126 2994 2217 3035 so-

631 3067 698 3123 lis
728 3068 928 3134 radios,
974 3083 1114 3123 nunc
1158 3068 1377 3136 pruinas
1406 3078 1459 3123 et
1502 3068 1732 3137 glaciem
1761 3085 1867 3125 non
1903 3071 2214 3138 declinans,

2311 1865 2649 1934 prospiciunt
2690 1866 2955 1921 honorum
2986 1880 3051 1921 ac
3082 1867 3343 1935 potentias
3370 1867 3554 1935 ﬁnem,
3585 1866 3901 1936 peregrina-

2311 1957 2517 2011 tionum
2566 1958 2727 2013 exitia
2775 1958 2943 2030 [Lips.
2990 1959 3045 2013 in
3072 1976 3240 2033 marg.
3278 1958 3502 2031 exsilia]
3548 1974 3615 2015 ac
3662 1959 3901 2028 pericula

2310 2065 2420 2105 non
2469 2051 2742 2117 sentiunt,
2792 2068 2891 2109 nec
2939 2053 3299 2123 prmsentibus
3331 2053 3593 2110 aerumnis
3637 2053 3905 2123 bellisque

2311 2140 2661 2212 franguntur,
2708 2144 2835 2200 dum
2880 2146 3222 2216 propositum
3270 2145 3370 2199 sibi
3417 2144 3692 2215 dignitatis
3735 2144 3903 2199 ﬁnem

2312 2232 2537 2302 cupiunt
2584 2234 2851 2291 obtinere.
2907 2236 3079 2290 Habet
3126 2250 3258 2305 ergo
3303 2245 3359 2290 et
3406 2246 3592 2290 nostra
3628 2233 3907 2306 professio

2310 2341 2521 2397 scopon
2568 2328 2845 2397 proprium
2877 2341 2939 2382 ac
2980 2328 3137 2382 ﬁnem
3182 2341 3373 2393 suum,
3417 2343 3513 2396 pro
3543 2343 3649 2396 quo
3680 2326 3899 2381 labores

2311 2428 2539 2474 cunctos
2570 2434 2678 2474 non
2702 2420 2877 2475 solum
2909 2418 3343 2489 infatigabillter,
3376 2433 3567 2473 verum
3589 2419 3750 2473 etiam
3782 2433 3899 2487 gra-

2314 2520 2492 2567 tanter
2521 2512 2915 2579 impendimus,
2951 2512 3022 2567 ob
3049 2526 3211 2580 quem
3243 2524 3343 2564 nos
3369 2510 3695 2579 jejuniorum
3726 2510 3898 2564 inedia

2316 2620 2425 2659 non
2469 2605 2691 2674 fatigat,
2721 2605 3021 2675 vigiliarum
3054 2602 3313 2658 lassitudo
3340 2602 3618 2666 delectat,
3647 2603 3811 2657 lectio
3839 2616 3898 2655 ac

2316 2698 2599 2753 meditatio
2622 2697 3023 2766 Scripturarum
3052 2696 3366 2750 continuata
3395 2710 3497 2749 non
3522 2694 3702 2759 satiat,
3751 2694 3900 2747 labor

2316 2788 2478 2843 etiam
2508 2788 2869 2853 incessabilis,
2892 2788 3218 2856 auditasque
3242 2794 3298 2841 et
3319 2786 3549 2840 omnium
3581 2799 3769 2839 rerum
3797 2785 3901 2851 pri-

2318 2881 2481 2947 vatio,
2516 2879 2709 2935 horror
2748 2894 2965 2950 quoque
3016 2878 3174 2948 hujus
3229 2878 3548 2933 vastissima:
3588 2875 3897 2932 solitudinis

2317 2989 2422 3030 non
2452 2974 2707 3030 deterret.
2740 2974 2822 3028 0b
2853 2989 3013 3043 quem
3042 2987 3139 3028 vos
3170 2972 3274 3042 ipsi
3305 2970 3491 3041 procul
3519 2970 3687 3026 dubio
3715 2985 3898 3040 paren-

2320 3077 2431 3121 tum
2456 3066 2741 3137 sprevistis
2769 3065 3022 3121 allectum
3050 3072 3107 3121 et
3130 3065 3365 3145 patrium
3394 3064 3570 3118 solum
3599 3077 3661 3117 ac
3687 3062 3898 3117 delicias

631 3167 835 3215 terram
862 3157 1267 3229 infatigabiliter
1306 3159 1523 3228 scindit,
1556 3166 1612 3213 et
1639 3159 1935 3215 indomitas
1965 3164 2074 3231 agri
2104 3162 2214 3233 gle-
2244 3147 2289 3209 C
2321 3164 2502 3219 mundi
2529 3172 2605 3217 tot
2640 3162 2980 3233 pertransitis
3011 3160 3322 3232 regionibus
3355 3158 3687 3231 despexistis
3707 3198 3726 3225 ,
3755 3167 3815 3212 ut
3836 3154 3898 3213 ad

636 3253 732 3307 bas
756 3251 1027 3323 frequenti
1052 3260 1273 3306 vomere
1302 3250 1522 3322 subigit,
1547 3250 1675 3307 dum
1699 3267 1903 3323 scopon
1932 3264 2129 3318 servat,
2157 3262 2217 3310 ut

2324 3271 2421 3309 nos
2454 3255 2700 3309 homines
2722 3254 2959 3309 rusticos
2987 3262 3079 3309 etc
3108 3251 3325 3319 idiotas,
3351 3260 3516 3322 atque
3539 3251 3596 3306 in
3620 3250 3721 3307 hoc
3741 3246 3897 3306 eremi

1682 3390 1939 3446 ALARDI
1977 3391 2210 3447 GAZZEI
2249 3389 2814 3449 COMMENTARIUS.

637 3510 873 3567 theorice
901 3509 1065 3585 _etiam_
1109 3506 1445 3585 substantive
1471 3509 1612 3585 apud
1652 3510 1901 3565 eumdem
1946 3511 2213 3585 Hierony-

635 3596 778 3637 mum
814 3579 1002 3651 eodem
1052 3579 1202 3643 loco,
1240 3578 1327 3651 ubi
1378 3576 1455 3651 ait
1489 3576 1661 3651 :’_Una
1699 3597 1821 3651 ergo
1846 3622 1860 3644 ,
1903 3591 1949 3636 et
1998 3581 2106 3636 sola
2142 3576 2214 3636 est

635 3653 885 3717 theorice,
917 3650 971 3703 id
999 3660 1104 3715 est,
1133 3646 1490 3721 contemplatio
1517 3649 1643 3717 Dei,
1676 3646 1781 3707 etc'.
1814 3650 1930 3706 Nic.
1965 3651 2213 3708 Perottus

638 3725 691 3778 iu
713 3723 1019 3789 Cornucop.
1051 3737 1066 3774 :
1099 3722 1214 3784 Ars,
1243 3721 1436 3793 inquit,
1464 3723 1659 3775 nullum
1689 3724 1893 3793 exigens
1914 3734 2102 3790 actum,
2127 3724 2217 3778 sed

635 3796 746 3865 ipso
776 3795 850 3847 rei
880 3797 1026 3865 cujus
1062 3793 1286 3865 studium
1319 3791 1468 3847 habet
1497 3794 1757 3865 intellectu
1775 3791 2021 3865 contenta
2042 3837 2056 3859 ,
2100 3811 2216 3865 quia

638 3862 857 3918 theorice
884 3862 1120 3927 vocatur,
1153 3862 1250 3916 hoc
1280 3873 1381 3926 est,
1415 3862 1747 3931 speculativa.
1782 3862 1874 3920 Sic
1902 3864 2005 3920 ille.
2038 3862 2218 3923 Theo-

641 3936 808 3987 retica
839 3936 998 3988 etiam
1040 3945 1182 3988 nunc
1224 3934 1545 4002 ailjeclivum
1593 3946 1675 3988 est
1698 3977 1713 4003 ,
1747 3950 1887 3989 nunc
1914 3936 2213 3990 substanti-

639 4020 785 4071 vum,
819 4010 876 4058 ut
899 4004 1080 4076 collat.
1114 4005 1181 4057 M
1207 4019 1326 4076 cap.
1355 4004 1411 4069 2,
1448 4006 1537 4058 ubi
1570 4004 1862 4059 theoretice
1893 4006 2213 4076 appellatur.

711 4082 741 4112 ι
785 4076 858 4129 Ita
890 4074 1003 4129 fere
1033 4075 1325 4127 monachos
1355 4089 1448 4128 seu
1475 4076 1827 4129 anachoretas
1852 4074 2214 4142 appellabant,

643 4145 943 4217 praesertim
969 4152 1181 4217 senecta
1214 4152 1305 4197 aut
1328 4145 1607 4217 sanctitate
1640 4145 2215 4217 reverendusplatiore

639 4214 869 4285 quadam
900 4215 1242 4285 usurpatione
1270 4214 1453 4285 :_quod
1479 4214 1724 4285 frequens
1756 4216 1805 4267 in
1840 4214 1971 4269 Vitis
1999 4216 2214 4274 Patrum

641 4283 695 4340 et
720 4290 860 4353 apud
889 4284 1183 4337 Palladium
1208 4285 1260 4337 iu
1286 4283 1587 4337 Lausiacis.
1615 4284 1670 4338 In
1697 4285 2012 4353 quibu~dam
2036 4296 2213 4344 tamen

640 4355 917 4410 codicibus
957 4361 1158 4424 tantum
1206 4354 1397 4424 legitur
1431 4373 1443 4407 :
1479 4354 1605 4409 Cum
1645 4363 1820 4409 sancto
1852 4355 2128 4423 Germano,
2160 4369 2217 4415 ut

639 4424 948 4480 observavit
974 4422 1279 4494 Cuychiusi
1316 4425 1482 4479 Porro
1528 4424 1619 4479 hic
1660 4425 1748 4480 ille
1790 4436 1871 4480 est
1913 4422 2216 4485 Germanus

639 4494 881 4566 Cassiani
918 4494 1097 4548 socius
1134 4505 1200 4566 et
1216 4495 1418 4564 collega
1443 4535 1457 4559 ,
1496 4495 1747 4566 idemque
1786 4507 1894 4551 tum
1932 4499 2216 4566 legationis

640 4581 740 4635 pro
760 4565 1159 4637 Cbrysostomo
1178 4564 1402 4637 Romam
1435 4564 1790 4633 habitatum
1824 4564 2216 4637 peregrinatio-

644 4638 725 4692 nis
747 4636 814 4690 ad
840 4636 1056 4705 Egypti
1083 4636 1402 4690 solitudines
1431 4649 1693 4706 susceptae
1722 4636 1904 4694 comes
1928 4636 2173 4695 assiduus
2197 4658 2212 4695 :

639 4722 797 4781 quem
834 4707 972 4781 idem
1003 4706 1134 4781 alias
1173 4707 1548 4781 presbyterum
1595 4709 1871 4781 nominat,
1906 4726 2133 4781 eumque
2162 4712 2217 4767 in

638 4776 726 4833 bis
771 4776 1149 4831 collationibus
1190 4792 1310 4832 cum
1338 4776 1463 4833 illis
1494 4779 1738 4833 Patribus
1782 4790 1836 4833 et
1877 4776 2215 4839 anachoretis

637 4850 1031 4921 colloquentem
1049 4886 1065 4914 ,
1093 4856 1158 4921 _et
1188 4849 1611 4920 interrogantem
1643 4850 1846 4906 inducit
1874 4868 1887 4903 :
1911 4818 2217 4921 'ilua"lie"?2
2244 4818 2297 4878 Β

639 4920 779 4975 infra
806 4918 1015 4988 plenius
1042 4918 1110 4973 ad
1138 4934 1257 4987 cap.
1285 4920 1339 4975 9.

706 4990 734 5030 ι)
770 4990 877 5045 Alii
907 4988 1134 5063 Latmo,
1157 4990 1471 5063 aliiﬂGrazce
1506 4991 1601 5045 bas
1631 5006 1790 5063 voces
1826 4993 2032 5063 legunt,
2064 5003 2121 5050 ut
2152 5009 2211 5051 ex

641 5063 899 5117 Vaticano
920 5060 1223 5116 Ciaconius.
1252 5062 1539 5131 Distinguit
1569 5073 1745 5117 autem
1773 5062 1858 5117 hic
1882 5060 2046 5120 abbas
2076 5066 2219 5121 inter

634 5136 847 5198 σκοπὸν,
867 5132 991 5205 sive
1018 5146 1237 5205 scapum
1260 5174 1276 5198 ,
1308 5142 1363 5187 et
1385 5135 1525 5195 τέλος
1547 5179 1561 5203 ,
1597 5134 1646 5187 id
1680 5145 1797 5201 est,
1841 5135 1996 5190 ﬁnem
2034 5139 2215 5205 cujus-

633 5220 738 5273 que
776 5203 909 5277 artis
937 5212 989 5257 et
1028 5203 1347 5277 disciplinas.
1396 5206 1525 5277 Nam
1573 5220 1809 5277 scopum,
1842 5218 2005 5260 vocat
2048 5203 2215 5277 ipsam

633 5274 1051 5331 destinationem
1075 5314 1089 5339 ,
1121 5275 1173 5328 id
1210 5286 1290 5328 est
1314 5319 1327 5342 ,
1369 5275 1727 5341 electionem,
1764 5274 2119 5333 directionem
2162 5288 2217 5334 et

633 5347 1043 5415 dispositionem
1086 5345 1382 5399 mediorum
1431 5346 1742 5400 idoneorum
1800 5347 1864 5399 ad
1899 5348 2054 5403 linem
2087 5364 2213 5403 con-

633 5416 968 5486 sisquendum
1013 5429 1222 5485 :quam
1268 5416 1666 5469 distinctionem
1715 5416 1947 5471 elucidat
1989 5430 2041 5472 et
2087 5433 2215 5474 con-

637 5490 815 5540 firmat
866 5486 1063 5555 triplici
1118 5488 1406 5554 exemplo,
1461 5488 1744 5557 agricolae,
1799 5490 2114 5544 mercatoris
2162 5499 2216 5545 et

634 5557 1096 5629 mili_tis,qqu_orum
1127 5557 1479 5611 similitudine
1505 5558 1741 5612 05tendit
1764 5559 1923 5613 etiam
1953 5561 2215 5629 religiosa:

635 5625 956 5701 professioni
999 5640 1158 5701 suum
1207 5641 1327 5701 esse
1374 5641 1594 5697 scepum
1628 5638 1681 5681 et
1707 5645 1861 5683 suum
1905 5625 2074 5686 ﬁnenf
2093 5649 2215 5701 pro-

636 5695 835 5763 prium.
861 5694 1013 5761 Quod
1037 5699 1081 5751 si
1106 5694 1484 5770 pr0prietatem
1514 5713 1702 5753 vocum
1728 5701 1993 5767 attendas,
2018 5694 2214 5770 scopus

635 5770 856 5833 preprie
879 5771 1083 5836 Signum
1119 5778 1199 5822 est
1226 5768 1758 5835 sagittariorum,seu
1790 5780 1927 5826 meta
1961 5776 2024 5827 ad
2058 5768 2213 5844 quam

2320 3512 2526 3581 sagittae
2556 3510 2881 3581 diriguntur.
2911 3507 3064 3581 Unde
3091 3507 3457 3581 Hieronymus
3478 3504 3574 3581 lib.
3602 3520 3621 3560 ι
3650 3502 3899 3559 adversus

2319 3577 2587 3650 Pelagian.
2619 3577 2739 3650 cap.
2774 3579 2807 3635 5
2839 3597 2852 3632 :
2885 3579 3163 3647 Apostolus
3193 3577 3316 3631 dicit
3346 3594 3399 3635 se
3428 3578 3648 3631 necdum
3677 3591 3904 3650 compre-

2320 3648 2556 3707 hendisse
2602 3662 2648 3705 et
2690 3648 3013 3720 nequaquam
3073 3664 3181 3703 esse
3232 3651 3513 3719 perfectum
3544 3688 3581 3720 ,ν
3609 3648 3700 3720 sed
3745 3648 3903 3720 instar

2321 3724 2573 3793 sagittarii
2601 3724 2668 3775 ad
2699 3723 3020 3793 prepositum
3046 3728 3091 3773 et
3119 3721 3185 3774 ad
3212 3722 3416 3790 signum
3436 3719 3620 3793 jacula
3652 3719 3902 3793 dirigere;

2320 3789 2458 3870 quiod
2492 3789 2867 3870 signiﬁcantius
2898 3789 3065 3870 (ἷζωεὶ
3094 3789 3285 3870 agonas
3315 3792 3611 3870 nominant,
3636 3791 3903 3870 nesaqimt

2321 3861 2390 3918 ad
2422 3861 2617 3934 partem
2655 3865 2915 3917 declinans
2951 3863 3247 3934 imperitum
3284 3861 3519 3934 ostendat
3557 3861 3901 3934 sagittarium.

2322 3932 2470 3993 Finis
2489 3946 2665 3989 autem
2692 3935 2909 4003 proprie
2932 3933 3127 3987 dicitur
3155 3932 3436 3996 terminus,
3462 3932 3576 4003 sive
3596 3932 3902 4003 extremitas

2320 4007 2576 4076 cujusque
2604 3999 2707 4072 rei,
2730 3999 2917 4060 Greece
2940 4004 3098 4076 τέλος.
3127 4002 3469 4076 Verumliaec
3489 4001 3767 4056 distinctio
3791 3999 3902 4055 ﬁnis

2321 4072 2548 4144 et'scnpi
2582 4077 2894 4145 plerumque
2932 4074 3295 4129 confunditur.
3336 4072 3467 4127 Nam
3497 4082 3553 4127 et
3583 4087 3779 4141 scopus
3817 4084 3903 4141 per

2322 4147 2691 4216 metaphoram
2714 4147 2941 4200 sumitur
2969 4161 3064 4213 pro
3091 4147 3222 4216 line,
3241 4157 3348 4214 quo
3369 4152 3607 4216 mentem
3634 4153 3697 4216 et
3718 4157 3902 4216 propo-

2322 4214 2481 4271 situm
2510 4226 2747 4271 nostrum
2780 4217 3075 4285 dirigimus.
3111 4215 3263 4271 Unde
3284 4214 3657 4284 proverbiales
3687 4214 3904 4285 locutio-

2322 4304 2439 4362 nes,
2463 4286 2726 4362 attingere
2760 4284 3003 4362 scopum,
3035 4287 3291 4362 aberrare
3318 4298 3565 4362 a_scopo_.
3595 4293 3651 4339 et
3682 4284 3896 4362 similes.

2323 4356 2472 4413 Finis
2513 4356 2672 4413 etiam
2722 4360 3053 4425 intentionis,
3101 4357 3153 4411 id
3198 4365 3314 4420 est,
3362 4356 3589 4425 intentio
3632 4356 3901 4423 operantis

2321 4429 2585 4497 objectivc
2630 4444 2825 4500 scapus
2851 4424 3046 4483 dicitur
3078 4446 3093 4486 ;
3121 4426 3392 4498 quomodo
3415 4424 3639 4500 dicimus
3665 4469 3680 4491 ,
3711 4426 3833 4481 ﬁnis
3854 4431 3901 4479 st

2321 4496 2513 4569 scapus
2543 4496 2743 4554 medici
2763 4510 2844 4555 est
2874 4514 3085 4565 curare,
3117 4496 3349 4553 oratoris
3384 4496 3726 4569 persuadere.

2399 4567 2428 4608 c'
2452 4571 2679 4631 ldimes,
2708 4572 2818 4624 sive
2841 4570 3000 4624 idiota
3029 4571 3243 4638 proprie
3266 4570 3406 4624 idem
3435 4576 3513 4638 est
3539 4578 3602 4620 ac
3630 4567 3896 4638 privatus,

2322 4642 2468 4695 nullo
2500 4642 2712 4710 publico
2746 4656 2968 4699 munere
2996 4636 3239 4710 fungens.
3273 4639 3422 4696 Unde
3449 4637 3712 4693 ὶδιοτιύιιν
3739 4636 3895 4710 (ἕτκᾲ

2320 4705 2525 4779 dicunt,
2560 4727 2656 4781 pro
2686 4726 2751 4768 eo
2779 4711 2920 4777 quod
2952 4721 3032 4766 est
3065 4705 3323 4780 privatam
3345 4710 3505 4781 vitam
3532 4724 3699 4774 agere
3728 4726 3743 4763 :
3772 4705 3895 4777 apud

2324 4784 2538 4837 Latinos
2568 4780 2697 4836 vero
2723 4783 2981 4851 accipitur
3008 4798 3103 4851 pro
3128 4782 3422 4844 illitterato,
3456 4780 3730 4851 imperito,
3765 4782 3898 4849 igna-

2322 4870 2402 4919 ro,
2433 4865 2489 4907 ut
2520 4853 2620 4907 hoc
2652 4854 2803 4923 locos
2838 4850 3021 4923 Cujus,
3047 4852 3311 4908 rationem
3360 4851 3639 4923 explicans
3672 4850 3854 4923 Festus
3882 4865 3894 4899 :

2316 4924 2495 4990 'Iciioc,
2527 4924 2733 4991 inquit,
2781 4921 3020 4992 praprius
3061 4924 3285 4989 dicitur;
3314 4939 3347 4975 a
3384 4938 3482 4991 quo
3509 4921 3699 4976 idiotes
3727 4921 3896 4992 dicitur

2318 4996 2577 5059 indoctus,
2606 5006 2651 5049 et
2674 4991 2896 5059 inutilis,
2924 4995 3069 5064 quasi
3094 4994 3189 5048 sibi
3217 4992 3569 5064 tantummodo
3594 5000 3642 5046 et
3669 5008 3770 5046 non
3792 4991 3896 5064 plu-

2318 5065 2462 5119 ribus
2489 5065 2655 5119 utilis.
2688 5064 2761 5119 lta
2787 5061 2973 5119 Cicero
2996 5080 3065 5119 vn
3091 5066 3141 5118 in
3174 5064 3393 5119 Verrem
3427 5080 3440 5117 :
3472 5062 3602 5128 Quir
3632 5080 3735 5115 non
3757 5061 3894 5116 modo

2318 5138 2469 5189 istum
2498 5135 2750 5189 hominem
2778 5137 3119 5206 ingeniosum,
3144 5144 3296 5204 atque
3318 5135 3712 5206 intelligentem,
3739 5146 3895 5206 verum

2320 5209 2477 5260 etiam
2505 5209 2729 5275 quemvis
2757 5203 3009 5271 vestrum,
3040 5221 3167 5275 quos
3193 5203 3288 5259 iste
3317 5205 3506 5259 idiotas
3534 5203 3894 5275 appellatalii:-

2323 5274 2523 5331 lectore
2544 5287 2733 5347 posset.
2773 5278 2973 5347 Eodem
3004 5274 3162 5331 modo
3186 5275 3381 5345 accipit
3410 5277 3703 5347 Ap0stolus
3737 5275 3757 5329 i
3786 5274 3894 5331 Cor.

2323 5365 2407 5401 xlv
2439 5367 2449 5401 :
2489 5345 2552 5403 Is
2572 5350 2659 5417 qui
2685 5351 2885 5413 supplet
2928 5346 3097 5400 locum
3126 5348 3327 5417 idiotas:
3354 5347 3421 5401 Et
3449 5345 3622 5417 Lucas
3654 5346 3780 5399 Act.
3814 5360 3856 5398 iv
3886 5359 3895 5390 ί

2322 5416 2711 5473 Ηοηιὶηεέδὶηθ
2746 5419 2927 5472 litteris
2970 5426 3018 5471 et
3059 5418 3249 5470 idiota’.
3294 5416 3582 5471 Familiare
3619 5425 3805 5470 autem
3831 5420 3897 5467 est

2318 5491 2450 5544 viris
2478 5490 2698 5556 sanctis,
2732 5489 2857 5543 licet
2883 5488 3297 5555 sapientissimis
3320 5496 3376 5542 ct
3406 5485 3891 5555 perspicacissimis,

2321 5560 2491 5629 qualis
2525 5560 2612 5614 hic
2648 5560 2968 5615 anachoreta
3001 5559 3207 5623 Moses,
3236 5560 3450 5628 ignaros
3477 5568 3659 5612 tamen
3697 5568 3752 5613 et
3781 5558 3895 5611 idio-

2319 5640 2401 5686 tas
2431 5647 2551 5687 sese
2576 5646 2640 5685 ex
2672 5632 2855 5685 intima
2889 5629 3209 5695 humilitate,
3252 5639 3307 5684 et
3337 5642 3467 5685 vera
3490 5631 3575 5683 sui
3605 5630 3896 5695 cognitione

2320 5703 2591 5773 proﬁteri;
2640 5711 2695 5773 et
2743 5700 2958 5767 quidem
3002 5701 3253 5773 exemplo
3299 5700 3437 5773 beati
3469 5701 3709 5773 apostoli
3728 5697 3894 5773 Pauli,

2321 5767 2408 5827 ῖιιιί
2443 5790 2543 5826 non
2572 5770 2841 5839 judicabat
2878 5788 2930 5823 se
2959 5768 3155 5840 aliquid
3183 5771 3341 5834 scire,
3370 5770 3470 5821 nisi
3510 5772 3683 5823 solum
3712 5767 3896 5829 Iesum,
