  <div class='ocr_page' id='page_1' title='image "/cluster/home/n/w/nwhite01/storage/ocr_20150623/49/uva.x000827093/250.png"; bbox 0 0 4014 6200; ppageno 0'>
   <div class='ocr_carea' id='block_1_1' title="bbox 76 320 173 379">
    <p class='ocr_par' dir='ltr' id='par_1_1' title="bbox 76 320 173 379">
     <span class='ocr_line' id='line_1_1' title="bbox 76 320 173 379; baseline 0.01 -3"><span class='ocrx_word' id='word_1_1' title='bbox 76 320 173 379; x_wconf 67' lang='grc'><strong>485</strong></span> 
     </span>
    </p>
   </div>
   <div class='ocr_carea' id='block_1_2' title="bbox 812 302 2596 370">
    <p class='ocr_par' dir='ltr' id='par_1_2' title="bbox 812 302 2596 370">
     <span class='ocr_line' id='line_1_2' title="bbox 812 302 2596 370; baseline -0.006 1"><span class='ocrx_word' id='word_1_2' title='bbox 812 310 1154 370; x_wconf 84' lang='lat' dir='ltr'><strong>COLLATIO</strong></span> <span class='ocrx_word' id='word_1_3' title='bbox 1189 309 1231 367; x_wconf 82' lang='lat' dir='ltr'><strong>l.</strong></span> <span class='ocrx_word' id='word_1_4' title='bbox 1260 339 1331 352; x_wconf 96' lang='lat'><strong><em>—</em></strong></span> <span class='ocrx_word' id='word_1_5' title='bbox 1353 307 1446 366; x_wconf 76' lang='lat' dir='ltr'><strong>DE</strong></span> <span class='ocrx_word' id='word_1_6' title='bbox 1484 305 1791 364; x_wconf 79' lang='lat' dir='ltr'><strong>MONACHI</strong></span> <span class='ocrx_word' id='word_1_7' title='bbox 1838 304 2258 363; x_wconf 74' lang='lat' dir='ltr'><strong>INTENTIONE</strong></span> <span class='ocrx_word' id='word_1_8' title='bbox 2295 304 2381 361; x_wconf 81' lang='lat' dir='ltr'><strong>AC</strong></span> <span class='ocrx_word' id='word_1_9' title='bbox 2418 302 2596 363; x_wconf 84' lang='lat' dir='ltr'><strong>FINE.</strong></span> 
     </span>
    </p>
   </div>
   <div class='ocr_carea' id='block_1_3' title="bbox 3238 313 3343 372">
    <p class='ocr_par' dir='ltr' id='par_1_3' title="bbox 3238 313 3343 372">
     <span class='ocr_line' id='line_1_3' title="bbox 3238 313 3343 372; baseline 0.029 -3"><span class='ocrx_word' id='word_1_10' title='bbox 3238 313 3343 372; x_wconf 71' lang='grc'><strong>486</strong></span> 
     </span>
    </p>
   </div>
   <div class='ocr_carea' id='block_1_4' title="bbox 72 415 3351 506">
    <p class='ocr_par' dir='ltr' id='par_1_4' title="bbox 72 415 3351 506">
     <span class='ocr_line' id='line_1_4' title="bbox 72 415 3351 506; baseline -0.006 -16"><span class='ocrx_word' id='word_1_11' title='bbox 72 435 315 506; x_wconf 81' lang='lat' dir='ltr'><strong>squalore</strong></span> <span class='ocrx_word' id='word_1_12' title='bbox 342 430 610 501; x_wconf 77' lang='lat' dir='ltr'><strong>degentes</strong></span> <span class='ocrx_word' id='word_1_13' title='bbox 635 425 923 497; x_wconf 83' lang='lat' dir='ltr'>pervenire</span> <span class='ocrx_word' id='word_1_14' title='bbox 952 424 1205 496; x_wconf 73' lang='lat' dir='ltr'><strong>possetis.</strong></span> <span class='ocrx_word' id='word_1_15' title='bbox 1251 421 1480 491; x_wconf 88' lang='lat' dir='ltr'><strong>Propter</strong></span> <span class='ocrx_word' id='word_1_16' title='bbox 1501 418 1647 490; x_wconf 88' lang='lat' dir='ltr'><strong>quod</strong></span> <span class='ocrx_word' id='word_1_17' title='bbox 1670 418 1724 481; x_wconf 78' lang='grc' dir='ltr'><strong>Α</strong></span> <span class='ocrx_word' id='word_1_18' title='bbox 1751 415 1875 472; x_wconf 80' lang='lat' dir='ltr'><strong>liter</strong></span> <span class='ocrx_word' id='word_1_19' title='bbox 1905 424 2222 485; x_wconf 85' lang='lat' dir='ltr'><strong>compertus</strong></span> <span class='ocrx_word' id='word_1_20' title='bbox 2262 432 2365 471; x_wconf 92' lang='lat' dir='ltr'><strong>non</strong></span> <span class='ocrx_word' id='word_1_21' title='bbox 2393 417 2593 483; x_wconf 90' lang='lat' dir='ltr'><strong>fuerit,</strong></span> <span class='ocrx_word' id='word_1_22' title='bbox 2625 418 2827 475; x_wconf 80' lang='lat' dir='ltr'><strong>frustra</strong></span> <span class='ocrx_word' id='word_1_23' title='bbox 2857 421 3078 479; x_wconf 91' lang='lat' dir='ltr'><strong>nitendo</strong></span> <span class='ocrx_word' id='word_1_24' title='bbox 3106 424 3351 496; x_wconf 66' lang='lat' dir='ltr'><strong>angam-</strong></span> 
     </span>
    </p>
   </div>
   <div class='ocr_carea' id='block_1_5' title="bbox 71 512 1651 599">
    <p class='ocr_par' dir='ltr' id='par_1_5' title="bbox 71 512 1651 599">
     <span class='ocr_line' id='line_1_5' title="bbox 71 512 1651 599; baseline -0.011 -17"><span class='ocrx_word' id='word_1_25' title='bbox 71 524 395 598; x_wconf 88' lang='lat' dir='ltr'><strong>respondete</strong></span> <span class='ocrx_word' id='word_1_26' title='bbox 421 564 439 592; x_wconf 93' lang='lat'><strong>,</strong></span> <span class='ocrx_word' id='word_1_27' title='bbox 472 520 685 599; x_wconf 76' lang='lat' dir='ltr'><strong>inquit,</strong></span> <span class='ocrx_word' id='word_1_28' title='bbox 718 516 848 573; x_wconf 87' lang='lat' dir='ltr'><strong>mihi</strong></span> <span class='ocrx_word' id='word_1_29' title='bbox 880 531 1001 589; x_wconf 70' lang='lat' dir='ltr'><strong>quae</strong></span> <span class='ocrx_word' id='word_1_30' title='bbox 1027 515 1098 570; x_wconf 91' lang='lat' dir='ltr'><strong>sit</strong></span> <span class='ocrx_word' id='word_1_31' title='bbox 1134 512 1420 571; x_wconf 75' lang='lat' dir='ltr'><strong>destinatio</strong></span> <span class='ocrx_word' id='word_1_32' title='bbox 1446 520 1651 579; x_wconf 84' lang='lat' dir='ltr'><strong>vestra,</strong></span> 
     </span>
    </p>
   </div>
   <div class='ocr_carea' id='block_1_6' title="bbox 69 605 1653 687">
    <p class='ocr_par' dir='ltr' id='par_1_6' title="bbox 69 605 1653 687">
     <span class='ocr_line' id='line_1_6' title="bbox 69 605 1653 687; baseline -0.008 -13"><span class='ocrx_word' id='word_1_33' title='bbox 69 620 152 674; x_wconf 84' lang='lat' dir='ltr'><strong>vel</strong></span> <span class='ocrx_word' id='word_1_34' title='bbox 184 620 322 685; x_wconf 85' lang='lat' dir='ltr'><strong>ﬁnis,</strong></span> <span class='ocrx_word' id='word_1_35' title='bbox 354 615 449 687; x_wconf 90' lang='lat' dir='ltr'><strong>qui</strong></span> <span class='ocrx_word' id='word_1_36' title='bbox 486 614 554 671; x_wconf 91' lang='lat' dir='ltr'><strong>ad</strong></span> <span class='ocrx_word' id='word_1_37' title='bbox 582 615 695 670; x_wconf 76' lang='lat' dir='ltr'><strong>haee</strong></span> <span class='ocrx_word' id='word_1_38' title='bbox 721 611 904 671; x_wconf 82' lang='lat' dir='ltr'><strong>omnia</strong></span> <span class='ocrx_word' id='word_1_39' title='bbox 943 609 1309 667; x_wconf 73' lang='lat' dir='ltr'><strong>libentissime</strong></span> <span class='ocrx_word' id='word_1_40' title='bbox 1336 605 1653 663; x_wconf 85' lang='lat' dir='ltr'><strong>sustinenda</strong></span> 
     </span>
    </p>
   </div>
   <div class='ocr_carea' id='block_1_7' title="bbox 68 716 474 783">
    <p class='ocr_par' dir='ltr' id='par_1_7' title="bbox 68 716 474 783">
     <span class='ocr_line' id='line_1_7' title="bbox 68 716 474 783; baseline -0.002 -19"><span class='ocrx_word' id='word_1_41' title='bbox 68 726 162 767; x_wconf 91' lang='lat' dir='ltr'><strong>vos</strong></span> <span class='ocrx_word' id='word_1_42' title='bbox 196 716 474 783; x_wconf 79' lang='lat' dir='ltr'><strong>provocat.</strong></span> 
     </span>
    </p>
   </div>
   <div class='ocr_carea' id='block_1_8' title="bbox 681 791 1036 852">
    <p class='ocr_par' dir='ltr' id='par_1_8' title="bbox 681 791 1036 852">
     <span class='ocr_line' id='line_1_8' title="bbox 681 791 1036 852; baseline -0.014 0"><span class='ocrx_word' id='word_1_43' title='bbox 681 791 907 852; x_wconf 72' lang='lat' dir='ltr'><strong>UAPUT</strong></span> <span class='ocrx_word' id='word_1_44' title='bbox 947 792 1036 849; x_wconf 78' lang='lat' dir='ltr'><strong>HI.</strong></span> 
     </span>
    </p>
   </div>
   <div class='ocr_carea' id='block_1_9' title="bbox 527 889 1187 960">
    <p class='ocr_par' dir='ltr' id='par_1_9' title="bbox 527 889 1187 960">
     <span class='ocr_line' id='line_1_9' title="bbox 527 889 1187 960; baseline -0.008 -14"><span class='ocrx_word' id='word_1_45' title='bbox 527 889 607 945; x_wconf 71' lang='lat' dir='ltr'><strong>De</strong></span> <span class='ocrx_word' id='word_1_46' title='bbox 634 889 967 960; x_wconf 72' lang='lat' dir='ltr'><strong>responsione</strong></span> <span class='ocrx_word' id='word_1_47' title='bbox 992 890 1187 941; x_wconf 74' lang='lat' dir='ltr'><strong>nostra.</strong></span> 
     </span>
    </p>
   </div>
   <div class='ocr_carea' id='block_1_10' title="bbox 138 995 1653 1079">
    <p class='ocr_par' dir='ltr' id='par_1_10' title="bbox 138 995 1653 1079">
     <span class='ocr_line' id='line_1_10' title="bbox 138 995 1653 1079; baseline -0.01 -14"><span class='ocrx_word' id='word_1_48' title='bbox 138 1006 218 1064; x_wconf 85' lang='lat' dir='ltr'><strong>Et</strong></span> <span class='ocrx_word' id='word_1_49' title='bbox 243 1023 361 1065; x_wconf 91' lang='lat' dir='ltr'><strong>cum</strong></span> <span class='ocrx_word' id='word_1_50' title='bbox 388 1004 706 1079; x_wconf 86' lang='lat' dir='ltr'><strong>persisteret</strong></span> <span class='ocrx_word' id='word_1_51' title='bbox 740 1010 979 1058; x_wconf 88' lang='lat' dir='ltr'><strong>nostram</strong></span> <span class='ocrx_word' id='word_1_52' title='bbox 1012 999 1212 1057; x_wconf 85' lang='lat' dir='ltr'>elicere</span> <span class='ocrx_word' id='word_1_53' title='bbox 1247 1004 1412 1069; x_wconf 76' lang='lat' dir='ltr'><strong>Super</strong></span> <span class='ocrx_word' id='word_1_54' title='bbox 1442 996 1545 1052; x_wconf 86' lang='lat' dir='ltr'><strong>hac</strong></span> <span class='ocrx_word' id='word_1_55' title='bbox 1570 995 1653 1051; x_wconf 91' lang='lat' dir='ltr'><strong>in-</strong></span> 
     </span>
    </p>
   </div>
   <div class='ocr_carea' id='block_1_11' title="bbox 68 1089 1654 1170">
    <p class='ocr_par' dir='ltr' id='par_1_11' title="bbox 68 1089 1654 1170">
     <span class='ocr_line' id='line_1_11' title="bbox 68 1089 1654 1170; baseline -0.004 -16"><span class='ocrx_word' id='word_1_56' title='bbox 68 1100 439 1170; x_wconf 87' lang='lat' dir='ltr'><strong>terrogatione</strong></span> <span class='ocrx_word' id='word_1_57' title='bbox 467 1097 814 1161; x_wconf 91' lang='lat' dir='ltr'><strong>sententiam,</strong></span> <span class='ocrx_word' id='word_1_58' title='bbox 841 1092 1223 1164; x_wconf 86' lang='lat' dir='ltr'><strong>respondimus</strong></span> <span class='ocrx_word' id='word_1_59' title='bbox 1248 1110 1260 1145; x_wconf 85' lang='lat'><strong>:</strong></span> <span class='ocrx_word' id='word_1_60' title='bbox 1290 1089 1462 1163; x_wconf 80' lang='lat' dir='ltr'><strong>Regni</strong></span> <span class='ocrx_word' id='word_1_61' title='bbox 1490 1089 1654 1147; x_wconf 74' lang='lat' dir='ltr'><strong>cmlo~</strong></span> 
     </span>
    </p>
   </div>
   <div class='ocr_carea' id='block_1_12' title="bbox 67 1188 1009 1255">
    <p class='ocr_par' dir='ltr' id='par_1_12' title="bbox 67 1188 1009 1255">
     <span class='ocr_line' id='line_1_12' title="bbox 67 1188 1009 1255; baseline -0.005 -7"><span class='ocrx_word' id='word_1_62' title='bbox 67 1209 186 1250; x_wconf 88' lang='lat' dir='ltr'><strong>rum</strong></span> <span class='ocrx_word' id='word_1_63' title='bbox 217 1208 383 1250; x_wconf 88' lang='lat' dir='ltr'><strong>causa</strong></span> <span class='ocrx_word' id='word_1_64' title='bbox 411 1190 527 1247; x_wconf 73' lang='lat' dir='ltr'><strong>haec</strong></span> <span class='ocrx_word' id='word_1_65' title='bbox 550 1200 741 1255; x_wconf 86' lang='lat' dir='ltr'><strong>cuncta</strong></span> <span class='ocrx_word' id='word_1_66' title='bbox 770 1188 1009 1244; x_wconf 82' lang='lat' dir='ltr'><strong>tolerari.</strong></span> 
     </span>
    </p>
   </div>
   <div class='ocr_carea' id='block_1_13' title="bbox 134 1323 1579 1495">
    <p class='ocr_par' dir='ltr' id='par_1_13' title="bbox 134 1323 1579 1495">
     <span class='ocr_line' id='line_1_13' title="bbox 134 1323 1579 1495; baseline -0.007 -18"><span class='ocrx_word' id='word_1_67' title='bbox 134 1422 484 1495; x_wconf 70' lang='lat' dir='ltr'><strong>Interrogatio</strong></span> <span class='ocrx_word' id='word_1_68' title='bbox 514 1323 1267 1492; x_wconf 49' lang='grc' dir='ltr'><strong>Μονήῗῗῖρῗῗρξθῖροεὶιίοηε</strong></span> <span class='ocrx_word' id='word_1_69' title='bbox 1308 1415 1579 1486; x_wconf 65' lang='lat' dir='ltr'><strong>praedicta.</strong></span> 
     </span>
    </p>
   </div>
   <div class='ocr_carea' id='block_1_14' title="bbox 138 1525 1653 1607">
    <p class='ocr_par' dir='ltr' id='par_1_14' title="bbox 138 1525 1653 1607">
     <span class='ocr_line' id='line_1_14' title="bbox 138 1525 1653 1607; baseline -0.008 -15"><span class='ocrx_word' id='word_1_70' title='bbox 138 1538 220 1594; x_wconf 80' lang='lat' dir='ltr'><strong>Ad</strong></span> <span class='ocrx_word' id='word_1_71' title='bbox 247 1530 389 1607; x_wconf 84' lang='lat' dir='ltr'><strong>quod</strong></span> <span class='ocrx_word' id='word_1_72' title='bbox 415 1535 551 1592; x_wconf 88' lang='lat' dir='ltr'><strong>ille:</strong></span> <span class='ocrx_word' id='word_1_73' title='bbox 585 1534 756 1603; x_wconf 81' lang='lat' dir='ltr'><strong>Bene,</strong></span> <span class='ocrx_word' id='word_1_74' title='bbox 789 1534 986 1603; x_wconf 86' lang='lat' dir='ltr'><strong>inquit,</strong></span> <span class='ocrx_word' id='word_1_75' title='bbox 1018 1540 1072 1587; x_wconf 88' lang='lat' dir='ltr'><strong>et</strong></span> <span class='ocrx_word' id='word_1_76' title='bbox 1114 1537 1304 1600; x_wconf 81' lang='lat' dir='ltr'><strong>argute</strong></span> <span class='ocrx_word' id='word_1_77' title='bbox 1339 1529 1411 1584; x_wconf 87' lang='lat' dir='ltr'><strong>de</strong></span> <span class='ocrx_word' id='word_1_78' title='bbox 1440 1527 1547 1583; x_wconf 84' lang='lat' dir='ltr'><strong>fine</strong></span> <span class='ocrx_word' id='word_1_79' title='bbox 1574 1525 1653 1581; x_wconf 77' lang='lat' dir='ltr'><strong>di-</strong></span> 
     </span>
    </p>
   </div>
   <div class='ocr_carea' id='block_1_15' title="bbox 70 1621 1648 1701">
    <p class='ocr_par' dir='ltr' id='par_1_15' title="bbox 70 1621 1648 1701">
     <span class='ocr_line' id='line_1_15' title="bbox 70 1621 1648 1701; baseline -0.008 -14"><span class='ocrx_word' id='word_1_80' title='bbox 70 1630 219 1687; x_wconf 75' lang='lat' dir='ltr'><strong>xistis</strong></span> <span class='ocrx_word' id='word_1_81' title='bbox 247 1647 261 1684; x_wconf 75' lang='grc' dir='ltr'><strong><em>τ</em></strong></span> <span class='ocrx_word' id='word_1_82' title='bbox 297 1640 322 1669; x_wconf 75' lang='grc' dir='ltr'>α</span> <span class='ocrx_word' id='word_1_83' title='bbox 349 1631 443 1701; x_wconf 83' lang='lat' dir='ltr'><strong>qui</strong></span> <span class='ocrx_word' id='word_1_84' title='bbox 475 1628 643 1701; x_wconf 81' lang='lat' dir='ltr'><strong>[Lips.</strong></span> <span class='ocrx_word' id='word_1_85' title='bbox 670 1630 726 1682; x_wconf 81' lang='lat' dir='ltr'><strong>in</strong></span> <span class='ocrx_word' id='word_1_86' title='bbox 752 1642 919 1699; x_wconf 87' lang='lat' dir='ltr'><strong>marg.</strong></span> <span class='ocrx_word' id='word_1_87' title='bbox 953 1622 1098 1695; x_wconf 71' lang='lat' dir='ltr'><strong>quis]</strong></span> <span class='ocrx_word' id='word_1_88' title='bbox 1137 1636 1272 1678; x_wconf 89' lang='lat' dir='ltr'><strong>vero</strong></span> <span class='ocrx_word' id='word_1_89' title='bbox 1300 1621 1499 1677; x_wconf 84' lang='lat' dir='ltr'><strong>debeat</strong></span> <span class='ocrx_word' id='word_1_90' title='bbox 1524 1630 1648 1675; x_wconf 85' lang='lat' dir='ltr'><strong>sco-</strong></span> 
     </span>
    </p>
   </div>
   <div class='ocr_carea' id='block_1_16' title="bbox 69 1712 1650 1795">
    <p class='ocr_par' dir='ltr' id='par_1_16' title="bbox 69 1712 1650 1795">
     <span class='ocr_line' id='line_1_16' title="bbox 69 1712 1650 1795; baseline -0.009 -15"><span class='ocrx_word' id='word_1_91' title='bbox 69 1739 163 1795; x_wconf 78' lang='lat' dir='ltr'><strong>pas</strong></span> <span class='ocrx_word' id='word_1_92' title='bbox 191 1731 379 1779; x_wconf 86' lang='lat' dir='ltr'><strong>noster</strong></span> <span class='ocrx_word' id='word_1_93' title='bbox 401 1732 554 1787; x_wconf 86' lang='lat' dir='ltr'><strong>esse,</strong></span> <span class='ocrx_word' id='word_1_94' title='bbox 585 1721 640 1776; x_wconf 92' lang='lat' dir='ltr'><strong>id</strong></span> <span class='ocrx_word' id='word_1_95' title='bbox 671 1729 777 1787; x_wconf 88' lang='lat' dir='ltr'><strong>est,</strong></span> <span class='ocrx_word' id='word_1_96' title='bbox 803 1718 1115 1783; x_wconf 84' lang='lat' dir='ltr'><strong>destinatio,</strong></span> <span class='ocrx_word' id='word_1_97' title='bbox 1147 1717 1231 1771; x_wconf 86' lang='lat' dir='ltr'><strong>cui</strong></span> <span class='ocrx_word' id='word_1_98' title='bbox 1259 1715 1459 1785; x_wconf 88' lang='lat' dir='ltr'><strong>jugiter</strong></span> <span class='ocrx_word' id='word_1_99' title='bbox 1484 1712 1650 1768; x_wconf 70' lang='lat' dir='ltr'><strong>inhae-</strong></span> 
     </span>
    </p>
   </div>
   <div class='ocr_carea' id='block_1_17' title="bbox 70 1807 1725 1891">
    <p class='ocr_par' dir='ltr' id='par_1_17' title="bbox 70 1807 1725 1891">
     <span class='ocr_line' id='line_1_17' title="bbox 70 1807 1725 1891; baseline -0.007 -20"><span class='ocrx_word' id='word_1_100' title='bbox 70 1823 248 1871; x_wconf 89' lang='lat' dir='ltr'><strong>rentes</strong></span> <span class='ocrx_word' id='word_1_101' title='bbox 274 1816 440 1870; x_wconf 85' lang='lat' dir='ltr'><strong>ﬁnem</strong></span> <span class='ocrx_word' id='word_1_102' title='bbox 462 1814 739 1869; x_wconf 80' lang='lat' dir='ltr'><strong>valeamus</strong></span> <span class='ocrx_word' id='word_1_103' title='bbox 761 1811 1043 1881; x_wconf 77' lang='lat' dir='ltr'><strong>attingere,</strong></span> <span class='ocrx_word' id='word_1_104' title='bbox 1070 1823 1183 1879; x_wconf 69' lang='lat' dir='ltr'><strong>prie</strong></span> <span class='ocrx_word' id='word_1_105' title='bbox 1209 1807 1460 1863; x_wconf 91' lang='lat' dir='ltr'><strong>omnibus</strong></span> <span class='ocrx_word' id='word_1_106' title='bbox 1484 1818 1649 1861; x_wconf 87' lang='lat' dir='ltr'><strong>nosse</strong></span> <span class='ocrx_word' id='word_1_107' title='bbox 1676 1829 1725 1891; x_wconf 79' lang='grc' dir='ltr'><strong>Β</strong></span> 
     </span>
    </p>
   </div>
   <div class='ocr_carea' id='block_1_18' title="bbox 72 1898 1650 1974">
    <p class='ocr_par' dir='ltr' id='par_1_18' title="bbox 72 1898 1650 1974">
     <span class='ocr_line' id='line_1_18' title="bbox 72 1898 1650 1974; baseline -0.006 -13"><span class='ocrx_word' id='word_1_108' title='bbox 72 1906 297 1963; x_wconf 85' lang='lat' dir='ltr'><strong>debetis.</strong></span> <span class='ocrx_word' id='word_1_109' title='bbox 344 1905 417 1961; x_wconf 87' lang='lat' dir='ltr'><strong>Et</strong></span> <span class='ocrx_word' id='word_1_110' title='bbox 458 1918 580 1961; x_wconf 93' lang='lat' dir='ltr'><strong>cum</strong></span> <span class='ocrx_word' id='word_1_111' title='bbox 620 1901 1010 1974; x_wconf 72' lang='lat' dir='ltr'><strong>ignorationem</strong></span> <span class='ocrx_word' id='word_1_112' title='bbox 1050 1899 1279 1956; x_wconf 82' lang='lat' dir='ltr'><strong>confessi</strong></span> <span class='ocrx_word' id='word_1_113' title='bbox 1331 1898 1650 1966; x_wconf 87' lang='lat' dir='ltr'><strong>simpliciter</strong></span> 
     </span>
    </p>
   </div>
   <div class='ocr_carea' id='block_1_19' title="bbox 71 1988 1652 2067">
    <p class='ocr_par' dir='ltr' id='par_1_19' title="bbox 71 1988 1652 2067">
     <span class='ocr_line' id='line_1_19' title="bbox 71 1988 1652 2067; baseline -0.004 -16"><span class='ocrx_word' id='word_1_114' title='bbox 71 1999 385 2065; x_wconf 88' lang='lat' dir='ltr'><strong>fuissemus,</strong></span> <span class='ocrx_word' id='word_1_115' title='bbox 415 1997 614 2067; x_wconf 78' lang='lat' dir='ltr'><strong>adjecit</strong></span> <span class='ocrx_word' id='word_1_116' title='bbox 643 2013 659 2058; x_wconf 83' lang='lat'><strong>;</strong></span> <span class='ocrx_word' id='word_1_117' title='bbox 694 1995 748 2050; x_wconf 91' lang='lat' dir='ltr'><strong>in</strong></span> <span class='ocrx_word' id='word_1_118' title='bbox 781 1994 961 2060; x_wconf 88' lang='lat' dir='ltr'><strong>omni,</strong></span> <span class='ocrx_word' id='word_1_119' title='bbox 994 2002 1053 2049; x_wconf 93' lang='lat' dir='ltr'><strong>ut</strong></span> <span class='ocrx_word' id='word_1_120' title='bbox 1077 1993 1219 2059; x_wconf 84' lang='lat' dir='ltr'><strong>dixi,</strong></span> <span class='ocrx_word' id='word_1_121' title='bbox 1248 2000 1367 2047; x_wconf 90' lang='lat' dir='ltr'><strong>arte</strong></span> <span class='ocrx_word' id='word_1_122' title='bbox 1394 2004 1457 2046; x_wconf 88' lang='lat' dir='ltr'><strong>ac</strong></span> <span class='ocrx_word' id='word_1_123' title='bbox 1482 1988 1652 2045; x_wconf 86' lang='lat' dir='ltr'><strong>disci-</strong></span> 
     </span>
    </p>
   </div>
   <div class='ocr_carea' id='block_1_20' title="bbox 69 2082 1651 2164">
    <p class='ocr_par' dir='ltr' id='par_1_20' title="bbox 69 2082 1651 2164">
     <span class='ocr_line' id='line_1_20' title="bbox 69 2082 1651 2164; baseline -0.007 -17"><span class='ocrx_word' id='word_1_124' title='bbox 69 2093 206 2161; x_wconf 86' lang='lat' dir='ltr'><strong>plina</strong></span> <span class='ocrx_word' id='word_1_125' title='bbox 237 2091 508 2164; x_wconf 69' lang='lat' dir='ltr'><strong>prazcedit</strong></span> <span class='ocrx_word' id='word_1_126' title='bbox 535 2088 753 2159; x_wconf 88' lang='lat' dir='ltr'><strong>quidam</strong></span> <span class='ocrx_word' id='word_1_127' title='bbox 778 2102 1002 2157; x_wconf 89' lang='lat' dir='ltr'><strong>scopos,</strong></span> <span class='ocrx_word' id='word_1_128' title='bbox 1032 2086 1086 2141; x_wconf 92' lang='lat' dir='ltr'><strong>id</strong></span> <span class='ocrx_word' id='word_1_129' title='bbox 1112 2094 1224 2149; x_wconf 90' lang='lat' dir='ltr'><strong>est,</strong></span> <span class='ocrx_word' id='word_1_130' title='bbox 1254 2084 1447 2140; x_wconf 73' lang='lat' dir='ltr'><strong>anima:</strong></span> <span class='ocrx_word' id='word_1_131' title='bbox 1476 2082 1651 2138; x_wconf 84' lang='lat' dir='ltr'><strong>desti-</strong></span> 
     </span>
    </p>
   </div>
   <div class='ocr_carea' id='block_1_21' title="bbox 71 2175 1651 2251">
    <p class='ocr_par' dir='ltr' id='par_1_21' title="bbox 71 2175 1651 2251">
     <span class='ocr_line' id='line_1_21' title="bbox 71 2175 1651 2251; baseline -0.006 -13"><span class='ocrx_word' id='word_1_132' title='bbox 71 2186 206 2240; x_wconf 82' lang='lat' dir='ltr'><strong>natio</strong></span> <span class='ocrx_word' id='word_1_133' title='bbox 231 2226 247 2251; x_wconf 90' lang='lat'><strong>,</strong></span> <span class='ocrx_word' id='word_1_134' title='bbox 304 2185 421 2240; x_wconf 83' lang='lat' dir='ltr'><strong>sive</strong></span> <span class='ocrx_word' id='word_1_135' title='bbox 458 2181 793 2239; x_wconf 89' lang='lat' dir='ltr'><strong>incessabilis</strong></span> <span class='ocrx_word' id='word_1_136' title='bbox 832 2181 1028 2235; x_wconf 89' lang='lat' dir='ltr'><strong>mentis</strong></span> <span class='ocrx_word' id='word_1_137' title='bbox 1057 2178 1284 2234; x_wconf 87' lang='lat' dir='ltr'><strong>intentio</strong></span> <span class='ocrx_word' id='word_1_138' title='bbox 1309 2220 1324 2245; x_wconf 93' lang='lat'><strong>,</strong></span> <span class='ocrx_word' id='word_1_139' title='bbox 1353 2190 1514 2248; x_wconf 82' lang='lat' dir='ltr'><strong>quam</strong></span> <span class='ocrx_word' id='word_1_140' title='bbox 1546 2175 1651 2230; x_wconf 91' lang='lat' dir='ltr'><strong>nisi</strong></span> 
     </span>
    </p>
   </div>
   <div class='ocr_carea' id='block_1_22' title="bbox 70 2268 1651 2341">
    <p class='ocr_par' dir='ltr' id='par_1_22' title="bbox 70 2268 1651 2341">
     <span class='ocr_line' id='line_1_22' title="bbox 70 2268 1651 2341; baseline -0.003 -14"><span class='ocrx_word' id='word_1_141' title='bbox 70 2273 181 2341; x_wconf 89' lang='lat' dir='ltr'><strong>quis</strong></span> <span class='ocrx_word' id='word_1_142' title='bbox 218 2275 375 2329; x_wconf 87' lang='lat' dir='ltr'><strong>omni</strong></span> <span class='ocrx_word' id='word_1_143' title='bbox 414 2272 592 2328; x_wconf 88' lang='lat' dir='ltr'><strong>studio</strong></span> <span class='ocrx_word' id='word_1_144' title='bbox 632 2270 1144 2341; x_wconf 87' lang='lat' dir='ltr'><strong>perseverantiaque</strong></span> <span class='ocrx_word' id='word_1_145' title='bbox 1178 2268 1517 2335; x_wconf 82' lang='lat' dir='ltr'><strong>servaverit,</strong></span> <span class='ocrx_word' id='word_1_146' title='bbox 1550 2280 1651 2323; x_wconf 89' lang='lat' dir='ltr'><strong>nec</strong></span> 
     </span>
    </p>
   </div>
   <div class='ocr_carea' id='block_1_23' title="bbox 67 2358 1645 2431">
    <p class='ocr_par' dir='ltr' id='par_1_23' title="bbox 67 2358 1645 2431">
     <span class='ocr_line' id='line_1_23' title="bbox 67 2358 1645 2431; baseline -0.003 -14"><span class='ocrx_word' id='word_1_147' title='bbox 67 2363 127 2418; x_wconf 87' lang='lat' dir='ltr'><strong>ad</strong></span> <span class='ocrx_word' id='word_1_148' title='bbox 163 2364 338 2419; x_wconf 87' lang='lat' dir='ltr'><strong>ﬁnem</strong></span> <span class='ocrx_word' id='word_1_149' title='bbox 381 2362 667 2419; x_wconf 82' lang='lat' dir='ltr'><strong>desiderati</strong></span> <span class='ocrx_word' id='word_1_150' title='bbox 696 2362 903 2418; x_wconf 85' lang='lat' dir='ltr'><strong>fructus</strong></span> <span class='ocrx_word' id='word_1_151' title='bbox 932 2362 1131 2431; x_wconf 89' lang='lat' dir='ltr'><strong>poterit</strong></span> <span class='ocrx_word' id='word_1_152' title='bbox 1162 2361 1461 2431; x_wconf 86' lang='lat' dir='ltr'><strong>pervenire.</strong></span> <span class='ocrx_word' id='word_1_153' title='bbox 1493 2358 1645 2430; x_wconf 83' lang='lat' dir='ltr'><strong>Nam,</strong></span> 
     </span>
    </p>
   </div>
   <div class='ocr_carea' id='block_1_24' title="bbox 69 2454 1650 2527">
    <p class='ocr_par' dir='ltr' id='par_1_24' title="bbox 69 2454 1650 2527">
     <span class='ocr_line' id='line_1_24' title="bbox 69 2454 1650 2527; baseline -0.001 -16"><span class='ocrx_word' id='word_1_154' title='bbox 69 2465 117 2510; x_wconf 88' lang='lat' dir='ltr'><strong>ut</strong></span> <span class='ocrx_word' id='word_1_155' title='bbox 160 2456 325 2523; x_wconf 80' lang='lat' dir='ltr'><strong>dixi,</strong></span> <span class='ocrx_word' id='word_1_156' title='bbox 372 2456 602 2527; x_wconf 74' lang='lat' dir='ltr'><strong>agricola</strong></span> <span class='ocrx_word' id='word_1_157' title='bbox 651 2456 811 2512; x_wconf 92' lang='lat' dir='ltr'><strong>ﬁnem</strong></span> <span class='ocrx_word' id='word_1_158' title='bbox 842 2455 1049 2511; x_wconf 90' lang='lat' dir='ltr'><strong>habens</strong></span> <span class='ocrx_word' id='word_1_159' title='bbox 1089 2469 1281 2510; x_wconf 90' lang='lat' dir='ltr'><strong>secure</strong></span> <span class='ocrx_word' id='word_1_160' title='bbox 1323 2454 1650 2524; x_wconf 87' lang='lat' dir='ltr'><strong>copioseque</strong></span> 
     </span>
    </p>
   </div>
   <div class='ocr_carea' id='block_1_25' title="bbox 67 2546 1646 2618">
    <p class='ocr_par' dir='ltr' id='par_1_25' title="bbox 67 2546 1646 2618">
     <span class='ocr_line' id='line_1_25' title="bbox 67 2546 1646 2618; baseline -0.001 -17"><span class='ocrx_word' id='word_1_161' title='bbox 67 2548 273 2605; x_wconf 83' lang='lat' dir='ltr'><strong>vivendi</strong></span> <span class='ocrx_word' id='word_1_162' title='bbox 322 2548 376 2603; x_wconf 86' lang='lat' dir='ltr'><strong>in</strong></span> <span class='ocrx_word' id='word_1_163' title='bbox 427 2556 688 2618; x_wconf 87' lang='lat' dir='ltr'><strong>proventu</strong></span> <span class='ocrx_word' id='word_1_164' title='bbox 728 2554 971 2618; x_wconf 75' lang='lat' dir='ltr'><strong>segetum</strong></span> <span class='ocrx_word' id='word_1_165' title='bbox 1014 2546 1387 2611; x_wconf 76' lang='lat' dir='ltr'><strong>fecundarum,</strong></span> <span class='ocrx_word' id='word_1_166' title='bbox 1420 2560 1646 2616; x_wconf 89' lang='lat' dir='ltr'><strong>scopon,</strong></span> 
     </span>
    </p>
   </div>
   <div class='ocr_carea' id='block_1_26' title="bbox 66 2636 1651 2708">
    <p class='ocr_par' dir='ltr' id='par_1_26' title="bbox 66 2636 1651 2708">
     <span class='ocr_line' id='line_1_26' title="bbox 66 2636 1651 2708; baseline -0.001 -16"><span class='ocrx_word' id='word_1_167' title='bbox 66 2638 113 2693; x_wconf 90' lang='lat' dir='ltr'><strong>id</strong></span> <span class='ocrx_word' id='word_1_168' title='bbox 152 2648 231 2694; x_wconf 88' lang='lat' dir='ltr'><strong>est</strong></span> <span class='ocrx_word' id='word_1_169' title='bbox 256 2678 275 2705; x_wconf 89' lang='lat'><strong>,</strong></span> <span class='ocrx_word' id='word_1_170' title='bbox 326 2638 746 2695; x_wconf 85' lang='lat' dir='ltr'><strong>destinationem</strong></span> <span class='ocrx_word' id='word_1_171' title='bbox 786 2639 967 2708; x_wconf 90' lang='lat' dir='ltr'><strong>gerit,</strong></span> <span class='ocrx_word' id='word_1_172' title='bbox 1009 2651 1193 2707; x_wconf 86' lang='lat' dir='ltr'><strong>agrum</strong></span> <span class='ocrx_word' id='word_1_173' title='bbox 1218 2650 1374 2691; x_wconf 91' lang='lat' dir='ltr'><strong>suum</strong></span> <span class='ocrx_word' id='word_1_174' title='bbox 1409 2636 1651 2691; x_wconf 86' lang='lat' dir='ltr'><strong>sentibus</strong></span> 
     </span>
    </p>
   </div>
   <div class='ocr_carea' id='block_1_27' title="bbox 67 2728 1651 2801">
    <p class='ocr_par' dir='ltr' id='par_1_27' title="bbox 67 2728 1651 2801">
     <span class='ocr_line' id='line_1_27' title="bbox 67 2728 1651 2801; baseline 0 -18"><span class='ocrx_word' id='word_1_175' title='bbox 67 2731 259 2786; x_wconf 87' lang='lat' dir='ltr'><strong>cunctis</strong></span> <span class='ocrx_word' id='word_1_176' title='bbox 311 2740 654 2801; x_wconf 75' lang='lat' dir='ltr'><strong>expurgare,</strong></span> <span class='ocrx_word' id='word_1_177' title='bbox 702 2745 932 2800; x_wconf 90' lang='lat' dir='ltr'><strong>eumque</strong></span> <span class='ocrx_word' id='word_1_178' title='bbox 988 2730 1254 2785; x_wconf 88' lang='lat' dir='ltr'><strong>universis</strong></span> <span class='ocrx_word' id='word_1_179' title='bbox 1302 2728 1651 2784; x_wconf 90' lang='lat' dir='ltr'><strong>infructuosis</strong></span> 
     </span>
    </p>
   </div>
   <div class='ocr_carea' id='block_1_28' title="bbox 66 2822 1649 2895">
    <p class='ocr_par' dir='ltr' id='par_1_28' title="bbox 66 2822 1649 2895">
     <span class='ocr_line' id='line_1_28' title="bbox 66 2822 1649 2895; baseline 0 -19"><span class='ocrx_word' id='word_1_180' title='bbox 66 2838 288 2881; x_wconf 85' lang='lat' dir='ltr'><strong>vacuare</strong></span> <span class='ocrx_word' id='word_1_181' title='bbox 313 2824 674 2895; x_wconf 83' lang='lat' dir='ltr'><strong>graminibus,</strong></span> <span class='ocrx_word' id='word_1_182' title='bbox 702 2839 802 2879; x_wconf 88' lang='lat' dir='ltr'><strong>nec</strong></span> <span class='ocrx_word' id='word_1_183' title='bbox 819 2824 977 2879; x_wconf 84' lang='lat' dir='ltr'><strong>aliter</strong></span> <span class='ocrx_word' id='word_1_184' title='bbox 1006 2838 1063 2878; x_wconf 87' lang='lat' dir='ltr'><strong>se</strong></span> <span class='ocrx_word' id='word_1_185' title='bbox 1084 2824 1249 2892; x_wconf 90' lang='lat' dir='ltr'><strong>quieti</strong></span> <span class='ocrx_word' id='word_1_186' title='bbox 1274 2823 1395 2876; x_wconf 90' lang='lat' dir='ltr'><strong>ﬁnis</strong></span> <span class='ocrx_word' id='word_1_187' title='bbox 1421 2822 1649 2893; x_wconf 90' lang='lat' dir='ltr'><strong>opulen-</strong></span> 
     </span>
    </p>
   </div>
   <div class='ocr_carea' id='block_1_29' title="bbox 70 2914 1652 2987">
    <p class='ocr_par' dir='ltr' id='par_1_29' title="bbox 70 2914 1652 2987">
     <span class='ocr_line' id='line_1_29' title="bbox 70 2914 1652 2987; baseline -0.001 -17"><span class='ocrx_word' id='word_1_188' title='bbox 70 2916 179 2972; x_wconf 84' lang='lat' dir='ltr'><strong>tiam</strong></span> <span class='ocrx_word' id='word_1_189' title='bbox 210 2918 545 2987; x_wconf 76' lang='lat' dir='ltr'><strong>adepturum</strong></span> <span class='ocrx_word' id='word_1_190' title='bbox 575 2930 696 2972; x_wconf 88' lang='lat' dir='ltr'><strong>esse</strong></span> <span class='ocrx_word' id='word_1_191' title='bbox 722 2916 963 2985; x_wconf 89' lang='lat' dir='ltr'><strong>conﬁdit,</strong></span> <span class='ocrx_word' id='word_1_192' title='bbox 997 2917 1101 2971; x_wconf 89' lang='lat' dir='ltr'><strong>nisi</strong></span> <span class='ocrx_word' id='word_1_193' title='bbox 1128 2914 1181 2970; x_wconf 90' lang='lat' dir='ltr'><strong>id</strong></span> <span class='ocrx_word' id='word_1_194' title='bbox 1211 2915 1353 2985; x_wconf 92' lang='lat' dir='ltr'><strong>quod</strong></span> <span class='ocrx_word' id='word_1_195' title='bbox 1385 2930 1481 2969; x_wconf 92' lang='lat' dir='ltr'><strong>usu</strong></span> <span class='ocrx_word' id='word_1_196' title='bbox 1510 2915 1652 2969; x_wconf 89' lang='lat' dir='ltr'><strong>obti-</strong></span> 
     </span>
    </p>
   </div>
   <div class='ocr_carea' id='block_1_30' title="bbox 66 3007 1698 3079">
    <p class='ocr_par' dir='ltr' id='par_1_30' title="bbox 66 3007 1698 3079">
     <span class='ocr_line' id='line_1_30' title="bbox 66 3007 1698 3079; baseline -0.002 -17"><span class='ocrx_word' id='word_1_197' title='bbox 66 3022 181 3065; x_wconf 88' lang='lat' dir='ltr'><strong>nere</strong></span> <span class='ocrx_word' id='word_1_198' title='bbox 205 3009 513 3075; x_wconf 75' lang='lat' dir='ltr'><strong>desiderat,</strong></span> <span class='ocrx_word' id='word_1_199' title='bbox 542 3008 776 3079; x_wconf 84' lang='lat' dir='ltr'><strong>quadam</strong></span> <span class='ocrx_word' id='word_1_200' title='bbox 808 3008 955 3078; x_wconf 90' lang='lat' dir='ltr'><strong>prius</strong></span> <span class='ocrx_word' id='word_1_201' title='bbox 980 3008 1160 3078; x_wconf 91' lang='lat' dir='ltr'><strong>operis</strong></span> <span class='ocrx_word' id='word_1_202' title='bbox 1187 3022 1253 3063; x_wconf 90' lang='lat' dir='ltr'><strong>ac</strong></span> <span class='ocrx_word' id='word_1_203' title='bbox 1276 3007 1393 3076; x_wconf 90' lang='lat' dir='ltr'><strong>spei</strong></span> <span class='ocrx_word' id='word_1_204' title='bbox 1421 3021 1533 3061; x_wconf 73' lang='lat' dir='ltr'><strong>sua:</strong></span> <span class='ocrx_word' id='word_1_205' title='bbox 1564 3020 1651 3059; x_wconf 90' lang='lat' dir='ltr'><strong>ra-</strong></span> <span class='ocrx_word' id='word_1_206' title='bbox 1690 3052 1698 3060; x_wconf 92' lang='lat'><strong>.</strong></span> 
     </span>
    </p>
   </div>
   <div class='ocr_carea' id='block_1_31' title="bbox 66 3102 1649 3175">
    <p class='ocr_par' dir='ltr' id='par_1_31' title="bbox 66 3102 1649 3175">
     <span class='ocr_line' id='line_1_31' title="bbox 66 3102 1649 3175; baseline -0.001 -19"><span class='ocrx_word' id='word_1_207' title='bbox 66 3103 195 3160; x_wconf 87' lang='lat' dir='ltr'><strong>tione</strong></span> <span class='ocrx_word' id='word_1_208' title='bbox 219 3104 534 3175; x_wconf 77' lang='lat' dir='ltr'><strong>possideat.</strong></span> <span class='ocrx_word' id='word_1_209' title='bbox 571 3103 880 3173; x_wconf 82' lang='lat' dir='ltr'><strong>Negotiator</strong></span> <span class='ocrx_word' id='word_1_210' title='bbox 917 3117 1135 3175; x_wconf 92' lang='lat' dir='ltr'><strong>quoque</strong></span> <span class='ocrx_word' id='word_1_211' title='bbox 1163 3102 1649 3174; x_wconf 87' lang='lat' dir='ltr'><strong>comparandarum</strong></span> 
     </span>
    </p>
   </div>
   <div class='ocr_carea' id='block_1_32' title="bbox 1756 507 3351 585">
    <p class='ocr_par' dir='ltr' id='par_1_32' title="bbox 1756 507 3351 585">
     <span class='ocr_line' id='line_1_32' title="bbox 1756 507 3351 585; baseline 0.008 -23"><span class='ocrx_word' id='word_1_212' title='bbox 1756 523 1900 576; x_wconf 88' lang='lat' dir='ltr'><strong>mur,</strong></span> <span class='ocrx_word' id='word_1_213' title='bbox 1925 508 2049 578; x_wconf 91' lang='lat' dir='ltr'><strong>quia</strong></span> <span class='ocrx_word' id='word_1_214' title='bbox 2076 507 2195 563; x_wconf 90' lang='lat' dir='ltr'><strong>sine</strong></span> <span class='ocrx_word' id='word_1_215' title='bbox 2219 507 2306 563; x_wconf 87' lang='lat' dir='ltr'><strong>via</strong></span> <span class='ocrx_word' id='word_1_216' title='bbox 2334 509 2674 566; x_wconf 89' lang='lat' dir='ltr'><strong>tendentibus</strong></span> <span class='ocrx_word' id='word_1_217' title='bbox 2703 511 2854 567; x_wconf 90' lang='lat' dir='ltr'><strong>labor</strong></span> <span class='ocrx_word' id='word_1_218' title='bbox 2873 524 2955 570; x_wconf 93' lang='lat' dir='ltr'><strong>est</strong></span> <span class='ocrx_word' id='word_1_219' title='bbox 2982 513 3214 585; x_wconf 89' lang='lat' dir='ltr'><strong>itineris,</strong></span> <span class='ocrx_word' id='word_1_220' title='bbox 3245 535 3351 576; x_wconf 87' lang='lat' dir='ltr'><strong>non</strong></span> 
     </span>
    </p>
   </div>
   <div class='ocr_carea' id='block_1_33' title="bbox 1754 602 3353 674">
    <p class='ocr_par' dir='ltr' id='par_1_33' title="bbox 1754 602 3353 674">
     <span class='ocr_line' id='line_1_33' title="bbox 1754 602 3353 674; baseline 0.007 -17"><span class='ocrx_word' id='word_1_221' title='bbox 1754 603 2047 673; x_wconf 88' lang='lat' dir='ltr'><strong>profectus.</strong></span> <span class='ocrx_word' id='word_1_222' title='bbox 2098 602 2179 657; x_wconf 79' lang='lat' dir='ltr'><strong>Ad</strong></span> <span class='ocrx_word' id='word_1_223' title='bbox 2219 603 2363 673; x_wconf 91' lang='lat' dir='ltr'><strong>quod</strong></span> <span class='ocrx_word' id='word_1_224' title='bbox 2408 605 2927 674; x_wconf 88' lang='lat' dir='ltr'><strong>obstupescentibus</strong></span> <span class='ocrx_word' id='word_1_225' title='bbox 2975 610 3133 665; x_wconf 88' lang='lat' dir='ltr'><strong>nobis</strong></span> <span class='ocrx_word' id='word_1_226' title='bbox 3180 627 3353 668; x_wconf 77' lang='lat' dir='ltr'><strong>senex</strong></span> 
     </span>
    </p>
   </div>
   <div class='ocr_carea' id='block_1_34' title="bbox 1753 691 3352 769">
    <p class='ocr_par' dir='ltr' id='par_1_34' title="bbox 1753 691 3352 769">
     <span class='ocr_line' id='line_1_34' title="bbox 1753 691 3352 769; baseline 0.007 -21"><span class='ocrx_word' id='word_1_227' title='bbox 1753 692 1978 748; x_wconf 91' lang='lat' dir='ltr'><strong>intulit:</strong></span> <span class='ocrx_word' id='word_1_228' title='bbox 2011 691 2163 748; x_wconf 88' lang='lat' dir='ltr'><strong>Finis</strong></span> <span class='ocrx_word' id='word_1_229' title='bbox 2206 693 2422 763; x_wconf 86' lang='lat' dir='ltr'><strong>quidem</strong></span> <span class='ocrx_word' id='word_1_230' title='bbox 2466 702 2665 751; x_wconf 61' lang='lat' dir='ltr'><strong>nostra;</strong></span> <span class='ocrx_word' id='word_1_231' title='bbox 2704 699 3078 769; x_wconf 80' lang='lat' dir='ltr'><strong>professionis,</strong></span> <span class='ocrx_word' id='word_1_232' title='bbox 3117 711 3181 757; x_wconf 90' lang='lat' dir='ltr'><strong>ut</strong></span> <span class='ocrx_word' id='word_1_233' title='bbox 3205 700 3352 759; x_wconf 82' lang='lat' dir='ltr'><strong>dixi-</strong></span> 
     </span>
    </p>
   </div>
   <div class='ocr_carea' id='block_1_35' title="bbox 1752 783 3352 862">
    <p class='ocr_par' dir='ltr' id='par_1_35' title="bbox 1752 783 3352 862">
     <span class='ocr_line' id='line_1_35' title="bbox 1752 783 3352 862; baseline 0.008 -22"><span class='ocrx_word' id='word_1_234' title='bbox 1752 798 1907 852; x_wconf 89' lang='lat' dir='ltr'><strong>mus,</strong></span> <span class='ocrx_word' id='word_1_235' title='bbox 1941 800 2167 857; x_wconf 88' lang='lat' dir='ltr'><strong>regnum</strong></span> <span class='ocrx_word' id='word_1_236' title='bbox 2200 783 2324 854; x_wconf 86' lang='lat' dir='ltr'><strong>Dei,</strong></span> <span class='ocrx_word' id='word_1_237' title='bbox 2357 796 2453 842; x_wconf 87' lang='lat' dir='ltr'><strong>seu</strong></span> <span class='ocrx_word' id='word_1_238' title='bbox 2481 804 2702 862; x_wconf 84' lang='lat' dir='ltr'><strong>regnum</strong></span> <span class='ocrx_word' id='word_1_239' title='bbox 2734 792 2991 848; x_wconf 59' lang='lat' dir='ltr'><strong>caelorum</strong></span> <span class='ocrx_word' id='word_1_240' title='bbox 3019 798 3103 849; x_wconf 79' lang='lat' dir='ltr'><strong>e‘st</strong></span> <span class='ocrx_word' id='word_1_241' title='bbox 3136 811 3149 849; x_wconf 91' lang='lat'><strong>:</strong></span> <span class='ocrx_word' id='word_1_242' title='bbox 3179 794 3352 853; x_wconf 89' lang='lat' dir='ltr'><strong>desti-</strong></span> 
     </span>
    </p>
   </div>
   <div class='ocr_carea' id='block_1_36' title="bbox 1753 878 3344 959">
    <p class='ocr_par' dir='ltr' id='par_1_36' title="bbox 1753 878 3344 959">
     <span class='ocr_line' id='line_1_36' title="bbox 1753 878 3344 959; baseline 0.007 -26"><span class='ocrx_word' id='word_1_243' title='bbox 1753 878 1900 934; x_wconf 90' lang='lat' dir='ltr'><strong>natio</strong></span> <span class='ocrx_word' id='word_1_244' title='bbox 1924 893 2052 934; x_wconf 86' lang='lat' dir='ltr'><strong>vero</strong></span> <span class='ocrx_word' id='word_1_245' title='bbox 2082 884 2267 934; x_wconf 87' lang='lat' dir='ltr'><strong>nostra</strong></span> <span class='ocrx_word' id='word_1_246' title='bbox 2289 921 2303 946; x_wconf 98' lang='lat'><strong>,</strong></span> <span class='ocrx_word' id='word_1_247' title='bbox 2334 880 2386 934; x_wconf 92' lang='lat' dir='ltr'><strong>id</strong></span> <span class='ocrx_word' id='word_1_248' title='bbox 2413 888 2495 936; x_wconf 89' lang='lat' dir='ltr'><strong>est</strong></span> <span class='ocrx_word' id='word_1_249' title='bbox 2514 922 2528 947; x_wconf 91' lang='lat'><strong>,</strong></span> <span class='ocrx_word' id='word_1_250' title='bbox 2555 894 2771 951; x_wconf 90' lang='lat' dir='ltr'><strong>scopos,</strong></span> <span class='ocrx_word' id='word_1_251' title='bbox 2798 890 3004 954; x_wconf 88' lang='lat' dir='ltr'><strong>puritas</strong></span> <span class='ocrx_word' id='word_1_252' title='bbox 3032 894 3115 942; x_wconf 90' lang='lat' dir='ltr'><strong>est</strong></span> <span class='ocrx_word' id='word_1_253' title='bbox 3141 889 3344 959; x_wconf 89' lang='lat' dir='ltr'><strong>cordis,</strong></span> 
     </span>
    </p>
   </div>
   <div class='ocr_carea' id='block_1_37' title="bbox 1753 970 3345 1052">
    <p class='ocr_par' dir='ltr' id='par_1_37' title="bbox 1753 970 3345 1052">
     <span class='ocr_line' id='line_1_37' title="bbox 1753 970 3345 1052; baseline 0.006 -25"><span class='ocrx_word' id='word_1_254' title='bbox 1753 972 1870 1027; x_wconf 87' lang='lat' dir='ltr'><strong>sine</strong></span> <span class='ocrx_word' id='word_1_255' title='bbox 1919 987 2024 1042; x_wconf 92' lang='lat' dir='ltr'><strong>qua</strong></span> <span class='ocrx_word' id='word_1_256' title='bbox 2070 972 2137 1027; x_wconf 86' lang='lat' dir='ltr'><strong>ad</strong></span> <span class='ocrx_word' id='word_1_257' title='bbox 2182 970 2331 1027; x_wconf 88' lang='lat' dir='ltr'><strong>illum</strong></span> <span class='ocrx_word' id='word_1_258' title='bbox 2373 970 2533 1029; x_wconf 84' lang='lat' dir='ltr'><strong>ﬁnem</strong></span> <span class='ocrx_word' id='word_1_259' title='bbox 2569 974 2899 1046; x_wconf 88' lang='lat' dir='ltr'><strong>impossibile</strong></span> <span class='ocrx_word' id='word_1_260' title='bbox 2925 984 3007 1035; x_wconf 88' lang='lat' dir='ltr'><strong>est</strong></span> <span class='ocrx_word' id='word_1_261' title='bbox 3032 980 3345 1052; x_wconf 87' lang='lat' dir='ltr'><strong>quempiam</strong></span> 
     </span>
    </p>
   </div>
   <div class='ocr_carea' id='block_1_38' title="bbox 1755 1062 3347 1142">
    <p class='ocr_par' dir='ltr' id='par_1_38' title="bbox 1755 1062 3347 1142">
     <span class='ocr_line' id='line_1_38' title="bbox 1755 1062 3347 1142; baseline 0.006 -23"><span class='ocrx_word' id='word_1_262' title='bbox 1755 1063 2060 1132; x_wconf 85' lang='lat' dir='ltr'><strong>pervenire.</strong></span> <span class='ocrx_word' id='word_1_263' title='bbox 2084 1062 2141 1118; x_wconf 88' lang='lat' dir='ltr'><strong>in</strong></span> <span class='ocrx_word' id='word_1_264' title='bbox 2165 1063 2266 1119; x_wconf 90' lang='lat' dir='ltr'><strong>hac</strong></span> <span class='ocrx_word' id='word_1_265' title='bbox 2292 1074 2419 1136; x_wconf 88' lang='lat' dir='ltr'><strong>ergo</strong></span> <span class='ocrx_word' id='word_1_266' title='bbox 2446 1065 2808 1124; x_wconf 81' lang='lat' dir='ltr'><strong>destinatibne</strong></span> <span class='ocrx_word' id='word_1_267' title='bbox 2828 1069 3125 1142; x_wconf 87' lang='lat' dir='ltr'><strong>deﬁgentes</strong></span> <span class='ocrx_word' id='word_1_268' title='bbox 3145 1080 3347 1129; x_wconf 83' lang='lat' dir='ltr'><strong>nostrae</strong></span> 
     </span>
    </p>
   </div>
   <div class='ocr_carea' id='block_1_39' title="bbox 1752 1155 3344 1237">
    <p class='ocr_par' dir='ltr' id='par_1_39' title="bbox 1752 1155 3344 1237">
     <span class='ocr_line' id='line_1_39' title="bbox 1752 1155 3344 1237; baseline 0.008 -26"><span class='ocrx_word' id='word_1_269' title='bbox 1752 1155 2067 1211; x_wconf 86' lang='lat' dir='ltr'><strong>directionis</strong></span> <span class='ocrx_word' id='word_1_270' title='bbox 2097 1157 2340 1224; x_wconf 87' lang='lat' dir='ltr'><strong>obtutus,</strong></span> <span class='ocrx_word' id='word_1_271' title='bbox 2373 1161 2519 1214; x_wconf 88' lang='lat' dir='ltr'><strong>velut</strong></span> <span class='ocrx_word' id='word_1_272' title='bbox 2545 1160 2612 1215; x_wconf 90' lang='lat' dir='ltr'><strong>ad</strong></span> <span class='ocrx_word' id='word_1_273' title='bbox 2642 1173 2849 1218; x_wconf 88' lang='lat' dir='ltr'><strong>certam</strong></span> <span class='ocrx_word' id='word_1_274' title='bbox 2878 1166 3096 1237; x_wconf 88' lang='lat' dir='ltr'><strong>lineam,</strong></span> <span class='ocrx_word' id='word_1_275' title='bbox 3127 1183 3344 1225; x_wconf 90' lang='lat' dir='ltr'><strong>cursum</strong></span> 
     </span>
    </p>
   </div>
   <div class='ocr_carea' id='block_1_40' title="bbox 1753 1246 3341 1331">
    <p class='ocr_par' dir='ltr' id='par_1_40' title="bbox 1753 1246 3341 1331">
     <span class='ocr_line' id='line_1_40' title="bbox 1753 1246 3341 1331; baseline 0.008 -29"><span class='ocrx_word' id='word_1_276' title='bbox 1753 1246 2112 1303; x_wconf 89' lang='lat' dir='ltr'><strong>rectissimum</strong></span> <span class='ocrx_word' id='word_1_277' title='bbox 2146 1248 2427 1319; x_wconf 87' lang='lat' dir='ltr'><strong>dirigimus</strong></span> <span class='ocrx_word' id='word_1_278' title='bbox 2476 1248 2653 1322; x_wconf 82' lang='lat' dir='ltr'><strong>[Lips.</strong></span> <span class='ocrx_word' id='word_1_279' title='bbox 2700 1253 2754 1307; x_wconf 85' lang='lat' dir='ltr'><strong>in</strong></span> <span class='ocrx_word' id='word_1_280' title='bbox 2790 1272 2958 1328; x_wconf 84' lang='lat' dir='ltr'><strong>marg.</strong></span> <span class='ocrx_word' id='word_1_281' title='bbox 2993 1259 3341 1331; x_wconf 82' lang='lat' dir='ltr'><strong>dirigamus].</strong></span> 
     </span>
    </p>
   </div>
   <div class='ocr_carea' id='block_1_41' title="bbox 1752 1338 3344 1415">
    <p class='ocr_par' dir='ltr' id='par_1_41' title="bbox 1752 1338 3344 1415">
     <span class='ocr_line' id='line_1_41' title="bbox 1752 1338 3344 1415; baseline 0.01 -23"><span class='ocrx_word' id='word_1_282' title='bbox 1752 1338 1830 1393; x_wconf 90' lang='lat' dir='ltr'><strong>Ac</strong></span> <span class='ocrx_word' id='word_1_283' title='bbox 1859 1338 1905 1393; x_wconf 90' lang='lat' dir='ltr'><strong>si</strong></span> <span class='ocrx_word' id='word_1_284' title='bbox 1938 1340 2209 1408; x_wconf 90' lang='lat' dir='ltr'><strong>paululum</strong></span> <span class='ocrx_word' id='word_1_285' title='bbox 2237 1342 2363 1411; x_wconf 90' lang='lat' dir='ltr'><strong>quid</strong></span> <span class='ocrx_word' id='word_1_286' title='bbox 2391 1342 2462 1397; x_wconf 91' lang='lat' dir='ltr'><strong>ab</strong></span> <span class='ocrx_word' id='word_1_287' title='bbox 2488 1343 2587 1398; x_wconf 89' lang='lat' dir='ltr'><strong>hac</strong></span> <span class='ocrx_word' id='word_1_288' title='bbox 2615 1347 2868 1415; x_wconf 82' lang='lat' dir='ltr'><strong>cogitatio</strong></span> <span class='ocrx_word' id='word_1_289' title='bbox 2898 1358 3081 1405; x_wconf 87' lang='lat' dir='ltr'><strong>nostra</strong></span> <span class='ocrx_word' id='word_1_290' title='bbox 3107 1351 3344 1407; x_wconf 82' lang='lat' dir='ltr'><strong>deﬂexe-</strong></span> 
     </span>
    </p>
   </div>
   <div class='ocr_carea' id='block_1_42' title="bbox 1754 1430 3343 1515">
    <p class='ocr_par' dir='ltr' id='par_1_42' title="bbox 1754 1430 3343 1515">
     <span class='ocr_line' id='line_1_42' title="bbox 1754 1430 3343 1515; baseline 0.011 -29"><span class='ocrx_word' id='word_1_291' title='bbox 1754 1432 1845 1501; x_wconf 89' lang='lat' dir='ltr'><strong>rit,</strong></span> <span class='ocrx_word' id='word_1_292' title='bbox 1879 1430 1947 1488; x_wconf 88' lang='lat' dir='ltr'><strong>ad</strong></span> <span class='ocrx_word' id='word_1_293' title='bbox 1977 1437 2484 1505; x_wconf 86' lang='lat' dir='ltr'><strong>contemplationem</strong></span> <span class='ocrx_word' id='word_1_294' title='bbox 2515 1439 2631 1508; x_wconf 88' lang='lat' dir='ltr'><strong>ejus</strong></span> <span class='ocrx_word' id='word_1_295' title='bbox 2659 1440 2803 1497; x_wconf 91' lang='lat' dir='ltr'><strong>illico</strong></span> <span class='ocrx_word' id='word_1_296' title='bbox 2833 1457 3191 1515; x_wconf 87' lang='lat' dir='ltr'><strong>recurrentes,</strong></span> <span class='ocrx_word' id='word_1_297' title='bbox 3222 1464 3343 1502; x_wconf 89' lang='lat' dir='ltr'><strong>rur-</strong></span> 
     </span>
    </p>
   </div>
   <div class='ocr_carea' id='block_1_43' title="bbox 1751 1528 3343 1599">
    <p class='ocr_par' dir='ltr' id='par_1_43' title="bbox 1751 1528 3343 1599">
     <span class='ocr_line' id='line_1_43' title="bbox 1751 1528 3343 1599; baseline 0.011 -20"><span class='ocrx_word' id='word_1_298' title='bbox 1751 1540 1844 1583; x_wconf 86' lang='lat' dir='ltr'><strong>sus</strong></span> <span class='ocrx_word' id='word_1_299' title='bbox 1873 1542 1990 1583; x_wconf 89' lang='lat' dir='ltr'><strong>eam</strong></span> <span class='ocrx_word' id='word_1_300' title='bbox 2024 1528 2168 1583; x_wconf 90' lang='lat' dir='ltr'><strong>velut</strong></span> <span class='ocrx_word' id='word_1_301' title='bbox 2203 1529 2271 1584; x_wconf 88' lang='lat' dir='ltr'><strong>ad</strong></span> <span class='ocrx_word' id='word_1_302' title='bbox 2296 1532 2579 1599; x_wconf 85' lang='lat' dir='ltr'><strong>quamdam</strong></span> <span class='ocrx_word' id='word_1_303' title='bbox 2612 1550 2858 1591; x_wconf 86' lang='lat' dir='ltr'><strong>normam</strong></span> <span class='ocrx_word' id='word_1_304' title='bbox 2892 1540 3196 1597; x_wconf 84' lang='lat' dir='ltr'><strong>rectissime</strong></span> <span class='ocrx_word' id='word_1_305' title='bbox 3221 1558 3343 1597; x_wconf 93' lang='lat' dir='ltr'><strong>cor-</strong></span> 
     </span>
    </p>
   </div>
   <div class='ocr_carea' id='block_1_44' title="bbox 1751 1618 3339 1690">
    <p class='ocr_par' dir='ltr' id='par_1_44' title="bbox 1751 1618 3339 1690">
     <span class='ocr_line' id='line_1_44' title="bbox 1751 1618 3339 1690; baseline 0.011 -19"><span class='ocrx_word' id='word_1_306' title='bbox 1751 1618 2017 1687; x_wconf 80' lang='lat' dir='ltr'><strong>rigamus;</strong></span> <span class='ocrx_word' id='word_1_307' title='bbox 2067 1618 2188 1690; x_wconf 78' lang='lat' dir='ltr'><strong>qua:</strong></span> <span class='ocrx_word' id='word_1_308' title='bbox 2236 1636 2449 1690; x_wconf 88' lang='lat' dir='ltr'><strong>semper</strong></span> <span class='ocrx_word' id='word_1_309' title='bbox 2497 1637 2687 1679; x_wconf 91' lang='lat' dir='ltr'><strong>omnes</strong></span> <span class='ocrx_word' id='word_1_310' title='bbox 2731 1638 2960 1682; x_wconf 90' lang='lat' dir='ltr'><strong>conatus</strong></span> <span class='ocrx_word' id='word_1_311' title='bbox 3012 1642 3223 1685; x_wconf 91' lang='lat' dir='ltr'><strong>nostros</strong></span> <span class='ocrx_word' id='word_1_312' title='bbox 3271 1633 3339 1688; x_wconf 90' lang='lat' dir='ltr'><strong>ad</strong></span> 
     </span>
    </p>
   </div>
   <div class='ocr_carea' id='block_1_45' title="bbox 1752 1712 3337 1798">
    <p class='ocr_par' dir='ltr' id='par_1_45' title="bbox 1752 1712 3337 1798">
     <span class='ocr_line' id='line_1_45' title="bbox 1752 1712 3337 1798; baseline 0.008 -32"><span class='ocrx_word' id='word_1_313' title='bbox 1752 1727 1916 1766; x_wconf 90' lang='lat' dir='ltr'><strong>unum</strong></span> <span class='ocrx_word' id='word_1_314' title='bbox 1959 1712 2062 1767; x_wconf 90' lang='lat' dir='ltr'><strong>hoc</strong></span> <span class='ocrx_word' id='word_1_315' title='bbox 2102 1727 2369 1769; x_wconf 88' lang='lat' dir='ltr'><strong>revocans</strong></span> <span class='ocrx_word' id='word_1_316' title='bbox 2400 1716 2609 1784; x_wconf 87' lang='lat' dir='ltr'><strong>signum</strong></span> <span class='ocrx_word' id='word_1_317' title='bbox 2630 1762 2645 1786; x_wconf 89' lang='lat'><strong>,</strong></span> <span class='ocrx_word' id='word_1_318' title='bbox 2680 1730 2867 1789; x_wconf 84' lang='lat' dir='ltr'><strong>arguet</strong></span> <span class='ocrx_word' id='word_1_319' title='bbox 2894 1719 3059 1794; x_wconf 80' lang='lat' dir='ltr'><strong>[Lips.</strong></span> <span class='ocrx_word' id='word_1_320' title='bbox 3093 1724 3143 1777; x_wconf 87' lang='lat' dir='ltr'><strong>in</strong></span> <span class='ocrx_word' id='word_1_321' title='bbox 3170 1742 3337 1798; x_wconf 86' lang='lat' dir='ltr'><strong>marg.</strong></span> 
     </span>
    </p>
   </div>
   <div class='ocr_carea' id='block_1_46' title="bbox 1752 1804 3339 1878">
    <p class='ocr_par' dir='ltr' id='par_1_46' title="bbox 1752 1804 3339 1878">
     <span class='ocr_line' id='line_1_46' title="bbox 1752 1804 3339 1878; baseline 0.009 -19"><span class='ocrx_word' id='word_1_322' title='bbox 1752 1804 1949 1878; x_wconf 82' lang='lat' dir='ltr'><strong>arguit]</strong></span> <span class='ocrx_word' id='word_1_323' title='bbox 1988 1807 2168 1860; x_wconf 87' lang='lat' dir='ltr'><strong>statim</strong></span> <span class='ocrx_word' id='word_1_324' title='bbox 2197 1806 2239 1860; x_wconf 90' lang='lat' dir='ltr'><strong>si</strong></span> <span class='ocrx_word' id='word_1_325' title='bbox 2273 1822 2301 1859; x_wconf 92' lang='lat' dir='ltr'><strong>a</strong></span> <span class='ocrx_word' id='word_1_326' title='bbox 2336 1808 2607 1877; x_wconf 86' lang='lat' dir='ltr'><strong>proposita</strong></span> <span class='ocrx_word' id='word_1_327' title='bbox 2638 1810 2937 1869; x_wconf 89' lang='lat' dir='ltr'><strong>directione</strong></span> <span class='ocrx_word' id='word_1_328' title='bbox 2968 1828 3120 1872; x_wconf 84' lang='lat' dir='ltr'><strong>mens</strong></span> <span class='ocrx_word' id='word_1_329' title='bbox 3155 1829 3339 1875; x_wconf 81' lang='lat' dir='ltr'><strong>nOStra</strong></span> 
     </span>
    </p>
   </div>
   <div class='ocr_carea' id='block_1_47' title="bbox 1754 1897 2493 1969">
    <p class='ocr_par' dir='ltr' id='par_1_47' title="bbox 1754 1897 2493 1969">
     <span class='ocr_line' id='line_1_47' title="bbox 1754 1897 2493 1969; baseline -0.003 -16"><span class='ocrx_word' id='word_1_330' title='bbox 1754 1897 1840 1954; x_wconf 88' lang='lat' dir='ltr'><strong>vel</strong></span> <span class='ocrx_word' id='word_1_331' title='bbox 1869 1898 2147 1969; x_wconf 89' lang='lat' dir='ltr'><strong>paululum</strong></span> <span class='ocrx_word' id='word_1_332' title='bbox 2176 1897 2493 1954; x_wconf 88' lang='lat' dir='ltr'><strong>deviaverit.</strong></span> 
     </span>
    </p>
   </div>
   <div class='ocr_carea' id='block_1_48' title="bbox 2380 1989 2708 2048">
    <p class='ocr_par' dir='ltr' id='par_1_48' title="bbox 2380 1989 2708 2048">
     <span class='ocr_line' id='line_1_48' title="bbox 2380 1989 2708 2048; baseline -0.006 -1"><span class='ocrx_word' id='word_1_333' title='bbox 2380 1989 2607 2048; x_wconf 87' lang='lat' dir='ltr'><strong>CAPUT</strong></span> <span class='ocrx_word' id='word_1_334' title='bbox 2646 1992 2708 2048; x_wconf 85' lang='lat' dir='ltr'><strong>V.</strong></span> 
     </span>
    </p>
   </div>
   <div class='ocr_carea' id='block_1_49' title="bbox 1758 2080 3341 2163">
    <p class='ocr_par' dir='ltr' id='par_1_49' title="bbox 1758 2080 3341 2163">
     <span class='ocr_line' id='line_1_49' title="bbox 1758 2080 3341 2163; baseline 0.009 -28"><span class='ocrx_word' id='word_1_335' title='bbox 1758 2080 1908 2150; x_wconf 84' lang='lat' dir='ltr'><strong>Quod</strong></span> <span class='ocrx_word' id='word_1_336' title='bbox 1930 2083 1997 2138; x_wconf 84' lang='lat' dir='ltr'><strong>ad</strong></span> <span class='ocrx_word' id='word_1_337' title='bbox 2021 2098 2235 2152; x_wconf 85' lang='lat' dir='ltr'><strong>scopum</strong></span> <span class='ocrx_word' id='word_1_338' title='bbox 2255 2083 2477 2163; x_wconf 71' lang='lat' dir='ltr'><strong>aliquem</strong></span> <span class='ocrx_word' id='word_1_339' title='bbox 2504 2086 2766 2163; x_wconf 74' lang='lat' dir='ltr'><strong>collimare</strong></span> <span class='ocrx_word' id='word_1_340' title='bbox 2803 2098 3058 2159; x_wconf 77' lang='lat' dir='ltr'><strong>oporteat,</strong></span> <span class='ocrx_word' id='word_1_341' title='bbox 3091 2092 3197 2147; x_wconf 85' lang='lat' dir='ltr'><strong>alio</strong></span> <span class='ocrx_word' id='word_1_342' title='bbox 3219 2111 3341 2163; x_wconf 84' lang='lat' dir='ltr'><strong>pro-</strong></span> 
     </span>
    </p>
   </div>
   <div class='ocr_carea' id='block_1_50' title="bbox 2365 2155 2724 2225">
    <p class='ocr_par' dir='ltr' id='par_1_50' title="bbox 2365 2155 2724 2225">
     <span class='ocr_line' id='line_1_50' title="bbox 2365 2155 2724 2225; baseline 0.008 -19"><span class='ocrx_word' id='word_1_343' title='bbox 2365 2155 2450 2208; x_wconf 83' lang='lat' dir='ltr'><strong>bat</strong></span> <span class='ocrx_word' id='word_1_344' title='bbox 2470 2156 2724 2225; x_wconf 73' lang='lat' dir='ltr'><strong>exemplo.</strong></span> 
     </span>
    </p>
   </div>
   <div class='ocr_carea' id='block_1_51' title="bbox 1823 2268 3340 2340">
    <p class='ocr_par' dir='ltr' id='par_1_51' title="bbox 1823 2268 3340 2340">
     <span class='ocr_line' id='line_1_51' title="bbox 1823 2268 3340 2340; baseline 0.008 -18"><span class='ocrx_word' id='word_1_345' title='bbox 1823 2268 2292 2335; x_wconf 86' lang='lat' dir='ltr'><strong>Quemadmodum</strong></span> <span class='ocrx_word' id='word_1_346' title='bbox 2324 2270 2376 2325; x_wconf 90' lang='lat' dir='ltr'><strong>hi</strong></span> <span class='ocrx_word' id='word_1_347' title='bbox 2400 2272 2597 2340; x_wconf 88' lang='lat' dir='ltr'><strong>quibus</strong></span> <span class='ocrx_word' id='word_1_348' title='bbox 2621 2286 2749 2328; x_wconf 91' lang='lat' dir='ltr'><strong>usus</strong></span> <span class='ocrx_word' id='word_1_349' title='bbox 2773 2284 2853 2329; x_wconf 89' lang='lat' dir='ltr'><strong>est</strong></span> <span class='ocrx_word' id='word_1_350' title='bbox 2886 2275 3077 2331; x_wconf 90' lang='lat' dir='ltr'><strong>bellica</strong></span> <span class='ocrx_word' id='word_1_351' title='bbox 3102 2278 3204 2333; x_wconf 88' lang='lat' dir='ltr'><strong>tela</strong></span> <span class='ocrx_word' id='word_1_352' title='bbox 3232 2286 3340 2334; x_wconf 89' lang='lat' dir='ltr'><strong>tra-</strong></span> 
     </span>
    </p>
   </div>
   <div class='ocr_carea' id='block_1_52' title="bbox 1751 2360 3339 2436">
    <p class='ocr_par' dir='ltr' id='par_1_52' title="bbox 1751 2360 3339 2436">
     <span class='ocr_line' id='line_1_52' title="bbox 1751 2360 3339 2436; baseline 0.007 -22"><span class='ocrx_word' id='word_1_353' title='bbox 1751 2360 1961 2426; x_wconf 87' lang='lat' dir='ltr'><strong>ctandi,</strong></span> <span class='ocrx_word' id='word_1_354' title='bbox 1994 2376 2114 2416; x_wconf 91' lang='lat' dir='ltr'><strong>cum</strong></span> <span class='ocrx_word' id='word_1_355' title='bbox 2148 2371 2272 2417; x_wconf 85' lang='lat' dir='ltr'><strong>ante</strong></span> <span class='ocrx_word' id='word_1_356' title='bbox 2312 2378 2492 2433; x_wconf 81' lang='lat' dir='ltr'><strong>regem</strong></span> <span class='ocrx_word' id='word_1_357' title='bbox 2526 2365 2709 2419; x_wconf 88' lang='lat' dir='ltr'><strong>mundi</strong></span> <span class='ocrx_word' id='word_1_358' title='bbox 2740 2364 2899 2436; x_wconf 86' lang='lat' dir='ltr'><strong>hujus</strong></span> <span class='ocrx_word' id='word_1_359' title='bbox 2929 2371 3067 2423; x_wconf 89' lang='lat' dir='ltr'><strong>artis</strong></span> <span class='ocrx_word' id='word_1_360' title='bbox 3106 2384 3216 2424; x_wconf 71' lang='lat' dir='ltr'><strong>sum</strong></span> <span class='ocrx_word' id='word_1_361' title='bbox 3245 2385 3339 2425; x_wconf 89' lang='lat' dir='ltr'><strong>cu-</strong></span> 
     </span>
    </p>
   </div>
   <div class='ocr_carea' id='block_1_53' title="bbox 1752 2452 3345 2532">
    <p class='ocr_par' dir='ltr' id='par_1_53' title="bbox 1752 2452 3345 2532">
     <span class='ocr_line' id='line_1_53' title="bbox 1752 2452 3345 2532; baseline 0.008 -27"><span class='ocrx_word' id='word_1_362' title='bbox 1752 2452 1908 2521; x_wconf 89' lang='lat' dir='ltr'><strong>piunt</strong></span> <span class='ocrx_word' id='word_1_363' title='bbox 1938 2454 2184 2522; x_wconf 90' lang='lat' dir='ltr'><strong>peritiam</strong></span> <span class='ocrx_word' id='word_1_364' title='bbox 2223 2455 2626 2525; x_wconf 89' lang='lat' dir='ltr'><strong>demonstrare,</strong></span> <span class='ocrx_word' id='word_1_365' title='bbox 2656 2457 2708 2513; x_wconf 90' lang='lat' dir='ltr'><strong>in</strong></span> <span class='ocrx_word' id='word_1_366' title='bbox 2758 2461 3072 2529; x_wconf 86' lang='lat' dir='ltr'><strong>parvissima</strong></span> <span class='ocrx_word' id='word_1_367' title='bbox 3109 2462 3345 2532; x_wconf 80' lang='lat' dir='ltr'><strong>quadam</strong></span> 
     </span>
    </p>
   </div>
   <div class='ocr_carea' id='block_1_54' title="bbox 1751 2544 3341 2621">
    <p class='ocr_par' dir='ltr' id='par_1_54' title="bbox 1751 2544 3341 2621">
     <span class='ocr_line' id='line_1_54' title="bbox 1751 2544 3341 2621; baseline 0.005 -22"><span class='ocrx_word' id='word_1_368' title='bbox 1751 2544 1993 2611; x_wconf 88' lang='lat' dir='ltr'><strong>scutula,</strong></span> <span class='ocrx_word' id='word_1_369' title='bbox 2021 2561 2141 2615; x_wconf 62' lang='lat' dir='ltr'><strong>qua:</strong></span> <span class='ocrx_word' id='word_1_370' title='bbox 2170 2546 2381 2616; x_wconf 86' lang='lat' dir='ltr'><strong>depicta</strong></span> <span class='ocrx_word' id='word_1_371' title='bbox 2409 2546 2461 2600; x_wconf 90' lang='lat' dir='ltr'><strong>in</strong></span> <span class='ocrx_word' id='word_1_372' title='bbox 2508 2564 2568 2604; x_wconf 91' lang='lat' dir='ltr'><strong>se</strong></span> <span class='ocrx_word' id='word_1_373' title='bbox 2612 2551 2855 2605; x_wconf 88' lang='lat' dir='ltr'><strong>continet</strong></span> <span class='ocrx_word' id='word_1_374' title='bbox 2883 2553 3125 2620; x_wconf 82' lang='lat' dir='ltr'><strong>praemia,</strong></span> <span class='ocrx_word' id='word_1_375' title='bbox 3154 2552 3341 2621; x_wconf 86' lang='lat' dir='ltr'><strong>jacula</strong></span> 
     </span>
    </p>
   </div>
   <div class='ocr_carea' id='block_1_55' title="bbox 1752 2635 3341 2713">
    <p class='ocr_par' dir='ltr' id='par_1_55' title="bbox 1752 2635 3341 2713">
     <span class='ocr_line' id='line_1_55' title="bbox 1752 2635 3341 2713; baseline 0.009 -25"><span class='ocrx_word' id='word_1_376' title='bbox 1752 2635 1837 2689; x_wconf 89' lang='lat' dir='ltr'><strong>vel</strong></span> <span class='ocrx_word' id='word_1_377' title='bbox 1868 2636 2093 2705; x_wconf 83' lang='lat' dir='ltr'><strong>sagittas</strong></span> <span class='ocrx_word' id='word_1_378' title='bbox 2124 2639 2439 2708; x_wconf 87' lang='lat' dir='ltr'><strong>intorquere</strong></span> <span class='ocrx_word' id='word_1_379' title='bbox 2484 2642 2858 2710; x_wconf 88' lang='lat' dir='ltr'><strong>contendunt,</strong></span> <span class='ocrx_word' id='word_1_380' title='bbox 2893 2644 3027 2698; x_wconf 89' lang='lat' dir='ltr'><strong>certi</strong></span> <span class='ocrx_word' id='word_1_381' title='bbox 3056 2644 3199 2713; x_wconf 88' lang='lat' dir='ltr'><strong>quod</strong></span> <span class='ocrx_word' id='word_1_382' title='bbox 3232 2662 3341 2702; x_wconf 80' lang='lat' dir='ltr'><strong>non</strong></span> 
     </span>
    </p>
   </div>
   <div class='ocr_carea' id='block_1_56' title="bbox 1751 2726 3343 2808">
    <p class='ocr_par' dir='ltr' id='par_1_56' title="bbox 1751 2726 3343 2808">
     <span class='ocr_line' id='line_1_56' title="bbox 1751 2726 3343 2808; baseline 0.011 -30"><span class='ocrx_word' id='word_1_383' title='bbox 1751 2726 1883 2780; x_wconf 87' lang='lat' dir='ltr'><strong>alias</strong></span> <span class='ocrx_word' id='word_1_384' title='bbox 1926 2728 2028 2783; x_wconf 86' lang='lat' dir='ltr'><strong>nisi</strong></span> <span class='ocrx_word' id='word_1_385' title='bbox 2078 2730 2457 2785; x_wconf 84' lang='lat' dir='ltr'><strong>destinationis</strong></span> <span class='ocrx_word' id='word_1_386' title='bbox 2486 2748 2597 2786; x_wconf 84' lang='lat' dir='ltr'><strong>suae</strong></span> <span class='ocrx_word' id='word_1_387' title='bbox 2636 2735 2781 2788; x_wconf 91' lang='lat' dir='ltr'><strong>linea</strong></span> <span class='ocrx_word' id='word_1_388' title='bbox 2813 2737 2879 2790; x_wconf 90' lang='lat' dir='ltr'><strong>ad</strong></span> <span class='ocrx_word' id='word_1_389' title='bbox 2927 2736 3093 2792; x_wconf 89' lang='lat' dir='ltr'><strong>ﬁnem</strong></span> <span class='ocrx_word' id='word_1_390' title='bbox 3126 2742 3343 2808; x_wconf 88' lang='lat' dir='ltr'><strong>possint</strong></span> 
     </span>
    </p>
   </div>
   <div class='ocr_carea' id='block_1_57' title="bbox 1751 2818 3344 2907">
    <p class='ocr_par' dir='ltr' id='par_1_57' title="bbox 1751 2818 3344 2907">
     <span class='ocr_line' id='line_1_57' title="bbox 1751 2818 3344 2907; baseline 0.009 -35"><span class='ocrx_word' id='word_1_391' title='bbox 1751 2818 2040 2875; x_wconf 90' lang='lat' dir='ltr'><strong>desiderati</strong></span> <span class='ocrx_word' id='word_1_392' title='bbox 2063 2824 2271 2890; x_wconf 63' lang='lat' dir='ltr'><strong>praemii</strong></span> <span class='ocrx_word' id='word_1_393' title='bbox 2291 2825 2606 2892; x_wconf 87' lang='lat' dir='ltr'><strong>pervenire;</strong></span> <span class='ocrx_word' id='word_1_394' title='bbox 2631 2842 2737 2896; x_wconf 91' lang='lat' dir='ltr'><strong>quo</strong></span> <span class='ocrx_word' id='word_1_395' title='bbox 2766 2837 2875 2882; x_wconf 92' lang='lat' dir='ltr'><strong>tum</strong></span> <span class='ocrx_word' id='word_1_396' title='bbox 2904 2828 3121 2884; x_wconf 87' lang='lat' dir='ltr'><strong>demunt</strong></span> <span class='ocrx_word' id='word_1_397' title='bbox 3155 2834 3344 2907; x_wconf 71' lang='lat' dir='ltr'><strong>utique</strong></span> 
     </span>
    </p>
   </div>
   <div class='ocr_carea' id='block_1_58' title="bbox 1751 2913 3342 2988">
    <p class='ocr_par' dir='ltr' id='par_1_58' title="bbox 1751 2913 3342 2988">
     <span class='ocr_line' id='line_1_58' title="bbox 1751 2913 3342 2988; baseline 0.011 -23"><span class='ocrx_word' id='word_1_398' title='bbox 1751 2913 2044 2982; x_wconf 87' lang='lat' dir='ltr'><strong>potientur,</strong></span> <span class='ocrx_word' id='word_1_399' title='bbox 2093 2928 2215 2968; x_wconf 92' lang='lat' dir='ltr'><strong>cum</strong></span> <span class='ocrx_word' id='word_1_400' title='bbox 2261 2918 2601 2986; x_wconf 88' lang='lat' dir='ltr'><strong>propositum</strong></span> <span class='ocrx_word' id='word_1_401' title='bbox 2647 2932 2850 2988; x_wconf 89' lang='lat' dir='ltr'><strong>sc0pon</strong></span> <span class='ocrx_word' id='word_1_402' title='bbox 2884 2923 3161 2979; x_wconf 90' lang='lat' dir='ltr'><strong>valuerint</strong></span> <span class='ocrx_word' id='word_1_403' title='bbox 3198 2926 3342 2984; x_wconf 78' lang='lat' dir='ltr'><strong>obti-</strong></span> 
     </span>
    </p>
   </div>
   <div class='ocr_carea' id='block_1_59' title="bbox 1751 3005 3339 3075">
    <p class='ocr_par' dir='ltr' id='par_1_59' title="bbox 1751 3005 3339 3075">
     <span class='ocr_line' id='line_1_59' title="bbox 1751 3005 3339 3075; baseline 0.011 -17"><span class='ocrx_word' id='word_1_404' title='bbox 1751 3020 1914 3070; x_wconf 89' lang='lat' dir='ltr'><strong>nere;</strong></span> <span class='ocrx_word' id='word_1_405' title='bbox 1943 3006 2036 3075; x_wconf 89' lang='lat' dir='ltr'><strong>qui</strong></span> <span class='ocrx_word' id='word_1_406' title='bbox 2086 3007 2129 3061; x_wconf 91' lang='lat' dir='ltr'><strong>si</strong></span> <span class='ocrx_word' id='word_1_407' title='bbox 2175 3005 2317 3063; x_wconf 89' lang='lat' dir='ltr'><strong>forte</strong></span> <span class='ocrx_word' id='word_1_408' title='bbox 2367 3010 2435 3063; x_wconf 89' lang='lat' dir='ltr'><strong>ab</strong></span> <span class='ocrx_word' id='word_1_409' title='bbox 2480 3025 2665 3065; x_wconf 90' lang='lat' dir='ltr'><strong>eorum</strong></span> <span class='ocrx_word' id='word_1_410' title='bbox 2712 3012 2876 3068; x_wconf 91' lang='lat' dir='ltr'><strong>fuerit</strong></span> <span class='ocrx_word' id='word_1_411' title='bbox 2915 3017 3219 3074; x_wconf 86' lang='lat' dir='ltr'><strong>subtractus</strong></span> <span class='ocrx_word' id='word_1_412' title='bbox 3254 3021 3339 3075; x_wconf 83' lang='lat' dir='ltr'><strong>in-</strong></span> 
     </span>
    </p>
   </div>
   <div class='ocr_carea' id='block_1_60' title="bbox 1750 3096 3339 3178">
    <p class='ocr_par' dir='ltr' id='par_1_60' title="bbox 1750 3096 3339 3178">
     <span class='ocr_line' id='line_1_60' title="bbox 1750 3096 3339 3178; baseline 0.011 -29"><span class='ocrx_word' id='word_1_413' title='bbox 1750 3096 1887 3150; x_wconf 89' lang='lat' dir='ltr'><strong>tuitu</strong></span> <span class='ocrx_word' id='word_1_414' title='bbox 1907 3136 1921 3162; x_wconf 95' lang='lat'><strong>,</strong></span> <span class='ocrx_word' id='word_1_415' title='bbox 1949 3097 2347 3166; x_wconf 88' lang='lat' dir='ltr'><strong>quantumlibet</strong></span> <span class='ocrx_word' id='word_1_416' title='bbox 2376 3114 2405 3154; x_wconf 90' lang='lat' dir='ltr'><strong>a</strong></span> <span class='ocrx_word' id='word_1_417' title='bbox 2437 3111 2589 3155; x_wconf 89' lang='lat' dir='ltr'><strong>recto</strong></span> <span class='ocrx_word' id='word_1_418' title='bbox 2621 3105 2834 3160; x_wconf 87' lang='lat' dir='ltr'><strong>tramite</strong></span> <span class='ocrx_word' id='word_1_419' title='bbox 2870 3120 3022 3163; x_wconf 84' lang='lat' dir='ltr'><strong>cassa</strong></span> <span class='ocrx_word' id='word_1_420' title='bbox 3054 3109 3339 3178; x_wconf 80' lang='lat' dir='ltr'><strong>imperito-</strong></span> 
     </span>
    </p>
   </div>
   <div class='ocr_carea' id='block_1_61' title="bbox 65 3188 3342 3280">
    <p class='ocr_par' dir='ltr' id='par_1_61' title="bbox 65 3188 3342 3280">
     <span class='ocr_line' id='line_1_61' title="bbox 65 3188 3342 3280; baseline 0.003 -29"><span class='ocrx_word' id='word_1_421' title='bbox 65 3198 324 3254; x_wconf 75' lang='lat' dir='ltr'><strong>tnercinm</strong></span> <span class='ocrx_word' id='word_1_422' title='bbox 350 3197 676 3253; x_wconf 87' lang='lat' dir='ltr'><strong>desiderium</strong></span> <span class='ocrx_word' id='word_1_423' title='bbox 704 3213 811 3253; x_wconf 91' lang='lat' dir='ltr'><strong>non</strong></span> <span class='ocrx_word' id='word_1_424' title='bbox 839 3197 1099 3267; x_wconf 90' lang='lat' dir='ltr'><strong>deponit,</strong></span> <span class='ocrx_word' id='word_1_425' title='bbox 1144 3212 1242 3267; x_wconf 92' lang='lat' dir='ltr'><strong>per</strong></span> <span class='ocrx_word' id='word_1_426' title='bbox 1283 3196 1428 3266; x_wconf 94' lang='lat' dir='ltr'><strong>quod</strong></span> <span class='ocrx_word' id='word_1_427' title='bbox 1474 3194 1649 3265; x_wconf 89' lang='lat' dir='ltr'><strong>possit</strong></span> <span class='ocrx_word' id='word_1_428' title='bbox 1673 3217 1717 3280; x_wconf 70' lang='grc' dir='ltr'><strong>ρ</strong></span> <span class='ocrx_word' id='word_1_429' title='bbox 1756 3203 1875 3242; x_wconf 89' lang='lat' dir='ltr'><strong>rum</strong></span> <span class='ocrx_word' id='word_1_430' title='bbox 1917 3188 2136 3245; x_wconf 89' lang='lat' dir='ltr'><strong>deerret</strong></span> <span class='ocrx_word' id='word_1_431' title='bbox 2167 3192 2428 3260; x_wconf 87' lang='lat' dir='ltr'><strong>intentio,</strong></span> <span class='ocrx_word' id='word_1_432' title='bbox 2461 3195 2732 3252; x_wconf 81' lang='lat' dir='ltr'><strong>excidisse</strong></span> <span class='ocrx_word' id='word_1_433' title='bbox 2759 3212 2818 3254; x_wconf 90' lang='lat' dir='ltr'><strong>se</strong></span> <span class='ocrx_word' id='word_1_434' title='bbox 2848 3209 3021 3256; x_wconf 89' lang='lat' dir='ltr'><strong>tamen</strong></span> <span class='ocrx_word' id='word_1_435' title='bbox 3048 3217 3078 3256; x_wconf 90' lang='lat' dir='ltr'><strong>a</strong></span> <span class='ocrx_word' id='word_1_436' title='bbox 3102 3201 3342 3274; x_wconf 86' lang='lat' dir='ltr'><strong>discipli-</strong></span> 
     </span>
    </p>
   </div>
   <div class='ocr_carea' id='block_1_62' title="bbox 65 3290 1646 3361">
    <p class='ocr_par' dir='ltr' id='par_1_62' title="bbox 65 3290 1646 3361">
     <span class='ocr_line' id='line_1_62' title="bbox 65 3290 1646 3361; baseline -0.001 -16"><span class='ocrx_word' id='word_1_437' title='bbox 65 3291 421 3359; x_wconf 64' lang='lat' dir='ltr'><strong>quatstuorsius</strong></span> <span class='ocrx_word' id='word_1_438' title='bbox 442 3290 662 3345; x_wconf 88' lang='lat' dir='ltr'><strong>divitias</strong></span> <span class='ocrx_word' id='word_1_439' title='bbox 683 3303 1013 3361; x_wconf 85' lang='lat' dir='ltr'><strong>congregare</strong></span> <span class='ocrx_word' id='word_1_440' title='bbox 1042 3308 1056 3344; x_wconf 88' lang='lat'><strong>:</strong></span> <span class='ocrx_word' id='word_1_441' title='bbox 1083 3290 1208 3360; x_wconf 88' lang='lat' dir='ltr'><strong>quia</strong></span> <span class='ocrx_word' id='word_1_442' title='bbox 1234 3290 1431 3343; x_wconf 83' lang='lat' dir='ltr'><strong>frustra</strong></span> <span class='ocrx_word' id='word_1_443' title='bbox 1446 3302 1646 3343; x_wconf 89' lang='lat' dir='ltr'><strong>concu-</strong></span> 
     </span>
    </p>
   </div>
   <div class='ocr_carea' id='block_1_63' title="bbox 69 3382 1647 3455">
    <p class='ocr_par' dir='ltr' id='par_1_63' title="bbox 69 3382 1647 3455">
     <span class='ocr_line' id='line_1_63' title="bbox 69 3382 1647 3455; baseline 0.001 -20"><span class='ocrx_word' id='word_1_444' title='bbox 69 3384 281 3451; x_wconf 87' lang='lat' dir='ltr'><strong>pisceret</strong></span> <span class='ocrx_word' id='word_1_445' title='bbox 326 3386 543 3440; x_wconf 86' lang='lat' dir='ltr'><strong>lucrum</strong></span> <span class='ocrx_word' id='word_1_446' title='bbox 562 3429 578 3453; x_wconf 94' lang='lat'><strong>,</strong></span> <span class='ocrx_word' id='word_1_447' title='bbox 615 3384 719 3439; x_wconf 91' lang='lat' dir='ltr'><strong>nisi</strong></span> <span class='ocrx_word' id='word_1_448' title='bbox 751 3386 891 3440; x_wconf 90' lang='lat' dir='ltr'><strong>viam</strong></span> <span class='ocrx_word' id='word_1_449' title='bbox 922 3400 1026 3455; x_wconf 92' lang='lat' dir='ltr'><strong>qua</strong></span> <span class='ocrx_word' id='word_1_450' title='bbox 1055 3384 1120 3439; x_wconf 90' lang='lat' dir='ltr'><strong>ad</strong></span> <span class='ocrx_word' id='word_1_451' title='bbox 1150 3384 1203 3438; x_wconf 91' lang='lat' dir='ltr'><strong>id</strong></span> <span class='ocrx_word' id='word_1_452' title='bbox 1233 3383 1501 3451; x_wconf 89' lang='lat' dir='ltr'><strong>tenderet,</strong></span> <span class='ocrx_word' id='word_1_453' title='bbox 1535 3382 1647 3437; x_wconf 91' lang='lat' dir='ltr'><strong>ele-</strong></span> 
     </span>
    </p>
   </div>
   <div class='ocr_carea' id='block_1_64' title="bbox 73 3473 1644 3548">
    <p class='ocr_par' dir='ltr' id='par_1_64' title="bbox 73 3473 1644 3548">
     <span class='ocr_line' id='line_1_64' title="bbox 73 3473 1644 3548; baseline 0.001 -20"><span class='ocrx_word' id='word_1_454' title='bbox 73 3474 244 3542; x_wconf 81' lang='lat' dir='ltr'><strong>gisset;</strong></span> <span class='ocrx_word' id='word_1_455' title='bbox 290 3484 354 3534; x_wconf 89' lang='lat' dir='ltr'><strong>et</strong></span> <span class='ocrx_word' id='word_1_456' title='bbox 398 3477 492 3547; x_wconf 90' lang='lat' dir='ltr'><strong>qui</strong></span> <span class='ocrx_word' id='word_1_457' title='bbox 530 3478 696 3532; x_wconf 85' lang='lat' dir='ltr'><strong>certis</strong></span> <span class='ocrx_word' id='word_1_458' title='bbox 733 3478 1032 3548; x_wconf 90' lang='lat' dir='ltr'><strong>quibusque</strong></span> <span class='ocrx_word' id='word_1_459' title='bbox 1075 3475 1427 3545; x_wconf 86' lang='lat' dir='ltr'><strong>dignitatibus</strong></span> <span class='ocrx_word' id='word_1_460' title='bbox 1458 3473 1644 3530; x_wconf 91' lang='lat' dir='ltr'><strong>mundi</strong></span> 
     </span>
    </p>
   </div>
   <div class='ocr_carea' id='block_1_65' title="bbox 74 3562 1645 3638">
    <p class='ocr_par' dir='ltr' id='par_1_65' title="bbox 74 3562 1645 3638">
     <span class='ocr_line' id='line_1_65' title="bbox 74 3562 1645 3638; baseline 0.003 -21"><span class='ocrx_word' id='word_1_461' title='bbox 74 3562 212 3635; x_wconf 87' lang='lat' dir='ltr'><strong>hujus</strong></span> <span class='ocrx_word' id='word_1_462' title='bbox 237 3568 473 3638; x_wconf 84' lang='lat' dir='ltr'><strong>cupiunt</strong></span> <span class='ocrx_word' id='word_1_463' title='bbox 512 3567 794 3635; x_wconf 89' lang='lat' dir='ltr'><strong>honorari,</strong></span> <span class='ocrx_word' id='word_1_464' title='bbox 824 3568 908 3623; x_wconf 89' lang='lat' dir='ltr'><strong>cui</strong></span> <span class='ocrx_word' id='word_1_465' title='bbox 938 3582 998 3624; x_wconf 89' lang='lat' dir='ltr'><strong>se</strong></span> <span class='ocrx_word' id='word_1_466' title='bbox 1027 3567 1207 3622; x_wconf 90' lang='lat' dir='ltr'><strong>ofﬁcio</strong></span> <span class='ocrx_word' id='word_1_467' title='bbox 1237 3567 1325 3620; x_wconf 89' lang='lat' dir='ltr'><strong>vel</strong></span> <span class='ocrx_word' id='word_1_468' title='bbox 1355 3565 1527 3620; x_wconf 84' lang='lat' dir='ltr'><strong>ordini</strong></span> <span class='ocrx_word' id='word_1_469' title='bbox 1551 3566 1645 3621; x_wconf 92' lang='lat' dir='ltr'><strong>de-</strong></span> 
     </span>
    </p>
   </div>
   <div class='ocr_carea' id='block_1_66' title="bbox 74 3655 1640 3729">
    <p class='ocr_par' dir='ltr' id='par_1_66' title="bbox 74 3655 1640 3729">
     <span class='ocr_line' id='line_1_66' title="bbox 74 3655 1640 3729; baseline 0 -17"><span class='ocrx_word' id='word_1_470' title='bbox 74 3655 211 3714; x_wconf 81' lang='lat' dir='ltr'><strong>beant</strong></span> <span class='ocrx_word' id='word_1_471' title='bbox 233 3657 586 3728; x_wconf 85' lang='lat' dir='ltr'><strong>mancipare,</strong></span> <span class='ocrx_word' id='word_1_472' title='bbox 616 3670 739 3715; x_wconf 90' lang='lat' dir='ltr'><strong>ante</strong></span> <span class='ocrx_word' id='word_1_473' title='bbox 775 3668 1116 3729; x_wconf 89' lang='lat' dir='ltr'><strong>proponunt,</strong></span> <span class='ocrx_word' id='word_1_474' title='bbox 1147 3666 1326 3728; x_wconf 85' lang='lat' dir='ltr'><strong>ut&#39;per</strong></span> <span class='ocrx_word' id='word_1_475' title='bbox 1347 3658 1640 3728; x_wconf 88' lang='lat' dir='ltr'><strong>legitimum</strong></span> 
     </span>
    </p>
   </div>
   <div class='ocr_carea' id='block_1_67' title="bbox 75 3751 1644 3823">
    <p class='ocr_par' dir='ltr' id='par_1_67' title="bbox 75 3751 1644 3823">
     <span class='ocr_line' id='line_1_67' title="bbox 75 3751 1644 3823; baseline 0.001 -17"><span class='ocrx_word' id='word_1_476' title='bbox 75 3753 171 3818; x_wconf 81' lang='lat' dir='ltr'><strong>spei</strong></span> <span class='ocrx_word' id='word_1_477' title='bbox 194 3755 472 3809; x_wconf 78' lang='lat' dir='ltr'><strong>tramitem</strong></span> <span class='ocrx_word' id='word_1_478' title='bbox 524 3754 683 3808; x_wconf 89' lang='lat' dir='ltr'><strong>ﬁnem</strong></span> <span class='ocrx_word' id='word_1_479' title='bbox 727 3768 937 3823; x_wconf 91' lang='lat' dir='ltr'><strong>quoque</strong></span> <span class='ocrx_word' id='word_1_480' title='bbox 965 3754 1180 3808; x_wconf 89' lang='lat' dir='ltr'><strong>valeant</strong></span> <span class='ocrx_word' id='word_1_481' title='bbox 1215 3752 1534 3809; x_wconf 64' lang='lat' dir='ltr'><strong>desiderata:</strong></span> <span class='ocrx_word' id='word_1_482' title='bbox 1562 3751 1644 3807; x_wconf 90' lang='lat' dir='ltr'><strong>di-</strong></span> 
     </span>
    </p>
   </div>
   <div class='ocr_carea' id='block_1_68' title="bbox 74 3843 1645 3915">
    <p class='ocr_par' dir='ltr' id='par_1_68' title="bbox 74 3843 1645 3915">
     <span class='ocr_line' id='line_1_68' title="bbox 74 3843 1645 3915; baseline 0.004 -21"><span class='ocrx_word' id='word_1_483' title='bbox 74 3843 271 3909; x_wconf 88' lang='lat' dir='ltr'><strong>gnitatis</strong></span> <span class='ocrx_word' id='word_1_484' title='bbox 294 3844 592 3914; x_wconf 89' lang='lat' dir='ltr'><strong>attingere.</strong></span> <span class='ocrx_word' id='word_1_485' title='bbox 621 3845 806 3915; x_wconf 90' lang='lat' dir='ltr'><strong>Itaque</strong></span> <span class='ocrx_word' id='word_1_486' title='bbox 832 3854 887 3899; x_wconf 91' lang='lat' dir='ltr'><strong>et</strong></span> <span class='ocrx_word' id='word_1_487' title='bbox 909 3845 1009 3900; x_wconf 73' lang='lat' dir='ltr'><strong>via:</strong></span> <span class='ocrx_word' id='word_1_488' title='bbox 1038 3854 1238 3900; x_wconf 71' lang='lat' dir='ltr'><strong>nostrae</strong></span> <span class='ocrx_word' id='word_1_489' title='bbox 1278 3846 1401 3901; x_wconf 88' lang='lat' dir='ltr'><strong>ﬁnis</strong></span> <span class='ocrx_word' id='word_1_490' title='bbox 1426 3845 1645 3915; x_wconf 90' lang='lat' dir='ltr'><strong>quidem</strong></span> 
     </span>
    </p>
   </div>
   <div class='ocr_carea' id='block_1_69' title="bbox 74 3936 1649 4011">
    <p class='ocr_par' dir='ltr' id='par_1_69' title="bbox 74 3936 1649 4011">
     <span class='ocr_line' id='line_1_69' title="bbox 74 3936 1649 4011; baseline 0.006 -26"><span class='ocrx_word' id='word_1_491' title='bbox 74 3942 143 3988; x_wconf 89' lang='lat' dir='ltr'><strong>est</strong></span> <span class='ocrx_word' id='word_1_492' title='bbox 164 3952 388 4009; x_wconf 87' lang='lat' dir='ltr'><strong>regnum</strong></span> <span class='ocrx_word' id='word_1_493' title='bbox 423 3938 520 3994; x_wconf 90' lang='lat' dir='ltr'><strong>Dei</strong></span> <span class='ocrx_word' id='word_1_494' title='bbox 552 3955 564 3991; x_wconf 94' lang='lat'><strong>:</strong></span> <span class='ocrx_word' id='word_1_495' title='bbox 594 3938 683 4007; x_wconf 90' lang='lat' dir='ltr'><strong>qui</strong></span> <span class='ocrx_word' id='word_1_496' title='bbox 724 3936 893 4010; x_wconf 48' lang='lat' dir='ltr'><strong>[Lips</strong></span> <span class='ocrx_word' id='word_1_497' title='bbox 926 3939 979 3993; x_wconf 88' lang='lat' dir='ltr'><strong>in</strong></span> <span class='ocrx_word' id='word_1_498' title='bbox 1010 3955 1176 4010; x_wconf 85' lang='lat' dir='ltr'><strong>marg.</strong></span> <span class='ocrx_word' id='word_1_499' title='bbox 1205 3938 1355 4011; x_wconf 92' lang='lat' dir='ltr'><strong>quid]</strong></span> <span class='ocrx_word' id='word_1_500' title='bbox 1398 3955 1529 3994; x_wconf 91' lang='lat' dir='ltr'><strong>vero</strong></span> <span class='ocrx_word' id='word_1_501' title='bbox 1577 3940 1649 3995; x_wconf 86' lang='lat' dir='ltr'><strong>sit</strong></span> 
     </span>
    </p>
   </div>
   <div class='ocr_carea' id='block_1_70' title="bbox 74 4027 1646 4100">
    <p class='ocr_par' dir='ltr' id='par_1_70' title="bbox 74 4027 1646 4100">
     <span class='ocr_line' id='line_1_70' title="bbox 74 4027 1646 4100; baseline 0.006 -25"><span class='ocrx_word' id='word_1_502' title='bbox 74 4036 244 4096; x_wconf 88' lang='lat' dir='ltr'><strong>scopos</strong></span> <span class='ocrx_word' id='word_1_503' title='bbox 264 4073 278 4098; x_wconf 89' lang='lat'><strong>,</strong></span> <span class='ocrx_word' id='word_1_504' title='bbox 308 4030 480 4085; x_wconf 87' lang='lat' dir='ltr'><strong>debet</strong></span> <span class='ocrx_word' id='word_1_505' title='bbox 507 4027 796 4099; x_wconf 86' lang='lat' dir='ltr'><strong>diligenter</strong></span> <span class='ocrx_word' id='word_1_506' title='bbox 819 4029 1049 4099; x_wconf 91' lang='lat' dir='ltr'><strong>inquiri;</strong></span> <span class='ocrx_word' id='word_1_507' title='bbox 1096 4029 1188 4100; x_wconf 89' lang='lat' dir='ltr'><strong>qui</strong></span> <span class='ocrx_word' id='word_1_508' title='bbox 1230 4030 1274 4084; x_wconf 92' lang='lat' dir='ltr'><strong>si</strong></span> <span class='ocrx_word' id='word_1_509' title='bbox 1314 4030 1469 4085; x_wconf 89' lang='lat' dir='ltr'><strong>nobis</strong></span> <span class='ocrx_word' id='word_1_510' title='bbox 1496 4031 1646 4085; x_wconf 90' lang='lat' dir='ltr'><strong>simi-</strong></span> 
     </span>
    </p>
   </div>
   <div class='ocr_carea' id='block_1_71' title="bbox 1757 3281 3341 3364">
    <p class='ocr_par' dir='ltr' id='par_1_71' title="bbox 1757 3281 3341 3364">
     <span class='ocr_line' id='line_1_71' title="bbox 1757 3281 3341 3364; baseline 0.011 -29"><span class='ocrx_word' id='word_1_511' title='bbox 1757 3290 1896 3335; x_wconf 86' lang='lat' dir='ltr'><strong>natae</strong></span> <span class='ocrx_word' id='word_1_512' title='bbox 1938 3281 2093 3337; x_wconf 59' lang='lat' dir='ltr'><strong>lineae</strong></span> <span class='ocrx_word' id='word_1_513' title='bbox 2144 3282 2445 3341; x_wconf 90' lang='lat' dir='ltr'><strong>directione</strong></span> <span class='ocrx_word' id='word_1_514' title='bbox 2492 3302 2596 3342; x_wconf 92' lang='lat' dir='ltr'><strong>non</strong></span> <span class='ocrx_word' id='word_1_515' title='bbox 2647 3292 2917 3360; x_wconf 90' lang='lat' dir='ltr'><strong>sentient,</strong></span> <span class='ocrx_word' id='word_1_516' title='bbox 2966 3295 3089 3364; x_wconf 88' lang='lat' dir='ltr'><strong>quia</strong></span> <span class='ocrx_word' id='word_1_517' title='bbox 3138 3298 3341 3353; x_wconf 90' lang='lat' dir='ltr'><strong>nullum</strong></span> 
     </span>
    </p>
   </div>
   <div class='ocr_carea' id='block_1_72' title="bbox 1752 3373 3345 3458">
    <p class='ocr_par' dir='ltr' id='par_1_72' title="bbox 1752 3373 3345 3458">
     <span class='ocr_line' id='line_1_72' title="bbox 1752 3373 3345 3458; baseline 0.011 -30"><span class='ocrx_word' id='word_1_518' title='bbox 1752 3373 1954 3429; x_wconf 91' lang='lat' dir='ltr'><strong>habent</strong></span> <span class='ocrx_word' id='word_1_519' title='bbox 1976 3386 2181 3431; x_wconf 90' lang='lat' dir='ltr'><strong>certum</strong></span> <span class='ocrx_word' id='word_1_520' title='bbox 2211 3378 2427 3449; x_wconf 91' lang='lat' dir='ltr'><strong>signum</strong></span> <span class='ocrx_word' id='word_1_521' title='bbox 2470 3381 2613 3451; x_wconf 90' lang='lat' dir='ltr'><strong>quod</strong></span> <span class='ocrx_word' id='word_1_522' title='bbox 2636 3384 2717 3437; x_wconf 89' lang='lat' dir='ltr'><strong>vel</strong></span> <span class='ocrx_word' id='word_1_523' title='bbox 2746 3384 2992 3454; x_wconf 86' lang='lat' dir='ltr'><strong>peritiam</strong></span> <span class='ocrx_word' id='word_1_524' title='bbox 3024 3388 3345 3458; x_wconf 59' lang='lat' dir='ltr'><strong>directionis,</strong></span> 
     </span>
    </p>
   </div>
   <div class='ocr_carea' id='block_1_73' title="bbox 1751 3468 3340 3541">
    <p class='ocr_par' dir='ltr' id='par_1_73' title="bbox 1751 3468 3340 3541">
     <span class='ocr_line' id='line_1_73' title="bbox 1751 3468 3340 3541; baseline 0.012 -21"><span class='ocrx_word' id='word_1_525' title='bbox 1751 3468 1966 3538; x_wconf 89' lang='lat' dir='ltr'><strong>probet,</strong></span> <span class='ocrx_word' id='word_1_526' title='bbox 1990 3471 2081 3525; x_wconf 92' lang='lat' dir='ltr'><strong>vel</strong></span> <span class='ocrx_word' id='word_1_527' title='bbox 2112 3482 2302 3540; x_wconf 87' lang='lat' dir='ltr'><strong>arguat</strong></span> <span class='ocrx_word' id='word_1_528' title='bbox 2333 3474 2655 3541; x_wconf 77' lang='lat' dir='ltr'><strong>pravitatem</strong></span> <span class='ocrx_word' id='word_1_529' title='bbox 2688 3494 2699 3528; x_wconf 88' lang='lat'>:</span> <span class='ocrx_word' id='word_1_530' title='bbox 2733 3486 2789 3531; x_wconf 87' lang='lat' dir='ltr'><strong>et</strong></span> <span class='ocrx_word' id='word_1_531' title='bbox 2820 3477 2941 3533; x_wconf 89' lang='lat' dir='ltr'><strong>ideo</strong></span> <span class='ocrx_word' id='word_1_532' title='bbox 2971 3496 3092 3535; x_wconf 91' lang='lat' dir='ltr'><strong>cum</strong></span> <span class='ocrx_word' id='word_1_533' title='bbox 3123 3483 3340 3539; x_wconf 87' lang='lat' dir='ltr'><strong>inutiles</strong></span> 
     </span>
    </p>
   </div>
   <div class='ocr_carea' id='block_1_74' title="bbox 1752 3564 3337 3642">
    <p class='ocr_par' dir='ltr' id='par_1_74' title="bbox 1752 3564 3337 3642">
     <span class='ocr_line' id='line_1_74' title="bbox 1752 3564 3337 3642; baseline 0.008 -25"><span class='ocrx_word' id='word_1_534' title='bbox 1752 3564 1808 3617; x_wconf 89' lang='lat' dir='ltr'><strong>in</strong></span> <span class='ocrx_word' id='word_1_535' title='bbox 1832 3579 1955 3619; x_wconf 87' lang='lat' dir='ltr'><strong>aera</strong></span> <span class='ocrx_word' id='word_1_536' title='bbox 1977 3580 2203 3619; x_wconf 90' lang='lat' dir='ltr'><strong>vacuum</strong></span> <span class='ocrx_word' id='word_1_537' title='bbox 2230 3566 2406 3635; x_wconf 88' lang='lat' dir='ltr'><strong>jactus</strong></span> <span class='ocrx_word' id='word_1_538' title='bbox 2427 3567 2732 3635; x_wconf 77' lang='lat' dir='ltr'><strong>effuderint,</strong></span> <span class='ocrx_word' id='word_1_539' title='bbox 2759 3570 2810 3623; x_wconf 91' lang='lat' dir='ltr'><strong>in</strong></span> <span class='ocrx_word' id='word_1_540' title='bbox 2835 3586 2941 3639; x_wconf 92' lang='lat' dir='ltr'><strong>quo</strong></span> <span class='ocrx_word' id='word_1_541' title='bbox 2971 3576 3337 3642; x_wconf 69' lang='lat' dir='ltr'><strong>peccaverint,</strong></span> 
     </span>
    </p>
   </div>
   <div class='ocr_carea' id='block_1_75' title="bbox 1750 3656 3340 3734">
    <p class='ocr_par' dir='ltr' id='par_1_75' title="bbox 1750 3656 3340 3734">
     <span class='ocr_line' id='line_1_75' title="bbox 1750 3656 3340 3734; baseline 0.008 -26"><span class='ocrx_word' id='word_1_542' title='bbox 1750 3671 1925 3726; x_wconf 89' lang='lat' dir='ltr'><strong>quove</strong></span> <span class='ocrx_word' id='word_1_543' title='bbox 1955 3656 2163 3726; x_wconf 89' lang='lat' dir='ltr'><strong>decepti</strong></span> <span class='ocrx_word' id='word_1_544' title='bbox 2196 3658 2327 3722; x_wconf 89' lang='lat' dir='ltr'><strong>sint,</strong></span> <span class='ocrx_word' id='word_1_545' title='bbox 2355 3658 2652 3726; x_wconf 90' lang='lat' dir='ltr'><strong>dijudicare</strong></span> <span class='ocrx_word' id='word_1_546' title='bbox 2700 3676 2809 3713; x_wconf 91' lang='lat' dir='ltr'><strong>non</strong></span> <span class='ocrx_word' id='word_1_547' title='bbox 2846 3674 3102 3727; x_wconf 79' lang='lat' dir='ltr'><strong>possunt,</strong></span> <span class='ocrx_word' id='word_1_548' title='bbox 3136 3667 3340 3734; x_wconf 88' lang='lat' dir='ltr'><strong>quippe</strong></span> 
     </span>
    </p>
   </div>
   <div class='ocr_carea' id='block_1_76' title="bbox 1748 3747 3339 3817">
    <p class='ocr_par' dir='ltr' id='par_1_76' title="bbox 1748 3747 3339 3817">
     <span class='ocr_line' id='line_1_76' title="bbox 1748 3747 3339 3817; baseline 0.007 -17"><span class='ocrx_word' id='word_1_549' title='bbox 1748 3762 1884 3817; x_wconf 87' lang='lat' dir='ltr'><strong>quos</strong></span> <span class='ocrx_word' id='word_1_550' title='bbox 1905 3747 2113 3801; x_wconf 90' lang='lat' dir='ltr'><strong>nullum</strong></span> <span class='ocrx_word' id='word_1_551' title='bbox 2145 3758 2363 3801; x_wconf 89' lang='lat' dir='ltr'><strong>accusat</strong></span> <span class='ocrx_word' id='word_1_552' title='bbox 2393 3749 2671 3813; x_wconf 90' lang='lat' dir='ltr'><strong>indicium,</strong></span> <span class='ocrx_word' id='word_1_553' title='bbox 2701 3762 2959 3816; x_wconf 89' lang='lat' dir='ltr'><strong>quantum</strong></span> <span class='ocrx_word' id='word_1_554' title='bbox 2984 3769 3011 3807; x_wconf 92' lang='lat' dir='ltr'><strong>a</strong></span> <span class='ocrx_word' id='word_1_555' title='bbox 3042 3754 3339 3813; x_wconf 86' lang='lat' dir='ltr'><strong>directione</strong></span> 
     </span>
    </p>
   </div>
   <div class='ocr_carea' id='block_1_77' title="bbox 1749 3838 3339 3912">
    <p class='ocr_par' dir='ltr' id='par_1_77' title="bbox 1749 3838 3339 3912">
     <span class='ocr_line' id='line_1_77' title="bbox 1749 3838 3339 3912; baseline 0.006 -18"><span class='ocrx_word' id='word_1_556' title='bbox 1749 3838 2125 3905; x_wconf 86' lang='lat' dir='ltr'><strong>discesserint,</strong></span> <span class='ocrx_word' id='word_1_557' title='bbox 2166 3854 2264 3893; x_wconf 89' lang='lat' dir='ltr'><strong>nec</strong></span> <span class='ocrx_word' id='word_1_558' title='bbox 2294 3854 2399 3909; x_wconf 93' lang='lat' dir='ltr'><strong>quo</strong></span> <span class='ocrx_word' id='word_1_559' title='bbox 2443 3840 2697 3910; x_wconf 89' lang='lat' dir='ltr'><strong>deinceps</strong></span> <span class='ocrx_word' id='word_1_560' title='bbox 2736 3843 3011 3912; x_wconf 82' lang='lat' dir='ltr'><strong>corrigere</strong></span> <span class='ocrx_word' id='word_1_561' title='bbox 3044 3846 3130 3901; x_wconf 87' lang='lat' dir='ltr'><strong>vel</strong></span> <span class='ocrx_word' id='word_1_562' title='bbox 3183 3863 3339 3904; x_wconf 77' lang='lat' dir='ltr'><strong>revo-</strong></span> 
     </span>
    </p>
   </div>
   <div class='ocr_carea' id='block_1_78' title="bbox 1748 3930 3339 4009">
    <p class='ocr_par' dir='ltr' id='par_1_78' title="bbox 1748 3930 3339 4009">
     <span class='ocr_line' id='line_1_78' title="bbox 1748 3930 3339 4009; baseline 0.004 -21"><span class='ocrx_word' id='word_1_563' title='bbox 1748 3948 1873 3988; x_wconf 89' lang='lat' dir='ltr'><strong>care</strong></span> <span class='ocrx_word' id='word_1_564' title='bbox 1902 3931 2153 3997; x_wconf 90' lang='lat' dir='ltr'><strong>debeant,</strong></span> <span class='ocrx_word' id='word_1_565' title='bbox 2185 3930 2382 3985; x_wconf 88' lang='lat' dir='ltr'><strong>lineam</strong></span> <span class='ocrx_word' id='word_1_566' title='bbox 2405 3931 2703 4001; x_wconf 71' lang='lat' dir='ltr'><strong>disciplina:</strong></span> <span class='ocrx_word' id='word_1_567' title='bbox 2725 3934 2926 3989; x_wconf 90' lang='lat' dir='ltr'><strong>docere</strong></span> <span class='ocrx_word' id='word_1_568' title='bbox 2955 3946 3132 4006; x_wconf 90' lang='lat' dir='ltr'><strong>potest</strong></span> <span class='ocrx_word' id='word_1_569' title='bbox 3160 3937 3187 3976; x_wconf 63' lang='grc' dir='ltr'><strong>ι’</strong></span> <span class='ocrx_word' id='word_1_570' title='bbox 3219 3955 3339 4009; x_wconf 86' lang='lat' dir='ltr'><strong>pas-</strong></span> 
     </span>
    </p>
   </div>
   <div class='ocr_carea' id='block_1_79' title="bbox 1748 4021 3339 4104">
    <p class='ocr_par' dir='ltr' id='par_1_79' title="bbox 1748 4021 3339 4104">
     <span class='ocr_line' id='line_1_79' title="bbox 1748 4021 3339 4104; baseline 0.006 -26"><span class='ocrx_word' id='word_1_571' title='bbox 1748 4025 1894 4079; x_wconf 88' lang='lat' dir='ltr'><strong>sivus</strong></span> <span class='ocrx_word' id='word_1_572' title='bbox 1915 4022 2154 4078; x_wconf 87' lang='lat' dir='ltr'><strong>obtutus.</strong></span> <span class='ocrx_word' id='word_1_573' title='bbox 2186 4021 2261 4077; x_wconf 85' lang='lat' dir='ltr'><strong>Ita</strong></span> <span class='ocrx_word' id='word_1_574' title='bbox 2293 4023 2450 4093; x_wconf 87' lang='lat' dir='ltr'><strong>igitur</strong></span> <span class='ocrx_word' id='word_1_575' title='bbox 2476 4030 2531 4077; x_wconf 85' lang='lat' dir='ltr'><strong>et</strong></span> <span class='ocrx_word' id='word_1_576' title='bbox 2557 4024 2730 4079; x_wconf 87' lang='lat' dir='ltr'><strong>nostri</strong></span> <span class='ocrx_word' id='word_1_577' title='bbox 2760 4028 3024 4096; x_wconf 88' lang='lat' dir='ltr'><strong>propositi</strong></span> <span class='ocrx_word' id='word_1_578' title='bbox 3054 4030 3175 4086; x_wconf 91' lang='lat' dir='ltr'><strong>ﬁnis</strong></span> <span class='ocrx_word' id='word_1_579' title='bbox 3206 4035 3339 4104; x_wconf 86' lang='lat' dir='ltr'><strong>qui-</strong></span> 
     </span>
    </p>
   </div>
   <div class='ocr_carea' id='block_1_80' title="bbox 1109 4139 2244 4202">
    <p class='ocr_par' dir='ltr' id='par_1_80' title="bbox 1109 4139 2244 4202">
     <span class='ocr_line' id='line_1_80' title="bbox 1109 4139 2244 4202; baseline -0.008 -2"><span class='ocrx_word' id='word_1_580' title='bbox 1109 4145 1367 4201; x_wconf 79' lang='lat' dir='ltr'><strong>ALARDI</strong></span> <span class='ocrx_word' id='word_1_581' title='bbox 1406 4144 1640 4202; x_wconf 71' lang='grc' dir='ltr'><strong>ΒΑΖᾹΞΙ</strong></span> <span class='ocrx_word' id='word_1_582' title='bbox 1676 4139 2244 4199; x_wconf 79' lang='lat' dir='ltr'><strong>COMMENTARIUS.</strong></span> 
     </span>
    </p>
   </div>
   <div class='ocr_carea' id='block_1_81' title="bbox 70 4235 1644 4311">
    <p class='ocr_par' dir='ltr' id='par_1_81' title="bbox 70 4235 1644 4311">
     <span class='ocr_line' id='line_1_81' title="bbox 70 4235 1644 4311; baseline 0.006 -26"><span class='ocrx_word' id='word_1_583' title='bbox 70 4240 109 4286; x_wconf 84' lang='lat' dir='ltr'><strong>et</strong></span> <span class='ocrx_word' id='word_1_584' title='bbox 131 4235 591 4311; x_wconf 58' lang='lat' dir='ltr'><strong>hancprueiﬁxam</strong></span> <span class='ocrx_word' id='word_1_585' title='bbox 629 4236 686 4307; x_wconf 87' lang='grc' dir='ltr'><strong>(Ι</strong></span> <span class='ocrx_word' id='word_1_586' title='bbox 708 4237 826 4311; x_wconf 88' lang='lat' dir='ltr'><strong>Cor.</strong></span> <span class='ocrx_word' id='word_1_587' title='bbox 852 4237 914 4308; x_wconf 86' lang='lat' dir='ltr'><strong>ll)</strong></span> <span class='ocrx_word' id='word_1_588' title='bbox 952 4256 965 4291; x_wconf 87' lang='lat'><strong>:</strong></span> <span class='ocrx_word' id='word_1_589' title='bbox 1003 4252 1108 4294; x_wconf 93' lang='lat' dir='ltr'><strong>non</strong></span> <span class='ocrx_word' id='word_1_590' title='bbox 1140 4240 1279 4311; x_wconf 92' lang='lat' dir='ltr'><strong>quod</strong></span> <span class='ocrx_word' id='word_1_591' title='bbox 1312 4240 1429 4305; x_wconf 75' lang='lat' dir='ltr'><strong>alia</strong></span> <span class='ocrx_word' id='word_1_592' title='bbox 1463 4244 1644 4296; x_wconf 89' lang='lat' dir='ltr'><strong>nesci-</strong></span> 
     </span>
    </p>
   </div>
   <div class='ocr_carea' id='block_1_82' title="bbox 70 4307 1645 4377">
    <p class='ocr_par' dir='ltr' id='par_1_82' title="bbox 70 4307 1645 4377">
     <span class='ocr_line' id='line_1_82' title="bbox 70 4307 1645 4377; baseline 0.005 -19"><span class='ocrx_word' id='word_1_593' title='bbox 70 4316 159 4377; x_wconf 79' lang='lat' dir='ltr'><strong>ret,</strong></span> <span class='ocrx_word' id='word_1_594' title='bbox 187 4308 284 4361; x_wconf 86' lang='lat' dir='ltr'><strong>sed</strong></span> <span class='ocrx_word' id='word_1_595' title='bbox 317 4307 445 4377; x_wconf 88' lang='lat' dir='ltr'><strong>quia</strong></span> <span class='ocrx_word' id='word_1_596' title='bbox 473 4309 549 4364; x_wconf 87' lang='lat' dir='ltr'><strong>sic</strong></span> <span class='ocrx_word' id='word_1_597' title='bbox 577 4321 636 4363; x_wconf 88' lang='lat' dir='ltr'><strong>se</strong></span> <span class='ocrx_word' id='word_1_598' title='bbox 664 4307 919 4377; x_wconf 85' lang='lat' dir='ltr'><strong>gerebat,</strong></span> <span class='ocrx_word' id='word_1_599' title='bbox 950 4311 1028 4365; x_wconf 91' lang='lat' dir='ltr'><strong>sic</strong></span> <span class='ocrx_word' id='word_1_600' title='bbox 1057 4325 1115 4366; x_wconf 87' lang='lat' dir='ltr'><strong>se</strong></span> <span class='ocrx_word' id='word_1_601' title='bbox 1145 4307 1393 4366; x_wconf 85' lang='lat' dir='ltr'><strong>omnibus</strong></span> <span class='ocrx_word' id='word_1_602' title='bbox 1423 4312 1645 4366; x_wconf 79' lang='lat' dir='ltr'><strong>exhibe-</strong></span> 
     </span>
    </p>
   </div>
   <div class='ocr_carea' id='block_1_83' title="bbox 70 4374 1643 4447">
    <p class='ocr_par' dir='ltr' id='par_1_83' title="bbox 70 4374 1643 4447">
     <span class='ocr_line' id='line_1_83' title="bbox 70 4374 1643 4447; baseline 0.004 -18"><span class='ocrx_word' id='word_1_603' title='bbox 70 4374 186 4447; x_wconf 72' lang='lat' dir='ltr'><strong>bat,</strong></span> <span class='ocrx_word' id='word_1_604' title='bbox 226 4392 292 4431; x_wconf 88' lang='lat' dir='ltr'><strong>ac</strong></span> <span class='ocrx_word' id='word_1_605' title='bbox 322 4374 371 4431; x_wconf 77' lang='lat' dir='ltr'><strong>si</strong></span> <span class='ocrx_word' id='word_1_606' title='bbox 405 4376 535 4447; x_wconf 75' lang='lat' dir='ltr'><strong>nihil</strong></span> <span class='ocrx_word' id='word_1_607' title='bbox 564 4374 703 4433; x_wconf 79' lang='lat' dir='ltr'><strong>aliud</strong></span> <span class='ocrx_word' id='word_1_608' title='bbox 732 4374 914 4443; x_wconf 86' lang='lat' dir='ltr'><strong>sciret,</strong></span> <span class='ocrx_word' id='word_1_609' title='bbox 948 4382 1046 4435; x_wconf 91' lang='lat' dir='ltr'><strong>nisi</strong></span> <span class='ocrx_word' id='word_1_610' title='bbox 1079 4397 1289 4437; x_wconf 89' lang='lat' dir='ltr'><strong>crucem</strong></span> <span class='ocrx_word' id='word_1_611' title='bbox 1319 4382 1540 4447; x_wconf 88' lang='lat' dir='ltr'><strong>Christi,</strong></span> <span class='ocrx_word' id='word_1_612' title='bbox 1571 4383 1643 4436; x_wconf 89' lang='lat' dir='ltr'><strong>ait</strong></span> 
     </span>
    </p>
   </div>
   <div class='ocr_carea' id='block_1_84' title="bbox 70 4444 1642 4522">
    <p class='ocr_par' dir='ltr' id='par_1_84' title="bbox 70 4444 1642 4522">
     <span class='ocr_line' id='line_1_84' title="bbox 70 4444 1642 4522; baseline 0.007 -25"><span class='ocrx_word' id='word_1_613' title='bbox 70 4444 119 4499; x_wconf 89' lang='lat' dir='ltr'><strong>S.</strong></span> <span class='ocrx_word' id='word_1_614' title='bbox 148 4447 387 4522; x_wconf 72' lang='lat' dir='ltr'><strong>Thomas</strong></span> <span class='ocrx_word' id='word_1_615' title='bbox 420 4446 766 4522; x_wconf 61' lang='lat' dir='ltr'><strong>(Comment).</strong></span> <span class='ocrx_word' id='word_1_616' title='bbox 800 4450 1081 4515; x_wconf 82' lang='lat' dir='ltr'><strong>Quomodo</strong></span> <span class='ocrx_word' id='word_1_617' title='bbox 1109 4468 1237 4507; x_wconf 89' lang='lat' dir='ltr'><strong>vero</strong></span> <span class='ocrx_word' id='word_1_618' title='bbox 1265 4455 1406 4507; x_wconf 89' lang='lat' dir='ltr'><strong>istud</strong></span> <span class='ocrx_word' id='word_1_619' title='bbox 1441 4444 1642 4522; x_wconf 73' lang='lat' dir='ltr'><strong>absque</strong></span> 
     </span>
    </p>
   </div>
   <div class='ocr_carea' id='block_1_85' title="bbox 70 4519 1642 4593">
    <p class='ocr_par' dir='ltr' id='par_1_85' title="bbox 70 4519 1642 4593">
     <span class='ocr_line' id='line_1_85' title="bbox 70 4519 1642 4593; baseline 0.007 -25"><span class='ocrx_word' id='word_1_620' title='bbox 70 4519 416 4593; x_wconf 64' lang='lat' dir='ltr'><strong>mendacjoet</strong></span> <span class='ocrx_word' id='word_1_621' title='bbox 442 4521 655 4593; x_wconf 71' lang='lat' dir='ltr'><strong>fictione</strong></span> <span class='ocrx_word' id='word_1_622' title='bbox 685 4522 798 4593; x_wconf 79' lang='lat' dir='ltr'><strong>fieri</strong></span> <span class='ocrx_word' id='word_1_623' title='bbox 824 4522 1010 4590; x_wconf 85' lang='lat' dir='ltr'><strong>possit,</strong></span> <span class='ocrx_word' id='word_1_624' title='bbox 1032 4536 1102 4577; x_wconf 79' lang='lat' dir='ltr'><strong>ex</strong></span> <span class='ocrx_word' id='word_1_625' title='bbox 1132 4524 1197 4578; x_wconf 90' lang='lat' dir='ltr'><strong>iis</strong></span> <span class='ocrx_word' id='word_1_626' title='bbox 1227 4539 1343 4593; x_wconf 83' lang='lat' dir='ltr'><strong>quae</strong></span> <span class='ocrx_word' id='word_1_627' title='bbox 1366 4519 1642 4591; x_wconf 88' lang='lat' dir='ltr'><strong>superiore</strong></span> 
     </span>
    </p>
   </div>
   <div class='ocr_carea' id='block_1_86' title="bbox 72 4584 1681 4663">
    <p class='ocr_par' dir='ltr' id='par_1_86' title="bbox 72 4584 1681 4663">
     <span class='ocr_line' id='line_1_86' title="bbox 72 4584 1681 4663; baseline 0.006 -25"><span class='ocrx_word' id='word_1_628' title='bbox 72 4584 373 4663; x_wconf 37' lang='grc' dir='ltr'><strong>ζίὺτςιλζιὶὁ.</strong></span> <span class='ocrx_word' id='word_1_629' title='bbox 409 4604 484 4644; x_wconf 79' lang='lat' dir='ltr'><strong>nt</strong></span> <span class='ocrx_word' id='word_1_630' title='bbox 510 4607 557 4644; x_wconf 75' lang='grc' dir='ltr'><strong>ι.</strong></span> <span class='ocrx_word' id='word_1_631' title='bbox 588 4590 679 4661; x_wconf 75' lang='grc'><strong>15)</strong></span> <span class='ocrx_word' id='word_1_632' title='bbox 720 4586 790 4646; x_wconf 89' lang='lat' dir='ltr'>de</span> <span class='ocrx_word' id='word_1_633' title='bbox 824 4584 951 4648; x_wconf 71' lang='lat' dir='ltr'><strong>vera</strong></span> <span class='ocrx_word' id='word_1_634' title='bbox 984 4584 1288 4657; x_wconf 72' lang='lat' dir='ltr'><strong>humilitate</strong></span> <span class='ocrx_word' id='word_1_635' title='bbox 1317 4584 1459 4648; x_wconf 74' lang='lat' dir='ltr'><strong>dicta</strong></span> <span class='ocrx_word' id='word_1_636' title='bbox 1492 4603 1637 4659; x_wconf 90' lang='lat' dir='ltr'><strong>sunt,</strong></span> <span class='ocrx_word' id='word_1_637' title='bbox 1668 4600 1681 4663; x_wconf 40' lang='lat'><strong>1&#39;</strong></span> 
     </span>
    </p>
   </div>
   <div class='ocr_carea' id='block_1_87' title="bbox 71 4659 519 4728">
    <p class='ocr_par' dir='ltr' id='par_1_87' title="bbox 71 4659 519 4728">
     <span class='ocr_line' id='line_1_87' title="bbox 71 4659 519 4728; baseline 0.018 -20"><span class='ocrx_word' id='word_1_638' title='bbox 71 4659 278 4728; x_wconf 79' lang='lat' dir='ltr'><strong>intelligi</strong></span> <span class='ocrx_word' id='word_1_639' title='bbox 320 4670 519 4728; x_wconf 82' lang='lat' dir='ltr'><strong>potest.</strong></span> 
     </span>
    </p>
   </div>
   <div class='ocr_carea' id='block_1_88' title="bbox 130 4729 1635 4802">
    <p class='ocr_par' dir='ltr' id='par_1_88' title="bbox 130 4729 1635 4802">
     <span class='ocr_line' id='line_1_88' title="bbox 130 4729 1635 4802; baseline 0.004 -20"><span class='ocrx_word' id='word_1_640' title='bbox 130 4740 153 4765; x_wconf 71' lang='grc' dir='ltr'>ι</span> <span class='ocrx_word' id='word_1_641' title='bbox 182 4730 359 4800; x_wconf 84' lang='lat' dir='ltr'><strong>Pergit</strong></span> <span class='ocrx_word' id='word_1_642' title='bbox 389 4729 559 4786; x_wconf 85' lang='lat' dir='ltr'><strong>abbas</strong></span> <span class='ocrx_word' id='word_1_643' title='bbox 589 4732 876 4787; x_wconf 87' lang='lat' dir='ltr'><strong>ostendere</strong></span> <span class='ocrx_word' id='word_1_644' title='bbox 904 4732 1068 4788; x_wconf 90' lang='lat' dir='ltr'><strong>alium</strong></span> <span class='ocrx_word' id='word_1_645' title='bbox 1095 4747 1217 4789; x_wconf 89' lang='lat' dir='ltr'><strong>esse</strong></span> <span class='ocrx_word' id='word_1_646' title='bbox 1256 4734 1442 4802; x_wconf 90' lang='lat' dir='ltr'><strong>ﬁnem,</strong></span> <span class='ocrx_word' id='word_1_647' title='bbox 1473 4734 1635 4788; x_wconf 88' lang='lat' dir='ltr'><strong>alium</strong></span> 
     </span>
    </p>
   </div>
   <div class='ocr_carea' id='block_1_89' title="bbox 72 4803 1634 4873">
    <p class='ocr_par' dir='ltr' id='par_1_89' title="bbox 72 4803 1634 4873">
     <span class='ocr_line' id='line_1_89' title="bbox 72 4803 1634 4873; baseline 0.003 -18"><span class='ocrx_word' id='word_1_648' title='bbox 72 4809 269 4873; x_wconf 75' lang='lat' dir='ltr'><strong>scopum</strong></span> <span class='ocrx_word' id='word_1_649' title='bbox 322 4803 620 4867; x_wconf 79' lang='lat' dir='ltr'><strong>religionis,</strong></span> <span class='ocrx_word' id='word_1_650' title='bbox 672 4817 763 4856; x_wconf 90' lang='lat' dir='ltr'><strong>seu</strong></span> <span class='ocrx_word' id='word_1_651' title='bbox 812 4804 1049 4873; x_wconf 89' lang='lat' dir='ltr'><strong>religiosi</strong></span> <span class='ocrx_word' id='word_1_652' title='bbox 1102 4815 1321 4860; x_wconf 87' lang='lat' dir='ltr'><strong>status:</strong></span> <span class='ocrx_word' id='word_1_653' title='bbox 1369 4813 1426 4859; x_wconf 89' lang='lat' dir='ltr'><strong>et</strong></span> <span class='ocrx_word' id='word_1_654' title='bbox 1474 4806 1634 4859; x_wconf 89' lang='lat' dir='ltr'><strong>linem</strong></span> 
     </span>
    </p>
   </div>
   <div class='ocr_carea' id='block_1_90' title="bbox 72 4870 1635 4947">
    <p class='ocr_par' dir='ltr' id='par_1_90' title="bbox 72 4870 1635 4947">
     <span class='ocr_line' id='line_1_90' title="bbox 72 4870 1635 4947; baseline 0.008 -29"><span class='ocrx_word' id='word_1_655' title='bbox 72 4870 261 4947; x_wconf 84' lang='lat' dir='ltr'><strong>quidem</strong></span> <span class='ocrx_word' id='word_1_656' title='bbox 306 4873 544 4947; x_wconf 70' lang='lat' dir='ltr'><strong>admittit</strong></span> <span class='ocrx_word' id='word_1_657' title='bbox 578 4888 699 4947; x_wconf 84' lang='lat' dir='ltr'><strong>esse</strong></span> <span class='ocrx_word' id='word_1_658' title='bbox 741 4870 1236 4947; x_wconf 56' lang='lat' dir='ltr'><strong>vitam&#39;aeternam,</strong></span> <span class='ocrx_word' id='word_1_659' title='bbox 1282 4891 1377 4931; x_wconf 92' lang='lat' dir='ltr'><strong>seu</strong></span> <span class='ocrx_word' id='word_1_660' title='bbox 1410 4889 1635 4947; x_wconf 86' lang='lat' dir='ltr'><strong>regnum</strong></span> 
     </span>
    </p>
   </div>
   <div class='ocr_carea' id='block_1_91' title="bbox 72 4942 1637 5013">
    <p class='ocr_par' dir='ltr' id='par_1_91' title="bbox 72 4942 1637 5013">
     <span class='ocr_line' id='line_1_91' title="bbox 72 4942 1637 5013; baseline 0.008 -25"><span class='ocrx_word' id='word_1_661' title='bbox 72 4942 331 5005; x_wconf 68' lang='lat' dir='ltr'><strong>celerum,</strong></span> <span class='ocrx_word' id='word_1_662' title='bbox 355 4953 416 4998; x_wconf 91' lang='lat' dir='ltr'><strong>nt</strong></span> <span class='ocrx_word' id='word_1_663' title='bbox 442 4944 517 4997; x_wconf 90' lang='lat' dir='ltr'><strong>illi</strong></span> <span class='ocrx_word' id='word_1_664' title='bbox 548 4944 769 5012; x_wconf 79' lang='lat' dir='ltr'><strong>professi</strong></span> <span class='ocrx_word' id='word_1_665' title='bbox 799 4942 1008 4999; x_wconf 79' lang='lat' dir='ltr'><strong>fuerant</strong></span> <span class='ocrx_word' id='word_1_666' title='bbox 1034 4964 1045 4998; x_wconf 92' lang='lat'>:</span> <span class='ocrx_word' id='word_1_667' title='bbox 1072 4960 1289 5013; x_wconf 86' lang='lat' dir='ltr'><strong>scopum</strong></span> <span class='ocrx_word' id='word_1_668' title='bbox 1321 4962 1453 5001; x_wconf 92' lang='lat' dir='ltr'><strong>vero</strong></span> <span class='ocrx_word' id='word_1_669' title='bbox 1476 4942 1637 5001; x_wconf 77' lang='lat' dir='ltr'><strong>docet</strong></span> 
     </span>
    </p>
   </div>
   <div class='ocr_carea' id='block_1_92' title="bbox 72 5014 1637 5087">
    <p class='ocr_par' dir='ltr' id='par_1_92' title="bbox 72 5014 1637 5087">
     <span class='ocr_line' id='line_1_92' title="bbox 72 5014 1637 5087; baseline 0.007 -25"><span class='ocrx_word' id='word_1_670' title='bbox 72 5021 174 5087; x_wconf 57' lang='lat' dir='ltr'><strong>esse</strong></span> <span class='ocrx_word' id='word_1_671' title='bbox 197 5014 374 5068; x_wconf 88' lang='lat' dir='ltr'><strong>cordis</strong></span> <span class='ocrx_word' id='word_1_672' title='bbox 405 5016 707 5087; x_wconf 88' lang='lat' dir='ltr'><strong>puritatem.</strong></span> <span class='ocrx_word' id='word_1_673' title='bbox 736 5014 931 5087; x_wconf 81' lang='lat' dir='ltr'><strong>Verum</strong></span> <span class='ocrx_word' id='word_1_674' title='bbox 960 5016 1049 5070; x_wconf 90' lang='lat' dir='ltr'><strong>ille</strong></span> <span class='ocrx_word' id='word_1_675' title='bbox 1078 5016 1198 5071; x_wconf 90' lang='lat' dir='ltr'><strong>ﬁnis</strong></span> <span class='ocrx_word' id='word_1_676' title='bbox 1224 5019 1442 5072; x_wconf 91' lang='lat' dir='ltr'><strong>ultimus</strong></span> <span class='ocrx_word' id='word_1_677' title='bbox 1471 5032 1637 5087; x_wconf 74' lang='lat' dir='ltr'><strong>gene-</strong></span> 
     </span>
    </p>
   </div>
   <div class='ocr_carea' id='block_1_93' title="bbox 72 5080 1634 5156">
    <p class='ocr_par' dir='ltr' id='par_1_93' title="bbox 72 5080 1634 5156">
     <span class='ocr_line' id='line_1_93' title="bbox 72 5080 1634 5156; baseline 0.008 -26"><span class='ocrx_word' id='word_1_678' title='bbox 72 5080 181 5156; x_wconf 74' lang='lat' dir='ltr'><strong>ralis</strong></span> <span class='ocrx_word' id='word_1_679' title='bbox 214 5095 300 5138; x_wconf 82' lang='lat' dir='ltr'><strong>est</strong></span> <span class='ocrx_word' id='word_1_680' title='bbox 329 5095 382 5139; x_wconf 86' lang='lat' dir='ltr'><strong>ct</strong></span> <span class='ocrx_word' id='word_1_681' title='bbox 409 5080 712 5139; x_wconf 86' lang='lat' dir='ltr'><strong>communis</strong></span> <span class='ocrx_word' id='word_1_682' title='bbox 741 5086 991 5140; x_wconf 87' lang='lat' dir='ltr'><strong>omnibus</strong></span> <span class='ocrx_word' id='word_1_683' title='bbox 1016 5096 1121 5141; x_wconf 90' lang='lat' dir='ltr'><strong>tam</strong></span> <span class='ocrx_word' id='word_1_684' title='bbox 1164 5090 1441 5143; x_wconf 88' lang='lat' dir='ltr'><strong>monachis</strong></span> <span class='ocrx_word' id='word_1_685' title='bbox 1473 5080 1634 5156; x_wconf 75' lang='lat' dir='ltr'><strong>quam</strong></span> 
     </span>
    </p>
   </div>
   <div class='ocr_carea' id='block_1_94' title="bbox 72 5150 1636 5227">
    <p class='ocr_par' dir='ltr' id='par_1_94' title="bbox 72 5150 1636 5227">
     <span class='ocr_line' id='line_1_94' title="bbox 72 5150 1636 5227; baseline 0.008 -25"><span class='ocrx_word' id='word_1_686' title='bbox 72 5150 191 5225; x_wconf 68' lang='lat' dir='ltr'><strong>aliis.</strong></span> <span class='ocrx_word' id='word_1_687' title='bbox 236 5156 305 5209; x_wconf 85' lang='lat' dir='ltr'><strong>At</strong></span> <span class='ocrx_word' id='word_1_688' title='bbox 354 5158 607 5223; x_wconf 85' lang='lat' dir='ltr'><strong>proprius</strong></span> <span class='ocrx_word' id='word_1_689' title='bbox 655 5170 719 5209; x_wconf 92' lang='lat' dir='ltr'><strong>ac</strong></span> <span class='ocrx_word' id='word_1_690' title='bbox 769 5156 1053 5223; x_wconf 82' lang='lat' dir='ltr'><strong>peculiaris</strong></span> <span class='ocrx_word' id='word_1_691' title='bbox 1096 5158 1371 5227; x_wconf 86' lang='lat' dir='ltr'><strong>religionis</strong></span> <span class='ocrx_word' id='word_1_692' title='bbox 1418 5150 1636 5213; x_wconf 59' lang='lat' dir='ltr'><strong>et&#39;reli-</strong></span> 
     </span>
    </p>
   </div>
   <div class='ocr_carea' id='block_1_95' title="bbox 73 5227 1633 5295">
    <p class='ocr_par' dir='ltr' id='par_1_95' title="bbox 73 5227 1633 5295">
     <span class='ocr_line' id='line_1_95' title="bbox 73 5227 1633 5295; baseline 0.008 -24"><span class='ocrx_word' id='word_1_693' title='bbox 73 5231 322 5295; x_wconf 69' lang='lat' dir='ltr'><strong>glosorum</strong></span> <span class='ocrx_word' id='word_1_694' title='bbox 354 5228 498 5291; x_wconf 89' lang='lat' dir='ltr'><strong>finis,</strong></span> <span class='ocrx_word' id='word_1_695' title='bbox 522 5227 773 5294; x_wconf 87' lang='lat' dir='ltr'><strong>idemque</strong></span> <span class='ocrx_word' id='word_1_696' title='bbox 802 5227 1084 5295; x_wconf 87' lang='lat' dir='ltr'><strong>primarius</strong></span> <span class='ocrx_word' id='word_1_697' title='bbox 1108 5238 1187 5282; x_wconf 86' lang='lat' dir='ltr'><strong>est</strong></span> <span class='ocrx_word' id='word_1_698' title='bbox 1212 5227 1491 5281; x_wconf 86' lang='lat' dir='ltr'><strong>charitatis</strong></span> <span class='ocrx_word' id='word_1_699' title='bbox 1522 5243 1633 5295; x_wconf 88' lang='lat' dir='ltr'><strong>per-</strong></span> 
     </span>
    </p>
   </div>
   <div class='ocr_carea' id='block_1_96' title="bbox 72 5288 1631 5366">
    <p class='ocr_par' dir='ltr' id='par_1_96' title="bbox 72 5288 1631 5366">
     <span class='ocr_line' id='line_1_96' title="bbox 72 5288 1631 5366; baseline 0.01 -28"><span class='ocrx_word' id='word_1_700' title='bbox 72 5288 236 5366; x_wconf 72' lang='lat' dir='ltr'><strong>iectip,</strong></span> <span class='ocrx_word' id='word_1_701' title='bbox 259 5306 315 5349; x_wconf 90' lang='lat' dir='ltr'><strong>ut</strong></span> <span class='ocrx_word' id='word_1_702' title='bbox 339 5288 496 5351; x_wconf 80' lang='lat' dir='ltr'><strong>docet</strong></span> <span class='ocrx_word' id='word_1_703' title='bbox 521 5297 661 5351; x_wconf 88' lang='lat' dir='ltr'><strong>idem</strong></span> <span class='ocrx_word' id='word_1_704' title='bbox 686 5288 858 5351; x_wconf 68' lang='lat' dir='ltr'><strong>abbas</strong></span> <span class='ocrx_word' id='word_1_705' title='bbox 880 5312 998 5365; x_wconf 86' lang='lat' dir='ltr'><strong>cap.</strong></span> <span class='ocrx_word' id='word_1_706' title='bbox 1025 5300 1075 5362; x_wconf 83' lang='lat'><strong>7,</strong></span> <span class='ocrx_word' id='word_1_707' title='bbox 1101 5308 1152 5352; x_wconf 92' lang='lat' dir='ltr'><strong>et</strong></span> <span class='ocrx_word' id='word_1_708' title='bbox 1176 5298 1237 5351; x_wconf 92' lang='lat' dir='ltr'><strong>D.</strong></span> <span class='ocrx_word' id='word_1_709' title='bbox 1264 5298 1497 5352; x_wconf 82' lang='lat' dir='ltr'><strong>Thomas</strong></span> <span class='ocrx_word' id='word_1_710' title='bbox 1518 5288 1631 5366; x_wconf 60' lang='lat'><strong>9-3,</strong></span> 
     </span>
    </p>
   </div>
   <div class='ocr_carea' id='block_1_97' title="bbox 74 5361 1637 5439">
    <p class='ocr_par' dir='ltr' id='par_1_97' title="bbox 74 5361 1637 5439">
     <span class='ocr_line' id='line_1_97' title="bbox 74 5361 1637 5439; baseline -0.001 -16"><span class='ocrx_word' id='word_1_711' title='bbox 74 5361 263 5439; x_wconf 46' lang='lat' dir='ltr'><strong>M186,</strong></span> <span class='ocrx_word' id='word_1_712' title='bbox 288 5382 343 5439; x_wconf 74' lang='lat' dir='ltr'><strong>a.</strong></span> <span class='ocrx_word' id='word_1_713' title='bbox 381 5370 398 5420; x_wconf 88' lang='lat' dir='ltr'><strong>l</strong></span> <span class='ocrx_word' id='word_1_714' title='bbox 432 5377 491 5439; x_wconf 79' lang='lat' dir='ltr'><strong>et</strong></span> <span class='ocrx_word' id='word_1_715' title='bbox 511 5368 567 5421; x_wconf 68' lang='grc' dir='ltr'><strong>Ξ.</strong></span> <span class='ocrx_word' id='word_1_716' title='bbox 596 5368 746 5423; x_wconf 87' lang='lat' dir='ltr'><strong>Unde</strong></span> <span class='ocrx_word' id='word_1_717' title='bbox 772 5378 826 5420; x_wconf 87' lang='lat' dir='ltr'><strong>et</strong></span> <span class='ocrx_word' id='word_1_718' title='bbox 854 5361 1107 5422; x_wconf 78' lang='lat' dir='ltr'><strong>definitur</strong></span> <span class='ocrx_word' id='word_1_719' title='bbox 1128 5371 1317 5439; x_wconf 89' lang='lat' dir='ltr'><strong>religio</strong></span> <span class='ocrx_word' id='word_1_720' title='bbox 1342 5378 1513 5422; x_wconf 86' lang='lat' dir='ltr'><strong>status</strong></span> <span class='ocrx_word' id='word_1_721' title='bbox 1541 5361 1637 5421; x_wconf 57' lang='lat' dir='ltr'><strong>ho:-</strong></span> 
     </span>
    </p>
   </div>
   <div class='ocr_carea' id='block_1_98' title="bbox 74 5437 1638 5511">
    <p class='ocr_par' dir='ltr' id='par_1_98' title="bbox 74 5437 1638 5511">
     <span class='ocr_line' id='line_1_98' title="bbox 74 5437 1638 5511; baseline 0.004 -25"><span class='ocrx_word' id='word_1_722' title='bbox 74 5437 256 5511; x_wconf 68' lang='lat' dir='ltr'><strong>ntinum</strong></span> <span class='ocrx_word' id='word_1_723' title='bbox 280 5437 348 5490; x_wconf 89' lang='lat' dir='ltr'><strong>ad</strong></span> <span class='ocrx_word' id='word_1_724' title='bbox 374 5437 752 5511; x_wconf 80' lang='lat' dir='ltr'><strong>perfectionem</strong></span> <span class='ocrx_word' id='word_1_725' title='bbox 769 5439 1129 5511; x_wconf 83' lang='lat' dir='ltr'><strong>Christianam</strong></span> <span class='ocrx_word' id='word_1_726' title='bbox 1157 5437 1253 5507; x_wconf 77' lang='lat' dir='ltr'><strong>per</strong></span> <span class='ocrx_word' id='word_1_727' title='bbox 1274 5448 1395 5511; x_wconf 83' lang='lat' dir='ltr'><strong>vota</strong></span> <span class='ocrx_word' id='word_1_728' title='bbox 1420 5453 1638 5511; x_wconf 81' lang='lat' dir='ltr'><strong>panper-</strong></span> 
     </span>
    </p>
   </div>
   <div class='ocr_carea' id='block_1_99' title="bbox 75 5506 1638 5581">
    <p class='ocr_par' dir='ltr' id='par_1_99' title="bbox 75 5506 1638 5581">
     <span class='ocr_line' id='line_1_99' title="bbox 75 5506 1638 5581; baseline 0.01 -33"><span class='ocrx_word' id='word_1_729' title='bbox 75 5506 210 5581; x_wconf 75' lang='lat' dir='ltr'><strong>tatis,</strong></span> <span class='ocrx_word' id='word_1_730' title='bbox 260 5506 608 5563; x_wconf 72' lang='lat' dir='ltr'><strong>continentiae</strong></span> <span class='ocrx_word' id='word_1_731' title='bbox 652 5518 708 5563; x_wconf 89' lang='lat' dir='ltr'><strong>et</strong></span> <span class='ocrx_word' id='word_1_732' title='bbox 751 5506 1072 5565; x_wconf 70' lang='lat' dir='ltr'><strong>obedientite</strong></span> <span class='ocrx_word' id='word_1_733' title='bbox 1121 5506 1475 5566; x_wconf 86' lang='lat' dir='ltr'><strong>tendentium.</strong></span> <span class='ocrx_word' id='word_1_734' title='bbox 1510 5510 1638 5575; x_wconf 64' lang='lat' dir='ltr'><strong>Quae</strong></span> 
     </span>
    </p>
   </div>
   <div class='ocr_carea' id='block_1_100' title="bbox 73 5572 1644 5652">
    <p class='ocr_par' dir='ltr' id='par_1_100' title="bbox 73 5572 1644 5652">
     <span class='ocr_line' id='line_1_100' title="bbox 73 5572 1644 5652; baseline 0.007 -32"><span class='ocrx_word' id='word_1_735' title='bbox 73 5572 647 5652; x_wconf 38' lang='lat' dir='ltr'><strong>quidemhperfectio‘in</strong></span> <span class='ocrx_word' id='word_1_736' title='bbox 686 5595 751 5635; x_wconf 83' lang='lat' dir='ltr'><strong>eo</strong></span> <span class='ocrx_word' id='word_1_737' title='bbox 781 5581 1049 5652; x_wconf 83' lang='lat' dir='ltr'><strong>consistit,</strong></span> <span class='ocrx_word' id='word_1_738' title='bbox 1085 5589 1144 5636; x_wconf 94' lang='lat' dir='ltr'><strong>ut</strong></span> <span class='ocrx_word' id='word_1_739' title='bbox 1168 5582 1291 5651; x_wconf 85' lang='lat' dir='ltr'><strong>quis</strong></span> <span class='ocrx_word' id='word_1_740' title='bbox 1314 5594 1432 5652; x_wconf 74' lang='lat' dir='ltr'><strong>ass</strong></span> <span class='ocrx_word' id='word_1_741' title='bbox 1464 5572 1644 5652; x_wconf 75' lang='lat' dir='ltr'><strong>remn-</strong></span> 
     </span>
    </p>
   </div>
   <div class='ocr_carea' id='block_1_101' title="bbox 74 5646 1644 5723">
    <p class='ocr_par' dir='ltr' id='par_1_101' title="bbox 74 5646 1644 5723">
     <span class='ocr_line' id='line_1_101' title="bbox 74 5646 1644 5723; baseline 0.009 -29"><span class='ocrx_word' id='word_1_742' title='bbox 74 5646 131 5723; x_wconf 60' lang='grc' dir='ltr'><strong>με</strong></span> <span class='ocrx_word' id='word_1_743' title='bbox 150 5647 395 5704; x_wconf 74' lang='lat' dir='ltr'><strong>omnibus</strong></span> <span class='ocrx_word' id='word_1_744' title='bbox 414 5648 588 5705; x_wconf 77' lang='lat' dir='ltr'><strong>divini</strong></span> <span class='ocrx_word' id='word_1_745' title='bbox 603 5652 805 5706; x_wconf 84' lang='lat' dir='ltr'><strong>amoris</strong></span> <span class='ocrx_word' id='word_1_746' title='bbox 825 5646 1244 5723; x_wconf 82' lang='lat' dir='ltr'><strong>impedimentis,</strong></span> <span class='ocrx_word' id='word_1_747' title='bbox 1270 5651 1363 5707; x_wconf 88' lang='lat' dir='ltr'><strong>Dei</strong></span> <span class='ocrx_word' id='word_1_748' title='bbox 1383 5648 1644 5723; x_wconf 86' lang='lat' dir='ltr'><strong>obsequio</strong></span> 
     </span>
    </p>
   </div>
   <div class='ocr_carea' id='block_1_102' title="bbox 73 5722 1639 5791">
    <p class='ocr_par' dir='ltr' id='par_1_102' title="bbox 73 5722 1639 5791">
     <span class='ocr_line' id='line_1_102' title="bbox 73 5722 1639 5791; baseline 0.005 -23"><span class='ocrx_word' id='word_1_749' title='bbox 73 5722 425 5791; x_wconf 64' lang='lat' dir='ltr'><strong>gonsecratus,</strong></span> <span class='ocrx_word' id='word_1_750' title='bbox 452 5722 499 5775; x_wconf 90' lang='lat' dir='ltr'><strong>ei</strong></span> <span class='ocrx_word' id='word_1_751' title='bbox 530 5736 626 5791; x_wconf 88' lang='lat' dir='ltr'><strong>per</strong></span> <span class='ocrx_word' id='word_1_752' title='bbox 654 5736 894 5777; x_wconf 90' lang='lat' dir='ltr'><strong>amorem</strong></span> <span class='ocrx_word' id='word_1_753' title='bbox 923 5732 978 5778; x_wconf 93' lang='lat' dir='ltr'><strong>et</strong></span> <span class='ocrx_word' id='word_1_754' title='bbox 1006 5723 1327 5779; x_wconf 81' lang='lat' dir='ltr'><strong>charitatem</strong></span> <span class='ocrx_word' id='word_1_755' title='bbox 1356 5722 1639 5777; x_wconf 68' lang='lat' dir='ltr'><strong>inhaereat.</strong></span> 
     </span>
    </p>
   </div>
   <div class='ocr_carea' id='block_1_103' title="bbox 76 5776 1644 5864">
    <p class='ocr_par' dir='ltr' id='par_1_103' title="bbox 76 5776 1644 5864">
     <span class='ocr_line' id='line_1_103' title="bbox 76 5776 1644 5864; baseline 0.01 -28"><span class='ocrx_word' id='word_1_756' title='bbox 76 5776 214 5841; x_wconf 86' lang='lat' dir='ltr'><strong>Unde</strong></span> <span class='ocrx_word' id='word_1_757' title='bbox 252 5786 316 5843; x_wconf 88' lang='lat' dir='ltr'><strong>B.</strong></span> <span class='ocrx_word' id='word_1_758' title='bbox 369 5776 655 5864; x_wconf 66' lang='lat' dir='ltr'><strong>Diony&#39;sius</strong></span> <span class='ocrx_word' id='word_1_759' title='bbox 699 5776 896 5864; x_wconf 76' lang='lat' dir='ltr'><strong>AreOp.</strong></span> <span class='ocrx_word' id='word_1_760' title='bbox 934 5776 1576 5863; x_wconf 19' lang='lat' dir='ltr'><strong>VEcclesHlierarfcap.</strong></span> <span class='ocrx_word' id='word_1_761' title='bbox 1608 5792 1644 5851; x_wconf 89' lang='grc'><strong>6</strong></span> 
     </span>
    </p>
   </div>
   <div class='ocr_carea' id='block_1_104' title="bbox 1752 4232 3310 4309">
    <p class='ocr_par' dir='ltr' id='par_1_104' title="bbox 1752 4232 3310 4309">
     <span class='ocr_line' id='line_1_104' title="bbox 1752 4232 3310 4309; baseline 0.003 -17"><span class='ocrx_word' id='word_1_762' title='bbox 1752 4237 1900 4303; x_wconf 88' lang='lat' dir='ltr'><strong>dicit,</strong></span> <span class='ocrx_word' id='word_1_763' title='bbox 1929 4250 2014 4287; x_wconf 85' lang='lat' dir='ltr'><strong>eos</strong></span> <span class='ocrx_word' id='word_1_764' title='bbox 2040 4236 2130 4301; x_wconf 83' lang='lat' dir='ltr'><strong>qui</strong></span> <span class='ocrx_word' id='word_1_765' title='bbox 2156 4233 2487 4309; x_wconf 71' lang='lat' dir='ltr'><strong>nominantur</strong></span> <span class='ocrx_word' id='word_1_766' title='bbox 2512 4232 2607 4288; x_wconf 85' lang='lat' dir='ltr'><strong>Dei</strong></span> <span class='ocrx_word' id='word_1_767' title='bbox 2632 4235 2837 4309; x_wconf 78' lang='lat' dir='ltr'><strong>fanmli,</strong></span> <span class='ocrx_word' id='word_1_768' title='bbox 2870 4252 2933 4291; x_wconf 75' lang='lat' dir='ltr'><strong>ea:</strong></span> <span class='ocrx_word' id='word_1_769' title='bbox 2958 4236 3056 4293; x_wconf 82' lang='lat' dir='ltr'><strong>Dei</strong></span> <span class='ocrx_word' id='word_1_770' title='bbox 3078 4256 3206 4309; x_wconf 88' lang='lat' dir='ltr'><strong>puro</strong></span> <span class='ocrx_word' id='word_1_771' title='bbox 3228 4260 3310 4298; x_wconf 74' lang='lat' dir='ltr'><strong>ser</strong></span> 
     </span>
    </p>
   </div>
   <div class='ocr_carea' id='block_1_105' title="bbox 1750 4306 3333 4380">
    <p class='ocr_par' dir='ltr' id='par_1_105' title="bbox 1750 4306 3333 4380">
     <span class='ocr_line' id='line_1_105' title="bbox 1750 4306 3333 4380; baseline 0.006 -20"><span class='ocrx_word' id='word_1_772' title='bbox 1750 4309 1872 4380; x_wconf 62' lang='lat' dir='ltr'><strong>sitio</strong></span> <span class='ocrx_word' id='word_1_773' title='bbox 1918 4316 1982 4380; x_wconf 31' lang='lat' dir='ltr'><strong>et‘</strong></span> <span class='ocrx_word' id='word_1_774' title='bbox 2012 4306 2463 4380; x_wconf 73' lang='lat' dir='ltr'><strong>fantulatu_uniri</strong></span> <span class='ocrx_word' id='word_1_775' title='bbox 2516 4309 2584 4358; x_wconf 83' lang='lat' dir='ltr'><strong>ad</strong></span> <span class='ocrx_word' id='word_1_776' title='bbox 2631 4308 2903 4380; x_wconf 61' lang='lat' dir='ltr'><strong>amabilem</strong></span> <span class='ocrx_word' id='word_1_777' title='bbox 2950 4306 3333 4380; x_wconf 73' lang='lat' dir='ltr'><strong>perfectionem.</strong></span> 
     </span>
    </p>
   </div>
   <div class='ocr_carea' id='block_1_106' title="bbox 1752 4374 3335 4450">
    <p class='ocr_par' dir='ltr' id='par_1_106' title="bbox 1752 4374 3335 4450">
     <span class='ocr_line' id='line_1_106' title="bbox 1752 4374 3335 4450; baseline 0.007 -18"><span class='ocrx_word' id='word_1_778' title='bbox 1752 4378 1920 4433; x_wconf 85' lang='lat' dir='ltr'><strong>Porro</strong></span> <span class='ocrx_word' id='word_1_779' title='bbox 1954 4374 2077 4430; x_wconf 85' lang='lat' dir='ltr'><strong>finis</strong></span> <span class='ocrx_word' id='word_1_780' title='bbox 2103 4376 2452 4450; x_wconf 73' lang='lat' dir='ltr'><strong>secundarius</strong></span> <span class='ocrx_word' id='word_1_781' title='bbox 2474 4387 2555 4450; x_wconf 86' lang='lat' dir='ltr'><strong>est</strong></span> <span class='ocrx_word' id='word_1_782' title='bbox 2579 4377 2781 4446; x_wconf 81' lang='lat' dir='ltr'><strong>puritas</strong></span> <span class='ocrx_word' id='word_1_783' title='bbox 2813 4387 2866 4450; x_wconf 77' lang='lat' dir='ltr'><strong>et</strong></span> <span class='ocrx_word' id='word_1_784' title='bbox 2886 4374 3155 4450; x_wconf 73' lang='lat' dir='ltr'><strong>rectitudo</strong></span> <span class='ocrx_word' id='word_1_785' title='bbox 3179 4403 3335 4450; x_wconf 77' lang='lat' dir='ltr'><strong>nien-</strong></span> 
     </span>
    </p>
   </div>
   <div class='ocr_carea' id='block_1_107' title="bbox 1752 4440 3334 4518">
    <p class='ocr_par' dir='ltr' id='par_1_107' title="bbox 1752 4440 3334 4518">
     <span class='ocr_line' id='line_1_107' title="bbox 1752 4440 3334 4518; baseline 0.007 -15"><span class='ocrx_word' id='word_1_786' title='bbox 1752 4452 1839 4515; x_wconf 90' lang='lat' dir='ltr'><strong>tis,</strong></span> <span class='ocrx_word' id='word_1_787' title='bbox 1873 4463 1992 4518; x_wconf 73' lang='lat' dir='ltr'><strong>qum</strong></span> <span class='ocrx_word' id='word_1_788' title='bbox 2019 4447 2264 4502; x_wconf 84' lang='lat' dir='ltr'><strong>consistit</strong></span> <span class='ocrx_word' id='word_1_789' title='bbox 2292 4448 2344 4502; x_wconf 90' lang='lat' dir='ltr'><strong>in</strong></span> <span class='ocrx_word' id='word_1_790' title='bbox 2387 4440 2825 4516; x_wconf 65' lang='lat' dir='ltr'><strong>acquisitinneei</strong></span> <span class='ocrx_word' id='word_1_791' title='bbox 2868 4440 3129 4509; x_wconf 78' lang='lat' dir='ltr'><strong>exercitio</strong></span> <span class='ocrx_word' id='word_1_792' title='bbox 3170 4440 3334 4513; x_wconf 51' lang='lat' dir='ltr'><strong>ciete-</strong></span> 
     </span>
    </p>
   </div>
   <div class='ocr_carea' id='block_1_108' title="bbox 1749 4517 3331 4596">
    <p class='ocr_par' dir='ltr' id='par_1_108' title="bbox 1749 4517 3331 4596">
     <span class='ocr_line' id='line_1_108' title="bbox 1749 4517 3331 4596; baseline 0.009 -24"><span class='ocrx_word' id='word_1_793' title='bbox 1749 4517 1933 4596; x_wconf 33' lang='lat' dir='ltr'><strong>ra‘rum</strong></span> <span class='ocrx_word' id='word_1_794' title='bbox 1950 4520 2232 4596; x_wconf 73' lang='lat' dir='ltr'><strong>virtutum.</strong></span> <span class='ocrx_word' id='word_1_795' title='bbox 2260 4517 2415 4596; x_wconf 85' lang='lat' dir='ltr'><strong>Unde</strong></span> <span class='ocrx_word' id='word_1_796' title='bbox 2439 4524 2723 4596; x_wconf 73' lang='lat' dir='ltr'><strong>Apostolus</strong></span> <span class='ocrx_word' id='word_1_797' title='bbox 2747 4520 2933 4596; x_wconf 63' lang='lat' dir='ltr'><strong>prima:</strong></span> <span class='ocrx_word' id='word_1_798' title='bbox 2961 4524 3097 4579; x_wconf 83' lang='lat' dir='ltr'><strong>Tim.</strong></span> <span class='ocrx_word' id='word_1_799' title='bbox 3124 4529 3331 4596; x_wconf 87' lang='lat' dir='ltr'><strong>primo:</strong></span> 
     </span>
    </p>
   </div>
   <div class='ocr_carea' id='block_1_109' title="bbox 1748 4589 3336 4667">
    <p class='ocr_par' dir='ltr' id='par_1_109' title="bbox 1748 4589 3336 4667">
     <span class='ocr_line' id='line_1_109' title="bbox 1748 4589 3336 4667; baseline 0.005 -25"><span class='ocrx_word' id='word_1_800' title='bbox 1748 4589 1922 4667; x_wconf 80' lang='lat' dir='ltr'><strong>Finis,</strong></span> <span class='ocrx_word' id='word_1_801' title='bbox 1949 4589 2141 4667; x_wconf 78' lang='lat' dir='ltr'><strong>inquit,</strong></span> <span class='ocrx_word' id='word_1_802' title='bbox 2174 4591 2414 4667; x_wconf 69' lang='lat' dir='ltr'><strong>prmcepfi</strong></span> <span class='ocrx_word' id='word_1_803' title='bbox 2442 4601 2515 4643; x_wconf 83' lang='lat' dir='ltr'><strong>est</strong></span> <span class='ocrx_word' id='word_1_804' title='bbox 2542 4591 2776 4667; x_wconf 57' lang='lat' dir='ltr'><strong>citaritas</strong></span> <span class='ocrx_word' id='word_1_805' title='bbox 2811 4591 2890 4667; x_wconf 86' lang='lat' dir='ltr'><strong>d_e_</strong></span> <span class='ocrx_word' id='word_1_806' title='bbox 2909 4597 3063 4648; x_wconf 86' lang='lat' dir='ltr'><strong>corde</strong></span> <span class='ocrx_word' id='word_1_807' title='bbox 3099 4589 3257 4667; x_wconf 56' lang='lat' dir='ltr'><strong>p&#39;aro,</strong></span> <span class='ocrx_word' id='word_1_808' title='bbox 3286 4610 3336 4655; x_wconf 82' lang='lat' dir='ltr'><strong>et</strong></span> 
     </span>
    </p>
   </div>
   <div class='ocr_carea' id='block_1_110' title="bbox 1741 4661 3331 4741">
    <p class='ocr_par' dir='ltr' id='par_1_110' title="bbox 1741 4661 3331 4741">
     <span class='ocr_line' id='line_1_110' title="bbox 1741 4661 3331 4741; baseline 0.009 -27"><span class='ocrx_word' id='word_1_809' title='bbox 1741 4661 2053 4741; x_wconf 57' lang='lat' dir='ltr'><strong>Qnscientia</strong></span> <span class='ocrx_word' id='word_1_810' title='bbox 2075 4661 2223 4719; x_wconf 84' lang='lat' dir='ltr'><strong>bona,</strong></span> <span class='ocrx_word' id='word_1_811' title='bbox 2245 4670 2299 4741; x_wconf 61' lang='lat' dir='ltr'><strong>et</strong></span> <span class='ocrx_word' id='word_1_812' title='bbox 2319 4661 2547 4741; x_wconf 47' lang='lat' dir='ltr'><strong>[fidenam</strong></span> <span class='ocrx_word' id='word_1_813' title='bbox 2569 4662 2721 4741; x_wconf 45' lang='lat' dir='ltr'><strong>[total</strong></span> <span class='ocrx_word' id='word_1_814' title='bbox 2738 4662 2798 4717; x_wconf 90' lang='lat' dir='ltr'><strong>S.</strong></span> <span class='ocrx_word' id='word_1_815' title='bbox 2823 4661 3010 4741; x_wconf 56' lang='lat' dir='ltr'><strong>Tinam.</strong></span> <span class='ocrx_word' id='word_1_816' title='bbox 3042 4668 3126 4721; x_wconf 85' lang='lat' dir='ltr'><strong>ubi</strong></span> <span class='ocrx_word' id='word_1_817' title='bbox 3147 4661 3331 4741; x_wconf 75' lang='lat' dir='ltr'><strong>supra.</strong></span> 
     </span>
    </p>
   </div>
   <div class='ocr_carea' id='block_1_111' title="bbox 1745 4730 2915 4803">
    <p class='ocr_par' dir='ltr' id='par_1_111' title="bbox 1745 4730 2915 4803">
     <span class='ocr_line' id='line_1_111' title="bbox 1745 4730 2915 4803; baseline 0.002 -18"><span class='ocrx_word' id='word_1_818' title='bbox 1745 4731 2066 4785; x_wconf 86' lang='lat' dir='ltr'><strong>Turrecrem.</strong></span> <span class='ocrx_word' id='word_1_819' title='bbox 2089 4742 2237 4785; x_wconf 83' lang='lat' dir='ltr'><strong>tract.</strong></span> <span class='ocrx_word' id='word_1_820' title='bbox 2268 4733 2300 4786; x_wconf 84' lang='lat'><strong>5</strong></span> <span class='ocrx_word' id='word_1_821' title='bbox 2327 4732 2378 4783; x_wconf 85' lang='lat' dir='ltr'><strong>in</strong></span> <span class='ocrx_word' id='word_1_822' title='bbox 2412 4730 2539 4803; x_wconf 83' lang='lat' dir='ltr'><strong>Reg.</strong></span> <span class='ocrx_word' id='word_1_823' title='bbox 2576 4731 2643 4787; x_wconf 90' lang='lat' dir='ltr'><strong>D.</strong></span> <span class='ocrx_word' id='word_1_824' title='bbox 2674 4732 2915 4803; x_wconf 83' lang='lat' dir='ltr'><strong>Bened.).</strong></span> 
     </span>
    </p>
   </div>
   <div class='ocr_carea' id='block_1_112' title="bbox 1812 4802 3333 4871">
    <p class='ocr_par' dir='ltr' id='par_1_112' title="bbox 1812 4802 3333 4871">
     <span class='ocr_line' id='line_1_112' title="bbox 1812 4802 3333 4871; baseline 0.007 -14"><span class='ocrx_word' id='word_1_825' title='bbox 1812 4803 1841 4841; x_wconf 67' lang='grc' dir='ltr'>δ</span> <span class='ocrx_word' id='word_1_826' title='bbox 1872 4802 1924 4857; x_wconf 85' lang='lat' dir='ltr'><strong>Id</strong></span> <span class='ocrx_word' id='word_1_827' title='bbox 1949 4812 2048 4863; x_wconf 88' lang='lat' dir='ltr'><strong>est.</strong></span> <span class='ocrx_word' id='word_1_828' title='bbox 2073 4819 2257 4871; x_wconf 84' lang='lat' dir='ltr'><strong>vagus,</strong></span> <span class='ocrx_word' id='word_1_829' title='bbox 2292 4802 2548 4867; x_wconf 89' lang='lat' dir='ltr'><strong>incertus,</strong></span> <span class='ocrx_word' id='word_1_830' title='bbox 2581 4802 2909 4859; x_wconf 82' lang='lat' dir='ltr'><strong>inconstans.</strong></span> <span class='ocrx_word' id='word_1_831' title='bbox 2944 4806 3059 4862; x_wconf 84' lang='lat' dir='ltr'><strong>Vox</strong></span> <span class='ocrx_word' id='word_1_832' title='bbox 3089 4819 3172 4865; x_wconf 85' lang='lat' dir='ltr'><strong>est</strong></span> <span class='ocrx_word' id='word_1_833' title='bbox 3200 4813 3333 4871; x_wconf 86' lang='lat' dir='ltr'><strong>Ter-</strong></span> 
     </span>
    </p>
   </div>
   <div class='ocr_carea' id='block_1_113' title="bbox 1745 4874 3334 4949">
    <p class='ocr_par' dir='ltr' id='par_1_113' title="bbox 1745 4874 3334 4949">
     <span class='ocr_line' id='line_1_113' title="bbox 1745 4874 3334 4949; baseline 0.004 -21"><span class='ocrx_word' id='word_1_834' title='bbox 1745 4875 1966 4949; x_wconf 86' lang='lat' dir='ltr'><strong>t_u_lliano</strong></span> <span class='ocrx_word' id='word_1_835' title='bbox 2013 4874 2313 4949; x_wconf 74' lang='lat' dir='ltr'><strong>familiaris</strong></span> <span class='ocrx_word' id='word_1_836' title='bbox 2344 4874 2597 4949; x_wconf 58' lang='lat' dir='ltr'><strong>(Adsere.</strong></span> <span class='ocrx_word' id='word_1_837' title='bbox 2638 4874 2804 4949; x_wconf 66' lang='lat' dir='ltr'><strong>Maro.</strong></span> <span class='ocrx_word' id='word_1_838' title='bbox 2848 4876 3051 4949; x_wconf 38' lang='lat' dir='ltr'><strong>and),</strong></span> <span class='ocrx_word' id='word_1_839' title='bbox 3085 4891 3139 4935; x_wconf 92' lang='lat' dir='ltr'><strong>ut</strong></span> <span class='ocrx_word' id='word_1_840' title='bbox 3187 4894 3334 4941; x_wconf 83' lang='lat' dir='ltr'><strong>notat</strong></span> 
     </span>
    </p>
   </div>
   <div class='ocr_carea' id='block_1_114' title="bbox 1742 4944 3331 5023">
    <p class='ocr_par' dir='ltr' id='par_1_114' title="bbox 1742 4944 3331 5023">
     <span class='ocr_line' id='line_1_114' title="bbox 1742 4944 3331 5023; baseline 0.008 -26"><span class='ocrx_word' id='word_1_841' title='bbox 1742 4946 2059 5023; x_wconf 78' lang='lat' dir='ltr'><strong>Ciaconius;</strong></span> <span class='ocrx_word' id='word_1_842' title='bbox 2094 4944 2431 5023; x_wconf 35' lang='lat' dir='ltr'><strong>imnﬁrquris</strong></span> <span class='ocrx_word' id='word_1_843' title='bbox 2463 4945 2575 5023; x_wconf 73' lang='lat' dir='ltr'><strong>fere</strong></span> <span class='ocrx_word' id='word_1_844' title='bbox 2607 4944 2909 5023; x_wconf 84' lang='lat' dir='ltr'><strong>peculiaris.</strong></span> <span class='ocrx_word' id='word_1_845' title='bbox 2941 4944 3074 5002; x_wconf 77' lang='lat' dir='ltr'><strong>Nam</strong></span> <span class='ocrx_word' id='word_1_846' title='bbox 3105 4961 3159 5007; x_wconf 86' lang='lat' dir='ltr'><strong>et</strong></span> <span class='ocrx_word' id='word_1_847' title='bbox 3206 4970 3331 5023; x_wconf 86' lang='lat' dir='ltr'><strong>pas-</strong></span> 
     </span>
    </p>
   </div>
   <div class='ocr_carea' id='block_1_115' title="bbox 1743 5014 3326 5083">
    <p class='ocr_par' dir='ltr' id='par_1_115' title="bbox 1743 5014 3326 5083">
     <span class='ocr_line' id='line_1_115' title="bbox 1743 5014 3326 5083; baseline 0.003 -14"><span class='ocrx_word' id='word_1_848' title='bbox 1743 5017 1913 5069; x_wconf 91' lang='lat' dir='ltr'><strong>sivum</strong></span> <span class='ocrx_word' id='word_1_849' title='bbox 1962 5030 2156 5067; x_wconf 89' lang='lat' dir='ltr'><strong>nomen</strong></span> <span class='ocrx_word' id='word_1_850' title='bbox 2192 5015 2284 5066; x_wconf 89' lang='lat' dir='ltr'><strong>Dei</strong></span> <span class='ocrx_word' id='word_1_851' title='bbox 2312 5014 2442 5067; x_wconf 89' lang='lat' dir='ltr'><strong>dicit</strong></span> <span class='ocrx_word' id='word_1_852' title='bbox 2486 5015 2598 5081; x_wconf 91' lang='lat' dir='ltr'><strong>ille,</strong></span> <span class='ocrx_word' id='word_1_853' title='bbox 2634 5025 2687 5067; x_wconf 88' lang='lat' dir='ltr'><strong>et</strong></span> <span class='ocrx_word' id='word_1_854' title='bbox 2720 5019 2988 5083; x_wconf 80' lang='lat' dir='ltr'><strong>passivum</strong></span> <span class='ocrx_word' id='word_1_855' title='bbox 3022 5014 3326 5078; x_wconf 65' lang='lat' dir='ltr'><strong>convictum</strong></span> 
     </span>
    </p>
   </div>
   <div class='ocr_carea' id='block_1_116' title="bbox 1744 5084 3332 5155">
    <p class='ocr_par' dir='ltr' id='par_1_116' title="bbox 1744 5084 3332 5155">
     <span class='ocr_line' id='line_1_116' title="bbox 1744 5084 3332 5155; baseline 0.006 -16"><span class='ocrx_word' id='word_1_856' title='bbox 1744 5100 1843 5155; x_wconf 88' lang='lat' dir='ltr'><strong>pro</strong></span> <span class='ocrx_word' id='word_1_857' title='bbox 1869 5084 2143 5155; x_wconf 79' lang='lat' dir='ltr'><strong>communi</strong></span> <span class='ocrx_word' id='word_1_858' title='bbox 2166 5094 2222 5137; x_wconf 92' lang='lat' dir='ltr'><strong>et</strong></span> <span class='ocrx_word' id='word_1_859' title='bbox 2246 5086 2570 5155; x_wconf 86' lang='lat' dir='ltr'><strong>promiscuo.</strong></span> <span class='ocrx_word' id='word_1_860' title='bbox 2600 5087 2743 5137; x_wconf 84' lang='lat' dir='ltr'><strong>Ideni</strong></span> <span class='ocrx_word' id='word_1_861' title='bbox 2774 5086 2912 5139; x_wconf 87' lang='lat' dir='ltr'><strong>libro</strong></span> <span class='ocrx_word' id='word_1_862' title='bbox 2933 5099 3117 5144; x_wconf 84' lang='lat' dir='ltr'><strong>contra</strong></span> <span class='ocrx_word' id='word_1_863' title='bbox 3144 5093 3332 5149; x_wconf 86' lang='lat' dir='ltr'><strong>Valen-</strong></span> 
     </span>
    </p>
   </div>
   <div class='ocr_carea' id='block_1_117' title="bbox 1740 5154 3329 5226">
    <p class='ocr_par' dir='ltr' id='par_1_117' title="bbox 1740 5154 3329 5226">
     <span class='ocr_line' id='line_1_117' title="bbox 1740 5154 3329 5226; baseline 0.004 -16"><span class='ocrx_word' id='word_1_864' title='bbox 1740 5154 1836 5210; x_wconf 90' lang='lat' dir='ltr'><strong>tin.</strong></span> <span class='ocrx_word' id='word_1_865' title='bbox 1864 5157 1939 5209; x_wconf 90' lang='lat' dir='ltr'><strong>ait</strong></span> <span class='ocrx_word' id='word_1_866' title='bbox 1978 5154 2360 5226; x_wconf 70' lang='lat' dir='ltr'><strong>Valentiniano,</strong></span> <span class='ocrx_word' id='word_1_867' title='bbox 2391 5154 2455 5226; x_wconf 73' lang='lat' dir='ltr'><strong>cie</strong></span> <span class='ocrx_word' id='word_1_868' title='bbox 2481 5155 2767 5226; x_wconf 65' lang='lat' dir='ltr'><strong>passivitate</strong></span> <span class='ocrx_word' id='word_1_869' title='bbox 2796 5158 2911 5209; x_wconf 66' lang='lat' dir='ltr'><strong>riae</strong></span> <span class='ocrx_word' id='word_1_870' title='bbox 2938 5162 3329 5226; x_wconf 81' lang='lat' dir='ltr'><strong>generositatem</strong></span> 
     </span>
    </p>
   </div>
   <div class='ocr_carea' id='block_1_118' title="bbox 1737 5222 3329 5302">
    <p class='ocr_par' dir='ltr' id='par_1_118' title="bbox 1737 5222 3329 5302">
     <span class='ocr_line' id='line_1_118' title="bbox 1737 5222 3329 5302; baseline 0.005 -22"><span class='ocrx_word' id='word_1_871' title='bbox 1737 5243 1883 5302; x_wconf 67' lang='lat' dir='ltr'><strong>suam</strong></span> <span class='ocrx_word' id='word_1_872' title='bbox 1914 5225 2176 5302; x_wconf 55' lang='lat' dir='ltr'><strong>vindieare</strong></span> <span class='ocrx_word' id='word_1_873' title='bbox 2206 5222 2358 5302; x_wconf 69' lang='lat' dir='ltr'><strong>(Lib.</strong></span> <span class='ocrx_word' id='word_1_874' title='bbox 2387 5223 2450 5277; x_wconf 84' lang='lat' dir='ltr'><strong>de</strong></span> <span class='ocrx_word' id='word_1_875' title='bbox 2484 5223 2647 5302; x_wconf 71' lang='lat' dir='ltr'><strong>Carae</strong></span> <span class='ocrx_word' id='word_1_876' title='bbox 2674 5224 2882 5302; x_wconf 73' lang='lat' dir='ltr'><strong>_Cltristi</strong></span> <span class='ocrx_word' id='word_1_877' title='bbox 2921 5222 3033 5296; x_wconf 54' lang='lat' dir='ltr'><strong>c&#39;ap.</strong></span> <span class='ocrx_word' id='word_1_878' title='bbox 3064 5229 3131 5302; x_wconf 74' lang='grc'><strong>24</strong></span> <span class='ocrx_word' id='word_1_879' title='bbox 3154 5230 3196 5302; x_wconf 92' lang='grc'><strong>).</strong></span> <span class='ocrx_word' id='word_1_880' title='bbox 3226 5233 3329 5287; x_wconf 89' lang='lat' dir='ltr'><strong>Eo-</strong></span> 
     </span>
    </p>
   </div>
   <div class='ocr_carea' id='block_1_119' title="bbox 1739 5294 3324 5369">
    <p class='ocr_par' dir='ltr' id='par_1_119' title="bbox 1739 5294 3324 5369">
     <span class='ocr_line' id='line_1_119' title="bbox 1739 5294 3324 5369; baseline 0.004 -16"><span class='ocrx_word' id='word_1_881' title='bbox 1739 5298 1966 5364; x_wconf 76' lang='lat' dir='ltr'><strong>demque</strong></span> <span class='ocrx_word' id='word_1_882' title='bbox 1995 5296 2129 5349; x_wconf 88' lang='lat' dir='ltr'><strong>libro</strong></span> <span class='ocrx_word' id='word_1_883' title='bbox 2157 5294 2398 5365; x_wconf 85' lang='lat' dir='ltr'><strong>passives</strong></span> <span class='ocrx_word' id='word_1_884' title='bbox 2431 5310 2526 5369; x_wconf 85' lang='lat' dir='ltr'><strong>eos</strong></span> <span class='ocrx_word' id='word_1_885' title='bbox 2557 5295 2850 5364; x_wconf 89' lang='lat' dir='ltr'><strong>discipulos</strong></span> <span class='ocrx_word' id='word_1_886' title='bbox 2873 5294 3047 5363; x_wconf 82' lang='lat' dir='ltr'><strong>vocat,</strong></span> <span class='ocrx_word' id='word_1_887' title='bbox 3080 5294 3180 5356; x_wconf 80' lang='lat' dir='ltr'><strong>hoc</strong></span> <span class='ocrx_word' id='word_1_888' title='bbox 3219 5313 3324 5369; x_wconf 89' lang='lat' dir='ltr'><strong>est,</strong></span> 
     </span>
    </p>
   </div>
   <div class='ocr_carea' id='block_1_120' title="bbox 1740 5368 3327 5441">
    <p class='ocr_par' dir='ltr' id='par_1_120' title="bbox 1740 5368 3327 5441">
     <span class='ocr_line' id='line_1_120' title="bbox 1740 5368 3327 5441; baseline 0.006 -20"><span class='ocrx_word' id='word_1_889' title='bbox 1740 5368 2133 5441; x_wconf 79' lang='lat' dir='ltr'><strong>inconstantes,</strong></span> <span class='ocrx_word' id='word_1_890' title='bbox 2164 5379 2322 5441; x_wconf 80' lang='lat' dir='ltr'><strong>atque</strong></span> <span class='ocrx_word' id='word_1_891' title='bbox 2356 5368 2550 5441; x_wconf 71' lang='lat' dir='ltr'><strong>passim</strong></span> <span class='ocrx_word' id='word_1_892' title='bbox 2583 5381 2768 5441; x_wconf 81' lang='lat' dir='ltr'><strong>vagos,</strong></span> <span class='ocrx_word' id='word_1_893' title='bbox 2803 5382 2900 5422; x_wconf 92' lang='lat' dir='ltr'><strong>nec</strong></span> <span class='ocrx_word' id='word_1_894' title='bbox 2940 5370 3031 5423; x_wconf 91' lang='lat' dir='ltr'><strong>uni</strong></span> <span class='ocrx_word' id='word_1_895' title='bbox 3070 5375 3327 5441; x_wconf 85' lang='lat' dir='ltr'><strong>magistro</strong></span> 
     </span>
    </p>
   </div>
   <div class='ocr_carea' id='block_1_121' title="bbox 1741 5436 3323 5508">
    <p class='ocr_par' dir='ltr' id='par_1_121' title="bbox 1741 5436 3323 5508">
     <span class='ocr_line' id='line_1_121' title="bbox 1741 5436 3323 5508; baseline 0.005 -17"><span class='ocrx_word' id='word_1_896' title='bbox 1741 5440 2008 5494; x_wconf 83' lang='lat' dir='ltr'><strong>addictos.</strong></span> <span class='ocrx_word' id='word_1_897' title='bbox 2038 5438 2337 5493; x_wconf 87' lang='lat' dir='ltr'><strong>Concilium</strong></span> <span class='ocrx_word' id='word_1_898' title='bbox 2370 5436 2792 5507; x_wconf 84' lang='lat' dir='ltr'><strong>Carthaginense</strong></span> <span class='ocrx_word' id='word_1_899' title='bbox 2830 5441 3060 5508; x_wconf 88' lang='lat' dir='ltr'><strong>primum</strong></span> <span class='ocrx_word' id='word_1_900' title='bbox 3090 5436 3208 5497; x_wconf 76' lang='lat' dir='ltr'><strong>can.</strong></span> <span class='ocrx_word' id='word_1_901' title='bbox 3241 5443 3276 5497; x_wconf 81' lang='grc'>2</span> <span class='ocrx_word' id='word_1_902' title='bbox 3309 5463 3323 5500; x_wconf 88' lang='lat'><strong>:</strong></span> 
     </span>
    </p>
   </div>
   <div class='ocr_carea' id='block_1_122' title="bbox 1744 5508 3329 5583">
    <p class='ocr_par' dir='ltr' id='par_1_122' title="bbox 1744 5508 3329 5583">
     <span class='ocr_line' id='line_1_122' title="bbox 1744 5508 3329 5583; baseline 0.006 -21"><span class='ocrx_word' id='word_1_903' title='bbox 1744 5508 2038 5582; x_wconf 75' lang='lat' dir='ltr'><strong>Martyrum</strong></span> <span class='ocrx_word' id='word_1_904' title='bbox 2089 5510 2390 5580; x_wconf 83' lang='lat' dir='ltr'><strong>dignitatem</strong></span> <span class='ocrx_word' id='word_1_905' title='bbox 2442 5525 2588 5563; x_wconf 86' lang='lat' dir='ltr'><strong>nemo</strong></span> <span class='ocrx_word' id='word_1_906' title='bbox 2640 5510 2909 5583; x_wconf 70' lang='lat' dir='ltr'><strong>profanus</strong></span> <span class='ocrx_word' id='word_1_907' title='bbox 2944 5511 3192 5583; x_wconf 57' lang='lat' dir='ltr'><strong>inﬁrmet;</strong></span> <span class='ocrx_word' id='word_1_908' title='bbox 3237 5533 3329 5572; x_wconf 84' lang='lat' dir='ltr'><strong>nec</strong></span> 
     </span>
    </p>
   </div>
   <div class='ocr_carea' id='block_1_123' title="bbox 1744 5580 3328 5656">
    <p class='ocr_par' dir='ltr' id='par_1_123' title="bbox 1744 5580 3328 5656">
     <span class='ocr_line' id='line_1_123' title="bbox 1744 5580 3328 5656; baseline 0.007 -24"><span class='ocrx_word' id='word_1_909' title='bbox 1744 5580 1945 5649; x_wconf 68' lang='lat' dir='ltr'><strong>passion</strong></span> <span class='ocrx_word' id='word_1_910' title='bbox 1965 5597 2186 5653; x_wconf 85' lang='lat' dir='ltr'><strong>corpora</strong></span> <span class='ocrx_word' id='word_1_911' title='bbox 2209 5591 2492 5656; x_wconf 67' lang='lat' dir='ltr'><strong>martyrum</strong></span> <span class='ocrx_word' id='word_1_912' title='bbox 2510 5581 2712 5634; x_wconf 84' lang='lat' dir='ltr'><strong>nomine</strong></span> <span class='ocrx_word' id='word_1_913' title='bbox 2733 5580 2981 5656; x_wconf 76' lang='lat' dir='ltr'><strong>appellet.</strong></span> <span class='ocrx_word' id='word_1_914' title='bbox 3004 5582 3098 5639; x_wconf 87' lang='lat' dir='ltr'><strong>Ubi</strong></span> <span class='ocrx_word' id='word_1_915' title='bbox 3116 5580 3328 5656; x_wconf 82' lang='lat' dir='ltr'><strong>passiva</strong></span> 
     </span>
    </p>
   </div>
   <div class='ocr_carea' id='block_1_124' title="bbox 1742 5652 3324 5725">
    <p class='ocr_par' dir='ltr' id='par_1_124' title="bbox 1742 5652 3324 5725">
     <span class='ocr_line' id='line_1_124' title="bbox 1742 5652 3324 5725; baseline 0.003 -19"><span class='ocrx_word' id='word_1_916' title='bbox 1742 5665 1966 5725; x_wconf 77' lang='lat' dir='ltr'><strong>corpora</strong></span> <span class='ocrx_word' id='word_1_917' title='bbox 2014 5652 2456 5725; x_wconf 9' lang='lat' dir='ltr'><strong>vocatgqurzelibet</strong></span> <span class='ocrx_word' id='word_1_918' title='bbox 2497 5661 2852 5725; x_wconf 81' lang='lat' dir='ltr'><strong>mortuorum,</strong></span> <span class='ocrx_word' id='word_1_919' title='bbox 2885 5652 2971 5725; x_wconf 84' lang='lat' dir='ltr'><strong>vel</strong></span> <span class='ocrx_word' id='word_1_920' title='bbox 3024 5652 3324 5717; x_wconf 79' lang='lat' dir='ltr'><strong>occisorum</strong></span> 
     </span>
    </p>
   </div>
   <div class='ocr_carea' id='block_1_125' title="bbox 1743 5721 3327 5797">
    <p class='ocr_par' dir='ltr' id='par_1_125' title="bbox 1743 5721 3327 5797">
     <span class='ocr_line' id='line_1_125' title="bbox 1743 5721 3327 5797; baseline 0.005 -20"><span class='ocrx_word' id='word_1_921' title='bbox 1743 5721 2023 5780; x_wconf 72' lang='lat' dir='ltr'><strong>cadavera.</strong></span> <span class='ocrx_word' id='word_1_922' title='bbox 2038 5724 2113 5797; x_wconf 76' lang='lat' dir='ltr'><strong>Et</strong></span> <span class='ocrx_word' id='word_1_923' title='bbox 2131 5721 2372 5797; x_wconf 81' lang='lat' dir='ltr'><strong>ejusdem</strong></span> <span class='ocrx_word' id='word_1_924' title='bbox 2400 5726 2592 5780; x_wconf 90' lang='lat' dir='ltr'><strong>concil.</strong></span> <span class='ocrx_word' id='word_1_925' title='bbox 2621 5739 2739 5797; x_wconf 72' lang='lat' dir='ltr'><strong>cap.</strong></span> <span class='ocrx_word' id='word_1_926' title='bbox 2759 5724 2791 5779; x_wconf 92' lang='lat'>8</span> <span class='ocrx_word' id='word_1_927' title='bbox 2817 5722 3017 5796; x_wconf 87' lang='lat' dir='ltr'><strong>legitur</strong></span> <span class='ocrx_word' id='word_1_928' title='bbox 3038 5726 3327 5786; x_wconf 76' lang='lat' dir='ltr'><strong>communio</strong></span> 
     </span>
    </p>
   </div>
   <div class='ocr_carea' id='block_1_126' title="bbox 1743 5794 3330 5867">
    <p class='ocr_par' dir='ltr' id='par_1_126' title="bbox 1743 5794 3330 5867">
     <span class='ocr_line' id='line_1_126' title="bbox 1743 5794 3330 5867; baseline 0.006 -19"><span class='ocrx_word' id='word_1_929' title='bbox 1743 5797 1968 5867; x_wconf 77' lang='lat' dir='ltr'><strong>passiva,</strong></span> <span class='ocrx_word' id='word_1_930' title='bbox 2001 5796 2054 5853; x_wconf 93' lang='lat' dir='ltr'><strong>id</strong></span> <span class='ocrx_word' id='word_1_931' title='bbox 2079 5805 2186 5866; x_wconf 88' lang='lat' dir='ltr'><strong>est,</strong></span> <span class='ocrx_word' id='word_1_932' title='bbox 2234 5794 2566 5866; x_wconf 78' lang='lat' dir='ltr'><strong>indifferens,</strong></span> <span class='ocrx_word' id='word_1_933' title='bbox 2606 5794 2776 5853; x_wconf 84' lang='lat' dir='ltr'><strong>cuivis</strong></span> <span class='ocrx_word' id='word_1_934' title='bbox 2825 5794 2974 5855; x_wconf 81' lang='lat' dir='ltr'><strong>nullo</strong></span> <span class='ocrx_word' id='word_1_935' title='bbox 3019 5800 3330 5864; x_wconf 87' lang='lat' dir='ltr'><strong>discrimine</strong></span> 
     </span>
    </p>
   </div>
  </div>
