4014 6200
580 276 685 337 s87
700 242 705 245 ’

586 482 1005 556 pronuntiante:
1043 474 1298 529 Habentes
1328 468 1534 540 quidem
1557 466 1782 536 fructum
1812 472 2036 516 vestrum
2060 468 2087 496 ⁸
2114 460 2169 512 in

586 552 1017 645 sanctiﬁcatione,
1043 567 1199 637 ﬁnem
1224 577 1340 617 vero
1379 561 1536 614 vitam
1562 568 1804 612 wternam
1824 556 1844 623 (
1867 552 2019 607 Rom.
2047 566 2101 605 Vt
2126 552 2167 619 ).

588 643 801 737 ScOpos
831 676 963 718 vero
992 668 1077 715 est
1118 656 1326 727 puritas
1370 651 1570 720 cordis,
1602 663 1761 719 quam
1792 643 2174 702 sanctiﬁcatio-

587 776 711 818 nem
741 773 848 813 non
880 753 1150 810 immerito
1195 746 1547 817 nuncupavit,
1580 744 1698 799 sine
1738 755 1843 811 qua
1884 736 2175 809 praedictus

589 854 715 908 linis
744 865 850 905 non
877 845 1077 918 poterit
1102 839 1459 912 apprehendi.
1490 837 1570 893 Ac
1596 835 1641 890 si
1666 833 1895 889 dixisset
1913 830 2037 885 aliis
2055 842 2173 882 ver-

588 946 673 1001 bis
699 962 712 996 :
747 939 1019 997 Habentes
1048 936 1266 1006 quidem
1290 945 1491 1001 scopon
1520 939 1762 985 vestrum
1794 926 1846 981 in
1862 922 2043 979 cordis
2072 936 2175 992 pu-

592 1041 773 1100 ritate,
794 1034 955 1088 linem
974 1044 1103 1085 vero
1119 1029 1282 1082 vitam
1295 1034 1585 1087 aeternam;
1609 1020 1676 1075 de
1688 1033 1790 1089 qua
1811 1014 2179 1073 destinatione

593 1129 723 1183 alibi
764 1127 968 1182 docens
1000 1137 1101 1178 nos
1132 1120 1273 1176 idem
1312 1119 1505 1174 beatus
1534 1112 1847 1184 Apostolus,
1877 1112 2049 1179 ipsum
2074 1121 2179 1161 no-

598 1236 755 1287 men,
799 1218 853 1273 id
896 1226 999 1284 est,
1030 1227 1231 1282 scopon
1278 1209 1649 1280 signiﬁcanter
1673 1201 1963 1273 expressit,
1997 1199 2067 1253 ita
2096 1196 2183 1252 di-

595 1326 725 1366 cens
748 1328 761 1363 :
794 1308 925 1375 Qum
945 1306 1229 1376 posteriora
1250 1310 1369 1356 sunt
1396 1299 1718 1360 obliviscens,
1750 1295 1817 1348 ad
1847 1310 1907 1347 ea
1933 1306 2050 1345 vero
2067 1305 2184 1360 qua

595 1404 774 1475 priora
802 1408 922 1453 sunt
950 1396 1229 1452 extendens
1252 1410 1359 1455 me,
1391 1390 1419 1430 δ
1454 1390 1524 1444 ad
1564 1389 1880 1443 destinatum
1911 1398 2187 1453 persequor

598 1472 828 1546 bravium
881 1502 1121 1557 superine
1174 1482 1458 1538 vocationis
1507 1480 1721 1535 Domini
1776 1475 2023 1543 (Philip.
2062 1472 2188 1544 ιιι).

597 1583 753 1651 Quod
768 1580 1075 1637 evidentius
1092 1589 1113 1616 ο
1130 1578 1183 1631 in
1196 1575 1386 1631 Grteco
1400 1572 1638 1643 ponitur,
1651 1572 1783 1626 κατά
1800 1570 1985 1624 σκοπὸν
1996 1567 2185 1631 διώκω,

599 1678 651 1731 id
674 1684 779 1743 est,
803 1671 1101 1727 secundum
1124 1668 1539 1723 destinationem
1562 1660 2188 1733 prosequor.Tamquam

1614 256 1898 317 JOANNIS
1936 250 2253 313 CASSIANI
2287 244 2781 309 COLLA'HONES.

584 396 729 459 dem,
750 382 1045 445 secundum
1061 376 1402 452 Apostolum,
1417 374 1526 431 vita
1539 383 1742 429 aeterna
1766 380 1869 435 cst,
1884 371 1955 424 ita
1972 368 2161 423 eodem
2188 372 2242 430 Α

2894 350 3121 410 CAPUT
3155 348 3245 407 VI.

2272 517 2351 574 De
2369 517 2471 586 his,
2493 516 2580 587 qui
2605 512 3020 587 abrenuntiantes
3043 509 3341 587 mundo,ad
3362 508 3726 580 perfectin
3749 508 3867 563 sine

2761 586 3012 639 charitate
3034 582 3367 636 contendunt.

2344 746 2483 802 Hinc
2526 757 2761 813 namque
2806 748 2922 807 est,
2954 738 3100 810 quod
3149 737 3441 794 nonnullos
3482 737 3673 792 mundi
3704 736 3866 807 hujus

2276 838 2539 895 maximas
2559 834 2871 898 facultates,
2903 842 2961 888 et
2999 847 3106 887 non
3146 831 3321 886 solum
3354 828 3524 885 multa
3554 831 3673 883 auri
3701 839 3869 900 atque

2278 929 2489 1001 argenti
2516 928 2945 992 talenta,verum
2974 925 3135 979 etiam
3169 922 3493 993 praediorum
3519 921 3873 992 magnificen-

2280 1023 2409 1078 tiam
2434 1027 2868 1082 contemnentes,
2892 1026 3012 1085 post
3033 1015 3150 1070 haec
3166 1014 3395 1068 vidimus
3414 1029 3509 1083 pro
3530 1012 3558 1050 ά
3581 1013 3875 1083 scalpello,

2281 1131 2381 1187 pro
2428 1112 2679 1184 graphio,
2713 1126 2810 1181 pro
2833 1125 2959 1176 acu,
2991 1125 3089 1179 pro
3133 1108 3345 1163 calamo
3382 1108 3735 1162 commoveri.
3775 1106 3880 1172 Qui

2284 1211 2330 1266 si
2358 1207 2873 1277 contemplationem
2905 1205 3088 1260 cordis
3136 1203 3323 1258 mundi
3372 1202 3532 1256 ﬁxam
3585 1211 3877 1266 tenerent,

2285 1316 2581 1372 numquam
2603 1301 2787 1369 utique
2815 1312 2916 1368 pro
2943 1297 3124 1365 parvis
3148 1297 3308 1350 rebus
3327 1295 3703 1361 admitterent,
3732 1295 3880 1365 quod

2288 1409 2358 1450 ne
2389 1408 2489 1463 pro
2520 1392 2729 1461 magnis
2759 1404 2821 1445 ac
2859 1388 3113 1460 pretiosis
3142 1388 3480 1442 incurrerent
3504 1387 3722 1455 opibus,
3754 1400 3882 1441 eas-

2290 1487 2412 1544 dem
2445 1487 2660 1557 penitus
2686 1484 2923 1554 abjicere
2952 1482 3286 1539 maluerunt.
3315 1480 3447 1536 Nam
3479 1489 3533 1535 et
3563 1480 3888 1549 plerumque

2291 1578 2539 1634 nonnulli
2569 1584 2720 1631 tanto
2746 1575 2864 1631 zelo
2890 1573 3134 1629 codicem
3168 1582 3420 1637 servant,
3456 1581 3511 1625 ut
3541 1585 3664 1625 eum
3698 1585 3771 1624 ne
3808 1570 3888 1624 le-

2291 1671 2433 1725 viter
2454 1670 2558 1738 legi
2583 1667 2823 1739 quidem,
2855 1668 2943 1721 vel
2987 1666 3223 1736 contingi
3247 1666 3315 1717 ab
3358 1664 3540 1733 aliquo
3588 1663 3886 1732 patiantur,

598 1771 643 1823 si
674 1766 903 1821 dixisset
944 1782 957 1817 :
989 1763 1101 1818 Hac
1120 1759 1485 1817 destinatione
1506 1770 1608 1826 qua
1637 1755 1725 1808 illa
1756 1768 1875 1823 quae
1898 1752 2196 1822 posteriora

2312 1771 2355 1818 et
2380 1760 2504 1815 inde
2534 1761 2849 1814 occasiones
2884 1757 3233 1826 impatientise
3257 1768 3321 1810 ac
3348 1755 3537 1809 mortis
3565 1754 3885 1815 incurrunt,

600 1868 725 1915 sunt
765 1856 1081 1921 obliviscor,
1126 1853 1178 1907 id
1205 1860 1309 1915 est,
1344 1846 1630 1903 anterioris
1660 1844 1895 1899 hominis
1934 1844 2081 1910 vitia,
2124 1841 2193 1896 ad
2295 1854 2438 1910 unde
2466 1862 2758 1907 ,ηοηεηιυιι
2779 1850 3047 1921 stipendia
3089 1849 3362 1919 pauentia,
3406 1856 3459 1902 ei
3491 1846 3774 1900 οιηισίιειίς
3799 1860 3892 1899 π-

602 1954 763 2007 linem
794 1949 964 2004 bravii
993 1945 1233 2002 caelestis
1274 1940 1557 2011 pervenire
1597 1938 1891 1995 contendo.
1920 1933 2194 2005 Quidquid
2295 1948 2535 2020 quirere,
2577 1947 2821 2016 Cumque
2868 1959 3057 1999 omnes
3102 1942 3315 1998 divinas
3362 1956 3487 1995 suas
3541 1956 3638 2010 pro
3687 1938 3891 1994 Christi

601 2057 733 2113 ergo
775 2055 875 2097 nos
925 2038 991 2093 ad
1029 2039 1175 2092 hunc
1211 2048 1440 2102 scopon,
1480 2029 1533 2085 id
1561 2040 1668 2096 est,
1700 2030 1990 2099 puritatem
2017 2026 2198 2083 cordis

2312 2054 2482 2095 tmore
2511 2038 2888 2108 disperserint,
2917 2036 3199 2106 pristinum
3230 2042 3410 2088 tamen
3431 2032 3615 2087 cordis
3638 2032 3891 2086 affectum

602 2145 781 2208 potest
801 2134 1060 2204 dirigere,
1092 2138 1204 2184 tota
1229 2128 1429 2182 virtute
1454 2122 1770 2179 sectandum
1799 2131 1875 2174 est
1895 2136 1910 2185 ;
1934 2117 2197 2188 quidquid

602 2241 781 2286 autem
826 2230 895 2283 ab
940 2227 1042 2281 hac
1092 2221 1346 2287 retrahit,
1381 2228 1440 2273 ut
1468 2215 1830 2288 perniciosum
1862 2227 1926 2267 ac
1975 2209 2197 2266 noxium

603 2320 981 2378 devitandum.
1024 2317 1129 2371 Pro
1175 2314 1276 2368 bac
1319 2311 1463 2367 enim
1515 2308 1763 2363 universa
1806 2305 2098 2360 toleramus
2146 2312 2203 2358 et

604 2416 839 2484 agimus.
860 2412 965 2467 Pro
984 2409 1105 2473 hac,
1127 2414 1401 2475 parentes,
1431 2403 1624 2469 patria,
1643 2397 1951 2468 dignitates,
1974 2393 2198 2461 divitia,

604 2505 813 2560 deliciae
859 2499 1049 2555 mundi
1096 2496 1292 2565 hujus,
1338 2500 1395 2548 et
1428 2492 1675 2560 voluptas
1713 2488 1967 2543 universa
2017 2494 2205 2540 conte-

607 2605 887 2662 mnuntur,
903 2590 1181 2648 utscilicet
1194 2588 1406 2659 puritas
1419 2584 1598 2640 cordis
1612 2591 1871 2653 perpetua
1884 2580 2203 2636 retineatur.

607 2690 718 2745 Hac
740 2688 923 2757 itaque
945 2684 1100 2739 nobis
1130 2680 1499 2736 destinatione
1525 2678 1799 2748 pr0posita
1823 2688 2037 2744 semper
2052 2681 2207 2727 actus

609 2781 782 2836 nostri
812 2789 868 2834 et
898 2775 1256 2847 cogitationes
1284 2772 1351 2827 ad
1379 2787 1497 2827 eam
1519 2769 1866 2826 obtinendam
1905 2765 2208 2822 rectissime

609 2875 933 2943 dirigentur.
965 2869 1096 2936 Quae
1124 2869 1170 2924 si
1205 2882 1320 2939 prre
1342 2865 1517 2921 oculis
1540 2862 1745 2919 nostris
1778 2860 1981 2931 jugiter
2006 2864 2207 2914 statuta

610 2981 719 3022 non
772 2964 954 3033 fuerit,
984 2977 1091 3017 non
1137 2962 1316 3016 solum
1369 2967 1597 3015 cunctos
1629 2956 1847 3012 labores
1872 2961 2091 3010 nostros
2118 2968 2212 3008 va-

612 3073 744 3114 cuos
775 3057 978 3128 pariter
1004 3064 1167 3125 atque
1213 3052 1494 3108 instabiles
1520 3050 1775 3116 reddens,
1820 3050 2089 3104 incassum
2116 3060 2213 3102 eos

2301 2132 2354 2185 in
2383 2130 2547 2185 rebus
2590 2128 2829 2183 minimis
2862 2134 3215 2192 retentantes,
3247 2137 3301 2180 et
3331 2139 3430 2194 pro
3458 2125 3587 2193 ipsis
3618 2138 3891 2177 nonnum-

2300 2235 2461 2292 quam
2494 2230 2517 2258 ο
2546 2219 2819 2275 mobiliter
2850 2220 3164 2285 irascentes,
3198 2216 3365 2272 veluti
3388 2217 3478 2286 qui
3513 2231 3616 2270 non
3654 2215 3894 2270 habeant

2301 2314 2659 2385 apostolicam
2673 2312 3016 2380 cbaritatem,
3031 2327 3097 2367 ex
3120 2312 3373 2368 omnibus
3398 2310 3717 2365 infructuosi
3734 2310 3893 2365 steri-

2302 2406 2489 2476 lesque
2511 2405 2831 2461 redduntur.
2855 2404 3008 2471 Quod
3034 2405 3085 2458 in
3120 2402 3312 2473 spiritu
3340 2401 3404 2458 Β.
3430 2401 3727 2471 Apostolus
3757 2417 3893 2471 prae

2305 2500 2519 2566 videns,
2549 2498 2619 2553 Et
2647 2500 2691 2553 si
2723 2499 3059 2563 distribuere,
3101 2497 3308 2566 inquit,
3336 2499 3392 2550 in
3430 2496 3567 2548 cibos
3613 2511 3893 2565 pauperum

2307 2608 2482 2648 omnes
2511 2592 2783 2659 facultates
2826 2606 2986 2656 meas,
3016 2598 3065 2643 et
3114 2589 3375 2643 tradidero
3412 2604 3603 2659 corpus
3646 2604 3819 2641 meum
3846 2596 3895 2639 ut

2308 2685 2555 2747 ardeam,
2590 2683 2895 2736 charitatem
2936 2692 3109 2737 autem
3152 2696 3253 2734 non
3310 2679 3556 2745 habeam,
3608 2680 3743 2733 nihil
3772 2679 3895 2731 mihi

2310 2776 2518 2847 prodest
2544 2773 2597 2846 (l
2621 2774 2741 2829 Cor.
2776 2773 2921 2844 xtn).
2953 2772 3107 2829 Unde
3136 2772 3342 2843 liquido
3377 2770 3758 2840 comprobatur
3781 2787 3901 2842 per-

2311 2868 2604 2924 fectionem
2647 2883 2752 2923 non
2780 2869 2959 2923 statim
3006 2866 3281 2937 nuditate,
3312 2881 3410 2922 nec
3443 2866 3756 2937 privatione
3788 2882 3896 2919 om-

2313 2960 2468 3015 nium
2490 2960 2822 3025 facultatum,
2846 2975 2941 3013 seu
2968 2958 3294 3029 dignitatum
3315 2958 3619 3027 abjectione
3638 2954 3893 3025 contingi,

2316 3052 2421 3108 nisi
2453 3052 2617 3108 fuerit
2644 3050 2822 3122 [Lips.
2854 3052 2907 3104 in
2935 3068 3103 3122 marg.
3132 3051 3234 3105 nisi
3264 3057 3465 3120 praesto
3494 3046 3694 3120 fuerit]
3721 3050 3897 3104 chari-

614 3166 677 3207 ac
700 3124 816 3205 sine
841 3150 949 3203 ullo
974 3124 1341 3202 emolumento
1355 3143 1644 3213 compellet
1667 3141 1897 3206 effundi;
1926 3140 2022 3195 sed
2047 3138 2208 3194 etiam
2234 3124 2281 3189 C
2316 3154 2396 3200 tas
2424 3144 2538 3211 illa,
2557 3144 2709 3214 cujus
2727 3144 3019 3214 Apostolus
3042 3144 3283 3199 membra
3301 3142 3567 3199 describi;
3595 3145 3649 3197 in
3679 3145 3899 3198 veritate

615 3245 973 3314 cogitationes
1003 3254 1193 3294 omnes
1220 3238 1470 3293 diversas
1499 3235 1711 3304 sibique
1751 3233 2053 3288 contrarias
2092 3246 2213 3286 sus-

616 3336 823 3393 citabit.
871 3334 1102 3389 Necesse
1147 3342 1232 3388 est
1269 3331 1413 3387 enim
1464 3338 1735 3393 mentem,
1778 3342 1886 3397 quo
1932 3334 2208 3395 recurrat,

617 3430 773 3485 cuive
803 3425 1170 3497 principaliter
1190 3424 1454 3479 inhtereat
1492 3435 1599 3475 non
1630 3419 1943 3484 habentem,
1976 3432 2076 3488 per
2097 3416 2213 3471 sin-

618 3525 771 3595 gnlas
802 3522 963 3577 horas
988 3528 1147 3588 atque
1178 3525 1452 3573 momenta
1486 3530 1583 3585 pro
1609 3515 1924 3569 incursuum
1954 3510 2216 3565 varietate

620 3615 840 3681 mutari,
869 3621 1029 3683 atque
1065 3626 1131 3667 ex
1160 3609 1275 3675 bis,
1317 3622 1437 3678 quae
1476 3606 1813 3662 extrinsecus
1857 3601 2128 3667 accidunt,
2158 3600 2212 3655 in

622 3710 769 3764 illum
797 3714 994 3762 statum
1022 3703 1277 3761 continuo
1302 3698 1699 3765 transformari,
1730 3697 1820 3767 qui
1868 3695 1971 3751 sibi
2000 3695 2206 3764 primus

622 3797 945 3855 occurrerit.

2321 3252 2595 3309 possessa,
2628 3252 2750 3307 qua
2779 3238 2831 3291 in
2859 3236 2976 3291 sola
3003 3236 3183 3292 cordis
3210 3238 3440 3306 puritate
3471 3237 3743 3290 consistit.
3772 3234 3896 3289 Nam

2314 3332 2443 3402 quid
2466 3342 2549 3387 est
2577 3331 2740 3398 aliud,
2769 3347 2876 3387 non
2904 3330 3170 3397 aemulari,
3195 3344 3303 3384 non
3328 3330 3529 3396 inflari,
3554 3344 3661 3385 non
3684 3327 3899 3389 irritari.

2317 3438 2425 3478 non
2476 3437 2639 3493 agere
2685 3436 2993 3492 perperam,
3024 3438 3131 3476 non
3162 3436 3411 3492 quaerere
3448 3436 3571 3491 qua:
3610 3436 3706 3475 sua
3736 3428 3899 3483 sunt,

2318 3530 2426 3573 non
2454 3516 2694 3586 gaudere
2721 3530 2885 3585 super
2926 3514 3209 3585 iniquitate
3229 3555 3246 3581 ,
3281 3529 3388 3569 non
3417 3515 3658 3584 cogitare
3685 3514 3900 3576 malum,

2322 3619 2379 3664 et
2405 3610 2639 3680 reliqua,
2668 3609 2769 3664 nisi
2797 3623 2890 3664 cor
2919 3608 3217 3677 perfectum
3258 3622 3322 3662 ac
3349 3608 3768 3663 mundissimum
3802 3606 3905 3659 Deo

2320 3714 2535 3771 semper
2564 3699 2787 3767 offerre,
2819 3708 2875 3755 et
2896 3700 3153 3755 intactum
3194 3713 3225 3753 a
3251 3699 3465 3754 cunctis
3495 3695 3906 3769 perturbationi-

2320 3794 2423 3849 bus
2454 3792 2769 3850 custodire?

1681 3880 1943 3939 ALARDI
1984 3881 2222 3939 GAZEI
2259 3884 2832 3943 COMMENTARIUS.

626 3986 828 4057 passim
853 3982 1134 4057 permissa.
1184 3976 1613 4057 Uzhugustinus
1638 3974 1736 4057 lib.
1781 3974 2045 4057 adversus
2087 3975 2219 4029 Adi-

629 4045 869 4113 maritum
899 4068 1019 4122 cap.
1048 4050 1119 4104 Ἡ
1153 4067 1166 4101 :
1204 4049 1263 4122 Si
1302 4045 1393 4100 hoc
1417 4045 1753 4122 ideo_dictun_t
1779 4053 1874 4122 est,
1908 4054 1959 4096 ut
1987 4060 2089 4122 non
2110 4062 2220 4122 δεῖ-

626 4138 771 4184 νιιιιι·
804 4126 951 4196 panis
968 4113 1037 4176 'in
1077 4119 1393 4196 crastinum;
1418 4116 1580 4196 magis
1609 4114 1705 4168 hoc
1727 4113 1942 4196 implent
1968 4116 2083 4183 vagi
2116 4116 2223 4196 Rq-

627 4186 922 4258 manorum,
945 4208 1070 4260 quos
1116 4189 1346 4258 passivos
1378 4186 1662 4260 appellant,
1686 4186 1773 4260 qui
1810 4199 2018 4260 annona
2056 4187 2225 4251 quati-

629 4271 788 4321 diana
815 4254 1004 4318 satiato
1032 4254 1236 4322 ventre,
1283 4266 1374 4309 aut
1416 4254 1611 4310 donant
1641 4257 1818 4326 statim
1856 4254 1994 4322 quod
2033 4267 2223 4326 restat,

629 4346 719 4391 aut
746 4334 1048 4406 proﬁciunt.
1081 4328 1260 4384 Utitur
1291 4337 1469 4406 tamen
1498 4328 1660 4406 etiam
1684 4325 2145 4406 _-S_..l.iieronym_us
2170 4328 2226 4382 in

632 4396 939 4463 Ezechielis
961 4417 1081 4469 cap.
1117 4414 1233 4462 xvt,
1262 4399 1350 4452 ubi
1380 4398 1648 4469 passivam
1672 4396 1958 4469 libidinem
1976 4398 2111 4469 dicit
2132 4415 2226 4453 va-

632 4493 759 4549 gam
808 4488 871 4529 ac
925 4467 1324 4549 prgutiscnam,
1371 4478 1425 4522 et
1479 4467 1815 4549 maritalibus
1858 4468 2073 4549 legibus
2119 4485 2226 4525 non

634 4537 939 4603 astrictam;
972 4542 1125 4599 Oscae
1163 4548 1355 4610 quarto
1402 4537 1669 4610 passivam
1722 4537 2058 4610 religionem
2084 4555 2228 4595 verte

638 4617 913 4688 religionis
934 4607 1238 4688 austeritati
1269 4610 1512 4688 Opponit.
1546 4607 1760 4688 Notavit
1795 4607 1961 4688 porro
1990 4608 2096 4682 (1η
2127 4611 2231 4688 ω-

635 4681 821 4745 servin.
850 4684 1045 4755 sacris)
1074 4681 1310 4755 Jacobus
1340 4681 1545 4755 Billius,
1574 4681 2099 4755 vir_cruditissimus,
2134 4685 2231 4738 bas

636 4772 798 4815 voces
828 4771 935 4811 non
966 4752 1036 4808 ab
1075 4753 1330 4807 adverbio
1360 4752 1550 4822 passim
1598 4752 1863 4821 originem
1897 4753 2143 4823 trahere,
2171 4765 2231 4807 ut

637 4832 751 4885 vult
800 4828 1120 4883 Rhenanus:
1153 4824 1247 4879 sed
1289 4839 1411 4878 esse
1436 4838 1466 4877 e
1495 4823 1687 4877 Graeco
1732 4838 2016 4892 expressas
2039 4865 2055 4891 ,
2088 4824 2230 4893 quod

636 4902 783 4958 enim
812 4897 985 4954 Graeci
1014 4896 1287 4968 ἑμπάθηᾳν
1321 4894 1527 4968 dicunt,
1559 4894 1658 4968 hoc
1689 4894 2029 4968 Tertulliano
2058 4895 2232 4968 passi-

642 4976 780 5027 vitas
806 4978 925 5035 est;
963 4977 1021 5023 et
1040 4966 1181 5037 quod
1210 4966 1413 5021 Graecis
1444 4973 1531 5020 est
1565 4967 1813 5037 ἐμπαθὴς,
1840 4966 2235 5022 idTertulliano

636 5056 688 5098 et
726 5036 1347 5111 Hieronymopassivus,
1376 5036 1477 5092 hoc
1499 5036 1604 5102 est,
1638 5036 1890 5105 lascivus,
1923 5047 2085 5108 atque
2119 5040 2234 5093 suis

642 5109 1015 5181 voluptatibus
1044 5109 1282 5181 deditus.

699 5197 723 5224 ἰ
743 5177 970 5254 Vulgata
985 5181 1160 5254 versio
1176 5180 1359 5254 habet:
1378 5177 1936 5254 Insanctiﬁcationem:
1951 5181 2033 5234 cui
2049 5180 2233 5236 Graeca

643 5248 995 5327 respondent,
1017 5255 1088 5313 ιίς
1117 5248 1829 5327 ὰγωσμὸγηϐιιιγεοειοηιιιε
1878 5262 2237 5327 congruenter

643 5321 764 5381 cum
780 5325 1039 5381 Cassiani,
1059 5321 1565 5393 per'appositioncm
1588 5321 1837 5393 expinit:
1860 5326 2058 5391 {ructus
2077 5331 2237 5375 vester

645 5406 716 5451 est
743 5390 1107 5461 sanctiﬁcatio.
1131 5390 1300 5459 Quem
1345 5402 1559 5446 secutus
1593 5390 1673 5443 Di
1702 5390 1937 5445 Thomas
1988 5396 2040 5446 in
2078 5393 2241 5446 Com-

648 5478 819 5523 ment.
851 5508 863 5520 .
892 5464 1107 5519 Habetis
1130 5466 1354 5531 fructum
1384 5472 1603 5516 vestrum
1632 5462 1687 5515 in
1729 5462 2156 5531 sanctiﬁcatione,
2184 5461 2237 5515 id

649 5550 745 5602 est,
771 5538 882 5609 ipsa
910 5535 1277 5609 sanctiﬁcatio,
1308 5535 1402 5587 hoc
1429 5541 1525 5599 est,
1554 5534 1810 5609 exsecutio
1833 5534 2119 5609 sanctitatis
2149 5548 2239 5609 per

650 5603 800 5663 bena'
833 5622 1012 5675 opera,
1046 5614 1121 5659 est
1160 5604 1361 5675 {ructus
1407 5612 1590 5675 vester,
1614 5613 1719 5658 etc.
1752 5605 1919 5659 Porro
1953 5606 2042 5675 his
2063 5603 2242 5658 verbis

653 5674 938 5748 distinguit
966 5675 1257 5743 Apostolus
1280 5674 1423 5748 inter
1452 5674 1686 5748 fructum
1712 5676 1921 5748 piorum
1940 5674 2244 5748 (quemne-

656 5758 767 5805 ster
796 5746 963 5801 abbas
988 5755 1145 5803 vocat
1169 5744 1377 5810 σκοπὸν)
1400 5754 1453 5803 et
1473 5747 1633 5808 recc,
1668 5744 1719 5800 id
1744 5759 1848 5812 est,
1877 5744 2060 5805 finem.
2092 5745 2246 5819 Unde

2321 3978 2462 4033 illius
2487 3976 2855 4033 distinctionis
2882 3990 3068 4032 ansam
3100 3976 3352 4046 superius
3390 3977 3622 4047 accepit.

2392 4048 2419 4087 ιι
2447 4050 2502 4102 1η
2548 4048 2766 4117 vulgato
2814 4058 2961 4101 textu
2986 4048 3231 4117 Apostoli
3257 4058 3313 4103 et
3348 4049 3400 4102 in
3448 4049 3720 4118 plerisque
3757 4047 3906 4103 etiam

2322 4118 3034 4200 exemplaribushujus‘locj
3063 4119 3280 4200 additur
3310 4121 3635 4200 praepositio
3666 4139 3678 4171 :
3702 4121 3778 4200 .ad
3801 4122 3907 4200 ιιι-ατ

2322 4189 2460 4243 vium
2483 4205 2502 4243 :
2532 4205 2689 4255 quam
2720 4188 2919 4244 habent
2948 4189 3109 4244 etiam
3151 4192 3322 4245 nostri
3366 4189 3741 4259 manuscripti,
3770 4200 3826 4244 ut
3861 4198 3911 4242 et

2326 4259 2625 4341 gremiis}
2650 4262 2708 4341 ro
2739 4262 2995 4341 βραβεῖον,
3043 4270 3097 4341 et
3116 4262 3297 4341 magis
3334 4261 3562 4341 quadrat
3604 4260 3734 4316 huic
3780 4264 3905 4341 loco.

2325 4330 2457 4401 Nam
2487 4330 2797 4385 destinatum
2844 4331 2929 4384 hic
2977 4333 3314 4386 substantive
3355 4330 3597 4401 ponitur,
3632 4341 3688 4385 ut
3730 4332 3907 4389 σκοπός

2251 4432 2305 4494 D
2327 4400 2517 4494 Graece
2540 4417 2679 4494 nuce
2707 4402 3057 4494 conjpngitJut;
3091 4417 3213 4486 cum
3247 4400 3454 4466 bravio,
3482 4402 3576 4456 scd
3608 4417 3706 4494 per
3733 4420 3794 4459 se
3822 4420 3909 4472 po-

2331 4476 2499 4539 nitur,
2527 4482 2587 4526 ut
2624 4472 2763 4526 idem
2810 4472 2879 4525 sit
2925 4474 2993 4526 ad
3024 4473 3337 4528 destinatum
3364 4489 3426 4527 ac
3463 4473 3759 4526 secundum
3799 4485 3910 4525 sro-

2334 4558 2481 4615 putn,
2512 4554 2570 4597 ut
2589 4543 2776 4599 Graeca
2800 4553 3017 4606 sonant,
3040 4555 3094 4599 et
3119 4544 3249 4615 legit
3270 4545 3455 4599 Latine
3473 4542 3904 4615 Tertullian.lib.

2332 4616 2399 4669 de
2429 4613 2843 4686 ResurreCIione
2873 4614 3051 4670 carnis
3078 4613 3199 4686 cap}
3229 4618 3486 4685 vigesimo
3513 4613 3700 4686 tertio,
3734 4614 3815 4671 uel
3834 4630 3903 4665 sr-

2332 4687 2559 4767 cundum
2582 4684 2974 4767 destinationem
2992 4726 3007 4751 ,
3037 4696 3095 4739 ut
3126 4683 3215 4740 lite
3243 4683 3555 4767 exponitur,
3581 4683 3637 4738 id
3662 4698 3772 4752 est,
3801 4696 3905 4755 pro-

2333 4758 2593 4826 p0situm,
2620 4758 2997 4821 intentionem,
3026 4772 3121 4811 seu
3149 4759 3345 4812 mentis
3369 4758 3643 4811 intuitum.

2409 4838 2429 4865 ε
2463 4827 2561 4880 llic
2587 4842 2775 4881 rursus
2818 4828 2949 4882 satis
2980 4827 3217 4883 ostendit
3262 4831 3462 4883 Auctor
3490 4842 3550 4881 se
3575 4827 3767 4883 Latine
3793 4824 3908 4879 scri—

2334 4898 2485 4962 bere,
2526 4912 2633 4953 non
2665 4896 2853 4953 Grzece
2894 4915 2906 4951 :
2935 4898 3062 4953 dum
3092 4898 3338 4953 Graecum
3369 4908 3575 4953 textum
3615 4898 3747 4953 citat
3777 4898 3836 4950 ad
3860 4895 3908 4946 il-

2335 4969 2666 5024 lustrandam
2687 4970 3007 5024 sententiam
3036 4968 3307 5024 Latinam.

2407 5036 2431 5075 ἀ
2461 5038 2702 5109 Scalper,
2736 5042 2855 5095 sive
2886 5041 3179 5108 scalprum,
3210 5043 3631 5095 instrumentum
3660 5056 3768 5107 quo
3802 5034 3909 5105 quid

2336 5110 2589 5166 inciditur
2613 5129 2625 5164 :
2650 5110 2951 5181 cujusmodi
2975 5121 3059 5167 est
3081 5114 3501 5166 instrumentum
3531 5113 3909 5180 chirurgicum.

2336 5197 2443 5253 quo
2467 5196 2686 5237 carnem
2736 5183 3003 5252 putridam
3052 5183 3412 5249 exsciudunt,
3446 5191 3539 5235 aut
3566 5197 3765 5253 venam
3806 5196 3912 5247 ape-

2340 5252 2506 5320 riunt,
2537 5253 2681 5323 quod
2712 5253 2929 5323 proprie
2950 5252 3264 5322 scalpellum
3305 5261 3548 5323 vocatur.
3577 5252 3822 5307 Sumitnr
3844 5262 3909 5323 ta-

2338 5338 2465 5378 men
2494 5318 2649 5378 latius
2681 5318 2776 5392 pro
2803 5318 2994 5393 quovis
3037 5318 3401 5379 instrumento
3430 5322 3748 5384 fricatorio;
3779 5318 3912 5393 quali}

2340 5394 2469 5449 illud
2492 5386 2709 5463 quoque
2737 5386 2844 5461 est,
2869 5410 2976 5463 quo
3000 5409 3217 5451 caenum
3248 5394 3459 5449 aurium
3491 5402 3774 5463 purgatur,
3793 5386 3910 5463 qugd

2343 5466 2428 5536 hi_c
2459 5457 2586 5533 pulo
2613 5457 3047 5536 intelligendum.
3090 5466 3166 5521 De
3193 5465 3419 5536 graphio
3450 5457 3661 5519 dictum
3690 5457 3773 5519 est
3806 5457 3909 5514 alibi

2342 5534 2493 5604 (Lib.
2520 5552 2570 5590 tv
2600 5534 2839 5592 Institui.
2870 5552 2918 5588 c.
2950 5536 3072 5605 15).

2414 5614 2441 5645 ο
2473 5606 2525 5661 Id
2569 5616 2688 5672 est,
2720 5607 2928 5673 subito,
2979 5603 3249 5663 celeriter.
3279 5605 3490 5663 Similia
3541 5604 3714 5663 babes
3762 5603 3843 5662 lib.
3869 5610 3909 5655 ιι

2344 5676 2583 5741 Institut.
2607 5690 2726 5749 cap.
2760 5675 2848 5736 ιδ.
