4014 6200
185 228 286 289 489

796 350 1023 407 CAPUT
1057 349 1167 406 VII.

480 443 561 498 De
583 444 874 517 appetenda
901 443 1281 512 tranquillitate
1302 443 1490 496 cordis.

248 536 448 590 Omnia
482 536 645 604 igitur
688 534 850 603 hujus
891 536 1068 604 gratia
1100 535 1336 604 gerenda
1383 531 1788 603 :ippetendaque

183 637 307 680 sunt
337 627 536 690 nobis;
580 643 677 698 pro
723 627 821 682 hac
851 627 1086 682 solitudo
1124 626 1384 682 sectanda
1426 637 1526 691 est,
1559 642 1658 695 pro
1684 625 1786 680 hac

179 718 411 788 jejunia,
437 717 673 785 vigilias,
700 719 932 781 labores,
964 720 1216 788 corporis
1245 718 1572 782 nuditatem,
1601 718 1786 772 lectio-

184 826 332 876 nem,
363 823 702 880 cmterasque
729 811 957 866 virtutes
990 812 1190 866 debere
1238 827 1339 866 nos
1384 811 1659 879 suscipere
1689 825 1785 864 no-

181 902 426 958 verimus
456 919 468 954 :
502 913 552 956 ut
585 902 794 958 scil‘cet
826 918 922 972 per
952 902 1071 956 illas
1101 902 1170 956 ab
1201 903 1476 958 universis
1518 903 1782 971 passioni-

181 991 285 1048 bus
311 994 484 1049 noxiis
509 994 736 1048 illaesum
757 1010 950 1063 parare
975 1009 1070 1049 cor
1092 1002 1338 1050 nostrum
1371 1003 1430 1048 et
1459 1010 1783 1050 conservare

178 1087 472 1157 possimus,
493 1085 633 1142 etad
659 1087 1048 1155 perfectionem
1077 1086 1361 1142 charitatis
1383 1087 1504 1142 istis
1528 1087 1782 1159 gradibus

178 1177 463 1232 inuitendo
483 1179 880 1248 conscendere,
913 1188 1091 1234 etnon
1117 1188 1340 1250 propter
1363 1178 1463 1234 has
1485 1179 1785 1234 observan-

179 1269 310 1332 tias,
334 1269 379 1324 si
410 1269 547 1325 forte
572 1270 798 1325 honesm
831 1285 895 1326 ac
920 1273 1223 1327 necessaria
1250 1273 1612 1340 occupatione
1646 1288 1783 1340 prte-

177 1362 352 1426 venti,
388 1371 414 1400 '|
454 1362 858 1418 solemnitatem
892 1372 1091 1418 nostra:
1138 1362 1494 1418 districtionis
1525 1379 1632 1418 non
1680 1379 1778 1434 po-

176 1451 441 1510 tuerimus
467 1454 721 1524 implere,
757 1455 1064 1511 incidamus
1095 1456 1146 1508 in
1178 1455 1477 1521 tristitiam,
1503 1456 1588 1509 vel
1619 1457 1775 1520 iram,

172 1543 294 1600 sive
325 1543 756 1616 indignationem
787 1591 802 1616 ,
835 1548 906 1602 ob
936 1563 1057 1619 quae
1079 1546 1430 1618 expugnanda
1460 1546 1593 1602 illud
1633 1546 1774 1618 quod

168 1639 602 1708 pmtermissum
625 1649 734 1707 est,
755 1641 1033 1696 fueramus
1050 1640 1241 1696 acturi.
1265 1640 1382 1696 Non
1407 1642 1549 1696 enim
1565 1649 1770 1696 tantum

927 233 1263 289 COLLATIO
1302 234 1341 289 Ι.
1365 264 1432 276 -
1464 233 1554 290 DE
1595 232 1908 292 MONACHI
1947 231 2368 290 INTENTIONE
2406 233 2496 290 AC
2533 236 2712 292 FINE.

3373 248 3478 303 4υῦ

1808 359 1854 416 Α
1887 356 2075 401 metae
2094 361 2399 417 praeparare
2422 347 2659 413 festinat,
2687 363 2793 402 non
2820 357 2875 402 ut
2904 364 2964 402 ea
2989 350 3260 416 possideat
3283 354 3474 421 otiosa,

1893 456 1992 495 nec
2033 449 2090 494 ut
2139 441 2490 496 emolumenti
2531 442 2674 496 illius
2716 442 2946 497 fructttm
3001 445 3089 512 qui
3134 457 3384 514 speratur
3413 463 3479 502 ex

1893 533 2046 601 ipsis,
2080 533 2132 587 in
2177 533 2317 588 nuda
2364 535 2845 591 iusuumentorum
2893 537 3242 604 possessione
3272 540 3478 592 consti-

1891 632 2042 687 tuat;
2073 623 2167 677 sed
2213 631 2272 676 ut
2320 639 2507 677 eorum
2557 625 2860 680 ministerio
2904 624 3154 694 peritiam
3208 628 3481 697 linemth

1889 715 2034 771 illius
2051 716 2374 787 disciplinae,
2390 719 2542 788 cujus
2561 717 2676 773 ha-c
2698 719 3003 789 adjumenta
3027 730 3154 774 sunt
3184 722 3480 778 efficaciter

1886 808 2275 879 apprehendat.
2300 807 2328 848 1³
2355 810 2522 880 Igitur
2539 811 2762 880 jejunia,
2788 810 3006 882 vigilite,
3035 813 3313 868 meditatio
3335 815 3478 870 Scri-

1887 910 2200 968 ptururum,
2230 902 2477 969 nuditas,
2506 917 2571 958 ac
2601 902 2832 973 privatio
2862 903 3103 957 omnium
3137 904 3472 972 facultatum,

1886 1007 1990 1046 non
2039 992 2325 1061 perfectio,
2375 994 2470 1049 sed
2520 995 2868 1064 perfectionis
2924 996 3281 1052 instrumenta
3327 1008 3472 1065 sunt,

1883 1085 2005 1154 quia
2040 1101 2144 1140 non
2177 1086 2230 1140 in
2278 1086 2409 1157 ipsis
2439 1089 2688 1144 consistit
2710 1089 3011 1161 disciplina:
3039 1092 3180 1147 illius
3205 1094 3347 1159 finis,
3379 1094 3475 1149 sed

1885 1193 1982 1247 per
2019 1177 2110 1232 illa
2159 1178 2473 1247 pervenitur
2511 1180 2578 1234 ad
2622 1181 2808 1237 finem.
2841 1183 3117 1238 incassum
3166 1185 3330 1254 igitur
3363 1185 3475 1239 hinc

1882 1271 2140 1326 exercitia
2177 1272 2452 1338 molietur,
2485 1273 2727 1344 quisquis
2774 1276 2858 1330 his
2899 1276 3045 1330 velut
3075 1292 3284 1330 summo
3331 1278 3476 1332 bono

1881 1376 2188 1425 contentus.
2222 1367 2578 1423 intentionem
2610 1369 2692 1424 sui
2731 1370 2911 1426 cordis
2937 1370 3041 1425 huc
3070 1388 3237 1441 usque
3273 1373 3473 1427 deﬁxe-

1879 1458 1972 1522 rit,
1999 1470 2054 1513 et
2083 1474 2188 1512 non
2231 1460 2298 1514 ad
2338 1460 2660 1530 capiendum
2690 1462 2873 1528 finem,
2909 1476 3130 1534 propti'r
3159 1482 3314 1533 quem
3359 1468 3472 1522 haec

1878 1553 2182 1620 appetenda
2212 1564 2377 1620 sunt,
2406 1570 2572 1611 omne
2612 1557 2848 1611 studium
2878 1558 3088 1612 virtutis
3117 1561 3423 1616 extenderit
3455 1579 3469 1615 :

1880 1644 2086 1700 habens
2112 1647 2327 1716 quidem
2366 1648 2669 1718 disciplinae
2695 1650 2841 1706 illius
2881 1652 3235 1708 instrumenta
3253 1671 3275 1720 -;
3309 1657 3472 1710 linem

171 1739 274 1786 est.
309 1730 520 1788 lucrum
562 1732 791 1802 jejunii,
824 1745 1080 1798 quantum
1128 1736 1220 1789 ira:
1263 1735 1599 1805 dispendium
1627 1753 1638 1787 :
1675 1750 1776 1790 nec
1807 1739 1857 1800 Β
1881 1752 2034 1804 vero,
2063 1739 2116 1791 in
2138 1755 2247 1808 quo
2274 1741 2448 1796 omnis
2473 1740 2681 1798 fructus
2705 1743 3269 1816 consi.~tit,ignoraus.
3301 1748 3472 1814 Quid-

169 1831 361 1877 tantus
391 1823 626 1879 lectione
670 1828 886 1894 capitur
905 1826 1130 1892 fructus,
1165 1838 1424 1898 quantum
1455 1839 1772 1899 contemptu

166 1913 362 1969 fratris
384 1914 686 1971 incurritur
709 1917 1111 1974 detrimentum.
1130 1918 1200 1974 Ea
1229 1920 1388 1989 igitur
1407 1935 1524 1991 quae
1547 1935 1774 1991 sequen-

169 2006 241 2060 tia
273 2016 423 2076 sunt,
465 2008 520 2062 id
549 2021 654 2075 εει,
680 2010 914 2080 jejunia,
948 2012 1160 2082 vigiliae,
1192 2013 1565 2084 anachoresis,
1596 2015 1771 2071 medi-

169 2099 304 2156 tatio
346 2100 779 2172 Scripturarum,
815 2115 1035 2174 propter
1070 2106 1422 2176 principalem
1456 2123 1681 2177 scopon,
1716 2108 1770 2163 id

168 2201 283 2262 est,
321 2197 605 2264 puritatem
636 2197 839 2266 cordis,
874 2198 1015 2269 quod
1044 2207 1130 2254 est
1152 2200 1416 2268 charitas,
1444 2215 1544 2254 nos
1570 2216 1770 2256 conve-

169 2291 250 2343 nit
293 2305 585 2359 exercere,
614 2301 670 2348 et
711 2308 818 2347 non
869 2303 1089 2363 pr0pter
1128 2294 1218 2348 illa
1250 2294 1602 2364 principalem
1633 2296 1772 2350 hanc

168 2379 496 2449 perturbare
523 2381 809 2450 virtutem;
841 2399 943 2455 qua
978 2385 1032 2438 iu
1058 2385 1210 2440 nobis
1234 2387 1466 2455 integra,
1497 2387 1774 2457 illtesaque

167 2470 426 2539 durante,
454 2472 584 2528 nihil
604 2474 808 2539 oberit,
832 2477 877 2530 si
898 2475 1102 2546 aliquid
1133 2491 1320 2531 eorum
1345 2492 1465 2547 quae
1494 2479 1774 2548 sequentia

169 2574 324 2632 sunt,
359 2580 458 2635 pro
478 2569 802 2624 necessitate
825 2569 989 2624 fuerit
1014 2569 1464 2639 praetermissum.
1494 2570 1773 2641 Siquidem

170 2672 274 2713 nec
330 2659 571 2728 proderit
629 2661 883 2716 universa
943 2661 1176 2732 fecisse,
1236 2663 1454 2734 dempta
1495 2663 1622 2737 [ΑΙ.
1667 2679 1773 2720 ιιοιι

169 2748 391 2820 adepta,
418 2748 505 2804 ubi
548 2751 842 2825 adempta]
873 2753 974 2808 hac
1027 2769 1188 2824 quam
1217 2753 1454 2810 diximus
1493 2757 1776 2826 principali

167 2858 357 2908 causa,
390 2845 543 2915 cujus
592 2846 816 2902 obtentu
849 2857 974 2903 sunt
999 2849 1179 2904 omnia
1211 2850 1536 2921 peragenda.
1565 2851 1646 2906 οι)
1673 2853 1776 2908 hoc

169 2935 318 2991 enim
350 2935 471 3008 quis
491 2937 822 2995 ferramenta
851 2940 1144 3010 cujuslibet
1164 2944 1300 2998 artis
1326 2943 1610 3000 instituere
1638 2944 1772 2999 sibi-

1874 1829 2003 1900 quid
2050 1831 2215 1899 igitur
2259 1840 2436 1900 potest
2482 1833 2640 1888 istam
2691 1836 2887 1889 mentis
2935 1848 3134 1892 nostra:
3182 1842 3470 1907 puritatem

1874 1921 2433 1996 tranquillitatemque
2463 1926 2705 1992 turbare,
2737 1928 2984 1996 quamvis
3014 1931 3146 1984 utile
3191 1947 3253 1985 ac
3285 1948 3470 1986 ncces.

1872 2016 2076 2070 sarium
2117 2017 2384 2082 videatur,
2440 2028 2495 2072 ut
2545 2019 2766 2072 noxium
2817 2019 3162 2075 devitandum
3216 2034 3315 2078 est.
3361 2025 3470 2080 llae

1873 2107 2019 2160 enim
2064 2122 2251 2160 norma
2284 2117 2338 2161 et
2363 2123 2610 2163 errorum
2641 2111 3199 2178 pervagationumque
3229 2118 3466 2170 omnium

1873 2197 2255 2266 diSpusitiones
2305 2199 2428 2272 [AL
2478 2209 2815 2256 terrenarum
2861 2205 3298 2272 pervagationum
3348 2223 3466 2261 om-

1875 2292 2023 2344 nium
2061 2291 2467 2364 dispersiones]
2499 2293 2796 2363 poterimus
2826 2296 3081 2358 evadere,
3114 2308 3166 2350 et
3195 2297 3464 2354 desidera:

1874 2391 1988 2438 tum
2017 2384 2179 2438 linem
2209 2384 2347 2438 linea
2375 2394 2540 2440 certa:
2569 2385 2888 2441 diremionis
2917 2389 3203 2460 attingere.

2465 2501 2693 2556 CAPUT
2736 2502 2869 2558 Vill.

1878 2591 1958 2647 De
1985 2595 2260 2670 principali
2281 2604 2466 2670 conatu
2491 2581 2613 2670 erga
2643 2596 2930 2670 divinarum
2953 2614 3121 2670 rerum
3149 2601 3463 2670 contempla-

2047 2666 2238 2719 tionem
2258 2704 2276 2732 ,
2314 2674 2360 2718 et
2388 2666 2725 2719 similitudine
2757 2667 2944 2720 Maria:
2971 2680 3017 2721 et
3051 2669 3291 2724 Mart/ur.

1951 2757 2050 2812 Hic
2093 2774 2222 2826 ergo
2271 2758 2428 2812 nobis
2473 2757 2787 2826 principalis
2833 2761 2990 2815 debet
3045 2779 3167 2817 esse
3205 2776 3461 2832 conatus,

1879 2846 1998 2903 haec
2028 2848 2320 2902 immobilis
2349 2849 2638 2903 destinatio
2669 2849 2850 2904 cordis
2893 2851 3097 2920 jugitcr
3126 2855 3424 2912 affectanda
3445 2901 3460 2926 ,

1881 2956 1905 2986 ο
1938 2955 1996 3001 ιιι
2035 2945 2236 3000 divinis
2267 2947 2433 3002 rebus
2473 2961 2537 3001 ac
2564 2945 2676 3002 Deo
2721 2963 2875 3003 mens
2904 2963 3122 3018 semper
3165 2951 3461 3021 inlizereat,

1227 3085 1485 3141 ALARDI
1521 3084 1758 3142 GAZA‘ZI
1793 3083 2356 3144 COMMENTARIUS.

242 3189 268 3217 ³
299 3180 360 3237 Id
389 3189 504 3245 est,
543 3181 771 3254 solitam
818 3182 1228 3254 austeritatem,
1269 3192 1322 3236 et
1363 3182 1766 3254 ob~ervantiam
1793 3181 1840 3242 Ο
1872 3180 2101 3254 cialiter
2133 3179 2300 3254 [Lips.
2345 3181 2399 3235 in
2447 3196 2616 3254 marg.
2667 3180 3127 3254 substantialiterj
3170 3179 3461 3238 attenditur

166 3257 503 3322 regularem.
532 3251 854 3322 Opportune
891 3253 982 3308 hic
1032 3253 1392 3308 succurritad
1425 3253 1566 3307 hunc
1591 3253 1768 3322 locum

170 3321 559 3377 illustrandum
589 3321 873 3379 sententia
906 3325 965 3378 D.
996 3325 1255 3378 Bernardi
1282 3324 1335 3378 in
1388 3325 1482 3378 lib.
1517 3326 1584 3378 de
1617 3321 1769 3377 Prte-

171 3404 358 3462 cepto,
394 3406 448 3451 et
478 3393 787 3463 Dispensat.
816 3396 904 3449 ubi
932 3396 998 3450 de
1018 3397 1115 3450 SS.
1143 3395 1360 3450 Patrum
1395 3395 1679 3454 institutis,
1713 3404 1771 3450 et

171 3465 517 3535 regularibus
561 3467 924 3521 observantiis
968 3477 1023 3521 et
1070 3466 1482 3520 austeritatibus
1534 3465 1768 3522 subinde

172 3535 260 3590 vel
293 3545 622 3592 necessitate
653 3546 909 3606 urgente,
944 3537 1029 3592 vel
1060 3538 1331 3590 charitate
1375 3537 1642 3591 invitante
1680 3553 1768 3593 re-

173 3606 456 3673 laxandis,
501 3617 595 3662 aut
639 3609 1070 3664 intermittendis
1099 3622 1304 3678 agens:
1338 3606 1504 3672 Παῖς,
1554 3608 1762 3677 inquit,

171 3678 379 3731 inventa
408 3689 560 3746 atque
587 3679 827 3750 instituta
862 3680 1105 3750 fuerunt,
1136 3695 1240 3732 non
1265 3683 1387 3749 quia
1429 3680 1580 3732 aliter
1605 3681 1766 3733 vivere

173 3763 279 3800 non
308 3750 504 3816 liceret,
534 3749 624 3802 sed
644 3751 780 3817 quod
802 3749 872 3803 ita
892 3752 1055 3819 magis
1080 3750 1340 3815 expediret
1363 3765 1380 3801 :
1406 3766 1497 3804 nec
1519 3753 1671 3819 plane
1697 3750 1764 3803 ad

174 3819 322 3871 aliud
349 3835 506 3885 quam
527 3823 594 3871 ad
625 3821 846 3885 lucrum,
868 3831 914 3874 et
946 3822 1232 3875 custodiam
1256 3819 1545 3874 charitatis.
1574 3822 1766 3888 Quam-

173 3889 275 3962 diu,
295 3907 420 3962 ergo
451 3888 694 3943 charitati
717 3891 958 3958 militant,
993 3891 1322 3944 immobiliter
1347 3891 1455 3959 fixa
1481 3901 1597 3944 sunt
1648 3907 1764 3944 mu—

173 3960 380 4033 tarique
401 3962 610 4015 omnino
629 3977 705 4033 ne
745 3963 809 4015 ab
837 3963 964 4033 ipsis
1005 3964 1207 4027 quidem
1235 3963 1524 4030 prwpositis
1549 3964 1658 4016 sine
1683 3963 1766 4033 of-

171 4031 320 4102 fensa
343 4042 577 4099 possunt.
602 4031 668 4085 At
689 4033 780 4086 sie
798 4031 1060 4087 contrario
1083 4035 1345 4086 contraria
1366 4036 1500 4100 forte
1519 4031 1762 4102 aliquan-

169 4101 241 4174 d_o
270 4101 516 4154 charitati
542 4103 652 4155 visa
690 4104 916 4174 fuerint;
947 4102 1026 4156 Itis
1057 4103 1351 4164 dumtaxat.
1383 4103 1566 4173 quibus
1597 4101 1766 4158 uidere

169 4171 381 4245 datum,
424 4181 470 4225 et
499 4171 765 4243 providere
792 4177 1045 4228 creditum
1072 4183 1186 4228 est:
1228 4171 1764 4245 nonne’justissimum

165 4258 282 4314 esse
313 4243 495 4314 liquet,
527 4254 579 4296 ut
608 4259 722 4314 quia
762 4258 853 4312 pro
887 4244 1136 4300 charitate
1160 4247 1362 4298 inventa
1409 4243 1637 4314 fuerunt,
1668 4263 1763 4313 pro

164 4311 671 4388 maritatequoque,
705 4311 793 4369 ubi
824 4317 1066 4388 expedire
1111 4317 1359 4369 videbitur
1409 4311 1492 4369 vvel
1528 4311 1768 4369 omittun-

168 4394 280 4448 tur,
318 4381 402 4437 uel
430 4385 851 4452 intermittantur,
876 4381 951 4441 uel
980 4387 1034 4440 in
1077 4388 1222 4441 aliud
1269 4388 1398 4455 forte
1447 4388 1764 4441 commodius

167 4460 507 4529 dentuteutur
524 4456 550 4508 ?
568 4456 694 4510 sicut
712 4475 739 4510 ε
760 4460 964 4528 regione
992 4459 1222 4526 iniquum
1243 4458 1582 4529 proculdubio
1605 4460 1761 4526 foret,

165 4526 212 4577 si
245 4535 440 4579 statuta
472 4541 566 4594 pro
594 4529 703 4580 sola
733 4526 1016 4595 clrdritate,
1064 4526 1252 4583 contra
1285 4529 1589 4582 charitatem
1615 4537 1761 4582 tene-

166 4607 371 4650 rentur.
405 4595 530 4651 Hzec
558 4596 616 4650 ι).
649 4597 979 4654 Bernardus.

239 4664 283 4738 δέ
299 4666 566 4722 Praeclara
595 4670 884 4729 sententia.
918 4679 974 4725 et
997 4671 1177 4738 niveo,
1211 4678 1272 4724 ut
1298 4667 1518 4734 dicitur,
1543 4668 1758 4736 signan-

169 4735 238 4791 da
271 4737 491 4810 lapillo;
511 4753 640 4810 qua:
671 4755 936 4810 sumptam
967 4743 1125 4810 hujus
1156 4735 1322 4809 capit.
1355 4735 1752 4808 complectitur,

166 4821 398 4881 quasque
421 4809 482 4881 Ι).
509 4807 730 4864 Thema:
749 4807 1124 4881 theologorum
1156 4807 1383 4879 principi
1411 4807 1755 4880 ac'magistro

168 4876 242 4930 ita
278 4876 500 4947 placuit,
534 4890 590 4933 ut
619 4895 735 4934 eam
763 4876 1005 4950 pluribus
1036 4883 1087 4937 in
1116 4876 1250 4937 locis
1278 4876 1391 4936 sua:
1420 4876 1657 4938 Summi:
1685 4882 1753 4939 ad

170 4960 298 5022 suas
341 4951 726 5022 conclusiones
770 4955 1094 5008 astruendas
1133 4954 1467 5018 adhibuerit,
1523 4969 1755 5022 eamque

173 5021 417 5095 vicissim
450 5023 1043 5095 suis_conclus_ionibus
1085 5025 1366 5095 Illusll‘al‘il
1395 5022 1531 5095 (ξε-2,
1562 5041 1610 5093 q.
1650 5021 1751 5079 {84

171 5100 214 5142 et
238 5107 290 5161 q.
319 5093 444 5157 189,
477 5109 528 5146 a.
563 5092 595 5145 7
619 5104 665 5145 et
692 5091 769 5162 8).
796 5093 1048 5150 Continet
1075 5105 1256 5149 autem
1279 5093 1386 5146 duo
1406 5091 1607 5161 capita,
1638 5098 1754 5150 sive

172 5165 429 5216 membra.
469 5162 708 5216 Primum
759 5176 863 5230 est,
898 5165 1287 5234 perfectionem
1312 5163 1674 5219 Christianam
1697 5173 1754 5220 et

169 5234 524 5288 monasticam
575 5235 629 5288 in
681 5236 946 5290 charitate
1000 5238 1320 5290 consistere.
1357 5235 1514 5298 Nam,
1564 5244 1622 5288 ut
1675 5236 1753 5290 ait

170 5299 227 5352 Ι)-
276 5304 547 5372 Thomas,
601 5307 1027 5376 unumquodque
1073 5307 1276 5362 dicitur
1331 5305 1663 5375 perfectum,
1694 5306 1746 5360 in

170 5387 418 5437 quantum
441 5375 659 5447 attingit
683 5375 962 5447 proprium
992 5378 1178 5443 finem,
1204 5393 1324 5446 quae
1337 5386 1430 5447 est
1459 5378 1650 5447 ultima
1670 5378 1748 5432 rei

163 5451 424 5517 perfectio
450 5444 602 5510 (2-2,
623 5464 677 5517 q.
709 5444 800 5516 84,
822 5465 873 5503 α.
905 5449 958 5505 1.
993 5447 1120 5504 Vide
1148 5444 1299 5503 etiam
1321 5444 1566 5501 Bellaria.
1588 5445 1683 5517 lib.
1708 5462 1747 5500 ιι
1817 5461 1819 5465 ’

153 5516 212 5588 de
234 5516 487 5572 Monach.
518 5534 566 5570 c.
590 5515 668 5588 2).
699 5515 948 5576 Charitas
987 5535 1168 5574 autem
1198 5531 1309 5584 est,
1355 5533 1475 5588 qute
1508 5515 1623 5568 uuit
1652 5532 1750 5588 nos

140 5578 287 5652 Deo,
314 5592 409 5660 qui
445 5598 532 5644 est
562 5578 782 5660 ultimus
805 5591 926 5645 linis
956 5593 1205 5645 illllllillliB
1229 5578 1426 5645 ment-is
1458 5607 1469 5640 :
1502 5587 1753 5656 quia,qui

126 5659 402 5730 ψιειὶη
429 5659 720 5723 charitate,
764 5661 818 5714 in
852 5661 957 5716 Deo
981 5673 1178 5730 manet,
1223 5671 1270 5715 et
1311 5661 1447 5714 Deus
1476 5660 1531 5712 in
1559 5672 1617 5710 eo
1639 5671 1660 5711 :
1699 5666 1758 5712 ut

112 5725 396 5790 dicitur]
422 5730 583 5788 Joau.
612 5745 688 5786 tv.
719 5730 788 5786 Et
809 5733 936 5787 ideo
963 5725 1264 5790 semiudum
1289 5731 1609 5787 charitatem
1634 5741 1758 5798 spe-

598 5825 870 5884 Ρηιιοι.
911 5823 1141 5887 XLIX.

1790 4569 1841 4628 D

1875 3251 2154 3322 perfectio
2188 3251 2518 3308 Christianaa
2562 3251 2714 3306 'vitae.
2758 3252 2917 3309 Unde
2957 3264 3012 3305 ct
3060 3256 3349 3320 Apes-totus
3396 3256 3462 3308 ad

1873 3324 2085 3379 Coluss.
2117 3339 2134 3378 ι
2160 3343 2173 3376 :
2206 3323 2378 3394 Suprr
2406 3325 2578 3378 omnia
2603 3367 2616 3388 ,
2653 3325 2820 3392 inquit
2845 3367 2859 3385 ,
2901 3323 3207 3378 εΙιιινίιαιειη
3247 3327 3422 3379 [iubete
3447 3368 3462 3387 .

1870 3395 2008 3467 quod
2047 3405 2122 3448 est
2163 3397 2423 3450 vinculum
2472 3397 2817 3467 perfectionis,
2853 3396 2975 3461 quia
3013 3397 3216 3467 scilicet
3273 3412 3463 3450 Omnes

1870 3465 2002 3521 alias
2034 3470 2257 3521 virtutes
2283 3465 2682 3533 quodammodo
2712 3468 2837 3535 ligat.
2874 3467 2929 3519 in
2977 3466 3239 3518 unitatem
3279 3468 3463 3533 perfe-

1870 3536 2089 3590 ctionis.
2123 3537 2249 3592 Hac
2283 3537 2344 3590 D.
2375 3536 2636 3590 Thomas.
2693 3538 2937 3590 Alterum
2987 3535 3287 3586 membrum
3335 3548 3414 3588 est
3443 3579 3458 3602 ,

1865 3604 2096 3674 jejunia,
2146 3606 2379 3676 vigilias,
2428 3607 2710 3676 lectionem
2761 3614 2815 3660 et
2866 3604 3278 3655 meditationem
3316 3605 3462 3657 Scri-

1871 3684 2172 3744 pturarum,
2206 3675 2539 3740 nuditatem,
2574 3675 2624 3728 id
2671 3688 2755 3729 est
2788 3681 3182 3744 paupertatem,
3219 3675 3461 3739 aliasque

1870 3747 2149 3816 religionis
2198 3747 2543 3816 austeritates
2576 3755 2636 3816 et
2685 3744 2942 3816 exercitia
2977 3758 3083 3795 non
3117 3757 3241 3816 esse
3287 3749 3459 3811 ipsum

1869 3813 2281 3885 perfectionem,
2311 3829 2412 3868 nec
2440 3814 2715 3885 hominem
2766 3814 3025 3868 continuo
3066 3813 3296 3867 reddere
3330 3831 3456 3882 per-

1869 3883 2106 3952 fectum;
2140 3885 2235 3941 sed
2280 3900 2401 3941 esse
2447 3883 2802 3953 perfectionis
2851 3887 3252 3938 inSIrttmenta:
3297 3885 3455 3955 quia,

1866 3957 2063 4024 inquit,
2095 3972 2197 4012 non
2224 3957 2278 4010 in
2307 3955 2438 4023 ipsis
2459 3957 2707 4011 consistit
2732 3955 2892 4021 hujus
2909 3956 3214 4024 disciplinae
3245 3955 3458 4027 (mona-

1867 4027 2212 4099 sticai)linis:
2237 4027 2331 4082 sed
2350 4042 2446 4096 per
2468 4028 2613 4099 illam
2649 4028 2966 4099 pervenitur
2994 4029 3056 4080 ad
3085 4031 3278 4099 tinem:
3312 4029 3458 4096 quod

1865 4100 1988 4154 aliis
2021 4097 2205 4155 verbis
2246 4099 2499 4168 superius
2551 4097 2690 4153 dixit
2723 4117 2736 4153 :
2785 4099 2926 4166 quod
2965 4099 3030 4150 ad
3065 4097 3456 4164 perfectionem

1867 4171 2144 4226 charitutis
2170 4173 2284 4224 istis
2307 4170 2566 4238 gradibus
2587 4169 2882 4224 ascendere
2903 4171 3173 4222 nitamur:
3200 4170 3381 4223 tii('llll|
3396 4187 3458 4224 ur

1865 4245 2010 4296 enim
2045 4243 2158 4296 haec
2184 4242 2546 4296 instrumenta
2577 4239 2951 4308 perfectionis,
2991 4242 3292 4307 praesertim
3324 4257 3456 4296 vero

1869 4315 1968 4366 tria
1993 4314 2078 4367 illa
2114 4313 2434 4382 Evangelica
2466 4312 2731 4375 cuiusuis,
2768 4319 3089 4378 paupettas,
3115 4315 3456 4367 continentia

1867 4393 1922 4437 et
1948 4384 2290 4447 obedientia,
2321 4399 2440 4454 qua:
2482 4384 2549 4437 ad
2596 4383 2955 4436 substantiam
3007 4384 3243 4450 religiosi
3284 4395 3456 4437 status

1870 4455 2173 4524 pertinent,
2204 4455 2329 4522 quia
2365 4463 2490 4507 sunt
2538 4454 2811 4522 aptissima
2857 4460 2912 4505 et
2938 4454 3223 4508 utilissuna
3277 4456 3453 4509 inedia

1867 4523 1934 4580 ad
1965 4524 2404 4593 ceusequendam
2437 4526 2832 4594 perfectionem
2856 4523 3158 4585 charitatis,
3187 4537 3452 4591 quatenus

1866 4606 2150 4650 removent
2173 4600 2355 4650 omnia
2388 4596 2768 4664 impedimenta
2802 4595 2968 4647 divini
2997 4597 3196 4648 amoris
3226 4597 3291 4648 ah
3318 4613 3452 4665 apo-

1864 4669 2006 4722 stolo
2036 4666 2244 4722 Joanne
2272 4667 2534 4721 recensita
2587 4668 2689 4718 illis
2740 4665 2955 4720 verbis:
3003 4666 3265 4735 Quidquid
3297 4677 3368 4718 est
3401 4671 3453 4720 in

1863 4739 2073 4803 mundo,
2107 4747 2196 4792 aut
2225 4747 2297 4791 est
2323 4739 2733 4805 concupiscentia
2752 4736 2940 4796 carnis,
2973 4748 3060 4788 aut
3090 4739 3454 4804 concupiscen-

1863 4810 1936 4863 tia
1964 4808 2361 4874 oculorum,aut
2385 4807 2625 4871 superbia
2658 4808 2773 4860 vita:
2798 4806 2840 4864 ll
2860 4807 3016 4858 Juau.
3053 4811 3154 4874 ut).
3189 4807 3292 4860 l’er
3323 4824 3454 4860 euu-

1864 4880 2142 4934 tinentiatn
2199 4880 2340 4932 enim
2383 4886 2697 4931 removetur
2734 4887 2787 4929 et
2843 4877 3149 4929 refrt-natur
3190 4879 3451 4944 concupi-

1862 4962 2070 5004 sccntia
2100 4949 2311 5011 carnis;
2345 4964 2442 5014 per
2473 4955 2843 5015 paupertatem
2872 4948 3122 5009 avaritia,
3156 4963 3252 4999 seu
3301 4961 3450 4998 cun—

1862 5019 2199 5089 cupiscentia‘
2219 5014 2498 5089 oculorum
2519 5033 2534 5081 ;
2559 5032 2657 5085 per
2683 5014 3046 5089 obedientiam
3076 5017 3350 5082 superbia.
3377 5018 3452 5089 _Et

1859 5085 1962 5145 hoc
1993 5098 2076 5142 est
2106 5087 2247 5154 quod
2278 5089 2515 5154 theolugi
2539 5092 2732 5138 docent
2763 5085 3152 5150 perfectionem
3184 5087 3451 5139 e~svntia-

1855 5161 1978 5216 liter
2015 5168 2072 5212 et
2101 5156 2360 5226 prinnirio
2390 5157 2691 5209 consiSIerc
2729 5156 2782 5208 in
2804 5155 3080 5226 rcharitale
3109 5165 3161 5207 et
3193 5157 3451 5208 observa-

1854 5235 2003 5287 tione
2025 5225 2402 5297 mandatorum
2429 5226 2556 5290 Dei;
2609 5225 2935 5279 secnudurio
2967 5235 3172 5297 autem,
3205 5235 3258 5278 ct
3289 5227 3447 5293 quasi

1853 5295 2172 5369 diSllOSlliVC
2224 5316 2322 5355 seu
2375 5297 2880 5360 instrumentaliter,
2934 5297 2986 5348 in
3042 5295 3150 5350 illis
3200 5298 3446 5352 consrliis

1851 5375 1956 5429 Eva
1967 5373 2211 5448 ngclicts.
2243 5381 2298 5425 et
2324 5371 2457 5448 aliis
2476 5370 2784 5448 virtutibus.
3043 5437 3053 5446 ἰ
3188 5437 3220 5448 η

1929 5455 1951 5482 ε
1982 5438 2036 5499 Si
2064 5459 2170 5497 non
2196 5455 2350 5508 actu,
2383 5444 2574 5494 saltem
2609 5443 2810 5494 virtute
2832 5479 2847 5501 ,
2879 5452 2973 5492 seu
3008 5438 3222 5490 virtuali
3274 5439 3450 5492 inten-

1859 5515 2023 5568 liene.
2074 5514 2206 5568 Nam
2235 5526 2290 5566 ut
2324 5528 2477 5566 meus
2508 5524 2690 5566 nostra
2714 5510 2783 5565 de
2807 5511 2917 5564 Deo
2952 5509 3221 5577 rebusque
3249 5511 3450 5565 divinis

1859 5600 2075 5654 semper
2106 5586 2324 5654 cogitet.
2351 5594 2400 5638 et
2430 5584 2548 5638 sine
2576 5581 2977 5654 intermissione
3002 5580 3051 5654 in
3083 5595 3206 5654 eum
3243 5598 3336 5651 per
3368 5584 3450 5635 af—

1862 5651 2060 5712 fectum
2079 5651 2713 5725 aut'contemplatiunem
2743 5651 2951 5725 feratur
2975 5651 3137 5725 eique
3161 5653 3446 5713 inhaereat.

1865 5743 1970 5784 non
1997 5727 2204 5797 patitur
2233 5725 2394 5797 hujus
2415 5721 2660 5783 mortalis
2683 5725 2808 5782 vita:
2834 5721 3146 5789 infirmitas,
3177 5735 3236 5781 ut
3264 5737 3447 5785 notum

3013 5818 3090 5881 16
