4004 6198
602 277 699 332 ιιι
1630 261 1911 318 JOANNIS
1949 261 2223 317 CASSIAlV

2329 258 2783 316 ,OLLATIONES.
3767 256 3857 317 491

546 367 585 431 ’ἦ
603 383 869 460 quidquid
917 383 985 437 ab
1017 381 1117 435 bac
1145 380 1420 433 diversum
1452 380 1560 441 est,
1610 376 1859 446 quamvis
1898 386 2148 445 magnum
2176 416 2191 440 ,
2222 380 2273 436 Α
2298 376 2471 445 elegit,
2496 389 2609 442 qua
2634 387 2735 424 non
2762 371 3025 440 auferetur
3044 367 3108 423 ab
3143 384 3225 424 ea.
3258 367 3469 425 Videtis
3513 384 3644 441 ergo
3675 373 3859 438 princi-

607 478 905 538 secundum
921 488 1121 539 tamen,
1138 483 1227 527 aut
1243 473 1403 526 etiam
1420 470 1684 534 inﬁmum,
1699 485 1797 524 seu
1810 479 1957 523 certe
1972 468 2193 522 noxium

610 571 961 645 iudicandum
1016 577 1119 623 est.
1152 564 1377 634 ‘Hujus
1430 564 1631 618 mentis
1684 564 1766 617 vel
1825 574 1978 617 actus
2026 561 2195 630 ﬁgura

612 669 776 724 etiam
830 665 882 718 in
926 658 1218 728 Evangelio
1251 672 1345 726 per
1385 654 1651 709 Martinam
1703 663 1760 707 et
1807 653 2027 707 Mariam
2077 652 2197 721 pul—

611 758 885 817 cherrime
914 752 1247 822 designatur.
1294 749 1425 803 Cum
1457 748 1601 802 enim
1636 745 1845 801 Martha
1876 755 2065 799 sancto
2097 742 2200 797 uti-

610 865 719 919 que
749 844 1054 902 ministerio
1081 840 1405 907 deserviret,
1442 845 1631 908 utpote
1658 852 1782 907 qua:
1812 836 1913 905 ipsi
1942 835 2196 901 Domino,

614 940 843 1009 ejusque
886 933 1172 1002 discipulis
1222 929 1602 994 ministrabat;
1653 938 1708 982 et
1750 926 1911 981 Maria
1966 924 2202 995 spiritali

617 1027 1000 1084 tantummodo
1048 1025 1254 1079 intenta
1288 1024 1585 1085 doctrinae,
1616 1021 1745 1076 Jesu
1776 1019 2003 1089 pedibus
2032 1019 2205 1073 inlite-

614 1130 785 1187 reret,
812 1136 950 1191 quos
977 1117 1229 1171 osculans
1258 1116 1422 1170 bona:
1450 1111 1816 1169 confessionis
1845 1112 2071 1167 liniebat
2099 1125 2202 1165 un-

616 1224 839 1288 guento,
872 1209 1161 1284 praalertur
1192 1218 1373 1263 tamen
1407 1224 1435 1261 a
1471 1207 1722 1271 Domino,
1764 1206 1908 1277 quod
1932 1216 1990 1261 et
2018 1204 2207 1260 melio-

617 1326 732 1366 rem
780 1307 1010 1378 elegerit
1041 1314 1279 1375 partcm,
1313 1310 1371 1357 et
1400 1316 1517 1357 eam
1554 1316 1673 1371 quae
1702 1299 1770 1353 ab
1803 1316 1864 1355 ea
1891 1315 2000 1354 non
2039 1296 2211 1369 possit

621 1402 820 1458 auferri
854 1398 1033 1471 (Lucae
1064 1396 1142 1467 ι).
1184 1395 1317 1449 Nam
1368 1409 1490 1449 cum
1546 1393 1820 1447 laboraret
1866 1390 2071 1445 Martha
2122 1389 2208 1458 pia

620 1490 994 1552 sollicitudine
1025 1504 1089 1542 ac
1117 1486 1528 1557 dispensatione
1559 1484 1817 1550 distenta,
1841 1482 2011 1537 solam
2044 1496 2103 1535 se
2135 1480 2213 1534 vi-

624 1584 762 1641 dens
794 1580 859 1635 ad
904 1590 1109 1633 tantum
1156 1577 1522 1632 ministerium
1562 1589 1667 1629 non
1715 1588 1877 1642 posse
1924 1572 2208 1638 sufficere,

627 1674 957 1746 adiutorium
1006 1672 1214 1725 sororis
1241 1684 1271 1722 a
1312 1668 1543 1722 Domino
1589 1666 1928 1737 postulabat,
1979 1664 2210 1720 dicens:

2299 468 2421 536 pale
2446 466 2644 518 bonum
2679 471 2701 499 ο
2732 463 2783 516 in
2815 461 3018 516 theoria
3051 463 3187 527 sola,
3236 462 3289 517 id
3317 472 3420 531 est,
3456 463 3508 516 in
3540 464 3861 533 comempla-

2298 559 2443 612 tione
2481 557 2659 610 divina
2688 555 2976 609 Dominum
3008 556 3277 625 posuisse.
3320 553 3475 609 Unde
3512 564 3735 610 caeteras
3760 556 3864 610 vir»

2301 662 2440 707 tutes
2481 651 2605 704 licet
2638 648 2978 704 necessarias
3009 658 3063 703 ct
3106 649 3266 703 utiles
3311 652 3723 716 pronuntiemus
3744 695 3759 719 ,
3792 664 3863 705 se—

2288 727 2478 800 'cundo
2532 756 2714 799 tamen
2759 743 2934 815 gradu
2985 744 3289 797 censendas
3336 758 3457 798 esse
3500 743 3866 809 decernimus,

2300 837 2421 908 quia
2456 837 2721 892 universae
2749 834 2911 905 bujus
2943 836 3102 889 unius
3129 845 3390 905 parantur
3420 836 3669 889 obtentu.
3693 836 3869 890 Dicens

2302 930 2444 983 enim
2477 928 2756 991 Dominus,
2793 926 3028 981 sollicita
3059 942 3138 993 es,
3174 936 3230 980 et
3259 926 3491 980 turbaris
3543 926 3685 981 circa
3722 927 3871 996 pluri-

2305 1036 2414 1087 ma,
2458 1021 2644 1090 paucis
2670 1034 2799 1074 vero
2829 1034 2964 1088 opus
2989 1028 3091 1083 est,
3121 1026 3215 1071 aut
3244 1021 3406 1072 etiam
3436 1034 3545 1071 uno
3567 1062 3581 1085 ,
3615 1033 3873 1073 summum

2306 1111 2505 1165 bonum
2530 1126 2635 1164 non
2671 1111 2721 1163 in
2754 1110 2991 1173 actuali,
3024 1110 3268 1179 quamvis
3297 1106 3557 1163 laudabili
3602 1125 3804 1178 opere,
3834 1119 3879 1165 et

2308 1203 2492 1259 multis
2544 1202 2811 1258 lructibus
2857 1201 3193 1266 abundanti,
3245 1201 3338 1257 sed
3386 1203 3439 1258 in
3485 1219 3579 1258 sua
3629 1198 3798 1275 [Lips.
3839 1206 3881 1257 in

2310 1316 2475 1373 marg.
2510 1296 2613 1369 sui]
2667 1299 3164 1367 contemplatione,
3198 1312 3317 1367 quae
3370 1312 3499 1353 vere
3548 1297 3781 1367 simplex
3838 1307 3884 1352 et

2310 1408 2415 1445 una
2438 1400 2540 1452 est,
2562 1390 2881 1445 collocavit:
2910 1392 3096 1460 paucis
3126 1406 3261 1460 Opus
3290 1405 3416 1446 esse
3444 1390 3801 1461 pronuntians
3828 1390 3885 1445 ad

2314 1484 2611 1555 perlectam
2630 1483 3045 1549 beatitudinem,
3073 1483 3124 1537 id
3154 1491 3261 1549 est,
3297 1482 3447 1538 illam
3475 1482 3889 1554 theoriam,quae

2317 1578 2467 1647 prius
2500 1578 2553 1631 in
2588 1591 2884 1646 paucorum
2932 1585 3180 1631 servatur
3214 1574 3651 1631 consideratione
3687 1585 3891 1631 sancto«

2320 1684 2436 1721 rum
2461 1686 2473 1720 :
2502 1682 2531 1720 a
2561 1683 2791 1736 quorum
2842 1665 3303 1736 contemplatione
3330 1667 3703 1721 conscendens
3732 1667 3777 1721 is
3810 1666 3892 1735 qui

626 1766 655 1807 δ
687 1767 811 1823 Non
840 1775 909 1820 est
943 1765 1031 1818 tibi
1058 1778 1219 1826 curae,
1242 1762 1362 1829 quia
1388 1776 1535 1814 soror
1566 1776 1675 1813 mea
1697 1759 1905 1830 reliquit
1944 1773 2024 1811 me
2050 1757 2213 1811 solam
2244 1769 2292 1829 Β
2319 1760 2495 1813 adhuc
2538 1761 2587 1812 in
2618 1752 2865 1826 profectu
2896 1757 3064 1829 [Lips.
3098 1758 3151 1810 in
3180 1774 3343 1829 marg.
3379 1756 3663 1830 provectu]
3690 1758 3894 1830 positus

629 1858 974 1915 ministrare?
1013 1855 1111 1909 Dic
1138 1871 1257 1925 ergo
1287 1854 1367 1907 illi
1402 1863 1457 1906 ut
1498 1869 1577 1906 me
1619 1852 1849 1923 adjuvet.
1887 1851 2081 1921 Utique
2112 1867 2217 1905 non

629 1955 701 2010 ad
728 1954 832 2009 vile
856 1966 1014 2022 opus,
1045 1948 1141 2005 sed
1167 1948 1234 2003 ad
1262 1944 1533 2002 laudabile
1555 1962 1671 2001 eam
1701 1946 2061 2000 ministerium
2097 1961 2221 2015 pro-

632 2048 887 2104 vocabat.
921 2044 993 2100 Et
1040 2054 1222 2098 tamen
1264 2041 1393 2111 quid
1420 2040 1623 2095 audita
1654 2042 1929 2093 Domino?
1974 2038 2182 2094 Martha
2204 2083 2219 2108 ,

638 2139 873 2205 Martha,
896 2137 1127 2193 sollicita
1144 2152 1218 2200 es,
1242 2144 1291 2189 et
1318 2135 1538 2189 turbaris
1564 2150 1686 2206 erga
1712 2134 1952 2202 plurima.
1984 2144 2006 2172 ε
2030 2131 2223 2189 Paucis

633 2249 749 2287 vero
776 2247 905 2302 opus
933 2237 1027 2295 est,
1052 2236 1144 2281 aut
1168 2228 1326 2281 etiam
1356 2242 1496 2292 uno;
1536 2221 1563 2261 ἀ
1602 2222 1773 2279 Maria
1802 2224 1986 2278 bonam
2027 2234 2223 2296 partem

2323 1860 2427 1922 est,
2456 1852 2519 1907 ad
2548 1850 2679 1906 illud
2709 1868 2920 1923 quoque
2960 1850 3103 1922 quod
3143 1851 3341 1905 dicitur
3369 1868 3558 1917 unum,
3596 1852 3646 1905 id
3675 1863 3782 1915 est,
3809 1850 3899 1904 Dei

2323 1948 2493 2000 solius
2513 1946 2790 2010 intuitum,
2818 1946 2934 2015 ipso
2961 1944 3255 2013 adjuvaute
3277 1945 3585 2014 perveniet:
3617 1956 3673 1997 ιιι
3699 1942 3900 1998 scilicet

2323 2040 2484 2093 etiam
2516 2048 2827 2093 sanctorum
2860 2045 3019 2093 actus
3043 2051 3103 2090 ac
3131 2036 3423 2091 ministeria
3458 2036 3679 2089 miriﬁca
3710 2052 3902 2104 super-

2326 2146 2585 2202 gre~sus,
2630 2132 2800 2184 solius
2830 2124 2924 2184 Dei
2966 2130 3074 2198 jam
3132 2126 3529 2199 pulchritudine
3569 2128 3905 2194 scientiaque

2331 2237 2607 2293 pascatur.
2630 2223 2795 2279 Maria
2818 2238 2944 2292 ergo
2976 2220 3170 2276 bonam
3206 2231 3407 2291 partem
3434 2218 3613 2291 elegit.
3646 2234 3767 2287 quae
3796 2235 3907 2273 non

1696 2338 1956 2394 ALARDI
1995 2337 2232 2395 GAZ/El
2269 2325 2843 2395 COMMENTARIUS.

633 2444 746 2499 est;
771 2444 825 2489 et
848 2434 1057 2504 plenius
1080 2431 1393 2485 declaratur
1416 2431 1552 2485 infra
1569 2428 1722 2504 (Cap.
1747 2430 1815 2485 12
1837 2440 1883 2483 et
1901 2432 2018 2504 15).
2046 2432 2216 2485 Porro

637 2502 947 2583 DiOnysius,
980 2512 1038 2556 nt
1058 2504 1202 2583 hunc
1230 2503 1541 2583 scrupulqm
1559 2503 1783 2583 vitaret,
1808 2502 2054 2583 voculam
2085 2519 2215 2555 sem-

634 2592 725 2647 per
756 2572 997 2647 studiose
1025 2573 1243 2641 omisit,
1277 2589 1397 2642 quae
1436 2572 1611 2626 tamen
1651 2574 1702 2627 in
1746 2572 1997 2628 omnibus
2027 2588 2215 2627 exem-

637 2645 876 2716 plaribus
899 2645 1143 2699 habetur.

710 2726 735 2755 ι
759 2716 977 2771 Pbrasis
994 2724 1076 2769 est
1103 2715 1404 2777 obscurior,
1421 2713 1680 2767 Cassiano
1700 2722 1881 2768 tamen
1912 2714 2213 2778 familiaris;

636 2798 695 2841 ut
720 2796 870 2857 patet
897 2786 1078 2840 collat.
1114 2786 1141 2839 7
1172 2801 1291 2853 cap.
1319 2783 1457 2857 5._in
1476 2800 1599 2857 eam
1634 2784 1919 2857 Dionysius
1966 2785 2216 2857 nonnihil

635 2854 775 2913 lucis
803 2857 959 2911 aﬂert
987 2857 1068 2909 bis
1112 2859 1321 2909 verbis:
1372 2854 1547 2926 Hujus
1577 2854 1875 2926 principalis
1907 2855 2121 2908 actionis
2151 2856 2217 2923 [i-

636 2946 791 3000 gura,
824 2938 928 3000 etc.
962 2926 1281 3000 intelligitur
1311 2937 1489 3000 autem
1527 2925 1735 3000 ille,_d_e
1765 2942 1873 3000 uno
1902 2929 2065 3000 paulo
2093 2934 2218 2979 ante

638 2996 794 3063 dixit,
819 2998 1132 3067 principalis
1155 3007 1378 3050 conatus
1391 3006 1444 3049 et
1468 2997 1757 3049 immobilis
1782 2996 2097 3067 destinatio,
2121 3011 2217 3050 seu

638 3066 871 3123 intentio
911 3069 1114 3137 jugiter
1156 3067 1460 3137 inliterendi
1498 3067 1636 3129 Deo,
1682 3066 2215 3137 rebusquedivinis:

2323 2432 2415 2499 qui
2448 2431 2596 2486 solus
2622 2431 2778 2485 nobis
2807 2438 2891 2485 est
2918 2428 3263 2484 necessarius
3300 2438 3351 2482 et
3380 2428 3692 2499 sulliciens;
3719 2437 3907 2484 statera

2323 2498 2439 2569 qum
2500 2501 2661 2555 multa
2704 2509 2869 2563 sunt,
2914 2518 3016 2554 non
3067 2511 3190 2554 sunt
3247 2499 3569 2554 necessaria.
3615 2498 3769 2556 Unde
3824 2501 3907 2555 illa

2325 2573 2385 2626 Β.
2417 2572 2688 2626 Francisci
2719 2573 2928 2635 vulgata
2953 2572 3214 2625 sententia
3242 2588 3254 2622 :
3288 2570 3423 2623 Deus
3444 2586 3605 2635 meus,
3640 2584 3687 2624 et
3720 2572 3903 2623 omnia.

2322 2644 2451 2706 Alii,
2488 2653 2543 2696 ut
2594 2643 2759 2696 abbas
2787 2644 2998 2712 Moyses
3029 2642 3129 2694 hoc
3160 2644 3306 2706 loco,
3340 2658 3503 2695 unum
3551 2643 3905 2697 necessarium

2323 2712 2627 2783 intelligunt
2656 2715 3003 2768 attentionem
3031 2713 3289 2768 doctrina:
3312 2713 3568 2777 caelestis,
3594 2723 3649 2769 et
3676 2713 3907 2783 studium

2327 2782 2515 2838 rerum
2537 2784 2871 2847 divinarum;
2928 2786 3190 2837 tlteoriatn
3219 2794 3373 2837 vOCat
3411 2786 3561 2846 intra,
3596 2785 3644 2835 id
3674 2791 3781 2849 est,
3823 2782 3911 2836 Dei

2323 2855 2683 2923 Cognitioncm
2708 2865 2759 2909 et
2792 2855 3328 2922 contemplationem;
3355 2866 3459 2907 n0n
3485 2852 3677 2908 nudam
3708 2864 3763 2907 et
3789 2855 3911 2907 sim-

2325 2926 2542 2993 plicem,
2574 2926 2669 2980 sed
2714 2941 2835 2979 cum
2868 2927 2957 2995 pio
2981 2940 3165 2981 amore
3207 2936 3261 2979 et
3286 2924 3481 2979 affectu
3532 2926 3871 2992 coniunctam
3895 2965 3909 2987 ,

2325 3011 2433 3065 quo
2478 3000 2651 3050 anima
2698 2998 2891 3051 dicitur
2919 2997 3029 3051 Deo
3058 2997 3320 3050 inhaerere
3364 3006 3417 3049 et
3451 2997 3558 3049 Deo
3590 2996 3754 3058 uniri,
3794 2996 3916 3065 quia

2324 3068 2415 3135 qui
2439 3068 2665 3121 adliceret
2688 3066 2819 3130 Deo,
2848 3084 2978 3120 unus
3008 3069 3219 3135 spiritus
3238 3067 3449 3137 efﬁcitur
3475 3082 3589 3119 cum
3609 3082 3669 3120 eo
3707 3069 3725 3136 (
3751 3067 3792 3121 ll
3814 3065 3917 3137 Co-

638 3139 732 3207 qui
776 3136 993 3212 quidem
1032 3136 1343 3206 principalis
1374 3146 1434 3212 et_
1474 3136 1760 3212 primarius
1780 3147 1890 3212 “est
1935 3136 2218 3212 charitatis
2244 3150 2293 3212 ο
2323 3138 2427 3212 rin.
2463 3140 2560 3205 vi).
2595 3139 2965 3212 Eti’salmista
2995 3144 3105 3212 ait:
3136 3136 3272 3212 Alibi
3323 3150 3492 3212 autem
3518 3136 3919 3212 adharrereibeo

641 3206 812 3261 actus.
852 3206 1018 3276 Cujus
1045 3217 1232 3270 actus,
1289 3222 1386 3259 seu
1424 3206 1740 3260 intentionis
1774 3208 1976 3276 ligura,
2018 3206 2068 3262 id
2101 3206 2217 3271 est,

641 3287 801 3348 typus
829 3292 923 3347 per
954 3276 1216 3348 Martliam
1250 3290 1298 3329 et
1350 3276 1570 3348 Mariam
1589 3290 1840 3348 sorores
1868 3277 2056 3348 Lazari
2101 3279 2218 3346 pul-

641 3346 913 3402 clierrime
942 3347 1275 3409 designatur,
1307 3346 1432 3413 quia
1463 3352 1518 3417 et
1556 3346 1736 3400 Maria:
1782 3347 2036 3417 exemplo
2076 3364 2225 3402 com-

643 3417 949 3483 mendatur,
968 3432 1019 3472 et
1042 3417 1261 3471 Marthae.
1280 3416 1538 3484 obsequio
1564 3418 1863 3485 przelertur.
1888 3416 2021 3472 Hinc
2047 3419 2223 3472 solent

646 3488 836 3544 Patres
859 3505 922 3543 cx
955 3488 1246 3543 collatione
1270 3488 1497 3540 duarum
1524 3503 1773 3541 sororum
1803 3488 1911 3542 Lia:
1940 3499 1992 3541 et
2018 3489 2226 3543 Rache-

644 3560 713 3615 Iis
746 3563 795 3613 in
822 3561 991 3615 veleri
1028 3558 1396 3623 Testamento,
1421 3566 1473 3609 et
1505 3556 1683 3611 Maria!
1713 3575 1775 3611 ac
1805 3558 2025 3613 Martha?
2048 3558 2097 3612 in
2132 3575 2226 3613 no-

652 3646 744 3697 vo,
776 3630 883 3685 duo
904 3631 1026 3684 vitae
1050 3644 1267 3698 genera,
1300 3644 1393 3683 seu
1418 3626 1683 3694 duplicem
1710 3628 1871 3681 vitam
1903 3630 1953 3683 in
1982 3630 2229 3685 Ecclesia

652 3702 744 3755 Dei
772 3702 1133 3770 distinguere,
1166 3699 1389 3753 alteram
1430 3699 1905 3762 contemplativam
1925 3743 1937 3765 ,
1968 3716 2087 3770 qua:
2117 3700 2227 3756 Ma-

647 3776 743 3826 riae
769 3781 826 3827 et
854 3771 1097 3829 Ra‘cltcli,
1129 3770 1351 3825 alteram
1377 3770 1630 3831 aclivam,
1648 3787 1766 3837 quat:
1797 3771 2020 3825 Martha:
2046 3782 2098 3825 et
2119 3771 2230 3826 Lia:

648 3840 1078 3912 respondimus.
1104 3840 1417 3912 Thmui-‘2,
1451 3857 1499 3912 qr.
1524 3844 1571 3905 l,
1601 3858 1653 3893 a.
1678 3839 1745 3909 Ι).
1780 3840 2161 3912 D._(_;regorius
2180 3859 2229 3896 Vl

649 3910 928 3984 Moralium
956 3910 1073 3984 cap.
1102 3912 1171 3966 28
1198 3929 1213 3984 ξ
1272 3910 1407 3977 Quid
1432 3951 1445 3971 ,
1478 3911 1683 3984 inquit,
1719 3928 1808 3984 per
1840 3910 2085 3977 Mariam,
2118 3928 2233 3984 qua:

650 3982 858 4036 uerbum
880 3982 1087 4036 Domini
1113 3982 1343 4054 residens
1389 3979 1658 4054 audiebat,
1695 3982 1793 4033 nisi
1839 3979 2233 4054 contemplativa

652 4054 754 4108 vita
783 4052 1123 4120 exprimitur?
1151 4054 1272 4118 quid
1304 4067 1393 4120 per
1418 4048 1680 4101 Martham
1722 4048 2060 4105 exterioribus
2093 4056 2235 4108 obse—

654 4126 784 4194 quiis
799 4130 1122 4194 occupatam,
1146 4122 1241 4194 nisi
1271 4120 1556 4194 activavita
1582 4121 1853 4194 signatur?
1880 4120 1985 4175 Sed
2012 4123 2235 4194 Martha:

656 4187 781 4247 cura
812 4210 912 4245 non
930 4187 1361 4258 reprehenditur:
1398 4187 1578 4244 Maria:
1600 4187 1734 4251 vero,
1772 4191 1925 4244 etiam
1951 4193 2193 4247 laudatur
2216 4211 2235 4259 ;

657 4266 781 4329 quia
827 4277 1011 4331 magna
1058 4269 1177 4331 sunt
1198 4262 1374 4313 activa:
1404 4265 1520 4313 vita:
1550 4262 1727 4331 merita
1753 4276 1769 4312 :
1806 4263 1894 4314 sed
1924 4264 2239 4330 contempla-

658 4334 772 4385 lica:
803 4329 1024 4401 potiora.
1054 4330 1259 4385 Similia
1307 4331 1466 4401 liabet
1496 4333 1563 4384 dc
1606 4329 1699 4383 Lia
1731 4339 1782 4384 et
1814 4331 2047 4399 Rachelc
2088 4329 2233 4387 non].

663 4404 727 4456 iri
762 4398 812 4457 in
847 4400 1201 4455 Ezecltielem.
1237 4398 1433 4454 Eadem
1463 4402 1527 4452 de
1571 4418 1629 4453 re
1670 4402 1854 4455 videre
1881 4414 1962 4457 est
1992 4402 2045 4457 S.
2086 4400 2235 4465 Basi-

660 4474 793 4527 lium
825 4476 878 4527 in
907 4471 1544 4545 Constitui,monasticis
1574 4480 1751 4545 caput.
1787 4471 1840 4536 2,
1868 4473 1931 4527 D.
1967 4470 2237 4545 Hierony-

664 4559 809 4597 mum
843 4545 893 4596 in
923 4557 1042 4611 cap.
1071 4558 1124 4596 ιιι
1160 4542 1461 4611 Hieremiae,
1496 4541 1850 4609 Augustinum
1881 4560 2045 4598 serui.
2079 4546 2148 4599 27
2171 4541 2239 4603 de

661 4614 845 4686 gerbis
872 4610 1078 4686 Domini
1110 4611 1403 4686 secundum
1437 4610 1665 4676 Lucam,
1699 4613 2163 4686 Tlteopltylactum
2185 4626 2240 4671 et

663 4684 863 4740 Bedam
890 4685 940 4737 in
972 4700 1088 4752 cap.
1121 4701 1149 4737 χ
1184 4685 1361 4749 Luca},
1395 4694 1450 4736 et
1484 4683 1814 4737 Bcrnardum
1848 4683 2099 4741 Scr'tnone
2124 4684 2158 4741 3
2185 4689 2238 4742 in

663 4753 1049 4821 Assumptione
1076 4754 1136 4808 Β.
1172 4753 1373 4807 Mariae.

738 4824 765 4862 δ
798 4825 1084 4879 Ciaconius
1106 4841 1175 4879 ex
1202 4822 1477 4889 Vaticano,
1502 4835 1553 4876 ct
1587 4825 1673 4877 alii
1715 4825 1927 4893 legunt:
1967 4826 2107 4880 Nunt
2150 4828 2241 4883 tibi

663 4895 852 4967 placet,
877 4896 1011 4964 quod
1032 4911 1175 4948 soror
1200 4904 1459 4967 ntea,_etc.
1478 4896 1595 4967 iAlii
1624 4914 1636 4948 :
1676 4895 1815 4949 Num
1838 4898 1930 4951 tibi
1959 4899 2115 4960 sedet,
2133 4911 2238 4955 etc.

739 4979 761 5006 ε
809 4965 884 5021 lta
911 4968 1070 5019 etiam
1100 4969 1233 5019 citat
1258 4965 1440 5037 collati.
1470 4966 1538 5017 23
1570 4984 1685 5037 cap.
1734 4968 1768 5021 3
1801 4986 1811 5020 :
1849 4967 2015 5022 Porro
2066 4973 2241 5037 paucis

739 4984 761 5006 ι
809 4984 884 5021 tta
911 4984 1070 5019 etiam
1100 4984 1233 5019 (atat
1258 4984 1440 5019 couat.
1470 4984 1538 5017 Ζ›
1570 4984 1628 5019 ca
1679 5009 1685 5015 .
1734 4984 1768 5021 ο
1801 4986 1811 5020 :
1849 4984 2015 5022 t'orro
2066 4986 2241 5037 pauets

662 5054 789 5111 opus
820 5046 911 5111 est,
940 5046 1025 5111 aut
1055 5038 1210 5111 etiam
1241 5053 1363 5090 uno.
1401 5036 1592 5111 Quibus
1624 4984 1805 5091 ἕπεται
1840 5042 1997 5111 magis
2029 5058 2241 5110 respon-

663 5104 816 5163 dent:
840 5108 939 5170 ἰνὸς
970 5104 1023 5163 δι
1052 5109 1165 5164 ἐστι
1185 5110 1361 5180 χρεία,
1388 5107 1550 5180 unius
1579 5117 1664 5161 est
1691 5104 2002 5164 necessitas.
2034 5104 2240 5166 At'vul-

664 5190 817 5245 gatns
852 5180 1118 5248 interpres
1150 5176 1344 5233 vertit:
1380 5176 1543 5231 Porro
1577 5196 1731 5231 unum
1771 5190 1839 5232 esl
1873 5185 2234 5238 nrcessarinnt.

664 5251 817 5316 Quod
849 5251 916 5302 sit
954 5248 1082 5302 illud
1113 5265 1273 5302 unum
1298 5248 1438 5318 quod
1462 5249 1708 5301 Christus
1728 5254 2090 5304 necessazium
2120 5268 2237 5307 esse

664 5324 798 5375 dicit
824 5361 839 5384 ,
882 5324 1025 5373 varie
1056 5317 1364 5388 exponitur.
1394 5317 1617 5383 Quidam
1651 5336 1811 5373 unum
1842 5336 1902 5374 ac
1938 5323 2235 5387 simplicem

663 5394 845 5447 cibum
876 5391 1317 5459 interpretantur,
1346 5392 1497 5458 quasi
1540 5391 1966 5456 reprehendatur
2000 5393 2234 5457 Martha,

664 5464 809 5533 quod
844 5459 1034 5533 multis
1079 5460 1549 5533 ferculisparaiutis
1581 5474 1839 5527 occupata
1892 5472 2066 5533 esset,
2116 5478 2235 5516 cum

663 5529 774 5589 non
805 5531 906 5585 nisi
929 5545 1055 5593 uno,
1090 5545 1259 5600 eoque
1283 5529 1503 5597 parabili
1536 5545 1669 5600 opus
1696 5541 1856 5585 esset.
1891 5533 1977 5585 Sic
2006 5532 2237 5587 Basilius

662 5604 718 5661 in
751 5601 1029 5657 constitut.
1082 5610 1311 5654 monast.
1345 5600 1520 5667 capite
1546 5603 1803 5655 secundo.
1932 5617 2105 5657 autem
2141 5609 2241 5657 Au.

662 5672 913 5727 ttustinus
939 5686 1192 5727 sermone
1222 5672 1481 5727 vittesirno
1503 5672 1731 5727 septimo
1750 5673 1827 5727 de
1887 5673 2030 5727 erbis
2062 5675 2239 5727 Domi-

662 5672 913 5743 gustinus
939 5686 1192 5727 sermone
1222 5672 1481 5743 vigesimo
1503 5672 1731 5739 septimo
1750 5672 2030 5729 deVerbis
2062 5675 2239 5729 Domi-

665 5740 754 5805 ni;
801 5753 967 5796 unum
998 5740 1360 5796 necessarium
1389 5742 1777 5809 interpretatur
1807 5743 1974 5799 Deum
2026 5746 2235 5816 ipsum,

2327 3204 2608 3278 bonuntest
2638 3208 2862 3277 (Psalm.
2915 3209 3101 3278 Lxru).
3136 3207 3299 3262 Maria
3329 3204 3429 3262 hoc
3466 3224 3629 3278 unum
3659 3211 3918 3271 curabat,

2327 3289 2381 3348 ut
2406 3275 2607 3332 Christi
2636 3274 2855 3333 verbum
2888 3274 3117 3347 audiret,
3163 3279 3275 3348 ejus
3307 3274 3554 3348 doctrina
3585 3289 3919 3347 pasceretur,

2326 3346 2377 3401 in
2411 3348 2525 3418 ejus
2554 3364 2737 3418 amore
2768 3349 3133 3418 acquiesceret
3157 3346 3512 3415 {secundum
3541 3346 3670 3405 illud
3704 3348 3921 3405 Cantic.

2329 3422 2517 3541 Lertio:
2553 3417 2732 3473 Inveni
2756 3417 2900 3490 quem
2930 3418 3100 3491 diligit
3124 3420 3297 3473 anima
3321 3435 3470 3487 mea;
3496 3421 3633 3473 tenui
3660 3436 3811 3493 eum,
3835 3437 3927 3475 nec

2370 3499 2608 3541 tmtttam.

2370 3499 2608 3544 intutam.

2399 3558 2425 3595 ἀ
2458 3560 2717 3627 Adverte,
2764 3570 2956 3626 lCClOl’,
2990 3571 3193 3628 partem
3238 3559 3440 3625 Mariae,
3484 3560 3642 3619 modo
3688 3562 3924 3629 bonam,

2332 3631 2489 3685 modo
2516 3632 2816 3698 meliorem,
2852 3633 3010 3686 modo
3039 3633 3294 3699 Optimam
3317 3649 3346 3686 a
3377 3633 3622 3689 Patribus
3649 3633 3779 3698 dici,
3819 3649 3922 3689 nec

2331 3700 2644 3774 incongrue,
2677 3720 2796 3757 cum
2826 3704 2954 3757 satis
2980 3712 3164 3756 notum
3191 3707 3258 3757 sit
3291 3706 3341 3758 in
3359 3704 3928 3774 gradibusmmpara-

2336 3772 2514 3837 tionis,
2549 3772 2859 3829 inferiorem
2887 3776 2938 3828 in
2967 3775 3245 3841 superiore
3272 3772 3556 3831 contineri.
3589 3774 3718 3829 Nam
3743 3772 3927 3833 Graeci

2332 3842 2517 3923 legunt
2540 3851 2629 3904 τὴν
2662 3846 2850 3923 eques»
2877 3842 3066 3923 μερίδα.
3084 3844 3276 3923 bonam
3308 3854 3534 3913 partem,
3566 3848 3931 3923 quemadmo-

2335 3913 2459 3985 dum
2485 3913 2803 3969 Auctor'hic
2828 3913 3123 3985 eipiessit;
3152 3915 3240 3984 qui
3274 3924 3450 3971 tamen
3485 3913 3639 3985 paulo
3666 3918 3929 3984 Superius

2335 3982 2563 4049 dixerat,
2590 3982 2967 4048 melioremfut
2996 3996 3049 4040 et
3077 3984 3137 4038 D.
3172 3982 3512 4041 Ambrosius:
3540 3986 3651 4041 Nec
3684 3982 3929 4051 Martha,

2337 4054 2606 4128 inquiens,
2642 4057 2693 4110 in
2721 4058 2851 4110 bono
2873 4057 3695 4128 ministerio,reprehenditur;sed
3726 4058 3932 4121 Maria,

2335 4127 2470 4194 quod
2494 4127 2751 4180 meliorem
2774 4126 3089 4198 parlentrsibi
3117 4126 3343 4198 elegerit,
3376 4130 3678 4195 antefertur.
3710 4131 3773 4182 Et
3817 4131 3938 4185 Au-

2336 4198 2582 4268 gustinus
2606 4196 2847 4251 sermon.
2870 4198 2937 4250 27
2960 4197 3025 4251 de
3047 4196 3225 4268 verbis
3250 4198 3486 4252 Domini:
3514 4199 3705 4261 Maria,
3728 4200 3935 4268 inquit,

2338 4266 2596 4339 meliorem
2629 4278 2823 4337 partem
2841 4268 3008 4339 elegit.
3036 4266 3153 4320 Non
3181 4277 3245 4339 tu_
3260 4269 3472 4339 malam,
3507 4269 3594 4322 sed
3622 4268 3719 4323 illa
3744 4266 3941 4324 melio-

2337 4350 2463 4389 rem.
2493 4337 2562 4391 At
2594 4334 2801 4407 vulgata
2827 4334 3008 4393 ver'sio
3052 4347 3173 4393 est:
3220 4334 3389 4391 Maria
3423 4340 3668 4406 optimam
3720 4352 3941 4407 partem

2340 4358 2463 4389 rem.
2493 4358 2562 4391 Al.
2595 4358 2801 4407 vntgata
2827 4358 3008 4393 V'BI‘SIO
3052 4358 3173 4393 θειξ
3220 4358 3389 4391 Μαι-ια
3423 4358 3668 4406 optimam
3759 4358 3937 4393 artem

2340 4406 2507 4481 elegit.
2540 4408 2708 4481 Quam
2739 4418 2790 4463 et
2826 4407 3109 4481 Cassianus
3136 4418 3349 4481 secutus
3378 4420 3458 4461 est
3487 4358 3782 4481 collat.;i’)
3808 4428 3937 4481 cap.

2342 4476 2394 4531 '5.
2431 4477 2495 4531 Et
2530 4480 2720 4533 merito
2750 4479 2964 4545 quidem
3016 4478 3129 4533 hmo
3187 4479 3342 4533 lectio
3395 4477 3757 4547 prmlerenda.
3793 4476 3936 4537 Cum

2343 4549 2484 4601 enim
2521 4559 2727 4603 constet
2757 4549 2869 4603 ﬁeri
2902 4549 2987 4603 hic
3012 4550 3462 4619 comparationem
3508 4547 3645 4603 inter
3697 4548 3935 4607 Mariam

2346 4628 2398 4672 ct
2428 4619 2707 4685 Martham,
2734 4629 2787 4673 et
2809 4620 2948 4673 inter
2970 4622 3245 4688 utriusque
3267 4621 3499 4675 studium
3530 4629 3585 4675 et
3605 4624 3939 4691 occupatio-

2345 4705 2493 4751 nem,
2534 4700 2587 4742 nt
2614 4698 2760 4744 totus
2780 4698 3063 4744 contextus
3089 4692 3276 4752 docet;
3312 4706 3417 4745 non
3446 4693 3622 4760 potuit
3652 4691 3742 4745 illa
3770 4707 3937 4747 com-

2346 4763 2581 4829 paratio,
2612 4776 2730 4831 qute
2758 4762 2809 4813 in
2840 4761 3016 4815 verbis
3046 4760 3266 4831 latebat,
3298 4761 3489 4815 melius
3521 4777 3680 4831 quam
3706 4778 3805 4831 per
3837 4780 3942 4818 su-

2348 4832 2670 4902 perlativum
2699 4832 2953 4899 exprimi,
2985 4841 3043 4886 ut
3073 4830 3291 4886 Latinus
3335 4830 3597 4901 interpres
3630 4830 3940 4902 expressit.

2337 4900 2675 4955 'lialietenim
2708 4902 2843 4956 lianc
2864 4902 3187 4971 emphasim,
3206 4916 3268 4956 ac
3292 4902 3335 4955 si
3364 4900 3596 4958 diceret:
3624 4900 3786 4956 Maria
3820 4919 3945 4961 non

2347 4978 2550 5025 tantusn
2590 4973 2784 5026 bonam
2821 4982 3019 5029 partem
3046 4972 3237 5041 elegit,
3262 4987 3360 5026 nec
3391 4972 3762 5027 tantummodo
3814 4992 3946 5031 me-

2346 5041 2556 5104 liorcm,
2587 5058 2745 5115 quam
2772 5044 2999 5115 Martha,
3022 5044 3114 5096 sed
3136 5041 3385 5115 absolute
3411 5045 3694 5115 Optimam,
3727 5055 3786 5098 et
3824 5061 3947 5115 pra:

2344 5114 2592 5184 omnibus
2619 5114 2943 5181 eligendam,
2980 5112 3304 5184 etomnibus
3336 5112 3753 5184 prmlerendam.

2419 5193 2440 5219 ⁸
2465 5182 2694 5238 Theoria
2718 5183 3097 5250 contemplatio
3120 5192 3221 5247 est,
3253 5182 3365 5237 sive
3398 5195 3453 5239 ut
3486 5185 3807 5240 Lactantius
3844 5202 3947 5243 ex-

2345 5253 2522 5333 ponit“,
2577 5257 2862 5333 spectatio.
2909 5252 2996 5333 Sic
3028 5254 3173 5333 enim
3204 5254 3415 5333 _scribit
3460 5255 3657 5333 lib.-vtt
3685 5254 3947 5312 Institut.

2343 5338 2459 5393 cap.
2493 5328 2554 5380 9:
2588 5323 2713 5378 Cum
2741 5334 2905 5397 status
2928 5325 2990 5377 sil
3020 5323 3241 5397 hominis
3268 5337 3457 5390 rectus,
3500 5327 3749 5397 originem
3778 5344 3956 5383 suam

2342 5398 2545 5461 quierit,
2575 5404 2619 5448 et
2653 5395 2797 5462 quasi
2814 5405 3109 5463 contempta
3139 5396 3421 5449 humilitate
3454 5395 3657 5450 terrena
3682 5396 3752 5449 ad
3763 5397 3955 5453 altum

2342 5466 2554 5528 nititur,
2587 5468 2705 5535 quia
2754 5466 2903 5517 sentit
2944 5481 3199 5517 sumntum
3240 5466 3429 5519 bonum
3473 5467 3525 5519 in
3576 5484 3775 5524 summa
3828 5486 3957 5526 esse

2341 5536 2692 5607 quwrendum,
2724 5548 3009 5607 memorque
3033 5537 3345 5589 conditionis
3368 5553 3475 5590 suo:
3494 5554 3593 5606 quc.
3621 5536 3756 5590 Deus
3777 5539 3959 5595 illum

2341 5608 2457 5678 fecit
2481 5609 2743 5679 exinaign,
2775 5607 2842 5658 ad
2871 5606 3121 5679 artiﬁcem
3152 5623 3303 5659 suum
3344 5617 3579 5679 spectat:
3607 5624 3763 5679 quam
3820 5627 3958 5677 spe-

2340 5666 2610 5754 ctationem
2634 5666 2997 5754 T‘rismegisius
3042 5679 3248 5754 θεωριῖαν
3294 5666 3576 5754 τεέξίδδίηιε
3604 5666 3917 5736 nominauit
3942 5726 3959 5753 ,

2340 5762 2454 5815 qua,
2483 5750 2532 5801 in
2559 5750 2708 5801 mutis
2740 5744 3046 5801 animalibus
3070 5744 3217 5801 nulla
3241 5758 3333 5803 est.
3379 5749 3453 5804 Ita
3492 5745 3602 5804 ille.

2268 4520 2316 4577 D
