4014 6200
151 288 244 353 495

147 409 422 463 auferetur
454 405 523 458 ab
553 418 640 459 ea.
675 402 740 456 Et
766 400 871 455 hoc
902 399 1211 468 diligentius
1250 396 1566 452 intuendum
1595 403 1679 449 est
1709 413 1722 449 :
1752 401 1805 456 Α

147 501 276 557 Nam
305 515 430 555 cum
449 498 611 562 dixit,
635 495 799 553 Maria
831 493 1031 548 bonam
1061 502 1263 561 partem
1292 490 1472 559 elegit,
1500 488 1628 543 licet
1651 498 1731 541 ta-

146 600 264 648 ceat
289 590 359 645 de
392 586 598 644 Martha
622 632 635 655 ,
680 596 731 641 et
760 598 1104 654 nequaquam
1135 597 1253 635 eam
1300 580 1609 648 vituperare
1651 578 1732 631 vi-

146 684 370 747 deatur;
396 681 548 735 illam
577 690 752 733 tamen
778 670 1026 741 laudans,
1059 682 1085 710 ι
1108 675 1248 727 hanc
1272 669 1580 726 inferiorem
1611 684 1732 725 esse

147 774 494 846 pronuntiat.
524 770 759 826 Rursum
803 783 922 823 cum
967 764 1123 832 dicit,
1150 781 1273 835 qua:
1320 774 1429 818 non
1458 764 1734 818 auferetur

146 868 216 923 ab
245 883 310 924 ea
337 911 352 937 ,
386 860 624 923 ostendit
652 862 797 935 quod
841 861 910 917 ab
954 861 1056 915 hac
1082 872 1181 915 sua
1212 857 1393 928 portio
1429 855 1602 926 possit
1643 870 1737 909 an-

149 959 313 1015 ferri:
346 972 446 1014 nec
478 957 622 1012 enim
651 953 1017 1010 ministerium
1049 948 1337 1022 corporale
1364 964 1491 1003 cum
1520 946 1738 1002 homine

148 1052 347 1123 poterit
371 1050 570 1122 iugiter
600 1062 953 1119 permanere:
986 1046 1132 1100 illius
1164 1059 1295 1099 vero
1316 1041 1556 1097 studium
1587 1038 1738 1094 nullo

153 1145 260 1200 line
288 1157 516 1215 prorsus
542 1134 735 1198 edocet
757 1154 919 1210 posse
944 1136 1110 1192 finiri.

770 1250 1001 1307 CAPUT
1041 1248 1133 1306 IX.

152 1348 521 1422 Interroyatio,
545 1346 801 1422 quomodo
826 1346 1075 1398 virtutum
1100 1344 1390 1414 functiones
1417 1359 1533 1395 cum
1573 1339 1741 1395 homi-

617 1415 766 1469 nibus
797 1432 900 1469 non
938 1422 1281 1485 perseverent.

221 1508 249 1549 δ
284 1510 629 1566 Germanus:
670 1507 751 1562 Ad
778 1505 925 1575 quod
973 1518 1072 1558 nos
1117 1502 1279 1558 valde
1322 1502 1573 1571 permoti,
1615 1498 1745 1571 quid

152 1617 302 1673 ergo,
323 1601 589 1667 diximus,
624 1598 783 1653 labor
800 1597 1160 1667 ieiuniorum,
1194 1594 1443 1649 lectionis
1465 1592 1741 1657 instantia,

149 1707 318 1762 opera
344 1687 768 1753 misericordiae,
783 1686 1034 1757 iustitiae,
1062 1686 1301 1756 pietatis,
1323 1692 1377 1739 et
1394 1683 1745 1738 humanitatis

876 276 1211 345 com.qu
1250 288 1389 342 1.-
1419 284 1511 339 ne
1552 282 1865 339 MONACHI
1907 262 2327 336 inmundis}:
2364 278 2450 334 AC
2489 279 2669 333 FINE.

3310 278 3414 335 494

2463 390 2686 447 CAPUT
2722 392 2787 445 X.

1838 550 2143 620 Responsio,
2173 550 2308 621 quod
2339 565 2441 607 non
2470 548 2536 607 sit
2569 565 2749 604 eorum
2787 563 2997 613 merces,
3031 548 3118 601 sed
3142 550 3276 603 actio
3306 566 3415 601 ces-

2536 628 2737 673 satura.

1906 755 2121 827 Moyses
2153 772 2165 808 :
2200 753 2309 809 Nec
2335 769 2435 825 ego
2462 753 2575 810 dixi
2606 753 2907 808 mercedem
2952 752 3077 809 boni
3107 754 3288 822 operis
3316 768 3417 811 att-

1836 848 2136 912 ferendam,
2161 848 2374 903 dicente
2399 848 2587 902 eodem
2613 847 2857 913 Domino,
2886 845 2986 911 Qui
3012 854 3190 914 potum
3217 845 3424 901 dederit

1838 943 1929 995 uni
1968 957 2035 997 ea:
2079 942 2302 995 minimis
2353 942 2466 995 istis
2487 939 2700 995 calicem
2724 954 2869 1008 aqum
2896 938 3101 1009 frigida:
3137 947 3338 993 tantum
3367 941 3425 994 in

1840 1034 2043 1087 nomine
2071 1032 2338 1100 discipuli,
2364 1046 2514 1086 amen
2533 1032 2649 1085 dico
2674 1031 2834 1097 vobis,
2880 1046 2983 1085 non
3022 1030 3199 1102 perdet
3230 1046 3424 1087 merce-

1840 1123 1957 1179 dem
1984 1138 2135 1177 suam
2159 1122 2371 1195 (Matth.
2395 1123 2475 1193 x).
2506 1122 2654 1179 °Sed
2684 1123 2952 1177 actionem
2979 1121 3122 1188 dico,
3150 1136 3309 1191 quam
3334 1123 3423 1178 vel

1842 1219 2139 1273 necessitas
2194 1216 2514 1287 corporalis,
2568 1216 2653 1271 vel
2704 1215 3038 1285 impugnatio
3081 1217 3280 1281 carnis,
3326 1227 3425 1271 seu

1841 1311 2029 1369 mundi
2053 1310 2213 1381 hujus
2232 1308 2569 1379 inaequalitas
2589 1307 2953 1364 administrari
2972 1309 3157 1379 exigit,
3175 1309 3426 1364 auferen-

1844 1404 2137 1462 dam.Nam
2160 1404 2413 1459 lectionis
2438 1404 2691 1459 instantia
2712 1406 2795 1459 vel
2821 1404 3148 1474 ieiuniorum
3176 1404 3421 1472 afﬂictio,

1845 1499 1913 1556 ad
1941 1498 2375 1553 emundationem
2403 1497 2580 1552 cordis
2607 1507 2663 1553 et
2704 1497 3108 1567 castigationem
3137 1498 3336 1564 carnis,
3365 1499 3425 1554 in

1846 1591 2103 1662 prmsenti
2129 1588 2498 1645 tantummodo
2529 1589 2733 1645 utiliter
2761 1600 3106 1656 exercentur,
3139 1591 3311 1646 donec
3333 1607 3425 1646 cae

1846 1698 1905 1740 re
1932 1683 2246 1757 concupiscit
2272 1685 2516 1738 adversus
2541 1682 2778 1755 spiritum
2804 1684 3007 1757 (Galat.
3024 1685 3113 1756 v);
3143 1700 3262 1755 quae
3291 1701 3427 1742 nonv

151 1785 479 1841 auferentur
505 1799 535 1836 a
560 1782 738 1847 nobis,
773 1787 830 1837 et
855 1793 961 1836 non
985 1778 1378 1850 permanebunt
1404 1792 1533 1832 cum
1558 1786 1749 1832 aucto-
1775 1784 1823 1847 Β
1853 1794 2139 1850 numquam
2189 1778 2255 1836 ab
2286 1779 2370 1833 his
2416 1777 2506 1847 qui
2537 1776 2722 1832 labore
2762 1778 2946 1845 nimio,
2979 1793 3075 1834 seu
3109 1779 3428 1849 nigritudine

148 1876 309 1933 ribus
333 1870 491 1931 suis?
517 1873 830 1930 Praesertim
856 1887 979 1927 cum
1004 1872 1119 1942 ipse
1142 1870 1402 1926 Dominus
1434 1866 1753 1926 retributio-

149 1984 276 2023 nem
312 1964 470 2037 regni
518 1965 782 2021 cmlorum
838 1962 923 2018 his
970 1963 1228 2032 operibus
1257 1962 1619 2034 repromittat,
1660 1961 1748 2016 dl-

147 2070 280 2115 cens
308 2077 321 2112 :
352 2048 560 2125 Venite,
592 2056 841 2111 benedicti
873 2055 1049 2109 Patris
1089 2056 1209 2119 mei,
1250 2055 1503 2125 possidete
1530 2069 1749 2125 regnum

148 2152 293 2206 robis
322 2160 567 2217 paratum
590 2165 623 2202 a
644 2149 1005 2202 constitutione
1027 2145 1209 2200 mundi
1234 2162 1251 2199 :
1282 2147 1488 2200 Esttrivi
1517 2147 1671 2209 enim,
1702 2146 1751 2199 et

147 2245 373 2299 dedistis
397 2244 524 2298 mihi
553 2242 870 2300 manducare
892 2258 912 2297 :
956 2242 1112 2298 Sitivi
1135 2284 1150 2307 ,
1181 2250 1230 2296 et
1265 2240 1479 2296 dedistis
1504 2236 1627 2294 mihi
1656 2242 1749 2295 bi-

146 2339 297 2402 bere,
330 2343 439 2391 etc.
492 2334 704 2408 (Manh.
745 2332 899 2405 xxv).
933 2332 1219 2400 Quomodo
1253 2348 1383 2403 ergo
1430 2332 1747 2395 auferentur

146 2431 274 2486 haec
310 2445 429 2500 quae
452 2428 799 2484 introducunt
826 2427 1061 2483 factores
1084 2441 1215 2483 suos
1240 2428 1295 2482 in
1329 2442 1551 2498 regnum
1580 2429 1748 2483 caelo-

144 2521 320 2579 rum?

1852 1869 2119 1939 corporis,
2148 1870 2369 1927 seniove
2396 1868 2594 1925 defessi
2623 1881 2769 1938 sunt,
2800 1872 2960 1927 etiam
2990 1871 3045 1926 in
3073 1873 3323 1942 praesenti
3349 1872 3425 1928 vi»

1851 1960 2039 2017 demus
2065 1961 2285 2029 auferri,
2303 1976 2405 2017 nec
2425 1960 2725 2018 abhomine
2749 1978 2905 2031 posse
2932 1963 3131 2035 iugiter
3157 1965 3423 2021 exerceri.

1851 2055 2061 2123 Quanto
2105 2056 2274 2125 magis
2328 2070 2457 2125 ergo
2512 2055 2626 2109 haec
2656 2056 2711 2109 in
2736 2054 2919 2109 futuro
2948 2056 3259 2123 cessabunt,
3303 2071 3426 2109 cum

1851 2150 2199 2219 corruptibile
2228 2152 2329 2206 hoc
2356 2150 2593 2205 induerit
2620 2151 3099 2220 incorruptionem,
3127 2165 3430 2220 corpusque

1854 2245 1996 2299 istud
2029 2243 2170 2313 quod
2196 2260 2335 2299 nunc
2359 2244 2589 2298 animale
2610 2255 2711 2310 est,
2738 2244 3038 2298 surrexerit
3063 2243 3327 2313 spiritale,
3372 2250 3429 2300 et

1853 2336 2077 2406 cmperit
2096 2351 2225 2392 caro
2250 2352 2355 2391 non
2384 2351 2505 2391 esse
2526 2335 2633 2407 iam
2663 2335 2784 2390 talis
2814 2344 2870 2389 ut
2900 2335 3156 2391 adversus
3180 2337 3427 2406 spiritum

1854 2429 2226 2498 concupiscat!
2255 2426 2333 2485 De
2358 2429 2555 2499 quibus
2584 2430 2745 2485 etiam
2778 2430 2967 2485 beatus
2991 2428 3281 2501 Apostolus
3314 2447 3430 2486 ma-

1853 2518 2046 2575 nifeste
2062 2519 2396 2597 pronuntiat.
2428 2516 2457 2557 ἀ
2489 2519 2807 2591 Corporalis,
2830 2520 3100 2592 inquiens,
3136 2524 3432 2578 exercitatio

1226 2632 1484 2690 ALARDI
1526 2633 1761 2691 GAZAEI
1797 2634 2364 2692 COMMENTARIUS.

218 2738 249 2765 ι
284 2729 348 2781 ι).
378 2718 677 2796 Gregorius
699 2740 748 2781 vt
774 2724 980 2796 blorai._
998 2738 1117 2794 cap.
1140 2723 1212 2778 28
1237 2741 1249 2776 :
1281 2723 1524 2796 Mart/iw,
1550 2723 1742 2794 inquit,

148 2816 282 2854 cura
316 2813 420 2851 non
464 2792 890 2865 riprehenditur;
926 2792 1108 2848 Maria:
1136 2809 1251 2865 vero
1299 2793 1582 2848 laudatur:
1627 2792 1748 2863 quia

149 2883 348 2939 magna
375 2876 498 2923 sunt
528 2868 705 2920 activa:
726 2867 844 2920 citra
870 2866 1073 2939 merita,
1103 2864 1196 2939 sed
1224 2865 1631 2939 contemplativa
1657 2881 1750 2939 poo

150 2934 289 2999 tiara
318 2956 336 3005 ;
366 2954 459 2997 nec
482 2939 682 3007 auferri
715 2952 959 3007 umquam
987 2934 1175 2994 Merit:
1212 2952 1337 3005 pars
1376 2936 1597 3000 dicitur,
1622 2936 1750 3007 quia

149 3014 340 3066 activae
369 3011 484 3063 vita:
506 3006 664 3075 opera
689 3006 823 3061 cum’
843 3022 1058 3073 corpore
1101 3017 1399 3071 transeunt,
1432 3006 1752 3074 contempla-

155 3083 273 3137 tiva:
302 3088 476 3133 autem
498 3079 690 3147 gaudia
716 3078 901 3132 melius
942 3093 1004 3131 ex
1034 3076 1135 3144 fine
1175 3076 1551 3130 convalescunt.
1583 3077 1751 3130 Porro

1851 2724 1994 2779 nulla
2022 2726 2399 2797 proximorum
2422 2723 2733 2797 indigentia.
2768 2724 2937 2780 Porro
2983 2727 3141 2797 huius
3194 2730 3293 2787 loci
3338 2748 3433 2788 ac—

1851 2798 2086 2849 Cttl‘alior
2108 2803 2160 2849 et
2186 2810 2313 2848 vere
2366 2795 2667 2863 theologica
2706 2796 2995 2864 explicatio
3045 2795 3074 2852 a
3127 2798 3191 2854 ι).
3226 2801 3432 2859 Thonta

1854 2865 2079 2937 petenda
2106 2873 2211 2927 est,
2238 2864 2361 2931 2-2,
2396 2879 2450 2934 q.
2487 2866 2613 2929 181,
2638 2881 2688 2919 a.
2714 2866 2769 2931 4,
2801 2868 2889 2921 ubi
2910 2870 3103 2937 quierit
3130 2880 3299 2925 utrum
3329 2876 3434 2930 vita

1853 2936 2019 2995 activa
2067 2943 2269 2990 maneat
2310 2944 2427 3005 post
2472 2936 2607 2997 Itane
2632 2937 2811 3004 vitam,
2868 2936 3240 3006 et'reSpondet
3268 2948 3431 3001 vitam

1853 3008 2083 3085 activam
2116 3006 2315 3085 habere
2343 3006 2500 3085 ﬁnem
2526 3009 2579 3065 in
2603 3010 2967 3085 exterioribus
2994 3013 3227 3085 actibus,
3260 3033 3279 3067 t
3318 3019 3431 3085 qui,

1854 3078 1898 3131 si
1924 3079 2224 3154 referantur
2251 3076 2315 3129 ad
2341 3078 2573 3154 quietem
2603 3081 3097 3154 contemplationis,
3122 3076 3233 3153 jam
3265 3076 3435 3154 pei-ti;

152 3134 366 3207 devltac
392 3134 799 3218 comparatione
832 3150 957 3201 vitae
986 3134 1173 3218 activae
1207 3156 1261 3201 et
1289 3147 1748 3218 contemplativze,
1776 3134 1825 3198 C
1854 3158 1983 3203 nent
2005 3148 2070 3201 ad
2093 3148 2255 3202 vitam
2284 3134 2781 3216 contemplativatn.
2814 3134 2869 3205 l'n
2902 3134 3293 3210 rumn'a'iiiétﬁ
3306 3134 3429 3211 Vrit-.1

152 3224 282 3278 ride
326 3215 703 3273 conclusiones
736 3217 798 3271 D.
828 3218 1049 3271 Tltomze
1076 3215 1203 3281 2-2,
1232 3232 1286 3286 q.
1318 3217 1437 3272 182,

219 3293 253 3334 1³
306 3288 707 3345 Observatione
734 3289 964 3357 dignum
1012 3287 1244 3352 videtur,
1274 3287 1419 3357 quod
1460 3288 1752 3353 Cassianus

160 3365 213 3419 in
258 3363 351 3417 his
381 3359 762 3422 collationibus
790 3375 899 3413 non
942 3357 1044 3413 nisi
1075 3372 1180 3411 uno
1208 3368 1301 3411 aut
1324 3363 1497 3412 altero
1522 3360 1643 3413 loco
1670 3360 1750 3412 le-

158 3437 305 3504 gitur
324 3446 423 3498 por
443 3445 506 3485 se
534 3430 744 3504 locutus
760 3429 972 3504 (Colles.
1000 3428 1088 3496 l7,
1121 3426 1347 3504 cap._5):
1377 3428 1753 3504 alias‘semper

160 3498 254 3572 per
309 3517 471 3555 suum
519 3501 724 3572 socium
769 3499 1096 3572 Germanum
1122 3538 1136 3562 ,
1169 3501 1257 3572 qui
1289 3514 1387 3553 suo
1411 3508 1465 3553 et
1503 3498 1751 3572 Cassiani

160 3568 389 3631 nomine
414 3585 536 3626 cum
566 3570 814 3629 Patribtts
840 3570 948 3623 illis
970 3568 1291 3639 colloqueba
1302 3577 1409 3636 tur,
1441 3583 1642 3639 eosque
1668 3570 1754 3623 in-

164 3643 511 3713 terrogabat,
538 3649 600 3713 et
641 3654 899 3713 responsa
947 3638 1267 3713 accipiebat.
1309 3640 1423 3704 Qua
1459 3642 1511 3713 i_n
1540 3638 1600 3693 re
1630 3641 1754 3695 reli-

162 3710 346 3786 giosae:
363 3711 644 3786 modestia
665 3712 939 3786 specimen
967 3720 1023 3786 et
1049 3710 1252 3786 silentii
1278 3710 1587 3786 exemplum
1613 3726 1751 3786 prae-

167 3781 281 3842 buit
309 3784 626 3847 Cassianus,
659 3790 717 3835 ut
760 3781 850 3849 Qui
872 3781 1071 3835 seniori
1116 3795 1178 3834 ac
1207 3782 1541 3852 presbytero,
1570 3781 1754 3847 iunior

167 3860 283 3926 ipse
316 3865 380 3926 et,
403 3853 667 3926 diaconus
693 3852 991 3926 dumtaxat,
1023 3852 1267 3926 quamvis
1296 3852 1524 3926 fortasse
1547 3852 1754 3926 doctior

168 3920 229 3984 ac
262 3924 515 3995 peritior,
537 3923 793 3995 loquendi
817 3921 1053 3995 ofllcium
1089 3931 1146 3976 et
1171 3920 1430 3995 honorem
1461 3922 1752 3995 detulerit,

169 4008 221 4053 et
246 3991 349 4053 illo
378 3991 634 4064 loquente
655 3993 930 4048 silentium
956 3994 1163 4047 interea
1187 3993 1421 4064 tenuerit
1449 3991 1753 4064 (VideCol‘

169 4070 265 4123 lat.
296 4068 355 4129 7,
382 4062 524 4128 8,—9,
567 4063 654 4128 10,
688 4064 751 4119 Η
782 4072 831 4118 et
858 4063 983 4131 i2);
1015 4076 1221 4116 memor
1252 4062 1391 4117 haud
1422 4062 1584 4117 dubie
1614 4063 1756 4117 illius

168 4136 488 4206 apostolicae
505 4137 819 4188 sententiae:
849 4133 912 4188 Si
934 4133 1050 4202 quis
1075 4140 1286 4206 putatae
1306 4134 1599 4203 religiosum
1620 4148 1753 4199 esse,

174 4204 282 4261 non
310 4206 582 4272 refrenans
605 4206 835 4274 linguam
870 4219 1051 4274 suam:
1079 4204 1168 4256 sed
1196 4205 1443 4274 seducens
1464 4219 1550 4255 cor
1582 4218 1751 4274 suum,

171 4278 343 4346 hujus
366 4271 498 4327 cana
522 4286 594 4327 est
626 4271 806 4346 religio
837 4271 1046 4346 (Iacob.
1078 4280 1137 4346 υ.
1189 4272 1394 4346 Memor
1419 4283 1473 4328 et
1505 4273 1757 4346 salutaris

171 4343 632 4413 doctrinaeiquam
653 4360 683 4398 a
714 4343 829 4399 Viro
853 4343 1210 4409 sanctissimo,
1242 4344 1542 4413 eodemque
1579 4344 1755 4398 sancti

170 4416 410 4474 Joannis
438 4412 810 4482 Cbrysostomi
840 4414 1109 4482 discipulo
1148 4421 1202 4469 et
1244 4429 1343 4468 suo
1386 4412 1758 4482 condiscipulo

174 4430 410 4474 Joannis
438 4430 546 4469 har
589 4430 810 4470 sostomt
840 4430 1109 4482 atsctputo
1148 4430 1202 4469 et
1244 4430 1343 4468 suo
1386 4430 1758 4482 condiscipulo

174 4486 483 4559 (Baron._in
519 4430 791 4559 Jortgrol.
823 4488 856 4537 4
887 4480 1190 4559 libratam),
1222 4494 1543 4559 acceperat.
1571 4485 1759 4559 Exstat

176 4553 333 4637 enim
360 4556 548 4637 leniori
590 4553 884 4637 (Pelusiotae
910 4553 1049 4637 (Lib.
1080 4570 1117 4637 ιξ
1150 4556 1297 4637 epist.
1330 4553 1457 4625 509)
1498 4554 1598 4635 viri
1628 4569 1757 4637 san-

176 4630 373 4683 ctitate
398 4634 455 4693 et
478 4627 720 4681 doctrina
750 4624 1025 4694 conspicui
1054 4626 1121 4679 ad
1150 4624 1463 4679 Cassianum
1504 4625 1755 4693 epistola,

178 4714 306 4755 cum
330 4710 614 4765 aggressus
642 4706 787 4751 esset
807 4695 971 4749 vitam
994 4696 1344 4749 monasticam
1366 4695 1605 4762 profiteri
1621 4710 1635 4757 ;
1654 4710 1756 4764 qua

178 4784 306 4824 eum
335 4768 481 4822 serio
508 4766 789 4829 admonuit
813 4766 1046 4833 linguam
1074 4780 1193 4819 esse
1223 4768 1603 4828 coercendam,
1638 4781 1757 4819 mo-

180 4841 360 4895 naclto
386 4837 691 4907 praesertim
719 4835 905 4907 adhuc
920 4834 1103 4907 juveni
1133 4844 1189 4890 et
1216 4834 1602 4907 novitio(Vide
1622 4852 1757 4907 prte-

183 4912 281 4977 fat.
313 4898 545 4961 nostram
568 4906 636 4958 ad
663 4898 941 4974 Lection.)'.
976 4905 1107 4959 Nam
1157 4908 1295 4973 loqui
1332 4917 1386 4962 et
1409 4898 1760 4962 docere'ma-

180 4981 413 5047 gistrum
455 4977 711 5031 condecet
746 4993 758 5030 :
794 4987 973 5031 tacere
1009 4987 1062 5031 et
1108 4977 1298 5031 audire
1334 4978 1598 5045 discipulo
1624 4994 1755 5032 conv

184 5052 353 5113 venit,
384 5049 461 5103 ait
491 5048 551 5101 ι).
576 5047 900 5101 Benedicms
929 5060 1053 5114 cap.
1084 5062 1101 5101 t
1133 5063 1245 5101 sua}
1274 5048 1510 5115 Regulae.

263 5132 286 5158 ο
314 5118 533 5187 Triplex
565 5132 735 5186 genus
762 5117 1032 5171 actionum
1057 5132 1152 5187 seu
1173 5131 1395 5187 operum
1422 5120 1546 5171 vita:
1574 5119 1762 5172 activae

184 5205 308 5257 quae
331 5192 383 5243 in
416 5190 592 5243 futura
621 5190 728 5241 vita
755 5188 1062 5257 cessabunt.
1089 5186 1147 5240 in
1182 5186 1356 5254 primo
1397 5202 1593 5255 genere
1639 5195 1767 5242 sunt

185 5256 310 5327 qua:
340 5268 587 5327 spectant
616 5257 683 5312 ad
706 5256 949 5323 corporis
978 5261 1374 5327 necessitatem,
1404 5266 1454 5309 ut
1486 5258 1666 5322 edere,
1687 5259 1767 5311 bi-

188 5329 338 5393 bere,
366 5326 625 5391 dorutire.
657 5337 765 5383 etc.
790 5328 849 5382 in
874 5326 1111 5394 secundo
1157 5342 1273 5395 quae
1304 5336 1547 5395 spectant
1588 5329 1670 5381 vel
1698 5327 1766 5380 ad

182 5402 369 5456 carnis
390 5400 834 5461 macerationem,
870 5407 925 5450 ut
941 5397 1162 5464 ieiunia,
1186 5396 1403 5465 vigiliae,
1430 5407 1557 5461 etc.,
1592 5397 1676 5451 vel
1701 5396 1768 5450 ad

185 5470 643 5539 concupiscentia:
665 5467 988 5533 remedium,
1014 5474 1076 5539 ut_
1121 5468 1540 5521 matrimonium.
1574 5466 1629 5521 ln
1664 5478 1769 5539 ter-

186 5540 287 5604 tio,
319 5536 439 5610 qua:
468 5539 535 5607 ad
568 5539 798 5610 proximi
827 5536 1264 5610 SUbt’elilionﬂtll,
1298 5547 1358 5610 ut
1399 5550 1563 5606 opera
1612 5537 1771 5610 mise-

186 5607 461 5669 ricordia.
489 5607 619 5668 llaec
647 5609 827 5665 omnia
857 5607 1211 5675 proculdubio
1241 5609 1294 5663 in
1346 5609 1525 5663 futuro
1570 5607 1770 5662 sacculo

185 5690 247 5737 et
266 5680 552 5738 beatorum
578 5681 689 5736 vita
710 5678 1018 5740 cessabunt.
1048 5680 1174 5748 quia
1204 5679 1348 5735 nulla
1369 5679 1442 5734 ibi
1476 5678 1769 5735 necessitas

189 5753 514 5820 corporalis,
573 5750 716 5807 nulla
764 5747 938 5803 carnis
983 5747 1262 5805 infirmitas
1294 5757 1389 5806 aut
1417 5747 1769 5820 itnpugnatio,

1856 3218 2131 3273 beatorum
2159 3218 2391 3275 cessabit
2421 3221 2703 3285 occupatio
2727 3225 3057 3277 exteriorum
3085 3238 3299 3280 actuum
3336 3246 3347 3280 :
3378 3239 3436 3284 et

1854 3291 1898 3345 si
1920 3292 2009 3359 qui
2040 3300 2191 3345 actus
2211 3294 2508 3345 exteriores
2533 3292 2660 3355 sint,
2690 3293 2997 3348 referentur
3023 3296 3089 3349 ad
3119 3296 3277 3352 linem
3309 3314 3434 3353 con-

1855 3361 2236 3429 templationis.
2272 3359 2342 3416 Ut
2366 3363 2508 3417 enim
2558 3361 2889 3429 Augustinus
2919 3366 3049 3419 dicit
3099 3368 3150 3421 in
3209 3368 3315 3422 line
3368 3369 3436 3425 de

1854 3431 2013 3505 Civil.
2036 3431 2129 3485 Dei
2160 3429 2298 3502 (Lib.
2332 3449 2438 3487 xxu
2468 3448 2586 3501 cep.
2620 3432 2744 3505 ult.)
2776 3452 2788 3487 :
2821 3433 2847 3486 ι
2859 3436 2906 3487 bi
2932 3436 3249 3505 oecabimus,
3288 3450 3333 3492 et
3360 3442 3437 3493 vi-

1856 3501 2108 3565 debimus,
2143 3511 2191 3554 et
2212 3504 2495 3557 amabimus
2527 3518 2548 3554 :
2569 3501 2855 3557 amabimus
2887 3513 2935 3557 et
2965 3501 3315 3561 laudabimus.
3368 3511 3437 3563 Et

1856 3572 1908 3643 in
1928 3573 2118 3628 eodem
2150 3571 2287 3643 libro
2310 3572 2581 3643 promittit
2605 3574 2743 3635 quod
2770 3574 2841 3625 ibi
2867 3572 3009 3626 Deus
3033 3577 3145 3627 sine
3165 3578 3267 3643 [ine
3298 3580 3437 3630 vide-

1857 3642 2012 3707 bitur,
2036 3643 2147 3695 sine
2190 3642 2402 3710 fastidio
2420 3640 2697 3703 amabitur,
2730 3644 2841 3695 sine
2870 3640 3175 3710 fatigatione
3198 3646 3435 3700 laudabi—

1856 3719 1959 3763 tur.
1996 3710 2107 3763 Hoc
2133 3708 2344 3775 manus,
2368 3708 2453 3763 hic
2482 3710 2719 3777 affectus,
2748 3710 2831 3762 hic
2872 3708 3038 3774 actus,
3073 3714 3168 3766 erit
3187 3716 3239 3768 in
3271 3718 3411 3769 omni
3423 3746 3437 3757 -

1858 3780 1967 3834 bus.
2020 3798 2049 3853 s_
2100 3779 2230 3833 Hinc
2256 3780 2332 3853 ibi
2366 3780 2422 3833 S.
2476 3779 2733 3853 Thomas.
2765 3780 2906 3853 Alibi
2932 3796 3059 3834 vero
3095 3785 3233 3852 (1.9,
3264 3801 3314 3853 q.
3339 3788 3431 3853 67,

1857 3868 1910 3905 α.
1936 3852 1991 3917 ι)
2019 3850 2175 3904 docet
2219 3850 2439 3911 virtutes
2488 3850 2720 3903 murales
2767 3852 2816 3903 in
2851 3850 3024 3905 futura
3051 3850 3155 3908 vita
3186 3850 3290 3910 non
3321 3850 3435 3912 maé

1859 3936 1987 3976 nere
2016 3930 2275 3991 quantum
2307 3921 2372 3973 ad
2400 3920 2451 3972 id
2483 3920 2627 3989 quod
2655 3928 2742 3975 est
2760 3924 3036 3977 materiale
3066 3925 3122 3979 in
3149 3928 3250 3984 eis.
3275 3947 3294 3980 t
3313 3927 3431 3984 Non

1859 3992 2022 4053 enim,
2059 3991 2251 4059 inquit,
2284 3993 2337 4044 in
2377 3992 2555 4053 futura
2588 3991 2692 4044 vita
2723 3992 2901 4046 locum
2931 3994 3205 4052 habebunt
3230 4014 3435 4053 concuo

1859 4063 2135 4135 placentiae
2165 4073 2217 4117 et
2256 4061 2646 4135 delectationes
2675 4063 2920 4135 ciborum
2964 4076 3015 4118 et
3056 4082 3430 4135 venereorum,

1860 4149 2033 4203 neque
2063 4134 2224 4187 etiam
2260 4134 2480 4187 timores
2507 4142 2561 4186 et
2591 4133 2829 4188 audaciae
2854 4138 2994 4189 circa
3023 4140 3263 4204 pericula
3293 4133 3435 4193 mor-

1864 4206 1951 4274 tis,
1980 4218 2155 4274 neque
2199 4205 2359 4258 etiam
2410 4204 2819 4259 distributiones
2842 4217 2897 4259 et
2922 4211 3437 4266 communicatioues

1862 4272 2030 4352 [Lips.
2061 4272 2117 4352 in
2146 4290 2314 4345 marg.
2340 4284 2435 4327 aut
2460 4276 2930 4352 commutationes]
2963 4293 3141 4352 rerum
3177 4297 3297 4352 qua:
3344 4298 3439 4336 ve-

1861 4344 2017 4417 niunt
2060 4344 2114 4399 in
2145 4344 2321 4417 psum
2367 4346 2650 4412 praesentis
2700 4350 2847 4417 vitae.
2877 4344 2982 4403 Sed
3013 4344 3268 4417 quantum
3291 4353 3357 4407 ad
3388 4354 3440 4408 id

1862 4416 2006 4483 quod
2031 4425 2110 4468 est
2137 4414 2386 4481 formale,
2406 4416 2757 4471 remanebunt
2776 4416 2828 4471 in
2854 4414 3440 4486 beatis—perfectissime

1785 4495 1993 4567 Dpost
2040 4486 2176 4566 hanc
2228 4487 2412 4567 vitam,
2462 4486 2514 4540 in
2560 4495 2827 4567 quantum
2848 4491 2985 4542 ratio
3017 4494 3433 4567 uniuscuiusque

1864 4556 2162 4630 rectissima
2192 4558 2295 4610 erit
2320 4558 2463 4630 circa
2494 4571 2557 4611 ea
2584 4573 2703 4630 qua;
2725 4559 2790 4611 ad
2815 4561 2987 4627 ipsum
3038 4556 3306 4630 pertinent
3349 4556 3443 4620 se-

1866 4626 2098 4699 cundum
2125 4634 2321 4681 statum
2353 4626 2537 4693 illum;
2569 4638 2627 4681 et
2655 4628 2737 4683 vis
2759 4626 3051 4699 appetitiva
3076 4637 3297 4689 Omnino
3328 4652 3444 4690 mo-

1865 4698 2412 4775 vehitursccundum-
2434 4700 2679 4775 ordinem
2703 4704 2947 4775 _rationis
2975 4704 3025 4775 in
3076 4703 3160 4757 his
3206 4721 3343 4775 quae
3377 4709 3444 4761 ad

1866 4776 2063 4846 stutum
2088 4768 2243 4846 illum
2275 4769 2565 4846 pertinent.
2598 4768 2751 4846 lin_de
2786 4774 3108 4846 nugustintts
3136 4768 3264 4829 dicit
3292 4774 3438 4846 (Lib.

1865 4855 1953 4894 xw
1985 4840 2049 4892 de
2087 4836 2295 4903 Trinit.,
2331 4856 2377 4895 ο.
2406 4839 2463 4906 9)
2488 4841 2629 4906 quod
2658 4836 2945 4895 Prudeniia
2963 4843 3034 4895 ibi
3056 4846 3152 4897 erit
3197 4836 3314 4898 sine
3336 4848 3445 4900 ulla

1866 4908 2095 4977 periculo
2128 4912 2339 4974 erroris,
2373 4908 2622 4977 fortitudo
2676 4909 2785 4960 sine
2815 4912 3045 4963 molestia
3069 4916 3445 4969 tolerandarum

1866 4979 2141 5040 malorum,
2162 4977 2633 5047 temperantiasine
2658 4983 3024 5047 repugnatione
3050 4982 3315 5036 libidinum
3342 5000 3359 5035 :
3390 4998 3447 5039 ut

1869 5046 2154 5119 prudentia:
2179 5047 2241 5119 sit
2272 5046 2481 5119 nullum
2500 5046 2690 5119 bonum
2717 5046 2825 5119 Deo
2849 5067 3147 5119 praeponere
3174 5056 3248 5105 vel
3269 5068 3444 5118 ecqua-

1865 5116 2313 5189 rapioriiindinis,
2361 5116 2406 5189 ei
2447 5116 2734 5189 ﬁrmissime
2760 5116 3040 5189 inhiat-ere;
3065 5116 3440 5189 temperantia},

1868 5187 2011 5261 nullo
2039 5186 2239 5261 defectu
2274 5187 2425 5239 noxio
2450 5187 2713 5261 delectari.
2738 5187 2822 5261 De
2840 5191 3048 5258 justitia
3080 5186 3196 5244 vero
3225 5186 3446 5261 manife-

1867 5260 1999 5313 stius
2028 5259 2145 5322 erit,
2176 5272 2323 5325 quem
2356 5266 2527 5309 actum
2556 5256 2627 5309 ibi
2656 5256 2881 5325 habebit,
2913 5261 3104 5313 scilicet
3136 5278 3245 5315 esse
3270 5256 3446 5317 subdi-

1868 5337 1977 5381 tum
2007 5327 2150 5402 Deo;
2172 5329 2290 5392 quia
2322 5329 2472 5402 etiam
2497 5327 2551 5402 in
2592 5327 2685 5402 hac
2705 5328 2806 5381 vita
2849 5332 2918 5383 ad
2945 5333 3204 5402 (iustitiam
3228 5335 3444 5402 pertinet

1871 5416 1979 5453 esse
2000 5398 2259 5453 subditum
2281 5398 2551 5467 superiori.
2583 5416 2602 5450 ι
2635 5400 2903 5454 llactenus
2935 5401 2995 5455 ι).
3024 5398 3280 5458 Thomas.
3390 5456 3393 5461 .

1943 5467 1971 5507 ἀ
2031 5469 2378 5539 Corporalem
2426 5470 2869 5541 exercitationem
2928 5472 3305 5541 interpretatur
3360 5477 3445 5532 hic

1871 5545 2073 5595 Auctor
2116 5541 2369 5609 ieiunium
2430 5540 2669 5608 aliasque
2721 5540 3143 5599 austeritatcset
3187 5547 3444 5601 exercitia

1870 5612 2067 5678 quibus
2096 5626 2293 5679 corpus
2326 5610 2617 5680 castigatur
2647 5621 2702 5668 et
2732 5620 3050 5673 maceratur.
3107 5616 3299 5671 Verum
3358 5617 3445 5674 hic

1871 5682 2291 5757 commentarius
2337 5696 2441 5757 non
2495 5682 2673 5757 placet
2715 5681 3124 5757 Chrysostomo,
3155 5688 3306 5757 cuius
3334 5688 3448 5745 haec

1873 5763 1999 5808 sunt
2028 5754 2219 5808 verba:
2245 5752 2471 5821 Quidam
2493 5754 2600 5809 hac
2631 5752 2937 5823 Apostolum
2956 5759 3020 5813 de
3036 5752 3241 5832 jejunio
3262 5759 3450 5818 dixisse
