4014 6200
577 337 684 396 495

1609 333 1892 390 JUANNIS
1931 331 2246 390 CASSIANI
2286 330 2780 390 COLLATIONES.

3726 336 3826 395 496

578 458 646 513 ad
675 457 936 510 modicum
962 456 1100 508 utilis
1125 463 1232 521 est;
1264 454 1426 524 pietas
1455 462 1646 520 autent,
1678 471 1797 524 qua:
1848 455 1964 509 sine
1996 453 2162 509 dubio
2189 457 2241 518 Α
2266 462 2464 523 gnante
2501 454 2737 508 cessabit
2768 469 2782 506 :
2814 467 2936 506 cum
2978 451 3088 520 jam
3144 469 3248 506 non
3289 451 3458 506 fuerit
3506 454 3827 523 intequalitas

586 552 821 606 cbaritas
849 548 1265 618 iutelligitur,ad
1292 547 1466 601 omnia
1485 547 1628 601 utilis
1655 558 1746 611 est,
1772 549 2166 618 promissionem

580 641 773 696 habens
794 641 911 694 vita:
933 655 1050 711 quia
1072 656 1206 692 nunc
1229 648 1322 702 est,
1355 649 1400 692 et
1423 642 1613 710 futura:
1642 638 1685 711 (l
1709 638 1894 692 Timot.
1914 640 2012 710 tv).
2035 640 2164 706 Qua:

584 749 716 802 ergo
743 733 937 786 dicitur
967 732 1032 785 ad
1059 729 1328 785 modicum
1348 745 1469 786 esse
1497 730 1664 795 utilis,
1712 729 1993 787 manifeste
2043 747 2167 798 pro-

590 826 865 880 nuntiatur
896 839 997 879 nec
1019 839 1114 894 per
1140 837 1302 877 omne
1332 831 1542 891 tempus
1571 823 1837 886 exerceri,
1883 838 1984 877 nec
2013 837 2167 877 sum-

588 933 732 972 mam
756 915 1139 985 perfectionem
1171 928 1266 984 per
1289 929 1349 968 se
1371 913 1538 967 solam
1562 913 1831 967 laboranti
1859 928 2017 982 posse
2038 928 2166 967 con-

591 1009 753 1066 ferre.
785 1008 1052 1064 Modicum
1077 1007 1277 1076 quippe
1297 1007 1365 1060 ad
1395 1016 1682 1075 utrumque
1728 1005 1917 1060 referri
1967 1014 2161 1073 potest,

583 1102 637 1156 id
664 1110 768 1166 est,
801 1101 886 1156 vel
909 1100 972 1154 ad
1002 1099 1332 1153 brevitatem
1367 1099 1801 1171 temporis,quod
1834 1098 2040 1154 scilicet
2071 1100 2166 1153 lto-

562 1194 716 1249 ‘mini
749 1201 854 1247 tam
883 1193 934 1246 in
961 1189 1214 1257 praesenti
1241 1204 1399 1259 quam
1424 1189 1476 1244 in
1508 1189 1686 1244 futuro
1701 1190 2020 1244 exercitatio
2043 1204 2168 1245 cor-

562 1279 788 1356 "poralis
813 1293 1085 1340 coaeterua
1111 1298 1232 1338 esse
1263 1297 1367 1335 non
1401 1283 1588 1351 possit,
1623 1282 1704 1336 vel
1724 1291 1871 1336 certe
1900 1283 1966 1336 ad
1991 1281 2167 1351 parvi-

569 1387 752 1445 ,tatem
775 1374 1026 1430 utilitatis
1053 1389 1171 1443 quae
1203 1372 1270 1428 de
1297 1373 1500 1427 carnali
1529 1372 1917 1426 exercitatione
1944 1372 2167 1439 conqui-

586 1470 741 1535 ritur,
785 1481 850 1521 eo
901 1464 1042 1534 quod
1098 1463 1319 1518 afﬂictio
1376 1462 1676 1532 corporalis
1725 1463 1874 1517 initia
1921 1464 2165 1531 quaedam

586 1558 878 1628 profectus,
902 1572 1008 1609 non
1039 1554 1207 1622 ipsam
1234 1554 1624 1624 perfectionem
1657 1553 1938 1607 cltaritatis
1972 1553 2164 1620 pariat,

584 1667 707 1722 qua:
754 1648 1168 1718 promissionem
1211 1645 1376 1700 habet
1403 1645 1524 1698 vitae
1556 1646 1839 1712 praesentis
1866 1654 1920 1699 et
1950 1644 2164 1699 futurae.

588 1744 657 1797 Et
678 1742 883 1795 idcirco
907 1738 1166 1793 exercitia
1199 1752 1420 1806 operum
1455 1736 1833 1805 praedictorum
1863 1737 2166 1792 necessaria

2270 558 2485 617 propter
2540 563 2698 616 quam
2751 547 2983 601 debeant
3013 547 3129 600 haec
3149 546 3420 613 exerceri,
3449 546 3548 600 sed
3571 550 3737 602 cuncti
3763 550 3825 603 ab

2269 638 2370 693 hac
2398 639 2703 706 multiplici,
2731 638 2782 691 id
2819 646 2926 702 est,
2953 637 3147 691 actuali
3177 637 3500 704 Operatioue
3522 637 3590 691 ad
3618 637 3826 693 charita-

2269 741 2373 785 tem
2405 730 2501 784 Dei
2529 740 2583 785 et
2604 729 2902 783 divinarum
2921 744 3098 784 rerum
3121 730 3637 797 contemplationem
3663 745 3827 798 perpe-

2269 829 2359 876 tua
2389 821 2570 876 cordis
2603 821 2834 888 puritate
2864 820 3195 886 transibunt;
3225 821 3308 874 cui
3337 834 3396 874 se
3424 820 3478 873 bi
3499 820 3694 890 quibus
3717 835 3831 874 cura

2267 921 2353 966 est
2398 911 2480 968 vel
2526 911 2766 967 scientia:
2811 912 2898 966 vel
2946 912 3141 966 mentis
3169 909 3542 966 emundatioui
3577 911 3830 974 insistere,

2263 1003 2373 1072 jam
2400 1005 2452 1057 in
2483 1002 2586 1059 hoc
2611 1003 2812 1058 saeculo
2834 1004 3136 1071 constituti,
3171 1004 3455 1074 elegerunt
3480 1004 3628 1059 omni
3652 1014 3838 1060 conatu

2265 1109 2330 1148 ac
2353 1093 2560 1149 viribus
2609 1095 2962 1162 mancipare;
3018 1095 3093 1149 illi
3133 1095 3337 1150 scilicet
3375 1095 3696 1163 semetipsos
3725 1095 3838 1149 ofti-

2269 1188 2356 1242 cio
2377 1186 2555 1242 adhuc
2585 1188 2637 1242 in
2669 1203 2831 1242 carne
2851 1187 3216 1256 corruptionis
3239 1189 3397 1257 positi
3425 1188 3763 1258 deputantes,
3787 1188 3838 1242 in

2267 1298 2375 1352 quo
2399 1290 2560 1336 erunt
2581 1281 2928 1351 corruptione
2945 1281 3214 1349 deposita,
3247 1281 3605 1350 permansuri,
3655 1297 3840 1350 perve-

2271 1373 2485 1429 nientes
2525 1373 2591 1426 ad
2623 1374 2769 1426 illam
2804 1373 3216 1440 promissionem
3272 1373 3483 1427 Domini
3528 1372 3840 1438 Salvatoris,

2268 1480 2371 1534 qua
2413 1463 2609 1520 dicitur
2647 1482 2658 1516 :
2691 1463 2838 1518 Beati
2859 1465 3052 1517 mundo
3080 1465 3255 1533 corde,
3285 1465 3529 1534 quoniam
3555 1465 3656 1536 ipsi
3683 1463 3842 1518 Deum

2272 1553 2514 1609 uidebunt
2545 1552 2758 1622 (Matth.
2791 1554 2866 1625 v).

2885 1644 3111 1700 CAPUT
3150 1646 3240 1700 XI.

2662 1738 2742 1793 De
2789 1737 3061 1792 cltaritatis
3108 1739 3460 1810 perpetuitate.

584 1848 704 1890 esse
730 1847 1034 1896 censemus,
1065 1831 1189 1900 quia
1230 1831 1347 1884 sine
1377 1829 1512 1899 ipsis
1557 1829 1624 1883 ad
1650 1828 1931 1883 charitatis
1959 1829 2167 1898 fastigia
2198 1828 2246 1888 B
2347 1832 2415 1887 Et
2436 1830 2564 1902 quid
2595 1830 2890 1899 miramini,
2924 1830 2969 1884 si
2999 1831 3087 1883 illa
3120 1829 3293 1884 officia
3323 1830 3573 1897 superius
3600 1845 3843 1904 compre-

584 1941 691 1981 non
723 1925 893 1994 possit
938 1922 1176 1977 ascendi.
1237 1921 1364 1976 Hmc
1398 1922 1559 1974 etiam
1591 1936 1709 1992 quae
1739 1920 1918 1976 dicitis
1950 1929 1976 1958 ι
2001 1936 2164 1990 Opera

585 2018 801 2089 pietatis
832 2031 893 2070 ac
922 2012 1308 2069 misericordiae
1330 2013 1631 2068 necessaria
1657 2023 1782 2066 sunt
1813 2015 1864 2068 in
1898 2013 1998 2067 hoc
2027 2023 2163 2068 tem-

586 2126 741 2183 pore,
793 2109 919 2164 dum
970 2107 1144 2162 adhuc
1189 2106 1465 2176 inaequalis
1495 2106 1780 2162 diversitas
1831 2106 2162 2176 dominatur,

586 2219 814 2274 quorum
846 2219 911 2258 ne
940 2202 1026 2256 hic
1056 2199 1274 2272 quidem
1318 2208 1722 2267 exspectaretur
1751 2201 2014 2268 operatio,
2064 2199 2168 2254 nisi

581 2300 823 2368 inopum,
871 2294 1227 2364 indigentium
1262 2293 1706 2361 infirmorumque
1759 2306 1883 2360 pars
1929 2291 2160 2347 maxima

581 2387 915 2444 redundaret
964 2401 979 2438 ι
1034 2384 1061 2422 δ
1102 2400 1220 2454 qua:
1274 2382 1555 2452 iniquitate
1588 2382 1860 2437 hominum
1895 2385 2031 2438 facta
2057 2393 2162 2445 est,

581 2495 767 2536 eorum
797 2478 1001 2533 scilicet
1027 2476 1114 2545 qui
1139 2491 1200 2529 ea
1224 2489 1345 2545 qua:
1367 2473 1624 2528 erunibus
1651 2490 1679 2528 a
1709 2477 1980 2530 communi
2010 2490 2164 2530 crea-

581 2585 700 2628 tore
741 2586 996 2627 concessa
1052 2580 1202 2636 sunt,
1237 2571 1289 2623 in
1313 2583 1440 2624 suos
1483 2577 1686 2623 tantum
1715 2577 1979 2638 occupant
2009 2583 2159 2636 usus,

580 2682 682 2720 nec
732 2673 908 2718 tamen
965 2662 1161 2717 utenda
1217 2669 1524 2717 tenuerunt.
1585 2663 1763 2716 Donec
1793 2678 1922 2731 ergo
1975 2663 2027 2716 in
2057 2662 2162 2718 hoc

582 2754 781 2812 mundo
810 2754 1150 2821 inaequalitas
1179 2753 1281 2807 i5ta
1309 2764 1605 2822 grassatur,
1637 2754 1736 2808 erit
1761 2753 1875 2808 lucc
1905 2755 2044 2809 actio
2068 2770 2162 2809 ne-

579 2845 813 2902 cessaria
843 2855 896 2900 et
925 2845 1071 2899 utilis
1095 2844 1369 2899 exercenti
1396 2862 1408 2897 :
1436 2847 1730 2900 restituens
1758 2845 1973 2912 quidem
2018 2843 2162 2900 bono

580 2936 793 2992 affectui
848 2946 903 2990 et
944 2937 1044 3004 pia:
1086 2935 1342 2990 voluntati
1375 2936 1786 2990 retributionem
1821 2936 2152 2991 lncreditatis

581 3040 817 3096 aeternae,
871 3030 983 3100 ipsa
1042 3043 1172 3083 vero
1230 3028 1282 3082 in
1333 3027 1512 3082 futuro
1543 3033 1743 3082 saeculo
1777 3029 2042 3096 parilitate
2074 3044 2160 3083 re-

2273 1923 2438 1979 bensa
2464 1923 2788 1988 transibunt,
2809 1937 2928 1974 cum
2963 1929 3180 1975 sanctus
3210 1920 3503 1991 Apostolus
3522 1923 3690 1977 etiam
3720 1927 3844 1980 sub-

2270 2015 2480 2070 limiora
2529 2013 2766 2082 Spiritus
2815 2013 2984 2067 sancti
3040 2011 3368 2066 charismata
3419 2014 3712 2068 transitura
3758 2017 3850 2071 de-

2271 2104 2491 2170 scribat,
2525 2105 2695 2158 solam
2739 2118 2868 2159 vero
2920 2103 3236 2158 charitatem
3285 2104 3534 2174 designet
3581 2109 3699 2162 sine
3747 2108 3848 2163 line

2273 2193 2618 2248 mansuram?
2651 2193 2794 2258 Siue,
2827 2194 3095 2262 inquiens,
3129 2204 3150 2232 ο
3201 2195 3482 2266 prop/retire
3527 2201 3846 2252 evacuabuno

2271 2296 2375 2355 tur,
2425 2290 2529 2342 sive
2572 2288 2761 2358 linguae
2797 2290 3093 2352 cessabunt,
3120 2288 3221 2341 sive
3249 2290 3468 2343 scientia
3493 2292 3777 2346 destruetur
3802 2293 3847 2363 (ἰ

2270 2377 2388 2434 Cor.
2424 2380 2562 2450 xm).
2599 2381 2676 2436 De
2707 2381 2806 2434 bac
2833 2389 3011 2435 autem
3047 2401 3059 2436 :
3091 2380 3331 2436 Charitas
3379 2401 3664 2454 numquam
3707 2384 3734 2424 ἀ
3764 2404 3848 2442 ea:-

2267 2473 2402 2527 cidet
2433 2471 2634 2544 (ibid.).
2665 2473 2856 2528 Omnia
2889 2489 3119 2543 namque
3146 2474 3284 2528 dona
3316 2491 3410 2544 pro
3443 2493 3541 2531 usu
3567 2494 3628 2533 ac
3659 2495 3846 2536 neces-

2269 2566 2431 2620 sitate
2473 2565 2780 2618 tribuuntur
2833 2563 3001 2637 [Lips.
3032 2565 3085 2618 in
3113 2581 3275 2633 marg.
3313 2565 3731 2642 distribuuntur]
3784 2572 3850 2627 ad

2273 2669 2503 2726 tempus,
2527 2670 2900 2712 consummata
2919 2657 3324 2726 disliensatione
3352 2676 3474 2716 mox
3498 2664 3854 2731 proculdubio

2273 2753 2588 2807 transitura.
2615 2752 2864 2806 Charitas
2890 2767 3022 2809 vero
3052 2754 3198 2807 nullo
3221 2755 3586 2824 intercipietur
3630 2767 3855 2829 tempo-

2268 2862 2329 2902 re
2361 2864 2374 2898 :
2403 2861 2508 2899 non
2537 2845 2712 2900 solum
2739 2847 2880 2898 enim
2911 2843 2966 2898 in
2992 2850 3238 2912 prmsenti
3269 2847 3465 2902 mundo
3486 2849 3688 2904 utiliter
3715 2867 3855 2921 ope-

2268 2949 2419 2992 ratur
2444 2938 2495 2992 in
2527 2936 2813 3002 nobis,sed
2841 2936 3003 2990 etiam
3039 2937 3090 2990 in
3124 2938 3302 2993 futuro
3329 2941 3537 2994 sarcina
3570 2956 3852 3010 corporea:

2271 3028 2608 3084 necessitatis
2638 3027 2867 3095 abiecta,
2890 3027 3166 3082 efficacior
3196 3029 3366 3084 multo
3396 3039 3557 3102 atque
3585 3035 3852 3090 excellen-

1643 3162 1904 3218 ALARDI
1941 3161 2176 3219 ΟΑΖίΕΙ
2214 3158 2778 3218 COMMENTARIUS.

581 3285 774 3351 ferunt,
807 3281 893 3352 sed
924 3278 1150 3352 profecto
1170 3287 1338 3352 errant
1371 3293 1388 3352 ς
1416 3294 1578 3352 neque
1601 3279 1735 3352 enim
1765 3287 1843 3352 est
1870 3280 2153 3352 corporalis
2183 3281 2228 3344 C
2260 3282 2380 3352 quia
2410 3281 2663 3336 nimirum
2696 3297 2790 3345 per
2816 3282 3151 3352 iniquitatem
3204 3282 3317 3338 sive
3359 3284 3712 3350 cupiditatem
3749 3290 3847 3343 ho-

580 3347 877 3406 exercitatio
892 3351 1175 3422 jejunium,
1197 3351 1284 3401 sed
1305 3348 1611 3422 spiritualis.
1642 3347 1784 3422 Nam,
1801 3351 1846 3422 si
1871 3351 2155 3422 corporalis

580 3431 730 3485 esset,
760 3419 954 3489 corpus
978 3420 1147 3489 utique
1177 3420 1427 3484 nutriret;
1451 3434 1730 3489 nuncgvero
1769 3419 1900 3472 illud
1932 3419 2158 3475 macerat

579 3503 626 3545 et
648 3487 906 3545 extenuat.
940 3487 1072 3544 Hzec‘
1111 3488 1548 3560 Cbrysostomus.
1583 3487 1835 3557 lntelligit
1867 3506 1996 3543 Vero
2043 3492 2158 3553 ipse

581 3565 649 3618 de
677 3563 1066 3617 exercitatione
1120 3561 1466 3626 athletarum,
1495 3575 1617 3628 qua:
1662 3560 1719 3614 fit
1773 3575 1956 3622 cursu,
1993 3560 2156 3626 lucta,

581 3635 893 3704 pugnis,vel
917 3631 1024 3686 alio
1053 3631 1316 3704 modo,ad
1344 3646 1500 3696 quam
1526 3631 1838 3704 frequenter
1853 3635 1990 3686 solet
2022 3635 2159 3700 Apo-

580 3705 751 3758 stolus
790 3704 1054 3765 alludere,
1081 3715 1132 3755 et
1160 3703 1227 3754 ab
1253 3716 1315 3754 ea
1346 3703 1779 3768 comparationes
1809 3717 2044 3762 sumere.
2099 3711 2159 3756 ut

578 3785 724 3844 patet
757 3773 772 3826 I
803 3774 928 3844 Cor.
959 3789 1034 3836 ιχ,
1067 3773 1257 3840 Philip.
1285 3787 1366 3835 ut,
1410 3772 1455 3826 ll
1494 3772 1637 3826 'I‘iot.
1671 3787 1730 3827 ιι.
1765 3773 1889 3827 Ηωο
1914 3774 2059 3830 enim
2091 3773 2162 3826 ad

581 3846 863 3914 modicum,
893 3843 943 3896 id
967 3852 1066 3904 est,
1100 3858 1283 3909 parum
1316 3844 1458 3914 utilis
1485 3853 1585 3910 est,
1610 3844 1734 3914 quia
1763 3853 1968 3898 tantum
2013 3845 2158 3898 utilis

579 3914 646 3967 ad
677 3913 920 3981 corporis
947 3918 1234 3967 sanitatem
1263 3926 1316 3966 et
1351 3913 1538 3966 robur.

568 4004 588 4020 ο
655 3993 681 4020 ιι
712 3984 790 4037 Ad
815 3982 1060 4036 eumdem
1091 3986 1304 4035 modum
1334 3983 1396 4034 D.
1425 3982 1751 4050 Augustinus
1772 3998 1935 4036 serm.
1966 3984 2057 4047 27,
2089 3983 2158 4038 de

580 4054 774 4108 Verbis
803 4053 1012 4107 Domini
1043 4070 1054 4103 :
1081 4051 1440 4116 Attendamus,
1465 4053 1653 4120 inquit,
1672 4055 2036 4116 occupationes
2066 4070 2158 4106 no-

579 4136 712 4178 stras
735 4125 870 4175 circa
896 4123 1076 4174 multa.
1101 4119 1457 4193 Necessarium
1480 4119 1550 4193 est
1572 4123 1916 4193 ministerium
1943 4137 2160 4193 corpora

581 4195 853 4262 refectui-is
887 4207 904 4244 :
925 4207 1082 4258 quare
1103 4191 1238 4262 hoc_?
1257 4192 1380 4262 quia
1409 4192 1651 4244 esuritur.
1676 4191 2040 4245 Misericordia
2057 4195 2156 4246 mi.

580 4258 706 4315 seris
737 4263 1023 4332 necessaria
1049 4258 1401 4332 est.A_F_r_angis
1428 4276 1608 4329 partem
1631 4262 1897 4324 esurienti,
1929 4264 2051 4332 quia
2078 4265 2159 4318 itt-

583 4333 762 4403 uenisti
788 4331 1108 4403 esurientem.
1144 4328 1292 4384 Tolle
1328 4328 1545 4403 fantem,
1577 4333 1660 4403 cui
1709 4332 1904 4403 frangis
1931 4328 2160 4403 partem?

581 4401 731 4456 Tolle
759 4400 1240 4470 peregrinationem,
1255 4404 1336 4453 cui
1357 4400 1560 4453 exhibes
1573 4400 2012 4463 hospitalitatem?
2033 4403 2158 4458 Tol-

580 4473 629 4526 le
659 4470 1067 4544 nuditatcm,c_ni
1096 4485 1357 4544 prmparas
1377 4472 1610 4544 _re_stem?
1640 4471 1757 4525 Non
1778 4475 1843 4526 sit
1869 4475 2153 4544 (egritudo,

581 4558 729 4611 quem
758 4542 931 4594 visitas
953 4543 976 4594 ?
1002 4539 1121 4593 Non
1152 4543 1215 4593 sit
1250 4540 1538 4611 captiuitas,
1571 4558 1723 4609 quem
1762 4539 2010 4598 re't'irttis?
2036 4545 2157 4600 Non

580 4609 647 4683 sit
670 4612 806 4675 rima,
837 4628 989 4676 quem
1014 4609 1474 4683 concordasiNon
1501 4613 1566 4663 sit
1595 4629 1753 4676 mors,
1773 4630 1922 4683 quem
1947 4618 2160 4682 sepelis?

582 4681 650 4736 In
680 4682 773 4754 illo
797 4683 970 4754 futuro
999 4681 1187 4754 διεσαζο
1209 4697 1312 4734 non
1337 4683 1602 4754 eruntista
1623 4681 1915 4754 mala,ergo
1941 4681 2030 4737 nec
2056 4688 2157 4741 ista

584 4753 890 4806 ministeria.
919 4752 973 4805 ln
1004 4751 1247 4806 eamdem
1271 4752 1589 4805 sententiam
1613 4751 1941 4807 scribunt'D.
1974 4755 2159 4811 Hiero-

582 4838 781 4892 nymus
805 4823 859 4876 in
884 4838 1003 4892 cap.
1027 4837 1085 4876 ut
1106 4821 1347 4876 Lament.
1382 4822 1758 4885 Hieremize,et
1785 4822 2077 4894 Gregorius
2103 4843 2156 4881 νι

582 4894 771 4948 Moral.
800 4909 920 4962 cap.
948 4895 1042 4948 28.

653 4963 681 5003 ι)
715 4964 830 5018 Non
861 4961 927 5017 ita
953 4961 1321 5031 accipiendum
1345 4963 1495 5031 quasi
1518 4963 1873 5021 dominiorum
1899 4977 1950 5019 et
1974 4982 2152 5022 rerum

579 5036 796 5100 divisio,
829 5044 882 5089 et
912 5034 1188 5088 hominum
1239 5034 1376 5089 inter
1423 5048 1482 5088 se
1507 5036 1838 5104 inaequalitas
1873 5037 2053 5092 illicita
2087 5042 2157 5094 sit

580 5115 637 5162 et
687 5109 888 5175 iniqua,
945 5105 1039 5160 sed
1071 5105 1196 5174 quia
1241 5104 1549 5176 frequenter
1577 5121 1640 5160 ex
1671 5107 1723 5159 vi
1751 5116 1804 5161 et
1833 5107 2029 5176 injuria
2062 5124 2156 5171 po-

581 5186 787 5232 tentmn
818 5192 879 5230 ac
903 5177 1132 5230 divitum
1170 5176 1407 5244 sequitur
1437 5175 1650 5230 miseria
1680 5186 1733 5230 et
1779 5175 1991 5246 egeStas
2039 5180 2156 5232 ino-

577 5265 707 5312 pum
735 5259 790 5302 et
822 5262 1135 5316 pauperum.
1164 5260 1483 5315 quamquam
1515 5251 1676 5300 etiam
1705 5246 1906 5316 absque
1958 5265 2151 5315 pecca-

579 5329 669 5385 to,
726 5329 782 5372 ut
831 5328 1017 5370 notum
1050 5325 1171 5383 est,
1201 5332 1265 5369 ex
1314 5317 1602 5370 infortunio
1646 5318 1726 5368 vel
1772 5332 1897 5370 casu
1933 5319 2150 5374 fortuito

578 5403 724 5457 saepe
754 5390 1051 5456 contingat,
1079 5387 1162 5457 vel
1190 5386 1314 5456 quia
1343 5401 1408 5440 ex
1439 5397 1658 5457 peccato
1682 5396 1881 5457 ortum,
1914 5403 2008 5441 seu
2059 5405 2142 5442 oc-

578 5455 851 5512 casionem
880 5455 1064 5512 habuit
1090 5455 1403 5510 hasc’rerum
1431 5456 1624 5509 divisio
1672 5455 1757 5525 (S.
1809 5455 1989 5510 Thom.
2019 5458 2142 5524 2-2,

577 5545 630 5592 q.
651 5528 740 5590 66,
755 5545 806 5580 a.
837 5531 864 5581 1
886 5537 935 5581 et
959 5526 1037 5598 2).
1058 5525 1210 5598 Unde
1235 5526 1287 5579 in
1300 5541 1427 5598 cap.
1455 5525 1835 5587 Dilectissimis,
1852 5529 1988 5598 apud
2011 5530 2147 5583 Gra-

579 5599 782 5651 tianum
808 5613 908 5661 xu,
940 5595 1006 5666 (ι.⁷
1031 5599 1081 5662 1,
1113 5597 1241 5649 dicit
1286 5595 1535 5652 Clemens
1580 5612 1784 5662 primus
1818 5596 2146 5653 :Communis

578 5683 702 5719 usus
728 5670 954 5719 omnium
973 5681 1087 5735 qute
1115 5675 1234 5719 sunt
1254 5667 1309 5718 in
1339 5668 1434 5720 hoc
1456 5668 1644 5720 mundo
1669 5669 1901 5721 omnibus
1920 5685 2030 5723 esse
2055 5671 2145 5724 de-

580 5736 721 5796 buit;
770 5735 859 5804 sed
893 5751 983 5798 per
1030 5735 1351 5804 iniquitatem
1382 5737 1518 5788 alius
1548 5738 1680 5790 dixit
1708 5737 1802 5790 hoc
1831 5754 1939 5793 esse
1971 5756 2143 5804 suum,

575 5813 624 5855 et
651 5804 785 5855 alius
811 5803 948 5855 istud
977 5819 994 5855 .'
1025 5813 1070 5854 et
1102 5803 1173 5855 sic
1204 5805 1336 5857 inter
1365 5805 1606 5860 mortales
1638 5807 1779 5872 [acta
1810 5819 1884 5862 est
1936 5803 2143 5869 divisio.

2184 4659 2238 4720 D

2263 3351 2466 3404 minmn
2495 3353 2618 3406 data
2641 3363 2720 3407 est
2752 3355 2967 3406 occasio
2994 3367 3090 3406 cur
3122 3362 3265 3409 recta
3298 3357 3434 3406 ratio
3460 3356 3716 3421 judicarit
3770 3361 3851 3413 fa-

2263 3422 2514 3475 ciendam
2544 3438 2665 3476 esse
2689 3423 3029 3484 divisionem,
3063 3439 3185 3478 cum
3207 3433 3333 3478 ante
3354 3436 3634 3495 peccatum
3660 3432 3852 3486 omnia

2259 3498 2782 3547 esstentcommunia.

2335 3575 2356 3602 ο
2381 3563 3106 3638 Prophetire-evacuahnntur
3135 3567 3186 3618 in
3221 3564 3411 3632 patria,
3441 3568 3565 3638 quia
3613 3571 3850 3638 prophe-

2263 3634 2368 3687 liCI
2399 3635 2632 3703 cognitio
2652 3634 2882 3688 obscura
2907 3648 2987 3687 est
3010 3645 3064 3688 et
3089 3639 3444 3704 arnigmatlca.
3464 3634 3682 3693 Undeet
3701 3634 3854 3696 com-

2261 3715 2480 3782 paratur
2529 3707 2756 3782 lucernae
2799 3707 2986 3758 lucenti
3031 3706 3086 3757 in
3138 3709 3425 3782 caliginoso
3462 3707 3598 3762 loco.
3633 3710 3855 3782 Lingute

2264 3776 2553 3837 cessabunt,
2587 3791 2690 3828 non
2724 3776 2918 3841 linguae
2947 3791 3223 3844 corporeae
3244 3776 3546 3843 beatorum,
3593 3797 3714 3842 quze
3735 3776 3854 3837 'non

2259 3846 2525 3899 cessabunt
2553 3847 2758 3899 assidue
2775 3845 2991 3900 laudare
3019 3863 3201 3900 nomen
3225 3861 3458 3902 sanctum
3477 3849 3728 3915 Domini;
3755 3855 3852 3907 sed

2261 3915 2458 3987 donum
2516 3917 2836 3985 linguarum,
2897 3933 3004 3981 quo
3031 3918 3234 3972 scilicet
3277 3921 3442 3987 aliqui
3474 3920 3526 3974 in
3575 3923 3852 3987 primitiva

2261 3985 2501 4040 Ecclesia
2525 3987 2687 4040 variis
2715 3987 2910 4050 linguis
2943 3987 3315 4057 loquebantur.
3357 3985 3539 4045 Actor.
3577 3985 3636 4045 ιι.
3673 3993 3730 4047 In
3767 3993 3856 4048 fu-

2263 4065 2381 4109 tura
2405 4060 2548 4111 enim
2577 4057 2680 4109 vita
2710 4058 2933 4129 quilibet
2953 4069 3006 4110 et
3036 4059 3326 4126 quamlibet
3375 4061 3611 4129 linguam
3645 4063 3854 4119 intelli-

2260 4135 2388 4204 get:
2421 4129 2559 4204 unde
2583 4142 2688 4181 non
2711 4128 2812 4180 erit
2843 4130 3407 4204 necessariutnsariis
3450 4128 3644 4196 linguis
3677 4134 3851 4204 loqui.

2263 4195 2493 4267 Scientia
2515 4199 2827 4262 destruetur,
2853 4214 2956 4251 non
2988 4214 3097 4267 quo
3126 4202 3191 4252 ad
3221 4199 3459 4253 habitum
3493 4195 3587 4256 aut
3613 4218 3705 4257 res
3747 4195 3852 4258 co-

2259 4266 2604 4342 gnitas,_sed
2656 4283 2764 4342 quo
2813 4269 2878 4321 ad
2931 4266 3108 4342 actum
3133 4282 3183 4323 et
3213 4269 3427 4324 modum
3479 4278 3853 4342 cognoscendi

2263 4335 2422 4402 hujus
2443 4335 2587 4398 vita},
2613 4340 2702 4406 qui
2729 4347 2810 4392 est
2831 4354 2927 4407 per
2949 4340 3156 4406 species
3186 4358 3214 4392 a
3239 4335 3703 4405 pltantasmaitbus
3731 4347 3853 4401 abs-

2260 4413 2462 4486 tractas
2493 4425 2507 4462 :
2534 4409 2623 4487 qui
2655 4410 3260 4487 modus_nnn_eongrnit
3283 4413 3406 4487 vitze
3433 4412 3644 4467 futura}.
3665 4420 3853 4487 Atque

2263 4476 2334 4552 ita
2375 4481 2662 4552 exponitur
2685 4479 2793 4552 illa
2825 4482 2930 4531 divi
2984 4476 3295 4552 Hieronymi
3328 4484 3526 4550 vulgata
3559 4476 3852 4544 Sententia

2263 4545 2332 4622 in
2363 4549 2591 4622 epistola
2632 4550 2695 4602 ad
2749 4551 3046 4617 Paulinum,
3081 4545 3204 4618 qnai
3245 4545 3435 4606 Bihliis
3457 4554 3767 4622 prmligitur
3834 4577 3849 4613 :

2262 4613 2794 4696 Discantusinuterris
2817 4613 3043 4696 quorum.
3065 4613 3280 4676 scientia
3310 4613 3569 4676 nobiscum
3599 4613 3848 4696 perseve-

2262 4689 2413 4762 ret_i_n
2437 4692 2593 4762 caelis.
2623 4690 2861 4745 Scientia
2887 4692 3029 4744 cnim
3063 4708 3240 4746 rerum
3276 4689 3612 4762 cogmtaruni
3664 4714 3849 4754 rema-

2262 4758 2413 4833 nebit
2438 4761 2488 4833 in
2517 4760 2706 4833 beatis,
2731 4763 2832 4833 sed
2863 4763 3206 4833 critalterius
3230 4758 3446 4833 generis
3495 4775 3551 4819 et
3605 4769 3754 4833 modi
3817 4787 3846 4823 a

2258 4829 2482 4904 scientia
2509 4831 2666 4897 hujus
2695 4831 2814 4904 vitae
2843 4832 2932 4899 (S.
2970 4831 3152 4885 Thom.
3176 4829 3293 4897 l52,
3319 4851 3371 4904 q.
3403 4835 3495 4903 89,
3524 4852 3576 4889 α.
3609 4829 3642 4892 3
3671 4840 3750 4892 ad
3784 4842 3804 4894 l
3829 4857 3844 4904 ;

2265 4895 2455 4974 Magis.
2483 4895 2697 4974 sentem.
2727 4901 2816 4955 lib.
2843 4895 2920 4961 tu.
2950 4905 3072 4974 dist.
3113 4905 3226 4974 ⁸51).

2330 4968 2353 5003 ά
2381 4973 2654 5035 Ἐκπίπτει,
2675 4975 2888 5038 excidit,
2906 4986 2958 5025 ut
2991 4968 3194 5026 habent
3216 4975 3457 5044 plerique
3480 4977 3718 5032 codices.
3755 4981 3850 5034 Di-

2256 5037 2868 5119 citurautenrcharitas
2910 5059 3197 5119 numquam
3216 5037 3504 5119 't-scitlere,
3539 5064 3644 5100 non
3694 5055 3846 5119 quod

2255 5115 2422 5182 semel
2447 5113 2621 5166 amitti
2647 5122 2894 5181 nequeat.
2925 5124 2983 5166 ut
3006 5114 3242 5167 haeretici
3264 5113 3728 5182 interpretantur,
3745 5125 3848 5176 scd

2261 5181 2690 5259 quiapcrtnanet
2716 5187 2764 5236 in
2795 5184 2994 5259 beatis:
3014 5199 3133 5237 cum
3155 5185 3308 5259 ﬁdes,
3339 5199 3392 5239 et
3413 5181 3536 5255 spes
3560 5192 3848 5259 multaque

2261 5251 2364 5302 alia
2393 5252 2812 5324 Spiritussancti
2834 5253 3153 5307 charismata
3185 5255 3254 5308 ab
3287 5251 3546 5324 Apostolo
3567 5251 3846 5316 reCens'ita

2257 5331 2603 5392 evacuentur.
2636 5323 2790 5378 Unde
2818 5338 3007 5377 sensus
3051 5325 3295 5392 Apustoli
3321 5323 3425 5389 est,
3459 5329 3534 5381 ait
3578 5328 3638 5382 S.
3688 5331 3845 5384 Tito-

2259 5404 2372 5442 mas
2408 5410 2419 5442 :
2456 5391 2692 5446 Charitas
2722 5410 2999 5459 numquam
3031 5391 3242 5456 excidit,
3284 5398 3408 5464 quia
3441 5397 3601 5452 sicuti
3645 5411 3738 5454 est
3791 5405 3847 5456 in

2255 5468 2396 5513 statu
2450 5466 2591 5526 vitae,
2644 5464 2720 5516 ita
2775 5465 3106 5529 permanebit
3135 5467 3185 5518 in
3210 5475 3351 5520 statu
3387 5469 3598 5534 patriae.
3633 5478 3692 5523 et
3715 5488 3845 5526 cum

2253 5543 2564 5598 augmento,
2613 5535 2906 5586 secundum
2949 5534 3077 5588 illud
3119 5534 3291 5589 Esaiae
3315 5552 3444 5592 xxx:
3487 5554 3502 5595 :
3547 5537 3699 5592 Dicit
3731 5541 3848 5595 Do—

2255 5603 2439 5678 minus,
2484 5605 2629 5670 cujus
2658 5604 2788 5678 ignis
2811 5613 2883 5678 est
2911 5604 2973 5678 in_
2994 5604 3145 5678 Sion,
3175 5605 3226 5658 id
3250 5617 3353 5672 est,
3379 5609 3430 5660 iu
3461 5608 3714 5664 Ecclesia
3744 5616 3847 5665 mi-

2255 5672 2462 5752 litatutc,
2493 5684 2538 5726 et
2565 5674 2794 5752 caminus
2821 5674 2930 5740 ejus
2958 5673 3009 5726 in
3035 5674 3385 5743 Hierusalem,
3411 5678 3463 5734 id
3487 5681 3669 5747 est,in
3706 5698 3850 5752 pace

2253 5739 2489 5798 ccelestis
2520 5745 2727 5811 patriae.
