4014 6200
139 260 255 316 497

872 258 1209 315 COLLATIO
1247 260 1289 316 I.
1320 289 1392 301 —-
1422 259 1513 315 DE
1554 260 1863 317 ΜΟΝΑοΗί
1905 260 2319 317 INTENTIONE
2385 260 2471 317 AC
2511 261 2694 320 FINE.

3334 274 3441 331 ‘98

140 380 252 431 tinr
285 378 650 448 permanebit,
677 380 825 434 nullo
851 395 1100 448 umquam
1127 381 1512 448 corrumpenda
1566 379 1735 435 defe-
1766 386 1814 442 A
1842 380 1932 450 qui
1965 381 2019 435 in
2042 380 2396 450 injustitia,et
2421 380 2715 449 discordia,
2735 393 2790 438 et
2817 385 3030 439 tristitia
3053 398 3279 443 mortem
3303 406 3433 459 ope-

136 484 259 536 ctu,
289 473 384 527 sed
437 489 534 541 per
563 476 1017 537 incorruptionem
1073 484 1376 544 perpetuam
1424 474 1737 544 ﬂagrantius

142 566 284 628 Deo,
324 578 489 635 atque
516 566 772 621 intentius
805 560 1114 620 adhaesura.

760 676 983 732 CAPUT
1024 676 1137 730 XII.

264 771 614 841 Interrogatio
639 770 701 823 de
723 771 1096 837 perseverantia
1120 770 1374 839 spiritalis
1402 768 1626 822 tlteoritc.

221 883 558 938 Germanus:
578 883 705 949 Quis
737 897 866 951 ergo
900 890 1095 949 potest,
1127 880 1299 951 fragili
1322 895 1484 935 carne
1512 880 1739 934 circum-

133 975 336 1041 datus,
371 976 438 1029 ita
465 990 583 1029 esse
615 974 739 1028 huic
772 976 993 1028 theoriae
1018 990 1231 1041 semper
1259 974 1476 1039 affixus,
1503 982 1562 1026 ut
1590 988 1742 1026 num-

130 1083 313 1136 quam
338 1069 535 1137 cogitet
561 1066 628 1119 de
658 1066 839 1119 fratris
883 1066 1141 1133 adventu,
1168 1068 1237 1122 de
1259 1065 1571 1120 visitatione
1592 1064 1742 1118 infir-

133 1162 243 1224 mi,
275 1161 346 1213 de
378 1176 543 1227 opere
569 1175 840 1222 manuum,
875 1160 958 1212 vel
992 1172 1140 1213 certe
1166 1159 1233 1213 de
1263 1158 1618 1223 humanitate,
1654 1156 1740 1211 vel

136 1250 477 1320 peregrinis,
509 1252 587 1303 vel
644 1249 1052 1303 adveniemibm
1085 1249 1428 1303 exhibenda?
1463 1249 1741 1302 Postremo

132 1344 273 1412 quis
299 1359 404 1397 non
436 1342 806 1410 interpellatur
838 1342 1086 1410 corporis
1118 1342 1284 1410 ipsius
1320 1342 1630 1409 provisione
1658 1338 1741 1393 vel

134 1435 317 1488 cura?
346 1446 434 1488 aut
464 1436 916 1500 quemadmodum
941 1450 1115 1499 mens,
1148 1436 1231 1489 vel
1270 1435 1322 1487 in
1350 1450 1456 1503 quo
1489 1433 1566 1486 illi
1610 1432 1742 1486 invi-

135 1525 293 1581 sibili
321 1536 375 1578 et
405 1526 933 1595 incomprehensibili
961 1527 1069 1580 Deo
1100 1529 1275 1581 valeat
1307 1525 1740 1595 inseparabiliter

134 1618 453 1682 cohaerere,
486 1617 736 1685 cupimus
753 1617 989 1671 edoceri.

742 1728 971 1785 CAPU'l’
1012 1728 1148 1784 XIII.

140 1841 439 1913 Responsio
470 1840 532 1895 de
565 1841 840 1895 directione
864 1844 1031 1895 cordis
1061 1843 1110 1894 in
1141 1842 1331 1906 Deum,
1369 1849 1416 1895 et
1462 1841 1526 1895 de
1574 1857 1735 1913 regno

725 1913 821 1965 Dei
861 1922 906 1965 et
948 1912 1161 1967 diaboli.

214 2029 435 2100 Moyses
461 2046 473 2083 :
502 2029 771 2083 lnhaerere
801 2028 1018 2098 quidem
1051 2028 1159 2082 Deo
1178 2028 1380 2098 jugiter
1400 2038 1455 2084 et
1493 2037 1737 2085 contem-

147 2121 373 2190 plationi
400 2121 539 2190 ejus,
571 2121 1021 2189 quemadmodum
1054 2122 1250 2186 dicitis,
1299 2122 1736 2190 inseparabiliter

148 2214 411 2283 c0pulari,
432 2213 765 2282 impossibile
788 2226 867 2268 est
890 2212 1095 2268 homini
1120 2213 1222 2266 ista
1246 2216 1422 2268 carnis
1451 2213 1736 2282 fragilitate

148 2305 505 2361 circumdato.
533 2305 723 2361 Verum
754 2316 966 2374 OpOI‘lt'l.
993 2322 1091 2361 nos
1123 2310 1266 2361 scire
1294 2308 1384 2362 ubi
1415 2308 1610 2362 metuis
1639 2322 1734 2362 no-

145 2409 279 2453 stras
306 2400 656 2453 intentionem
704 2399 998 2454 debeamus
1043 2400 1246 2456 habere
1275 2401 1529 2466 deﬁxam,
1562 2410 1617 2456 et
1663 2402 1733 2457 ad

144 2507 309 2563 quam
340 2492 752 2547 destinationem
783 2508 997 2563 semper
1036 2496 1229 2549 anima:
1277 2506 1480 2548 nos1rae
1508 2509 1732 2550 revoce-

146 2599 267 2638 mus
311 2584 565 2639 intuitum
617 2601 632 2641 :
680 2601 836 2654 quam
868 2601 992 2640 cum
1029 2586 1260 2653 potuerit
1286 2586 1531 2641 obtinere
1558 2602 1731 2651 mens,

145 2678 399 2746 gaudeat,
433 2686 487 2731 et
513 2694 542 2731 a
580 2694 683 2747 qua
729 2680 1043 2732 distractam
1073 2693 1131 2734 se
1157 2679 1337 2735 doleat
1364 2691 1525 2749 atque
1558 2680 1734 2749 suspi—

145 2778 260 2835 ret;
314 2772 581 2839 totiesque
628 2784 689 2823 se
737 2785 767 2824 a
814 2786 1026 2825 summo
1056 2771 1198 2824 bono
1227 2771 1423 2825 sentiat
1451 2772 1729 2837 recidisse,

144 2864 359 2932 quoties
386 2878 445 2917 se
475 2862 544 2916 ab
576 2862 670 2916 illo
710 2862 903 2917 intuitu
948 2862 1367 2931 deprehenderit
1386 2874 1685 2935 separatam
1715 2882 1727 2917 :

143 2952 560 3009 fornicationem
581 2954 825 3023 judicans
852 2956 939 3009 vel
972 2966 1410 3010 momentaneum
1456 2972 1486 3008 a
1533 2955 1732 3010 Christi

142 3048 604 3114 contemplatione
633 3047 958 3103 discessum.
1008 3048 1054 3103 A
1103 3063 1209 3118 quo
1260 3064 1381 3102 cum
1432 3047 1730 3102 devisverit

1844 484 2020 539 ranle,
2068 484 2378 538 versantur,
2411 474 2464 528 in
2523 489 2694 545 regno
2744 475 2941 531 diaboli
2974 488 3027 532 et
3056 480 3108 532 in
3134 478 3344 533 inferno
3375 498 3436 536 ac

1844 574 2017 619 morte
2058 574 2181 618 sunt
2217 565 2521 619 constituti.
2562 565 2657 621 His
2700 568 2841 621 enim
2871 568 3083 624 indiciis
3108 570 3191 624 vel
3225 570 3315 625 Dei
3346 573 3434 627 vel

1844 659 2045 713 diaboli
2088 673 2318 727 regnum
2367 657 2719 714 discernitur.
2774 661 2839 716 Et
2882 676 3072 716 revera
3122 663 3167 717 si
3216 663 3437 717 sublimi

1845 749 2045 806 mentis
2079 751 2270 804 intuitu
2298 752 2708 807 consideremus
2732 763 2931 807 statum
2956 754 3103 809 illum
3130 756 3183 809 in
3209 772 3317 826 quo
3343 757 3438 813 de-

1842 849 1977 912 gunt
2005 841 2262 896 cmlestes
2290 856 2650 911 superumque
2677 844 2930 907 virtutes,
2957 861 3076 913 qum
3102 862 3232 902 vere
3262 848 3315 903 in
3340 864 3437 903 re-

1842 949 1949 1001 gno
1976 932 2071 987 Dei
2116 942 2282 999 sunt,
2314 934 2436 1003 quis
2462 943 2636 989 status
2670 935 2809 990 alius
2852 952 2973 991 esse
3012 938 3316 995 credendus
3349 950 3436 997 est

1843 1040 2001 1095 quam
2032 1033 2285 1093 perpetua
2313 1024 2563 1095 jngisque
2592 1025 2815 1081 laetitia?
2844 1027 2983 1093 Quid
3006 1029 3148 1083 enim
3176 1039 3282 1085 tam
3309 1046 3434 1099 pro-

1844 1116 2021 1184 prium
2048 1129 2195 1169 vera:
2228 1114 2548 1169 beatitudini
2577 1155 2592 1180 ,
2621 1126 2835 1186 tamque
2874 1119 3205 1173 conveniens
3226 1160 3241 1184 ,
3272 1135 3432 1187 quam

1843 1206 2204 1276 tranquillitas
2230 1205 2379 1275 jugis
2424 1215 2477 1259 et
2504 1206 2754 1275 gaudium
2805 1207 3233 1277 sempiternum?
3264 1209 3332 1264 Et
3374 1218 3435 1265 ut

1845 1300 1949 1354 hoc
1978 1299 2151 1367 ipsum
2184 1299 2324 1368 quod
2360 1297 2612 1363 dicimus,
2648 1300 2720 1353 ita
2774 1314 2917 1367 esse,
2950 1316 3056 1354 non
3089 1316 3211 1355 mea
3242 1302 3434 1372 conje-

1843 1402 2018 1453 ctura.
2051 1392 2147 1446 sed
2177 1392 2351 1461 ipsius
2381 1391 2592 1446 Domini
2619 1394 2940 1448 auctoritate
2966 1394 3169 1448 certius
3199 1395 3436 1449 instrua-

1843 1486 1941 1552 ris,
1976 1484 2101 1539 andi
2127 1501 2252 1539 eum
2280 1483 2593 1554 qualitatem
2626 1493 2897 1540 etstatum
2928 1486 3080 1556 regni
3113 1486 3253 1541 illius
3277 1502 3436 1556 aper-

1843 1579 2055 1633 tissime
2085 1578 2484 1633 describentem
2514 1594 2528 1630 :
2565 1577 2692 1634 Ecce
2713 1620 2727 1644 ,
2756 1578 2963 1649 inquit,
3006 1596 3099 1650 ego
3130 1596 3244 1634 creo
3281 1581 3434 1635 cwlos

1842 1686 2018 1735 novos,
2046 1681 2235 1724 terram
2259 1685 2463 1736 novam,
2496 1677 2545 1723 et
2568 1686 2673 1723 non
2701 1680 2853 1723 erunt
2880 1671 2933 1723 in
2957 1671 3202 1724 memoria
3233 1670 3435 1736 priora,

1768 1764 1816 1822 B
1844 1781 2006 1834 neque
2031 1763 2311 1816 ascenderit
2354 1779 2505 1830 super
2532 1779 2657 1827 cor;
2695 1763 2785 1817 sed
2809 1763 3102 1835 gaudebitis
3124 1771 3172 1816 et
3205 1763 3436 1817 exsulta-

1842 1855 1961 1908 bitis
1993 1870 2146 1923 usque
2174 1854 2228 1905 in
2258 1853 2625 1922 sempiternum
2655 1854 2705 1905 in
2753 1852 2834 1907 his
2860 1869 2973 1923 quas
3001 1870 3091 1924 ego
3133 1870 3247 1907 creo
3279 1852 3433 1925 (Ira.

1841 1947 1987 2017 va).
2019 1948 2085 2001 Et
2106 1962 2318 2001 rursum
2344 1963 2359 1997 ε
2386 1944 2651 1999 Gaudium
2675 1955 2720 1999 et
2743 1945 2928 2000 ltetitia
2956 1947 3243 2000 invenietur
3269 1947 3322 1999 in
3350 1962 3433 2011 ea,

1840 2044 2131 2111 gratiarum
2164 2042 2319 2102 actio,
2351 2048 2399 2094 et
2420 2055 2519 2093 vox
2539 2039 2734 2105 laudis,
2760 2052 2805 2094 et
2838 2042 2932 2093 erit
2958 2041 3143 2093 mensis
3162 2057 3224 2093 ea:
3241 2058 3433 2107 mense,

1840 2143 1885 2185 et
1912 2131 2180 2185 sabbatum
2210 2146 2274 2183 ea:
2315 2130 2530 2184 sabbato
2563 2127 2715 2200 (Isa.
2750 2131 2852 2197 LI).
2907 2130 2972 2183 Et
3012 2129 3208 2185 iterum
3245 2149 3256 2183 :
3291 2130 3435 2185 Gau-

1838 2226 1980 2279 dium
2026 2235 2073 2278 et
2117 2224 2353 2278 laetitiam
2390 2222 2694 2277 obtinebunt
2722 2264 2737 2287 ,
2765 2223 2926 2293 fugiet
2958 2222 3111 2275 dolor
3137 2232 3183 2275 et
3210 2224 3434 2293 gemitus

1841 2318 2128 2390 (Ibidem).
2163 2316 2230 2371 Et
2255 2317 2297 2371 si
2331 2316 2508 2371 adhuc
2547 2316 2748 2371 clarius
2783 2316 2850 2370 de
2893 2315 2983 2370 illa
3016 2315 3434 2372 conversatione

1838 2422 1890 2466 et
1941 2411 2162 2465 civitate
2211 2419 2523 2464 sanctorum
2574 2407 2740 2463 vultis
2788 2423 3123 2478 agnoscere,
3172 2407 3434 2463 attendite

1837 2520 1957 2573 quae
1988 2503 2056 2558 ad
2099 2503 2268 2573 ipsam
2316 2502 2618 2558 Jerusalem
2646 2515 2781 2555 voce
2825 2501 3040 2555 Domini
3082 2498 3431 2568 dirigantur:

1837 2593 1906 2647 Et
1934 2610 2143 2663 ponam.
2179 2594 2376 2662 inquit,
2402 2594 2751 2647 visitationem
2792 2600 2934 2645 tuam
2961 2606 3140 2657 pacem
3164 2635 3178 2657 ,
3222 2600 3269 2644 et
3301 2606 3435 2657 prat-

1835 2690 2029 2758 positos
2052 2698 2166 2740 tuos
2187 2686 2485 2759 justitiam;
2513 2702 2616 2739 non
2645 2685 2890 2739 audietur
2917 2685 3062 2737 ultra
3102 2684 3351 2753 iniquitas
3373 2684 3432 2738 in

1836 2789 1976 2833 terra
1999 2789 2110 2842 tua,
2143 2780 2359 2832 vastitas
2378 2788 2425 2832 et
2448 2779 2687 2831 contritio
2717 2779 2771 2830 in
2798 2779 3027 2831 terminis
3057 2778 3176 2840 tuis,
3201 2787 3250 2830 et
3277 2793 3433 2831 occu-

1836 2870 1975 2941 pabit
1998 2868 2144 2923 salus
2178 2884 2351 2921 muros
2381 2876 2498 2922 tuos
2519 2911 2534 2934 ,
2568 2878 2616 2921 et
2664 2878 2840 2939 portas
2871 2878 2984 2922 tuas
3012 2869 3267 2922 laudatio.
3304 2868 3430 2924 Non

1834 2962 1929 3015 erit
1952 2961 2045 3014 tibi
2076 2961 2302 3024 amplius
2328 2960 2409 3013 sol
2430 2960 2501 3013 ad
2532 2958 2809 3012 lucendum
2836 2976 2927 3029 per
2953 2960 3105 3022 diem,
3137 2976 3229 3013 nec
3252 2961 3430 3030 splen-

1834 3052 1930 3104 dor
1951 3050 2091 3106 luna:
2116 3050 2435 3104 illuminabit
2462 3059 2530 3111 te,
2556 3050 2648 3103 sed
2667 3050 2764 3102 erit
2796 3049 2887 3102 tibi
2908 3046 3163 3103 Dominus
3185 3052 3239 3103 in
3261 3052 3430 3106 lucem

141 3142 426 3212 paululum
451 3151 637 3197 noster
662 3143 900 3209 obtutus,
927 3161 1113 3199 rursus
1144 3144 1208 3199 ad
1242 3160 1361 3199 eum
1395 3144 1576 3200 cordis
1605 3158 1732 3199 ocu-
1758 3143 1804 3206 C
1834 3145 2226 3212 sempiternam,
2257 3152 2305 3195 et
2336 3139 2475 3195 Deus
2506 3151 2625 3194 tuus
2655 3141 2706 3193 in
2737 3141 2956 3213 gloriam
2997 3151 3138 3195 tuam
3162 3159 3180 3197 :
3203 3158 3311 3197 non
3336 3160 3427 3197 oc-

140 3233 228 3288 los
257 3244 656 3302 retorquentes,
675 3235 818 3288 velut
841 3235 1135 3288 rectissima
1170 3235 1308 3289 linea
1340 3235 1535 3290 mentis
1557 3234 1725 3287 aciem

140 3325 697 3380 revocemu5.1‘otum
731 3341 960 3395 namque
989 3328 1040 3379 in
1066 3327 1258 3380 animm
1281 3326 1528 3380 consistit
1557 3342 1731 3381 reces-

142 3434 233 3472 su.
268 3417 425 3473 Unde
449 3420 675 3488 expulso
697 3418 933 3483 diabolo,
962 3434 1022 3472 ac
1052 3433 1389 3487 nequaquam
1428 3419 1481 3471 in
1532 3432 1592 3471 ea
1616 3418 1726 3487 jam

140 3511 499 3580 regnantibus
540 3510 708 3573 vitiis,
740 3523 1131 3581 consequenter
1157 3526 1376 3579 regnum
1409 3510 1499 3564 Dei
1533 3508 1727 3563 funda-

142 3610 232 3654 tur
262 3600 316 3654 in
347 3601 521 3665 nobis,
553 3600 767 3655 dicente
791 3601 1124 3669 Evangelista
1156 3619 1168 3653 :
1214 3600 1446 3671 Regnum
1492 3598 1589 3654 Dei
1626 3618 1729 3655 non

141 3693 310 3747 veniet
333 3708 448 3746 cum
476 3692 839 3758 observatione,
859 3710 1015 3762 neque
1028 3694 1196 3746 dicent
1217 3710 1227 3744 :
1249 3690 1382 3745 Ecce
1406 3691 1490 3746 hic
1508 3704 1596 3747 aut
1617 3710 1731 3749 ecce

143 3783 256 3837 illic
277 3794 373 3837 est.
393 3784 551 3837 Amen
572 3785 708 3837 enim
734 3785 849 3837 dico
876 3786 1015 3838 vobis
1042 3786 1165 3851 quia
1190 3794 1211 3820 ³
1242 3802 1454 3857 regnum
1474 3785 1570 3839 Dei
1591 3788 1730 3840 intra

145 3893 233 3931 vos
266 3887 344 3930 est
393 3875 545 3945 (Luc.
592 3876 747 3945 xvtt).
802 3878 943 3931 Intra
980 3893 1076 3931 nos
1118 3894 1245 3931 vero
1270 3878 1400 3931 tnhil
1434 3879 1579 3932 aliud
1611 3893 1731 3933 esse

147 3977 329 4038 potest
371 3983 530 4037 quam
582 3969 804 4022 scientia
846 3977 937 4020 aut
967 3970 1230 4038 ignoratio
1270 3970 1530 4034 veritatis,
1563 3978 1618 4023 et
1646 3968 1729 4023 vel

148 4064 402 4115 vitiorum
437 4062 688 4125 amicitia,
724 4061 807 4114 vel
830 4060 1083 4115 virtutum
1105 4079 1115 4114 :
1136 4076 1230 4128 per
1260 4076 1377 4129 qua:
1398 4071 1487 4114 aut
1518 4061 1732 4113 diabolo

144 4166 238 4208 aut
278 4150 496 4207 Christo
526 4169 749 4222 regnum
782 4168 1028 4219 paramus
1074 4155 1126 4206 in
1158 4153 1340 4207 corde.
1373 4150 1539 4220 Cujus
1569 4154 1730 4206 etiam

144 4246 305 4315 regni
349 4244 657 4312 qualitatem
713 4245 974 4298 describit
1027 4245 1318 4313 Apostolus
1348 4246 1575 4298 dicens:
1609 4242 1732 4297 Non

145 4340 291 4392 enim
324 4353 535 4405 regnum
568 4336 660 4391 Dei
682 4347 754 4389 est
780 4354 894 4390 esca
924 4346 970 4390 et
997 4348 1166 4403 potus,
1193 4338 1282 4391 sed
1295 4340 1523 4409 jttstitia,
1542 4347 1586 4389 et
1605 4354 1728 4404 pax,

144 4443 193 4487 et
223 4431 485 4504 gaudium
510 4431 559 4483 in
592 4430 794 4497 Spiritu
823 4440 1001 4483 sancto
1030 4430 1204 4501 (Rom.
1233 4432 1562 4501 x1v).Iiaque
1582 4430 1626 4483 si
1650 4448 1732 4485 rc-

1834 3237 1969 3290 cidet
2004 3236 2145 3289 ultra
2190 3235 2269 3289 sol
2314 3244 2435 3289 tuus
2463 3277 2479 3299 ,
2511 3243 2559 3289 et
2598 3233 2726 3286 luna
2758 3244 2850 3287 tua
2878 3251 2978 3289 non
3018 3236 3315 3301 minuetur;
3337 3237 3429 3290 sed

1831 3330 1927 3382 erit
1952 3327 2203 3382 Dominus
2225 3329 2278 3382 in
2310 3330 2473 3383 lucem
2500 3329 2866 3395 sempiternam
2891 3372 2905 3395 ,
2952 3340 3001 3383 et
3032 3330 3430 3399 complebantur

1832 3422 1941 3475 dies
1976 3420 2144 3474 luctus
2174 3420 2249 3474 tui
2280 3418 2417 3492 (Isa.
2442 3420 2551 3479 1.x).
2584 3421 2651 3474 Et
2675 3420 2877 3474 idcirco
2904 3420 3094 3475 beatus
3124 3421 3425 3490 Aposmlus

1833 3527 1938 3566 non
1981 3513 2336 3583 generaliter,
2386 3527 2562 3583 neque
2608 3509 2930 3579 simpliciter
2959 3525 3122 3564 omne
3164 3511 3423 3579 gaudium

1832 3620 2055 3676 regnum
2086 3604 2181 3659 Dei
2204 3605 2550 3674 pronuntiat,
2584 3604 2679 3657 sed
2710 3602 2989 3671 signanter
3017 3617 3079 3655 ac
3112 3602 3425 3667 specialiter

1834 3700 1965 3754 illud
1998 3699 2175 3753 solum
2208 3696 2352 3765 quod
2385 3696 2441 3750 in
2486 3696 2691 3764 Spiritu
2720 3702 2909 3747 sancto
2932 3702 3016 3747 est
3042 3695 3060 3762 (
3085 3693 3237 3747 Rom.
3264 3710 3353 3749 xiv
3375 3694 3421 3766 ).

1832 3790 1993 3847 Novit
2018 3789 2163 3842 enim
2195 3802 2317 3842 esse
2343 3786 2488 3840 aliud
2519 3799 2732 3855 quoque
2754 3784 3116 3847 vituperabile
3144 3785 3423 3855 gaudium,

1832 3883 1903 3939 de
1929 3896 2034 3951 quo
2062 3880 2281 3945 dicitur,
2314 3877 2540 3931 Mundus
2562 3878 2661 3930 iste
2676 3874 2917 3948 gaudebit
2951 3874 3132 3935 (Joan.
3169 3875 3306 3932 xm.
3331 3878 3423 3944 Et,

1842 3974 1933 4031 νω
1959 3975 2098 4029 vobis
2124 3974 2215 4043 qui
2240 3973 2444 4032 ridetis,
2480 3970 2605 4041 quia
2634 3969 2905 4040 plorabitis
2929 3968 3078 4041 (Luc.
3115 3968 3216 4040 v1).
3247 3970 3276 4009 ι’
3315 3972 3424 4028 Re-

1833 4083 1996 4138 gnum
2031 4079 2162 4120 sane
2180 4063 2443 4118 coelorum
2475 4061 2761 4131 tripliciter
2784 4060 3160 4130 accipiendum
3189 4069 3293 4116 est.
3319 4065 3425 4119 Aut

1835 4173 1942 4228 quo
1962 4156 2240 4227 regnaturi
2272 4163 2399 4209 sunt
2429 4153 2552 4209 cmli
2575 4193 2591 4221 ,
2626 4152 2679 4207 id
2704 4160 2822 4219 est,
2861 4152 3034 4206 sancti
3066 4152 3119 4206 in
3149 4152 3268 4207 aliis
3296 4154 3425 4208 sub-

1836 4251 1983 4315 ditis,
2011 4248 2309 4305 secundum
2343 4245 2473 4301 illud
2504 4264 2517 4302 :
2548 4244 2676 4300 Esto
2701 4254 2758 4299 tu
2800 4261 2958 4313 super
2986 4245 3207 4315 quinque
3248 4247 3428 4300 civita-

1836 4354 1927 4408 tes,
1961 4351 2008 4397 et
2069 4354 2123 4396 tu
2147 4358 2300 4414 super
2329 4342 2503 4394 decem
2526 4340 2543 4409 (
2565 4339 2689 4392 Luc.
2716 4337 2848 4411 XIX).
2880 4338 3011 4394 Illud
3042 4354 3256 4409 quoque
3284 4342 3447 4408 quod

1837 4434 2038 4488 dicitur
2055 4433 2121 4487 ad
2151 4432 2468 4500 discipulos,
2499 4429 2757 4484 Sedebitis
2780 4446 2934 4495 super
2954 4429 3102 4483 sedes
3124 4430 3422 4496 duodecim,

144 4539 309 4593 gnum
340 4522 431 4574 Dei
461 4522 595 4576 intra
627 4539 725 4577 nos
766 4532 869 4587 est,
896 4533 952 4577 et
982 4524 1157 4592 ipsum
1189 4540 1407 4592 regnum
1441 4524 1538 4577 Dei
1564 4524 1724 4593 justi-
1755 4526 2125 4598 Djudicantes
2152 4522 2421 4577 duodecim
2444 4520 2605 4575 tribus
2622 4520 2786 4575 Israel
2812 4519 3006 4591 (Matth
3052 4521 3428 4591 xu).Autipsi

148 4615 242 4674 tia,
269 4620 323 4665 et
352 4623 540 4680 pax,et
570 4612 818 4681 gaudium
851 4622 964 4677 est;
995 4629 1123 4683 ergo
1152 4616 1240 4683 qui
1266 4615 1316 4667 in
1346 4615 1462 4666 istis
1491 4628 1726 4667 cummo-

148 4712 318 4767 ratur,
352 4704 465 4759 sine
488 4703 650 4759 dubio
679 4705 730 4758 in
755 4721 918 4774 regno
948 4705 1043 4759 Dei
1068 4717 1179 4770 est;
1209 4717 1263 4760 et
1293 4720 1323 4759 c
1350 4705 1621 4759 contrario
1654 4706 1727 4760 illi

1836 4612 1959 4672 coeli
1994 4616 2253 4684 incipiant
2278 4629 2306 4667 a
2338 4612 2561 4668 Christo
2593 4611 2838 4682 regnari,
2874 4622 2895 4648 ο
2922 4626 3044 4665 cum
3068 4612 3282 4669 scilicet
3310 4628 3427 4667 om-

1835 4707 1993 4762 nibus
2038 4707 2087 4762 ei
2135 4704 2391 4775 subjectis
2435 4704 2665 4775 coeperit
2694 4718 2814 4759 esse
2844 4705 3022 4757 omnia
3066 4703 3120 4757 in
3169 4704 3421 4759 omnibus

1210 4862 1467 4919 ALARDI
1505 4862 1735 4919 GAZIEI
1775 4862 2338 4921 COMMENTARIUS.

224 4986 250 5014 ι
292 4978 454 5050 Varia
473 4986 540 5050 iet
581 4979 857 5050 multiplex
913 4988 997 5034 est
1035 4978 1194 5047 hujus
1237 4979 1517 5033 sententia:
1568 4978 1737 5033 inter-

152 5051 407 5118 pretatio.
442 5049 573 5103 Nam
623 5053 709 5104 hic
741 5049 906 5106 abbas
922 5066 1142 5119 regnum
1175 5050 1269 5103 Dei
1300 5051 1440 5103 intra
1482 5064 1580 5102 nos
1618 5066 1739 5105 esse

152 5120 318 5185 dicit,
374 5121 503 5174 dum
563 5121 682 5190 ejus
740 5123 1002 5177 habemus
1047 5122 1430 5190 cognitionem.
1496 5120 1601 5174 Alii
1658 5124 1738 5174 in-

152 5201 233 5245 tra
276 5206 374 5245 nos
412 5206 539 5245 esse
584 5194 723 5245 idem
774 5207 894 5247 esse
923 5206 1141 5261 pttlanl,
1171 5192 1310 5257 quod
1343 5192 1392 5243 in
1427 5202 1605 5261 nostra
1641 5207 1738 5259 po-

155 5271 345 5332 testate
372 5276 526 5326 esse;
562 5260 1013 5332 quemadmodum
1048 5263 1335 5316 Denteron.
1371 5277 1475 5314 xxx
1499 5260 1734 5316 dicitur:

157 5330 458 5387 Mandatum
493 5330 592 5386 hoc
614 5338 750 5400 quod
773 5351 865 5402 ego
898 5334 1140 5402 py'tecipio
1162 5334 1248 5384 tibi
1268 5332 1442 5391 hodie,
1466 5348 1564 5383 non
1582 5348 1740 5402 supra

156 5415 216 5466 te,
252 5422 338 5457 nec
364 5407 550 5477 procul
581 5406 802 5470 positum
833 5419 937 5470 est;
968 5406 1056 5477 sed
1097 5408 1243 5470 iuxta
1277 5413 1349 5477 est
1389 5418 1554 5477 sermo
1592 5406 1738 5455 valde

154 5477 203 5528 in
233 5493 315 5529 ore
344 5474 455 5537 tuo,
490 5488 547 5529 ut
575 5478 778 5543 facias,
812 5486 917 5530 etc.
951 5475 1055 5529 Alii
1086 5490 1304 5539 regnum
1341 5474 1433 5525 Dei
1468 5478 1605 5525 intra
1640 5490 1737 5525 nos

156 5547 736 5615 exponuntCln-ismm
786 5564 878 5613 per
928 5547 1087 5599 fidem
1135 5548 1186 5597 in
1233 5545 1488 5597 cordibus
1541 5545 1740 5596 nostris

154 5616 512 5673 hzihztantem.
543 5619 647 5674 Alli
694 5633 912 5683 regnum
958 5618 1048 5669 Dei
1082 5618 1219 5668 intra
1253 5631 1347 5668 ηοω
1381 5629 1500 5667 csse
1532 5615 1732 5678 dicunt,

153 5690 267 5755 quia
303 5690 399 5746 Dei
437 5693 732 5757 imaginem
769 5688 836 5743 ad
884 5703 1041 5757 quam
1077 5688 1199 5740 lacti
1229 5698 1435 5751 sumus,
1473 5686 1609 5738 intra
1643 5698 1739 5757 nos

154 5754 431 5817 habemus.
466 5754 575 5815 Alii
609 5760 843 5825 denique
884 5754 1017 5811 intra
1070 5773 1167 5811 nos
1212 5771 1332 5811 esse
1380 5769 1605 5825 regnum
1646 5754 1735 5805 Dei

1846 4992 1945 5047 per
1971 4976 2419 5047 prtelihationem,
2454 4987 2549 5027 seu
2595 4972 3085 5047 participationem,
3113 4980 3169 5025 et
3210 4980 3427 5047 gustum

1846 5044 2132 5118 quemdam
2164 5046 2304 5118 illius
2331 5084 2346 5108 ,
2382 5058 2542 5118 quem
2572 5044 2752 5118 animo
2777 5044 3143 5118 percipimus:
3197 5052 3249 5094 et
3277 5044 3424 5118 quia,

1849 5110 1905 5171 ut
1946 5119 2019 5168 ait
2056 5116 2346 5182 Aposmlns
2378 5110 2410 5175 ,7
2445 5110 2589 5182 Ipse,
2612 5112 2823 5182 spiritus
2871 5112 3212 5182 testiinonium
3258 5112 3429 5182 reddit

1846 5179 2448 5259 spirituinostro,_quod
2479 5179 2591 5249 'ﬁlii
2611 5180 2733 5259 _Dﬁei
2770 5196 2945 5259 {timus
2975 5179 3157 5259 (Rom;
3180 5180 3317 5259 vult).
3353 5180 3428 5234 lta

1847 5247 2139 5325 Gregorius
2186 5253 2437 5308 Nazianz.
2484 5247 2624 5325 apud
2666 5249 3031 5325 S._Thoaiani
3088 5247 3191 5325 (In
3237 5249 3430 5325 catena

1847 5318 2064 5398 AurEa).
2099 5327 2232 5393 Quae
2260 5322 2635 5391 interpretatio
2664 5320 2878 5398 videtur
2904 5321 3066 5372 etiam
3098 5318 3223 5373 huic
3248 5321 3429 5374 abbati

1848 5392 2137 5469 placuisse,
2172 5407 2228 5451 ut
2261 5407 2405 5469 patet
2434 5410 2498 5448 ex
2524 5392 2892 5469 sequentibus.

1918 5469 1944 5507 δ
1985 5460 2131 5524 Nota
2178 5460 2441 5537 triplicem
2499 5465 2650 5537 regni
2703 5462 2964 5516 caelorum
3016 5460 3424 5529 acceptionem,

1847 5544 2097 5605 actiVam,
2126 5533 2415 5607 passivam,
2439 5544 2495 5590 et
2517 5533 2762 5607 lucalcm.

1923 5624 1943 5650 ε
1988 5612 2061 5665 De
2087 5599 2207 5664 hac
2245 5599 2509 5664 sententia
2551 5606 2785 5659 diximus
2815 5602 2923 5655 alio
2951 5600 3071 5655 loco
3105 5600 3245 5670 (Lib.
3276 5614 3307 5651 v
3339 5599 3427 5651 ln-
3528 5641 3533 5647 .

1845 5684 2013 5753 stitut.
2046 5700 2097 5753 c.
2122 5681 2213 5749 4);
2246 5682 2314 5735 de
2341 5694 2442 5747 qua
2465 5686 2521 5732 et
2552 5676 2617 5730 D.
2648 5677 2871 5732 Hieron.
2902 5672 3063 5743 epist.
3099 5672 3165 5728 ad
3193 5670 3421 5727 Amand.
3500 5687 3535 5753 cf

1848 5752 2039 5821 (Epist.
2074 5752 2184 5813 47).
3506 5760 3515 5766 ‘
