4004 6198
291 275 386 354 soi

998 297 1333 355 ϐοιωτιο
1372 297 1414 354 1.
1443 329 1515 341 -
1545 299 1635 354 DE
1677 296 1855 356 MONA

1971 297 1986 355 t
2028 283 2440 361 INTENTIONE
2505 305 2591 362 sc
2628 306 2806 362 FINE.

3443 303 3549 367 502

291 430 412 469 nem
440 413 602 485 hujus
645 415 884 482 corporis
912 413 1105 469 anima:
1133 457 1148 484 ,
1197 429 1371 484 neque
1411 416 1547 470 nihil
1582 418 1860 487 sentiant,
1891 430 1941 486 Α
1967 433 2114 484 zaro,
2147 427 2200 473 et
2224 419 2391 476 divite
2429 431 2722 492 purpurato
2755 422 3041 491 profertur,
3069 423 3307 480 ostendit
3334 424 3353 494 (
3385 424 3545 479 Luca!

289 508 448 560 ctiznn
488 506 763 580 Evangelii
799 507 1051 578 parabola
1071 549 1086 576 ,
1129 522 1248 578 qua:
1277 506 1344 563 de
1373 505 1472 562 illo
1495 523 1731 579 paupere
1765 508 1863 564 La-

1972 512 2114 584 xvi);
2147 527 2372 583 quorum
2397 527 2538 568 unus
2563 505 2922 571 beatissimam
2945 516 3153 584 sedem,
3187 516 3240 572 id
3269 527 3372 582 est,
3393 518 3544 574 sinus

1345 688 1596 744 ALARDI
1636 681 1872 745 eum
1909 675 2470 749 COMMENTARIUS.

291 829 534 892 potentia
560 836 682 880 sunt
709 829 766 880 in
806 829 1082 888 coniuncto
1111 826 1191 894 (id
1219 831 1312 888 est,
1341 827 1644 893 composito,
1668 825 1860 880 scilicet

291 897 520 967 homine)
551 897 681 952 sicut
713 899 765 951 in
792 899 1038 967 subjecto,
1063 897 1196 952 sicut
1232 912 1404 950 omnes
1431 897 1676 966 potentia:
1700 897 1861 967 sensi-

289 970 408 1021 tivte
450 965 634 1038 partis,
665 977 724 1040 et
756 965 1034 1040 Anutritivte.
1087 967 1358 1040 Desii-ueto
1406 965 1576 1020 autem
1631 965 1861 1037 subjecto

291 1055 391 1091 non
424 1036 590 1109 potest
620 1036 856 1092 accidens
877 1053 1156 1092 remanere.
1191 1036 1340 1091 Unde
1368 1036 1865 1109 corruptoconiun-

290 1119 374 1162 cta
401 1107 478 1177 (id
499 1119 603 1172 e-‘t,
635 1111 960 1175 composito)
990 1119 1088 1162 non
1118 1117 1326 1161 manent
1356 1107 1662 1177 hujusmodi
1684 1117 1864 1176 poten-

290 1181 379 1233 tia:
399 1192 538 1241 actu,
571 1180 660 1231 sed
694 1181 878 1236 virtute
925 1189 1123 1234 tantum
1163 1187 1365 1232 manent
1404 1180 1456 1231 in
1504 1180 1698 1243 anima,
1733 1182 1861 1234 sicut

289 1251 346 1321 in
381 1250 746 1321 principio,vel
768 1250 958 1321 radice.
982 1250 1044 1303 Et
1074 1250 1145 1303 sic
1167 1249 1359 1321 falsum
1383 1259 1454 1300 est
1481 1249 1620 1318 quod
1651 1249 1861 1321 quidam

291 1318 494 1381 dicunt,
521 1318 821 1392 hujusmodi
839 1322 1101 1392 potentias
1130 1322 1198 1392 in,
1227 1320 1402 1392 anima
1429 1334 1690 1392 remanere
1711 1320 1862 1392 etiam

289 1397 535 1458 corrupta
564 1389 796 1458 corpore.
829 1391 896 1444 Et
923 1393 1087 1444 multo
1125 1391 1310 1458 {alsius
1339 1389 1477 1456 quod
1504 1390 1680 1442 dicunt
1709 1390 1862 1443 etiam

289 1471 437 1515 actus
463 1461 646 1518 harum
674 1464 1019 1530 potentiorum
1041 1476 1302 1515 remanere
1327 1461 1574 1513 inanima
1600 1471 1857 1526 separata,

288 1533 413 1598 quia
440 1533 623 1586 talium
650 1533 988 1598 potentiarnm
1020 1532 1164 1585 nulla
1190 1540 1260 1584 est
1286 1531 1439 1594 actio,
1457 1531 1556 1582 nisi
1585 1547 1674 1596 per
1704 1547 1858 1599 orga-

292 1618 415 1654 num
438 1618 763 1672 corporeum.
784 1601 857 1655 lta
879 1602 918 1657 S
955 1601 1195 1654 Thomas
1226 1601 1263 1669 (t
1285 1613 1445 1668 part.,
1481 1606 1528 1663 4,
1557 1601 1647 1664 Ti,
1668 1610 1769 1654 art.
1789 1601 1856 1663 8;

286 1673 344 1742 in
368 1674 421 1735 4,
447 1671 578 1726 dist.
606 1671 696 1735 M,
725 1689 776 1742 q.
801 1675 856 1735 3,
884 1690 937 1727 a.
964 1672 1160 1742 5,q.i;
1184 1680 1228 1725 et
1252 1673 1482 1740 quodlib.
1507 1672 1560 1733 7,
1594 1673 1681 1742 it,
1705 1688 1756 1724 a.
1779 1674 1857 1736 8).

284 1741 372 1797 Ad
413 1741 792 1797 auctoritatem
821 1758 885 1798 es
921 1741 1060 1798 libro
1098 1743 1167 1796 de
1201 1743 1405 1810 Spiritu
1440 1751 1494 1795 et
1525 1741 1737 1806 Anima,
1769 1757 1859 1796 re-

282 1813 526 1880 spondet
554 1813 767 1866 Librmn
795 1813 942 1866 illuni
974 1831 1073 1867 non
1107 1813 1292 1868 habere
1320 1812 1680 1865 auctoritatem
1707 1852 1721 1876 ,
1755 1827 1859 1866 non

284 1905 292 1925 ε
324 1885 440 1932 nim
475 1891 558 1936 est
580 1883 894 1952 Augustini;
924 1885 990 1937 de
1017 1899 1120 1952 quo
1152 1883 1276 1938 vide
1308 1883 1690 1936 Bellarminum
1717 1881 1856 1952 (Lib.

283 1954 357 2024 de
394 1952 657 2024 Scriptor.
693 1952 837 2007 Eccl.
865 1957 916 2007 in
949 1953 1279 2024 Augustino).
1310 1952 1485 2006 Potest
1535 1961 1702 2007 tamen
1734 1955 1857 2016 dici,

282 2023 483 2088 inquit,
513 2025 650 2091 quod
690 2025 865 2077 anima
905 2023 1073 2080 secum
1106 2024 1262 2078 trahit
1285 2024 1578 2094 hujusmodi
1608 2025 1861 2090 potentias

285 2111 395 2147 non
422 2102 558 2156 actu,
589 2095 678 2148 sed
703 2095 902 2150 virtute.
931 2094 1081 2162 Quod
1107 2095 1348 2162 intellige
1369 2095 1436 2148 de
1461 2095 1713 2147 sensibus
1740 2107 1860 2149 cor-

287 2162 499 2229 poreis,
519 2174 580 2234 (et
609 2167 1008 2233 imaginatione,
1034 2173 1087 2218 ιιι
1109 2167 1354 2234 appetitu
1372 2165 1775 2234 concupiscibili
1807 2174 1861 2220 et

285 2233 583 2299 irascibili;
628 2251 751 2288 nam
799 2233 1156 2290 intellectum,
1182 2243 1235 2288 ct
1275 2233 1606 2289 voluntatem
1647 2245 1852 2290 certum

286 2312 375 2359 est
406 2319 622 2359 manere
645 2313 766 2359 actu
795 2307 847 2359 in
875 2308 1052 2359 anima
1078 2316 1324 2371 separata
1354 2323 1366 2357 :
1399 2305 1653 2360 memoria
1677 2316 1856 2361 autem

287 2375 670 2430 intellectualis
714 2375 891 2446 rcipsa
955 2376 1096 2432 idem
1151 2385 1234 2430 est
1277 2390 1400 2432 cum
1455 2377 1753 2444 intellectu,
1803 2386 1861 2433 et

291 2457 499 2516 tantum
531 2447 741 2500 ratione
763 2447 938 2501 dilTert
960 2465 973 2513 ;
999 2446 1064 2516 de
1091 2461 1189 2516 quo
1212 2447 1373 2500 etiam
1407 2447 1618 2513 epuloni
1649 2450 1858 2515 sepulto

288 2514 344 2588 in
379 2515 588 2569 inferno
617 2515 818 2571 dictum
849 2529 930 2572 cst
956 2535 966 2571 :
1004 2514 1318 2575 Recordare.
1351 2517 1449 2587 ﬁli,
1471 2518 1591 2586 quia
1617 2514 1858 2588 recepisti

288 2587 424 2658 bona
451 2588 506 2640 in
528 2589 633 2640 vita
665 2597 755 2641 tua
776 2588 930 2658 (Luc.
966 2589 1093 2657 xw),
1125 2598 1228 2642 etc.
1262 2589 1525 2642 Similiter
1549 2599 1603 2642 et
1634 2587 1771 2642 liber
1791 2589 1860 2643 de

290 2657 687 2713 Ecclesiasticis
717 2657 1067 2725 Dogmatibus
1093 2675 1198 2714 non
1231 2669 1316 2714 est
1343 2659 1402 2713 1).
1432 2658 1736 2727 Augustini,
1763 2661 1857 2714 sed

289 2728 559 2783 Gennadii
590 2728 940 2795 Massiliensis
969 2745 1071 2780 limi
1099 2744 1302 2795 titagntt-
1344 2729 1680 2783 auitluritnlis
1720 2731 1860 2785 inter

288 2797 691 2853 ecclesiasticos
720 2793 1056 2866 scriptores;
1092 2793 1387 2868 quitamen
1421 2803 1586 2852 etiam
1617 2801 1855 2866 seipsum

289 2879 442 2924 recte
482 2869 734 2940 explicat.
755 2871 880 2926 dum
913 2869 1161 2940 ait(Cap.
1194 2869 1284 2938 19)
1317 2885 1333 2923 :
1367 2869 1579 2923 Duabus
1618 2872 1862 2924 substan-

293 2941 385 2994 tiis
412 2950 615 2996 tantum
663 2952 862 2998 constat
894 2948 1064 3006 homo,
1095 2942 1271 2994 anima
1309 2950 1354 2994 et
1401 2957 1615 3005 corpore
1647 2943 1860 2996 :anima

289 3027 412 3064 eum
441 3012 637 3063 ratione
663 3028 776 3094 sua.
807 3023 853 3066 et
895 3028 1109 3094 corpore
1153 3026 1269 3093 cum
1293 3011 1525 3064 sensibus
1555 3013 1682 3068 suis.
1719 3011 1858 3077 Quos

289 3089 464 3135 tamen
496 3097 669 3134 sensus
695 3082 885 3153 absque
910 3082 1098 3136 animat
1132 3082 1374 3153 societate
1410 3092 1508 3134 non
1556 3094 1717 3135 movet
1744 3099 1862 3136 cor-

291 3166 411 3211 pus.
445 3153 630 3204 Anima
656 3165 770 3206 ivro
793 3152 843 3206 et
871 3154 984 3206 sine
1004 3167 1218 3213 corpore
1243 3152 1500 3206 rationale
1528 3168 1676 3204 suum
1703 3163 1853 3210 tenet.

289 3222 450 3295 Unde
492 3223 652 3278 infert
681 3228 734 3276 ὃ.
770 3223 1008 3278 Thomas
1039 3222 1328 3290 (Quodlib.
1360 3224 1389 3278 7
1431 3236 1530 3278 art.
1576 3225 1630 3290 8)
1667 3242 1676 3275 :
1713 3223 1856 3295 Ergo

287 3293 539 3362 defuncta
585 3310 740 3347 carne
777 3296 1015 3362 potentia'
1057 3295 1308 3347 sensitiva:
1361 3310 1462 3346 non
1514 3304 1740 3348 manent.
1773 3293 1854 3349 Ad

285 3363 672 3417 Cassiodorum
701 3365 1006 3434 respondet.
1035 3363 1172 3432 quod
1227 3364 1357 3416 sicut
1383 3367 1722 3434 generationes
1769 3381 1856 3418 vo-

285 3435 505 3487 luntatis
561 3433 1099 3503 propterquamdam
1136 3433 1523 3488 similitudinem
1564 3437 1854 3490 nominibus

1970 839 2140 900 tanget
2178 831 2298 884 illas
2327 839 2636 885 tormentum
2667 831 2867 885 mortis.
2897 830 3024 896 Sap.
3052 847 3130 886 ιιι.
3179 832 3248 886 Et
3281 834 3444 889 nolite
3481 837 3545 889 tia

1967 917 2102 955 mere
2133 918 2215 958 eos
2243 903 2332 972 qui
2347 903 2591 972 occidunt
2613 917 2820 971 corpus,
2848 903 3081 956 animum
3105 912 3272 956 autem
3295 921 3397 960 non
3424 923 3544 972 pos-

1966 983 2082 1024 sunt
2112 971 2363 1044 occidere.
2393 971 2448 1025 In
2483 972 2743 1042 Symbolo
2775 982 2883 1044 tam
2918 974 3228 1044 Apestojico
3260 971 3544 1044 quam'Ni-

1966 1055 2116 1094 emno
2163 1050 2218 1095 et
2264 1037 2676 1107 ConStantinop.
2723 1037 3039 1107 proﬁtemur
3098 1037 3543 1098 Resurrectionem

1967 1115 2159 1176 carnis,
2193 1114 2312 1165 sive
2339 1122 2673 1173 mortuorum,
2705 1123 2752 1166 et
2786 1114 2942 1167 vitm
2981 1123 3248 1178 (sternam,
3274 1129 3397 1184 quas
3423 1116 3540 1170 ani-

1969 1198 2110 1236 mam
2153 1191 2390 1238 nostram
2421 1184 2676 1251 supponit
2718 1198 2840 1239 esse
2875 1184 3260 1238 immortalem.
3294 1185 3429 1240 Ilinc
3455 1185 3538 1239 di-

1966 1268 2062 1324 vus
2094 1253 2453 1324 Hieronymus
2482 1256 2548 1307 ad
2593 1255 2766 1324 locum
2812 1253 2961 1307 illum
2995 1254 3182 1308 Matth.
3217 1271 3347 1319 xm,
3382 1271 3542 1322 quem

1968 1323 2053 1375 hic
2084 1325 2212 1375 citat
2240 1323 2400 1394 etiam
2421 1325 2638 1394 (Anetor
2662 1323 2790 1394 :7qu
2819 1325 3179 1388 a’lernitatem,
3208 1326 3402 1394 inquit,
3427 1327 3540 1379 ani-

1968 1409 2170 1445 marum
2195 1393 2551 1465 probandam:
2565 1394 2628 1448 de
2657 1392 2804 1448 Mose
2829 1394 2907 1465 (id
2936 1405 3037 1457 est,
3069 1395 3136 1449 de
3165 1392 3319 1450 libris
3349 1395 3536 1465 Musis)

1967 1465 2110 1534 ponit
2138 1462 2427 1534 eseinplum
2459 1479 2476 1534 ς
2503 1462 2618 1534 Ego
2662 1481 2773 1518 sum
2816 1462 2957 1519 Deus
3001 1465 3278 1528 Abraham,
3308 1476 3356 1519 et
3401 1462 3541 1522 Deus

1967 1533 2137 1604 (sane.
2182 1542 2230 1590 et
2274 1532 2414 1586 Deus
2441 1532 2602 1586 Iacob
2631 1534 2826 1604 (Exod.
2879 1541 2984 1604 ιιι).
3016 1536 3304 1604 Statimque
3330 1535 3488 1604 infert
3519 1553 3540 1590 :

1969 1602 2087 1656 Non
2141 1616 2210 1656 est
2262 1612 2580 1656 mortuorum
2622 1602 2783 1667 Deus,
2821 1607 2912 1658 sed
2946 1602 3229 1658 'viventittm—
3262 1623 3280 1658 :
3312 1602 3394 1658 ut'
3420 1623 3537 1660 cum

1964 1675 2249 1745 probaverit
2271 1675 2472 1727 animas
2495 1690 2790 1740 permanere
2809 1685 2923 1746 post
2953 1686 3165 1728 mortem
3196 1676 3381 1745 (neque
3401 1679 3535 1730 enim

1963 1753 2162 1815 poterat
2195 1746 2307 1811 ﬁeri
2329 1753 2384 1800 ut
2413 1761 2592 1798 eorum
2620 1755 2748 1799 esset
2783 1746 2919 1798 Deus
2949 1749 3035 1816 qui
3067 1763 3386 1816 nequaquam
3411 1751 3536 1801 sub-

1963 1817 2244 1883 sisterent),
2292 1824 2651 1881 consequenter
2693 1817 3106 1870 introduceretur
3159 1825 3206 1868 et
3259 1832 3534 1882 corporum

1963 1887 2448 1958 resurrectio,_qute
2494 1902 2609 1938 cum
2655 1886 2925 1939 animabus
2992 1887 3125 1958 bona
3173 1887 3369 1958 malave
3407 1904 3535 1958 ges-

1963 1967 2152 2009 serunt.
2181 1956 2275 2009 His
2303 1955 2517 2008 demum
2545 1959 2790 2024 accessit
2819 1971 3074 2024 erprcssa
3109 1957 3364 2010 Ecclesim
3387 1955 3524 2010 dcti-

1966 2029 2104 2080 uitio
2161 2027 2214 2080 in
2260 2025 2493 2079 concilio
2541 2023 2900 2082 Lateranensi
2939 2029 3148 2091 ultimo,
3181 2042 3317 2081 sess.
3350 2028 3403 2092 8,
3441 2029 3532 2084 ubi

1964 2099 2127 2152 etiam
2179 2096 2462 2151 damnatur
2518 2096 2617 2150 iste
2664 2097 2857 2152 modus
2901 2098 3196 2163 loquendi:
3229 2099 3416 2151 Anima
3455 2108 3531 2153 est

1961 2167 2268 2220 immortalis
2317 2167 2597 2219 secundum
2625 2167 2814 2233 ﬁderit;
2844 2168 2932 2220 sed
2975 2169 3206 2220 mortalis
3250 2167 3531 2220 secundum

1960 2239 2236 2297 rationem.
2270 2237 2346 2290 vel
2376 2237 2774 2304 philosophiam.
2805 2237 2919 2302 Quo
2951 2238 3239 2292 utebantur
3286 2239 3527 2292 nonnulli

1962 2307 2317 2378 philosophias
2341 2307 2567 2362 nimium
2595 2307 2816 2362 addicti.
2843 2307 2998 2363 Circa
3037 2308 3284 2378 tertium,
3317 2309 3530 2378 animas

1961 2376 2273 2440 sanctorum
2296 2378 2663 2446 acorporibus
2691 2388 2969 2446 separatas
2997 2395 3101 2432 non
3130 2377 3319 2434 videre
3331 2376 3526 2444 Deum,

1962 2464 2061 2517 nec
2093 2451 2192 2503 triti
2223 2447 2552 2502 beatitudine
2596 2449 2824 2514 caelesti,
2855 2449 2948 2502 sed
2986 2449 3051 2502 ad
3094 2463 3265 2517 usque
3294 2447 3528 2502 extremi

1954 2516 2142 2588 judicii
2169 2517 2309 2573 diem
2337 2519 2538 2572 servari
2574 2519 2624 2571 in
2659 2519 2975 2585 quibusdam
2998 2516 3193 2571 abditis
3217 2526 3526 2585 receptacu-

1962 2590 2048 2654 lis,
2085 2591 2172 2644 tibi
2205 2605 2308 2644 nec
2353 2591 2519 2645 Deum
2561 2590 2798 2653 videant,
2830 2604 2930 2642 nec
2959 2589 3128 2643 beata:
3167 2588 3271 2642 dici
3300 2589 3524 2655 possint,

1964 2661 2070 2716 nisi
2100 2661 2153 2718 in
2183 2677 2298 2728 spe.
2324 2661 2505 2716 docuit
2535 2660 2591 2715 in
2635 2660 2824 2729 primis
2873 2660 3238 2714 Tertullianns
3281 2659 3527 2729 pluribus

1962 2731 2016 2784 in
2049 2721 2435 2785 locis-Deinde
2459 2721 2974 2800 Vigilantius,quem
3004 2721 3296 2800 suggillatis
3321 2721 3529 2800 D.llie-

1963 2816 2222 2871 ronytnus
2256 2800 2391 2869 (Lib.
2434 2797 2612 2853 conira
2656 2797 2926 2871 Vigilant.)
2956 2818 2967 2853 :
3001 2797 3124 2862 Ais,
3153 2797 3342 2871 inquit,
3371 2799 3448 2852 vel
3473 2801 3528 2852 in

1962 2874 2080 2924 sinu
2115 2870 2352 2931 Abt-alue,
2377 2874 2451 2923 vel
2482 2875 2534 2921 in
2581 2872 2694 2924 loco
2739 2870 3017 2940 refrigerii,
3043 2871 3122 2923 vel
3173 2870 3348 2922 subter
3376 2884 3526 2922 aram

1963 2941 2065 2996 Dei
2092 2944 2292 2998 animas
2321 2941 2672 3009 apostolorum
2698 2949 2745 2994 et
2783 2939 3068 3010 martyrum
3101 2939 3408 3005 consedisse,
3433 2956 3532 2997 nec

1963 3029 2108 3080 posse
2136 3017 2244 3065 suis
2269 3013 2475 3066 tumulis
2503 3022 2551 3064 et
2581 3011 2666 3063 ubi
2696 3012 2948 3064 voluerint
2976 3027 3084 3064 esse
3108 3019 3379 3082 prtesentes
3403 3025 3526 3082 :sc-

1964 3084 2180 3136 natoria:
2208 3084 2438 3135 videlicet
2468 3081 2733 3153 dignitatis
2759 3090 2898 3153 sunt,
2926 3091 2982 3135 ut
3011 3081 3114 3133 non
3141 3082 3274 3134 inter
3297 3081 3516 3132 homici-

1961 3154 2056 3205 das
2086 3155 2344 3207 teterrimo
2374 3152 2598 3218 carcere,
2623 3152 2712 3205 sed
2740 3154 2793 3205 in
2832 3152 2989 3206 libera
3016 3153 3320 3216 honestoque
3359 3160 3529 3203 custo-

1961 3228 2068 3286 dia,
2101 3226 2155 3277 in
2177 3225 2559 3291 fortunatorum
2592 3223 2796 3288 insulis,
2825 3231 2873 3293 et
2917 3225 2970 3277 in
2995 3224 3188 3293 campis
3219 3221 3412 3291 Elysiis
3438 3237 3523 3276 re-

1959 3293 2257 3351 cluduntur.
2291 3294 2395 3348 llos
2435 3294 2606 3351 secuti
2645 3304 2771 3349 sunt
2807 3292 3000 3360 Graeci,
3029 3303 3085 3348 ut
3110 3292 3262 3363 patet
3300 3308 3366 3346 ex
3393 3307 3526 3345 con-

1958 3368 2083 3418 cilio
2136 3365 2386 3419 Florcnt.
2429 3380 2566 3419 sess.
2594 3363 2646 3431 1,
2685 3379 2746 3418 ac
2797 3365 3013 3419 demum
3055 3365 3222 3418 nostri
3271 3363 3524 3429 temporis

1960 3437 2199 3499 sectarii,
2231 3435 2521 3500 Luthems,
2551 3434 2829 3501 Calvinus,
2855 3444 2911 3488 et
2949 3434 3057 3497 alii,
3108 3443 3162 3485 ut
3211 3433 3396 3487 videre
3438 3441 3523 3487 est

286 3496 606 3572 passionum,
635 3496 752 3574 quae
788 3496 909 3562 sunt
949 3506 1002 3559 in
1041 3504 1274 3574 appetitu
1308 3505 1672 3576 sensitioo;ita
1699 3507 1853 3561 etiam
1880 3496 1925 3558 C
1958 3505 2098 3574 apud
2140 3496 2518 3562 Bellarminum
2543 3505 2727 3576 (Lib.t_
2761 3496 2826 3558 de
2856 3496 3051 3569 Beatis,
3077 3519 3193 3571 cap.
3226 3504 3253 3558 1
3284 3511 3331 3556 et
3361 3505 3516 3572 seq.),

281 3576 580 3630 intellectus
630 3577 948 3646 operationes
979 3576 1307 3646 nominantur
1358 3575 1421 3628 ab
1468 3577 1851 3646 Operationibus

281 3661 532 3699 sensuum
562 3643 772 3715 propter
816 3644 1205 3700 similitudinem
1230 3661 1247 3702 :
1276 3654 1326 3698 et
1352 3646 1424 3715 sic
1467 3643 1696 3715 loquitur
1730 3643 1851 3702 Cas-

281 3714 745 3785 siodorusgAtque
775 3716 964 3772 eodem
1013 3715 1172 3770 modo
1207 3714 1400 3783 exponi
1434 3714 1605 3783 potest
1643 3716 1855 3772 Cassia-

282 3801 407 3848 nus.
443 3787 569 3841 dum
617 3787 693 3841 ait
743 3789 973 3840 animam
1022 3794 1323 3854 separatam
1371 3800 1475 3839 non
1520 3798 1705 3840 carere
1736 3787 1854 3842 istis

283 3858 592 3924 allectihus,
628 3873 818 3928 nempe
864 3857 1059 3926 gaudio
1102 3866 1156 3910 et
1207 3855 1442 3928 tristitia,
1477 3870 1570 3924 spe
1601 3867 1652 3910 et
1685 3863 1850 3912 metu.

281 3928 415 3982 Nam
465 3931 606 3983 sicut
652 3925 935 3984 beatorum
986 3928 1180 3982 animae
1225 3925 1455 3996 gaudent
1486 3929 1551 3979 de
1600 3929 1852 3994 prtcmiis.

281 4003 355 4054 ita
388 4009 596 4054 certum
629 4011 710 4054 est
737 3999 1112 4054 damnatorum
1138 3999 1340 4050 animas
1366 3997 1569 4052 ll‘iSlal‘i
1594 3997 1659 4052 de
1683 4000 1857 4066 poenis

280 4081 340 4122 et
365 4071 739 4138 suppliciis,et
765 4070 951 4125 eadem
983 4078 1247 4136 metuere,
1269 4077 1324 4122 ut
1348 4077 1491 4135 patet
1510 4069 1576 4121 de
1603 4071 1853 4137 epnlone.

278 4145 351 4194 At
380 4137 682 4210 huiusmodi
711 4140 986 4210 passiones
1011 4154 1113 4193 non
1137 4151 1258 4210 sunt
1289 4139 1558 4209 appetitus
1586 4141 1854 4202 sensitivi,

278 4211 384 4264 sed
426 4208 738 4266 iiitetlectiv‘i
783 4218 835 4265 ct
867 4209 1167 4264 rationalis.
1203 4208 1335 4280 Spes
1365 4208 1555 4280 autem
1596 4225 1716 4280 cum
1759 4227 1857 4265 nec

282 4281 466 4332 beatis
505 4295 601 4335 nec
641 4281 908 4338 damnatis
955 4279 1268 4344 conveniat,
1313 4279 1444 4334 solis
1486 4279 1764 4336 animabus
1805 4285 1855 4336 in

283 4353 601 4430 purgatorio
623 4352 982 4430 existentibus
1014 4351 1175 4430 tribui
1207 4359 1410 4430 potest,
1439 4351 1575 4404 sicut
1603 4362 1653 4430 e_t
1698 4345 1855 4408 fides.

278 4423 524 4487 Sperant
553 4422 689 4476 enim
717 4435 770 4478 et
800 4423 1032 4477 credunt
1058 4421 1224 4475 vitam
1250 4427 1508 4474 mternam
1540 4432 1592 4475 et
1618 4421 1851 4491 beatam,

278 4504 443 4562 quam
479 4493 714 4548 nondum
745 4494 1011 4547 obtinent.

354 4563 542 4628 Quoad
584 4565 904 4623 secundum.
934 4575 1122 4618 contra
1162 4562 1615 4616 immortalitatem
1661 4564 1858 4618 animat

280 4634 564 4688 rationalis
602 4636 710 4690 duo
753 4636 1088 4689 exstiterunt
1131 4644 1364 4687 errores.
1399 4633 1611 4686 Primus
1643 4633 1856 4688 Saddu-

277 4718 539 4768 caaorum,
585 4706 672 4773 qni
723 4705 913 4759 anima:
961 4703 1417 4773 immortalitatem
1462 4701 1751 4773 negabant,
1807 4715 1860 4760 et

275 4773 405 4827 ideo
431 4771 1102 4838 etiam—resurrectionem,
1133 4771 1318 4828 Matth.
1351 4787 1481 4827 xxtt.
1517 4771 1601 4841 (S.
1630 4771 1813 4827 Thom.
1841 4791 1858 4831 ι

276 4855 444 4912 part.,
469 4855 656 4915 quam.
682 4845 774 4914 75,
802 4857 902 4898 art.
928 4845 1005 4915 6.)
1030 4843 1181 4900 Alter
1209 4843 1850 4915 qttorumdam__Arabunt,

274 4915 392 4988 qui,
427 4913 492 4968 ut
513 4913 884 4988 aitEusebius
936 4913 1281 4988 Cicsariensis
1304 4914 1444 4987 (Lib.
1477 4930 1528 4968 vt
1559 4913 1700 4968 Hist.
1726 4932 1850 4988 cap.

270 4985 393 5054 30).
421 4987 716 5039 asserebant
738 4986 1002 5039 hominum
1026 4985 1225 5039 animos
1253 4985 1352 5040 una
1381 5001 1499 5038 cum
1528 4985 1851 5057 corporibus,

269 5073 379 5108 uno
407 5057 684 5126 eodemque
714 5058 954 5121 temporis
998 5057 1216 5108 articulo
1269 5068 1430 5109 morte
1459 5057 1778 5124 occumbere,
1807 5068 1855 5111 et

269 5128 480 5195 penitus
527 5129 818 5198 exstingui;
869 5141 919 5180 at
969 5127 1172 5179 demum
1219 5133 1442 5198 tempore
1463 5128 1853 5181 resurrectionis

271 5199 530 5253 universa:
557 5196 748 5263 carnis,
781 5215 898 5254 cum
925 5199 1116 5251 eisdem
1143 5199 1298 5250 vitam
1322 5196 1492 5249 denuo
1520 5209 1854 5258 recuperatu-

267 5283 377 5320 ros.
412 5266 576 5338 (Vlde
594 5268 869 5338 Augustin.
901 5270 992 5322 lib.
1020 5268 1081 5320 de
1107 5265 1310 5338 eres.
1342 5282 1483 5323 nunt.
1506 5266 1624 5336 23.)
1649 5265 1848 5338 Contra

267 5337 560 5405 utrumque
584 5337 852 5405 ert'Ot'ettt,
887 5341 1078 5392 anima:
1111 5337 1360 5391 humanm
1393 5337 1848 5393 immortalitatem

265 5417 416 5477 certa
462 5407 566 5462 tide
611 5409 899 5462 tenendam
956 5408 1235 5462 manifeste
1283 5407 1480 5461 docent
1529 5407 1844 5477 Scriptum,

264 5476 588 5549 Symbolum
618 5477 791 5541 Fidei,
817 5487 872 5532 et
897 5479 1153 5532 Ecclesia:
1176 5478 1438 5549 deﬁnitio,
1467 5476 1669 5549 prteter’
1691 5479 1848 5549 ratio-

266 5547 368 5602 nes
401 5560 506 5602 tam
545 5551 950 5618 pltiloSOpliicas
977 5564 1135 5618 quam
1166 5548 1523 5618 theologicas.
1562 5548 1719 5617 (Vide
1740 5547 1845 5601 Pe-

260 5621 463 5673 rerium
494 5591 587 5674 lib.
619 5635 672 5674 tv
720 5591 1008 5690 ianenes.‘
1031 5631 1208 5689 quiest.
1259 5591 1508 5690 2.)_'i.oca
1553 5591 1848 5688 Scriptura:

259 5692 527 5745 nonnulla
565 5692 653 5760 hic
683 5690 889 5758 profert
917 5687 1241 5760 Cassianus,
1273 5687 1468 5760 quibus
1518 5689 1644 5744 addi
1679 5687 1845 5760 pote-

258 5769 388 5816 rant
414 5763 533 5816 lucc
571 5779 583 5814 ε
608 5757 881 5814 Ιιιιιονιιηι
907 5762 1095 5813 animle
1119 5759 1173 5812 in
1197 5757 1353 5815 manu
1374 5758 1472 5816 Dei
1493 5769 1634 5829 sunt,
1665 5757 1712 5816 et
1741 5776 1846 5815 non

1953 3579 2044 3644 qui
2078 3576 2212 3632 hanc
2249 3574 2673 3630 controversiam
2705 3574 2822 3629 fuse
2859 3585 2914 3628 et
2952 3584 3203 3644 accurate
3229 3583 3524 3639 pertracta-

1955 3643 2052 3712 vit,
2087 3655 2143 3702 et
2209 3647 2390 3702 multis
2436 3645 2833 3712 Scripturarum
2880 3643 3223 3705 testimoniis,
3271 3655 3371 3712 nec
3413 3655 3519 3694 non

1955 3709 2262 3770 sanctorum
2290 3715 2507 3769 Patrum
2537 3709 2968 3775 auctoritatibus,
3000 3720 3206 3778 partem
3247 3709 3522 3763 afﬁrman-

1957 3794 2063 3838 tem
2098 3796 2156 3840 ttt
2185 3786 2504 3839 catholicam
2545 3786 2828 3836 veritatem
2873 3783 3092 3844 astruit;
3139 3779 3271 3832 nihil
3309 3788 3371 3832 ut
3409 3793 3523 3833 am-

1959 3858 2098 3924 plius
2127 3857 2247 3908 addi
2272 3864 2362 3908 aut
2387 3851 2587 3922 requiri
2615 3865 2778 3924 posse
2804 3850 3048 3924 videatur
3072 3869 3082 3900 :
3106 3865 3264 3924 quem
3298 3849 3524 3924 proinde

1956 3921 2145 3981 lectori
2175 3921 2481 3979 adeundum
2513 3935 2567 3977 et
2596 3921 2987 3978 consulendum
3040 3921 3376 3987 relinquens,
3417 3921 3524 3973 duo

1959 4005 2164 4050 tantum
2194 3997 2278 4052 vel
2320 3997 2420 4049 tria
2450 3994 2611 4064 hujus
2641 3991 2899 4048 doctrinm
2929 3990 3288 4064 stabilimenta
3329 4005 3524 4064 propo-

1961 4083 2120 4131 nam;
2154 4082 2381 4138 quorum
2415 4061 2643 4137 primum
2695 4063 3070 4138 cstEcclesia:
3125 4061 3516 4138 testimooium,

1960 4153 2080 4192 cum
2138 4131 2206 4193 de
2237 4133 2290 4193 S.
2318 4131 2606 4208 Gregorio,
2639 4134 3076 4208 etnliis‘sanctis
3121 4131 3524 4208 conlessmibus

1960 4210 2124 4264 dicit:
2160 4207 2320 4271 Deus,
2350 4201 2652 4277 qui'anima:
2683 4205 2868 4276 {amuli
2898 4201 3279 4277 tuihGregorii,
3319 4202 3402 4256 vel
3430 4201 3520 4271 N.,

1959 4290 2160 4334 aeterme
2211 4275 2536 4334 beatitudinis
2564 4275 2775 4350 privinia
2821 4275 3101 4350 contulisti,
3133 4285 3238 4328 etc.
3264 4288 3524 4350 Laecan-

1961 4352 2086 4404 dum
2118 4351 2348 4405 duorum
2399 4342 2746 4403 conciliorum
2789 4345 3263 4407 (Bettn'tenicorum,
3296 4342 3524 4398 Floren-

1964 4423 2059 4476 tini
2089 4430 2143 4476 et
2183 4421 2507 4482 Tridentini,
2539 4419 2831 4473 auctoritas
2857 4425 2911 4469 et
2952 4416 3212 4469 definitio.
3239 4413 3520 4482 Siquidem

1965 4495 2064 4545 hoc
2093 4491 2566 4560 ipsnmdeﬁnitum
2592 4499 2674 4543 est
2696 4485 3521 4560 inconcilioFlorentino,sess.

1965 4565 2086 4627 ult.,
2115 4557 2214 4614 ubi
2257 4557 2428 4616 Graeci
2461 4559 2672 4613 tandem
2705 4557 2771 4611 ad
2826 4557 3076 4611 Ecclesia:
3122 4566 3386 4609 unitatem
3436 4571 3523 4608 rc-

1962 4633 2130 4696 ducti,
2153 4628 2310 4685 simul
2343 4647 2461 4683 cum
2503 4629 2724 4685 Latinis.
2753 4643 2817 4684 ex
2863 4629 3079 4682 decreto
3111 4627 3331 4694 Engenii
3373 4639 3524 4696 papa;

1963 4703 2057 4772 (In
2089 4693 2277 4755 ticeret.
2325 4698 2562 4770 unionis)
2606 4700 2923 4772 proﬁtentur
2955 4697 3168 4772 illorum
3201 4693 3409 4772 animus
3439 4693 3526 4764 qui

1963 4767 2072 4846 post
2106 4774 2357 4846 baptisma
2382 4767 2691 4846 susceptum,
2726 4768 2926 4846 nullam
2952 4769 3159 4821 omnino
3181 4767 3374 4838 peccati
3417 4783 3526 4819 ma-

1962 4841 2132 4897 culam
2170 4841 2519 4906 incurrerunt,
2551 4841 2668 4894 illas
2698 4841 2850 4893 etiam
2893 4856 3006 4911 qute
3055 4848 3166 4908 post
3212 4847 3524 4911 contractam

1960 4915 2158 4986 peccati
2198 4913 2497 4986 maculam,
2528 4913 2606 4966 vel
2649 4913 2702 4964 in
2747 4911 2855 4986 suis
2883 4908 3200 4986 corporibus.
3232 4908 3312 4986 rel
3338 4908 3524 4986 eisdem

1960 4980 2129 5038 emta:
2157 4983 2457 5054 corporibus
2480 4983 2656 5054 (prout
2676 4984 2914 5049 superius
2937 4980 3128 5054 dictum
3157 4980 3252 5054 est)
3275 4983 3388 5054 sunt
3411 4993 3525 5046 pur-

1959 5065 2112 5125 gatte,
2145 5055 2198 5107 in
2251 5049 2431 5106 caelum
2469 5049 2588 5106 mox
2625 5054 2885 5125 recipi,_et
2928 5051 3307 5125 iutueri_clare
3358 5049 3524 5113 ipsum

1963 5121 2128 5179 Deum
2159 5126 2366 5185 trinum,
2393 5133 2440 5179 et
2483 5140 2661 5187 unum,
2690 5123 2836 5176 sicuti
2877 5129 2994 5174 est:
3026 5121 3314 5171 meritorum
3358 5125 3525 5187 tamen

1959 5196 2270 5260 diversitate,
2300 5197 2460 5250 alium
2508 5197 2612 5249 alio
2644 5194 2947 5264 perfectius;
2980 5190 3185 5264 illorum
3206 5186 3526 5264 ‘autcmani:

1960 5282 2068 5338 mas
2096 5267 2183 5336 qui
2221 5255 2274 5318 iri
2302 5267 2515 5330 actuali,
2550 5255 2756 5338 mortali
2785 5258 3116 5338 peccata-rel
3138 5255 3249 5309 solo
3279 5255 3526 5338 originali

1959 5330 2232 5400 decedunt,
2267 5353 2384 5390 mox
2415 5340 2466 5389 in
2507 5336 2764 5405 infernum
2786 5330 3128 5405 'tlescendere,
3156 5330 3332 5405 poenis
3357 5334 3528 5377 tamen

1958 5396 2251 5480 disparibus
2281 5396 2593 5480 puniendus.
2626 5405 2681 5459 ln
2721 5401 2950 5480 concilio
2987 5396 3166 5451 autem
3209 5396 3527 5480 ’l‘ridcntino

1957 5469 2121 5549 (δέει.
2155 5478 2226 5530 25
2258 5469 2320 5528 tle
2343 5479 2560 5549 innocui.
2591 5472 3180 5549 sanctor.)t.|:imnantur
3197 5469 3287 5549 qui
3331 5474 3530 5549 negant

1954 5535 2158 5602 iunctos
2186 5558 2376 5599 (eterna
2401 5545 2649 5614 felicitate
2691 5545 2744 5595 in
2769 5535 2909 5614 (catlo
2927 5539 3178 5614 fruentes,
3212 5535 3527 5614 invocandos

1954 5635 2084 5672 esse.
2118 5617 2250 5670 Vide
2281 5609 2476 5667 caetera
2504 5612 2641 5677 apttd
2693 5609 3071 5665 Itcllarminutn
3120 5615 3177 5661 et
3215 5609 3438 5671 Scotum
3474 5609 3527 5654 in

1952 5690 2006 5754 4,
2037 5691 2163 5743 dist.
2194 5683 2286 5750 45,
2306 5684 2405 5751 q.t
2437 5691 2540 5754 art.
2573 5682 2626 5754 ἦ,
2653 5682 2740 5737 ubi
2767 5677 3534 5754 etiampleraqueScriptum

1953 5749 2073 5815 loca
2099 5775 2128 5811 a
2156 5749 2416 5810 Cassiano
2444 5752 2534 5809 hic
2565 5751 2726 5809 citata
2749 5749 2972 5822 exponit
3007 5751 3061 5806 et
3090 5750 3343 5821 explicat.
