4004 6198
494 264 598 321 ωτ

1556 255 1837 316 JOANNIS
1874 258 2191 317 CASSIANI
2226 254 2723 320 COLLATIONES.

3658 264 3747 320 508

493 380 670 438 nobis.
711 375 823 436 Nec
855 386 1034 436 tamen
1077 395 1142 434 ex
1185 393 1250 434 eo
1289 373 1430 448 quod
1473 373 1709 431 diximus
1750 375 2086 446 impossibile
2111 379 2170 444 Α
2192 375 2551 433 tentationum
2585 375 2944 445 torrentibus,
2977 376 3326 449 circumacta,
3360 391 3528 434 vacua
3551 378 3746 452 quidem

493 481 876 533 esse-mentem
907 472 1322 544 cogitatlonibus
1351 485 1454 524 non
1481 469 1639 536 adiri,
1677 477 1848 525 totum
1887 470 1973 525 vel
2003 469 2087 526 in-

493 569 709 635 cursui,
744 567 832 623 vel
875 567 982 621 illis
1017 564 1295 634 Spirltibus
1340 563 1685 619 tribuendum
1724 572 1809 619 est
1854 565 1944 635 qui
1991 580 2086 620 eas

497 661 651 716 nobis
676 661 917 714 nituntur
943 658 1217 726 ingerere;
1252 655 1489 726 alioquin
1519 671 1619 710 nec
1651 655 1877 710 liberum
1902 656 1959 710 in
1982 655 2083 711 ho—

517 753 642 806 nine
672 761 916 805 maneret
939 749 1249 815 arbitrium,
1282 763 1382 804 nec
1404 749 1455 803 in
1486 749 1640 804 nobis
1671 760 1842 806 staret
1879 760 2083 805 nostrae

515 843 856 913 'orreptiouls
885 841 1149 896 industria
1178 841 1357 914 [Lips.
1386 843 1439 896 in
1461 859 1624 913 marg.
1660 842 2080 915 correctionis].

512 933 601 988 Sed
634 942 738 1001 est,
773 933 1010 1003 inquam,
1042 943 1282 988 nostrum
1312 951 1503 1006 magna
1543 944 1608 990 ex
1647 945 1816 1006 parte.
1851 946 1909 991 ut
1939 937 2084 1004 cogi-

500 1029 755 1082 tationum
789 1027 1020 1094 qualitas
1061 1028 1398 1093 emendetur,
1427 1039 1479 1084 et
1516 1030 1596 1083 vel
1641 1037 1838 1083 sanctze
1880 1045 1941 1083 ac
1974 1029 2084 1099 spi-

497 1119 678 1176 ritales
710 1123 760 1174 in
790 1119 1041 1174 cordibus
1072 1123 1301 1184 nostris,
1343 1121 1425 1176 vel
1467 1130 1696 1176 terrenae
1739 1123 2090 1193 carnalesque

498 1219 866 1266 concrescant.
915 1205 1038 1266 ideo
1071 1227 1469 1284 nonnumquam
1522 1213 1774 1282 frequens
1819 1213 1979 1268 lectio
2035 1224 2092 1269 et

493 1305 634 1375 jugis
681 1303 969 1358 adhibetur
1015 1303 1293 1357 meditatio
1334 1304 1754 1372 Scripturarum,
1799 1313 1856 1358 ut
1893 1304 2090 1360 exinde

499 1396 654 1450 nobis
682 1395 941 1464 spiritalis
971 1397 1246 1450 memoriae
1278 1396 1581 1464 praebeatur
1611 1395 1843 1449 occasio.
1887 1394 2092 1451 Idcirco

501 1488 805 1541 decantatio
826 1486 1015 1542 crebra
1039 1488 1398 1550 Psalmorum,
1420 1497 1477 1540 ut
1498 1487 1707 1541 assidua
1729 1486 1882 1542 nobis
1898 1487 2091 1543 exinde

499 1579 940 1635 subministretur
992 1580 1353 1645 compunctio.
1420 1579 1626 1634 Idcirco
1681 1579 1981 1649 vigiliarum
2029 1595 2092 1636 ac

497 1671 826 1741 jejuniorum
851 1672 1258 1740 orationumque
1281 1670 1538 1725 sedulitas
1567 1671 1878 1736 adhibetur,
1906 1682 1963 1725 ut
2000 1687 2094 1725 ex-

2187 471 2572 544 cogitationum
2599 469 2823 526 aestibus
2851 483 2974 527 esse
3001 486 3106 526 non
3135 472 3368 543 poterit;
3418 472 3608 544 quales
3631 489 3747 531 vero

2188 565 2280 622 vel
2309 565 2616 631 admittere,
2649 563 2734 620 vel
2765 580 2959 635 parare
2983 564 3087 621 sibi
3112 563 3329 634 debeat,
3359 565 3521 621 studii
3550 581 3614 622 ac
3637 577 3657 606 ι
3680 567 3751 623 di-

2194 657 2433 727 ligentia:
2462 671 2574 711 suae
2612 656 2921 726 providebit
2952 655 3242 712 industria.
3271 655 3330 712 Si
3355 657 3523 722 enim,
3554 667 3612 711 ut
3633 657 3750 713 dixi-

2190 764 2328 814 mus,
2361 750 2425 802 ad
2457 757 2766 803 sanctarum
2795 745 3196 817 Scripturarum
3241 748 3648 805 meditationem
3679 752 3752 821 ju-

2188 843 2328 911 giter
2347 853 2710 904 recurramus,
2740 855 2804 895 ac
2833 842 3148 894 memoriam
3181 852 3422 896 nostram
3435 841 3501 896 ad
3519 842 3758 897 recorda-

2192 935 2393 988 tionem
2414 932 2736 1001 spiritalium
2766 945 2945 986 rerum
2968 940 3022 987 et
3043 929 3372 986 desiderium
3403 930 3758 1002 perfectionis,

2193 1037 2451 1094 spemque
2497 1022 2689 1078 futurae
2719 1022 3073 1078 beatitudinis
3111 1024 3403 1093 erigamus,
3437 1037 3664 1078 necesse
3689 1025 3763 1079 est

2192 1125 2251 1170 ut
2279 1126 2414 1170 ortae
2443 1115 2798 1186 cogitationes
2846 1115 3042 1170 exinde
3080 1114 3378 1185 spiritales,
3413 1116 3468 1169 in
3516 1115 3603 1170 his
3650 1129 3761 1185 qua:

2194 1209 2434 1264 meditati
2464 1224 2650 1263 sumus
2682 1219 2919 1264 mentem
2951 1207 3150 1264 faciant
3191 1209 3487 1264 immorari.
3521 1207 3618 1264 Sin
3643 1223 3764 1265 vero

2195 1301 2401 1356 desidia
2429 1313 2526 1356 seu
2550 1301 2870 1371 negligentia
2897 1301 3156 1371 superati,
3187 1300 3330 1358 vitiis
3357 1309 3412 1356 et
3435 1298 3624 1356 otiosis
3646 1315 3768 1357 con-

2196 1395 2618 1451 fabulationibus
2647 1409 2994 1464 occupamur,
3041 1409 3139 1450 seu
3194 1395 3344 1450 curis
3393 1393 3682 1450 mundanis
3716 1402 3768 1450 et

2195 1486 2482 1557 superﬂuis
2530 1487 2987 1542 sollicitudinibus
3036 1486 3396 1556 Implicemur,
3446 1501 3771 1556 consequen-

2197 1589 2278 1634 ter
2304 1579 2516 1643 exinde,
2549 1579 2698 1634 velut
2723 1575 2750 1615 ⁸
2781 1578 3024 1648 quaedam
3057 1579 3384 1633 zizaniorum
3430 1579 3643 1648 species
3683 1593 3770 1649 ge-

2198 1682 2405 1737 nerata,
2451 1671 2818 1740 operationem
2876 1685 3091 1742 quoque
3131 1679 3320 1726 nostro
3363 1670 3512 1726 cordi
3558 1669 3770 1725 noxiam

505 1771 723 1816 tenuata
766 1776 919 1815 mens
947 1777 1048 1815 non
1081 1771 1294 1816 terrena
1326 1764 1519 1831 sapiat,
1553 1763 1649 1817 sed
1679 1761 1920 1818 coelestia
1958 1778 2095 1819 con-
2124 1756 2176 1818 Β
2202 1763 2566 1829 ministrabit;
2597 1769 2650 1818 et
2676 1762 2970 1818 secundum
3003 1761 3327 1817 sententiam
3351 1759 3560 1816 Domini
3587 1761 3772 1816 Salva-

508 1853 819 1921 templetur.
849 1852 1053 1919 Quibus
1080 1869 1294 1908 rursum
1326 1854 1648 1923 negligentia
1676 1856 1948 1924 irrepente
1975 1869 2094 1911 ces-

509 1943 775 2007 santibus,
810 1953 836 1980 ι
870 1958 1095 1999 necesse
1140 1955 1222 1998 est
1259 1955 1316 1998 ut
1350 1959 1505 1999 mens
1545 1946 1805 2000 vitiorum
1836 1947 2096 2017 squalore

509 2045 761 2090 concreta
791 2036 846 2090 in
877 2037 1148 2092 carnalem
1179 2045 1384 2107 partem
1419 2051 1543 2091 mox
1581 2037 1874 2092 inclinetur
1894 2047 1950 2094 et
1973 2052 2096 2094 cor-

508 2136 650 2182 ruat.

1070 2219 1298 2275 CAPUT
1338 2217 1525 2274 XVIII.

753 2313 1088 2382 Comparatio
1115 2315 1345 2383 aquaria
1372 2314 1529 2367 ntola
1556 2319 1605 2366 et
1631 2316 1846 2370 anima.

581 2403 610 2442 δ
649 2405 802 2471 Quod
831 2405 1150 2458 exercitium
1177 2404 1361 2458 cordis
1385 2421 1490 2459 non
1513 2405 1808 2476 incongrue
1832 2407 2096 2464 molarum

513 2496 850 2553 similitudini
891 2505 1234 2566 comparatur
1259 2512 1393 2566 quas
1427 2507 1636 2554 meatus
1670 2514 1931 2569 aquarum
1961 2515 2099 2569 prae-

513 2602 643 2656 ceps
671 2588 876 2654 impetu
905 2594 1120 2644 rotante
1150 2589 1446 2658 provolvit.
1481 2590 1612 2655 Qum
1642 2590 1951 2646 nullatenus
1978 2591 2099 2661 qui-

513 2679 638 2734 dem
665 2693 886 2734 cessare
912 2688 1139 2748 possunt
1167 2681 1234 2735 ab
1255 2695 1423 2751 opere
1442 2695 1543 2736 suo
1564 2697 1821 2752 aquarum
1852 2684 2095 2752 impulsi-

513 2773 614 2828 bus
644 2773 1019 2839 circumactae;
1056 2774 1110 2828 in
1140 2775 1258 2843 ejus
1287 2791 1417 2830 vero
1460 2776 1553 2846 qni
1592 2786 1795 2845 praeest
1825 2776 1986 2832 situm
2015 2787 2101 2831 est

512 2871 805 2934 potestate,
853 2874 1161 2922 utrumnam
1207 2867 1445 2921 triticum
1495 2869 1684 2928 molat,
1725 2883 1794 2922 au
1836 2869 2097 2924 hordeum

513 2956 770 3012 loliumve
798 2961 1149 3014 comminuat.
1202 2959 1334 3014 Illud
1361 2975 1597 3027 namque
1626 2970 1708 3014 est
1737 2961 2097 3030 proculdubio

512 3049 966 3116 commolcndum,
1000 3052 1141 3119 quod
1163 3049 1430 3121 ingestum
1455 3052 1522 3106 ab
1548 3051 1640 3105 illo
1669 3052 1832 3107 fuerit
1858 3054 1944 3106 cui
1969 3067 2101 3122 ope-

2196 1859 2357 1922 toris,
2382 1856 2470 1911 ubi
2502 1856 2667 1911 fuerit
2689 1860 2975 1912 thesaurus
2995 1870 3219 1926 operum
3247 1863 3549 1910 nostrorum
3574 1867 3670 1909 seu
3697 1853 3774 1908 in-

2196 1948 2458 2003 tentionis
2484 1955 2703 2013 nostrae,
2734 1947 2809 2002 ibi
2831 1956 2886 2003 et
2921 1961 3018 2003 cor
3048 1956 3290 2002 nosuum
3321 1945 3630 2002 necessario
3659 1959 3776 2016 per-

2197 2042 2434 2097 manebit
2454 2040 2675 2113 (Matth.
2710 2041 2820 2112 vr).

2787 2156 3016 2214 CAPUT
3054 2156 3197 2212 XIX.

2340 2273 2420 2329 De
2447 2273 2608 2328 tribus
2627 2273 2996 2344 cogitationum
3020 2279 3312 2324 nostrarum
3339 2267 3634 2341 principiis.

2269 2408 2404 2463 Illud
2435 2421 2567 2464 sane
2597 2422 2706 2479 prie
2731 2406 2978 2462 omnibus
3007 2419 3167 2460 nosse
3194 2403 3474 2466 debemus,
3514 2409 3538 2439 ο
3567 2401 3670 2455 tria
3693 2411 3781 2455 co-

2199 2502 2517 2574 gitationum
2543 2509 2849 2555 nostrarum
2873 2512 2994 2554 esse
3022 2497 3307 2566 principia,
3341 2494 3394 2549 id
3418 2503 3522 2558 est,
3556 2508 3623 2547 ex
3651 2493 3781 2556 Deo,

2199 2611 2268 2652 ex
2297 2595 2511 2650 diabolo
2549 2603 2604 2650 et
2629 2610 2692 2650 ex
2725 2593 2899 2649 nobis.
2949 2593 3026 2647 Ex
3066 2592 3176 2646 Deo
3217 2589 3431 2658 quidem
3482 2595 3627 2655 sunt,
3660 2601 3784 2641 cum

2201 2689 2438 2760 Spiritus
2478 2689 2651 2744 sancti
2699 2687 3062 2742 illustratione
3101 2695 3202 2739 nos
3238 2684 3461 2736 visitare
3490 2679 3784 2749 dignatur,

2202 2782 2418 2851 erigens
2449 2795 2547 2835 nos
2568 2781 2633 2834 ad
2662 2779 3032 2834 sublimiorem
3069 2773 3395 2844 profectum,
3427 2781 3482 2828 et
3508 2772 3562 2826 in
3590 2770 3786 2841 quibus

2203 2873 2287 2928 vel
2311 2873 2492 2928 minus
2522 2871 2927 2941 acquisivimus,
2959 2867 3046 2922 vel
3077 2866 3348 2921 desidiose
3374 2874 3596 2933 agentes
3624 2874 3788 2931 supe-

2201 2964 2308 3019 rati
2336 2977 2548 3027 sumus,
2583 2959 2942 3017 saluberrima
2970 2957 3385 3026 compunctlone
3412 2953 3670 3023 castigat;
3700 2951 3787 3005 vel

2204 3071 2325 3111 cum
2354 3063 2563 3110 reserat
2597 3054 2755 3108 nobis
2784 3049 3031 3107 coelestia
3060 3055 3416 3109 sacramenta,
3455 3054 3510 3102 et
3539 3041 3790 3115 pr0poai-

514 3139 590 3194 ris
617 3140 761 3194 illius
790 3156 919 3195 cura
963 3144 1248 3197 commiss
1288 3154 1389 3198 est.
1423 3145 1498 3198 Ita
1539 3144 1701 3212 igitur
1748 3145 1911 3199 etiam
1944 3159 2098 3199 mens
2123 3130 2171 3192 C
2203 3156 2316 3202 tum
2346 3155 2592 3201 nostrum
2621 3145 2688 3200 ad
2721 3144 2974 3199 meliores
3003 3151 3154 3196 actus
3181 3143 3622 3207 voluntatemque
3649 3151 3786 3192 con-

514 3245 612 3300 per
654 3231 779 3287 vitm
813 3235 1100 3302 praesentis
1133 3238 1398 3303 incursus,
1439 3235 1682 3305 undique
1725 3238 2098 3308 ingruentibus

2202 3241 2386 3305 vertit,
2416 3248 2474 3292 ut
2503 3237 2599 3303 ibi,
2629 3251 2754 3292 cum
2787 3234 2809 3274 ί
2835 3250 2932 3291 rex
2981 3233 3250 3289 Assuerus
3289 3232 3580 3301 castigatus
3609 3243 3640 3284 a
3672 3227 3786 3282 Do-

1583 3371 1837 3427 ALARDI
1874 3372 2110 3429 GAZAEI
2147 3372 2720 3430 COMMENTARIUS.

589 3501 616 3529 ει
656 3491 825 3546 Divus
866 3491 1155 3563 Gregorius
1190 3493 1364 3562 IReg.
1395 3507 1514 3562 cap.
1565 3493 1629 3547 Il
1663 3509 1677 3547 :
1716 3489 1893 3546 Vitare
1923 3503 2098 3562 turpes

515 3563 852 3636 cogitationes
872 3562 1262 3634 non’prtevalet,
1287 3567 1373 3636 qui
1395 3563 1632 3618 honestas
1652 3566 1702 3617 in
1724 3581 1775 3618 se
1801 3579 1903 3636 non
1926 3562 2096 3617 habet.

523 3633 658 3707 Quia
700 3634 834 3688 enim
881 3633 1078 3704 semper
1121 3633 1425 3707 cogitainus,
1463 3636 1777 3706 exquirenda
1812 3633 1956 3688 nobis
1983 3644 2101 3689 sunt

516 3705 674 3777 bona,
701 3722 763 3758 ne
789 3707 925 3761 mala
953 3705 1250 3777 cogitemus.

587 3775 614 3814 ι)
659 3776 916 3832 Eamdem
940 3773 1348 3833 similitudinem
1367 3788 1421 3833 et
1440 3777 1901 3844 comparationem
1921 3773 2104 3832 cordis

519 3849 770 3911 humani,
812 3849 930 3902 sive
969 3853 1161 3903 animae
1216 3850 1521 3913 rationalis,
1567 3858 1620 3904 ct
1662 3849 1816 3917 mohc
1858 3849 2101 3917 aquariae

517 3917 735 3987 egregie
762 3919 999 3983 explicat
1023 3920 1085 3973 D.
1116 3921 1414 3974 Bernardus
1443 3919 1496 3973 iu
1526 3921 1639 3974 suis
1664 3913 2099 3972 Meditationibus

517 3987 881 4060 devotissimis
907 3990 1102 4060 cap.g9.
1131 3989 1298 4052 Sicut,
1323 3991 1514 4058 inquit,
1540 3988 1886 4041 molendinum
1907 3987 2101 4060 veloci-
2125 4045 2140 4055 ἰ

519 4069 592 4111 ter
612 4059 864 4140 ‘ttolvitur,
894 4069 937 4111 et
969 4058 1098 4140 nihil
1121 4063 1318 4140 respuit
1340 4077 1357 4123 ;
1380 4061 1476 4140 sed
1505 4060 1756 4140 quidquid
1781 4058 2097 4138 imponitur,
2136 4061 2141 4066 '

519 4123 696 4191 malit;
725 4129 769 4180 si
809 4123 981 4184 autem
1025 4129 1153 4184 nihil
1199 4123 1758 4200 apponiturfscip'sum
1807 4127 2102 4200 consumit:

518 4200 594 4251 sic
615 4214 702 4250 cor
715 4215 880 4251 meum
898 4209 1180 4266 semperest
1198 4201 1248 4252 in
1269 4198 1491 4262 motu,et
1510 4214 1780 4264 numquam
1803 4198 2069 4267 requiescit
2087 4214 2107 4262 ,-

517 4268 609 4321 sed
629 4269 734 4340 sive
755 4268 1026 4336 dormiam,
1055 4275 1154 4323 sive
1182 4271 1403 4340 vigilem,
1425 4269 1643 4320 somniat
1669 4278 1715 4320 et
1744 4269 2101 4340 coqitatquid-

517 4337 645 4409 quid
672 4339 716 4390 ei
748 4341 988 4391 occurrit.
1025 4340 1085 4392 Et
1114 4337 1248 4393 sicut
1275 4339 1644 4401 molendinum,
1675 4337 1831 4391 arena
1861 4339 1905 4392 si
1932 4337 2101 4406 impo-

521 4419 698 4474 natur,
751 4412 1078 4482 exterminat,
1111 4411 1199 4482 pix
1238 4410 1508 4481 inquinat,
1549 4410 1697 4478 palea
1739 4419 1988 4482 occupat;
2031 4411 2102 4463 sic

519 4494 610 4531 cor
647 4495 814 4552 meum
842 4481 1086 4552 cogitatio
1113 4480 1290 4552 amara
1309 4480 1511 4546 turbat,
1549 4480 1814 4552 immunda
1843 4481 2096 4552 maculat,

451 4615 458 4618 _
520 4565 652 4604 vana
673 4549 922 4617 inquietat
948 4564 995 4605 et
1025 4551 1225 4623 fatigat.
1260 4549 1346 4604 Ita
1377 4567 1464 4603 cor
1494 4565 1681 4623 meum,
1711 4549 1850 4623 dum,
1869 4549 2102 4623 futurum

522 4635 625 4672 non
657 4631 802 4674 curat
833 4619 1227 4691 gaudiumfnec
1255 4623 1481 4674 divinum
1507 4620 1691 4691 quaerit
1729 4622 2006 4685 auxilium,
2036 4619 2099 4673 ab

521 4705 694 4743 amore
738 4691 1020 4762 caelestium
1063 4693 1350 4761 elongatar,
1399 4702 1444 4744 et
1483 4694 1535 4746 in
1575 4692 2102 4762 amorerterrestriunt

522 4775 820 4828 occupatur.
855 4760 1079 4830 Cumque
1123 4760 1339 4817 elabitur
1376 4763 1439 4816 ab
1467 4765 1592 4825 illis,
1652 4771 1698 4812 et
1749 4760 2020 4814 involvitur
2050 4762 2103 4815 in

521 4830 666 4906 istis,
684 4837 881 4888 vanitas
913 4833 1044 4889 illud
1069 4835 1266 4906 recipit,
1291 4836 1565 4906 curiositas
1589 4832 1817 4906 deducit,
1844 4833 2102 4906 cupiditas

521 4902 709 4978 allicit,
757 4906 991 4978 voluptas
1018 4902 1234 4969 seducit,
1280 4905 1487 4960 luxuria
1521 4903 1738 4978 polluit,
1791 4911 1989 4978 torquet
2027 4905 2107 4978 in-

521 4975 680 5038 vidia,
712 4975 883 5030 turbat
919 4978 1212 5041 iracundia,
1267 4981 1460 5030 cruciat
1502 4975 1742 5038 tristitia;
1780 4975 1950 5042 sicque
2002 4975 2102 5026 mi-

519 5047 648 5118 s_eris
674 5048 871 5104 casibus
891 5049 1230 5118 submergitur
1253 5050 1483 5102 omnibus
1506 5047 1660 5110 vitiis,
1683 5047 1920 5118 quoniam
1943 5061 2104 5099 unum

521 5114 711 5192 I_)eum,
739 5121 828 5192 qui
872 5121 916 5176 ei
942 5114 1168 5190 sufﬁcere
1206 5129 1421 5191 poterat,
1455 5120 1668 5172 dimisit.
1714 5116 1837 5170 Haec
1869 5117 2104 5171 Bernar-

521 5186 642 5253 dus,
675 5198 730 5260 et
750 5186 866 5259 quae
895 5186 1212 5260 sequuntur.

596 5269 618 5329 εξ
661 5257 1000 5329 cooperante
1033 5261 1119 5315 liei
1152 5260 1350 5329 gratia;
1381 5274 1483 5328 qua
1508 5259 1573 5314 de
1602 5274 1661 5312 re
1687 5257 1818 5311 alias
1844 5258 2021 5329 latius,

592 5324 886 5403 ‘§_Zizaitia,
915 5333 996 5386 vel
1019 5324 1308 5403 zizaniutu,
1480 5329 1680 5403 Grtecis
1702 5342 1829 5403 tera,
1856 5330 1948 5403 vel
1971 5328 2094 5403 αἵρα

522 5395 704 5469 Suidze
735 5402 947 5469 dicitur,
983 5401 1165 5456 vitium
1209 5395 1368 5454 tritici
1417 5401 1710 5468 hordeique
1741 5398 1901 5469 nimia
1931 5395 2090 5454 terra:

523 5467 843 5542 humiditate
865 5467 1126 5538 corrupti,
1156 5473 1481 5542 jugibusque
1512 5467 1703 5542 pluviis
1732 5467 1917 5542 dilut_i;
1945 5471 2092 5542 quod

520 5537 714 5626 .135"in
741 5537 1208 5626 vocaliulpnlol'i'uin
1233 5537 1562 5626 appellantur.
1595 5541 1825 5623 Isidorus
1848 5538 2091 5626 .Etymol.‘

522 5609 618 5663 lib.
655 5626 761 5664 xvu
794 5629 911 5679 cap.
960 5615 1023 5668 l0
1055 5612 1236 5683 (Hom.
1273 5609 1362 5683 δῦ)
1392 5630 1402 5663 :
1430 5611 1666 5676 Zizauia,
1714 5609 1910 5683 inquit,
1959 5613 2097 5683 quod

517 5690 682 5752 poene
710 5697 904 5752 semper
928 5682 1112 5752 infelix
1146 5684 1326 5735 lolium
1356 5683 1552 5749 dicunt,
1579 5683 1714 5752 quod
1748 5683 1813 5736 sit
1842 5682 2022 5735 inutile
2049 5690 2095 5736 et

521 5750 876 5816 infecundum.
915 5750 1072 5807 At'D.
1106 5752 1332 5806 Basilius
1358 5755 1410 5805 in
1438 5750 1772 5808 Hexaemero
1812 5754 1926 5807 haec
1956 5768 2094 5807 non-

2130 4803 2183 4862 D

2207 3491 2341 3546 nihil
2365 3491 2698 3559 distinguere
2737 3487 2972 3551 videtur,
3002 3502 3124 3559 cum
3153 3485 3225 3540 ait
3257 3501 3270 3537 :
3305 3483 3439 3559 Nam
3465 3482 3517 3534 id
3539 3484 3676 3549 quod
3710 3481 3796 3534 lo-

2204 3563 2330 3616 lium
2351 3555 2664 3634 appellatur,
2690 3570 2974 3634 ca’tcraque
2990 3558 3280 3612 adulterina
3299 3555 3513 3634 semina,
3542 3569 3656 3621 qua
3675 3567 3795 3608 sese

2204 3650 2322 3686 cum
2343 3623 2611 3704 esculentis
2652 3623 2858 3684 miscere
2889 3623 3078 3704 solent,
3099 3641 3320 3704 quaeque
3346 3623 3616 3704 scriptura
3638 3639 3796 3704 sacra

2206 3703 2429 3775 (Matth.
2453 3705 2588 3770 xm)
2617 3717 2918 3775 nuncupare
2943 3697 3455 3775 zizaniaconsuevit:
3487 3711 3583 3748 non
3616 3697 3798 3748 tritico

2206 3769 2398 3828 mutato
2418 3814 2431 3836 ,
2477 3769 2579 3828 sed
2609 3790 2670 3828 ea:
2706 3773 2902 3842 origine
2944 3787 3038 3824 sua
3069 3769 3419 3842 principioque
3465 3775 3755 3842 nascuntur
3778 3805 3796 3836 ,

2207 3847 2570 3914 propriumque
2608 3860 2757 3897 suum
2785 3835 3434 3914 obtineut‘g'enusfPorro
3481 3835 3686 3914 zizania
3732 3835 3794 3914 it}

2205 3904 2373 3971 sacris
2393 3904 2608 3970 Litteris
2630 3913 2993 3982 metaphorice
3016 3904 3266 3982 dicuntur
3282 3907 3365 3982 vel
3391 3907 3683 3982 doctrinae,
3698 3904 3796 3960 vel

2207 4002 2447 4050 morum,
2489 3987 2573 4040 vel
2614 3977 3004 4053 cogitationum
3045 3981 3138 4052 (ut
3182 3977 3300 4053 llic)
3337 3994 3501 4053 pr_ava
3549 3978 3797 4053 semina.

2209 4055 2360 4110 Unde
2403 4047 2558 4114 divus
2589 4047 2950 4125 IIiei'onyu'ius
2993 4047 3150 4120 epist.
3182 4048 3255 4125 22
3283 4047 3348 4102 ad
3382 4047 3748 4125 Eustochium
3778 4063 3795 4100 :

2207 4126 2347 4178 Nolo
2374 4128 2511 4179 sinas
2541 4117 2902 4195 cogitationem
2928 4117 3188 4195 crescere;
3220 4120 3342 4172 dum
3374 4136 3560 4191 parvus
3588 4127 3659 4195 est
3689 4117 3801 4170 ho-

2205 4197 2315 4258 stis,
2349 4188 2624 4263 inter/ica;-
2656 4197 2902 4264 nequitia,
2935 4212 2994 4248 ne
3020 4194 3222 4246 zisattia
3252 4188 3504 4255 crescant,
3553 4188 3800 4243 elidatur

2205 4267 2258 4320 in
2284 4268 2494 4321 semine.

2280 4348 2302 4373 ο
2343 4337 2522 4404 Quaeri
2558 4346 2726 4406 potest
2759 4352 2852 4389 cur
2875 4335 2972 4390 tria
3000 4345 3200 4388 tantum
3232 4332 3468 4406 posuerit
3494 4329 3805 4406 Cogitatio-

2209 4424 2332 4462 num
2368 4401 2673 4464 nostrarum
2711 4408 2992 4476 principia,
3021 4421 3142 4460 cum
3177 4401 3242 4458 et,
3266 4401 3390 4456 boui
3413 4401 3595 4476 angeli
3633 4414 3802 4468 saepe

2209 4479 2498 4534 immittant
2530 4477 2681 4532 nobis
2712 4471 2898 4530 bonas
2925 4494 2985 4530 ac
3026 4477 3282 4528 salutares
3313 4471 3694 4538 cogitatiOnes,
3732 4482 3808 4526 ut

2209 4559 2391 4603 notum
2434 4558 2535 4619 est.
2569 4547 2756 4601 Paucis
2788 4547 3078 4615 rcSpondet
3107 4545 3169 4619 _D.
3205 4537 3433 4597 Thomas
3464 4537 3693 4619 (t__part.
3739 4559 3806 4612 q.

2211 4622 2334 4682 ill,
2363 4629 2464 4674 art.
2498 4618 2591 4690 2).
2622 4619 2760 4690 quod
2811 4620 2964 4690 bona:
3003 4617 3365 4690 cogitationes
3417 4615 3809 4690 attribuantur

2205 4691 2384 4746 altiori
2427 4682 2712 4760 principio,
2758 4687 2960 4743 scilicet
3003 4682 3134 4752 Deo,
3170 4687 3294 4740 licet
3327 4682 3641 4752 angelorum
3679 4685 3807 4736 mi-

2209 4763 2432 4815 uisterio
2466 4771 2837 4829 procurentur.
3202 4825 3215 4829 _
3315 4825 3324 4829 Α
3407 4823 3420 4829 _
3478 4821 3490 4829 .
3586 4766 3591 4773 ‘

2282 4831 2300 4867 τ
2345 4832 2423 4887 De
2451 4821 2575 4900 rege
2623 4837 2856 4884 Assuero
2901 4825 3376 4900 quisuatu___fuerit,
3407 4821 3806 4900 habesvar'ias

2207 4891 2687 4970 sententiasvapud
2723 4891 3105 4970 Bellartiiinum
3155 4897 3248 4950 lib.
3281 4911 3311 4970 r
3346 4891 3634 4970 de__Ver_l_io
3659 4894 3811 4970 _Dei

2207 4989 2326 5042 cap.
2357 4975 2409 5031 7.
2444 4983 2499 5027 et
2536 4962 2810 5029 Serarium
2847 4972 2897 5042 in
2929 4965 3345 5042 Cunuucntariis
3390 4962 3513 5042 libri
3545 4962 3806 5042 "Esther.

2206 5033 2488 5109 Qtiomodo
2518 5051 2694 5096 autem
2726 5043 2768 5095 is
2799 5059 2826 5094 a
2857 5039 3081 5094 Domino
3107 5039 3398 5109 castigatus
3428 5033 3810 5109 intelligatur,

2209 5102 2398 5179 partim
2428 5131 2493 5169 ex
2535 5113 2811 5183 Scriptura
2844 5115 2861 5182 (
2886 5111 3068 5184 Esther
3095 5109 3198 5184 vt),
3228 5102 3422 5184 partim
3454 5119 3523 5184 ex
3546 5102 3816 5184 ‘loseplii

2207 5175 2368 5238 veluti
2393 5175 2795 5241 Conitneuiario
2815 5175 3069 5250 colligere
3095 5175 3217 5234 licet
3250 5175 3497 5250 (Ioseph.
3525 5175 3810 5250 Antiquit.

2205 5253 2294 5326 lib.
2331 5272 2378 5309 λι
2399 5273 2512 5326 cap.
2539 5254 2625 5324 6).
2655 5253 2864 5307 Textus
2893 5242 3188 5326 SEripturte
3209 5242 3477 5326 sic__h_abe_t
3511 5260 3524 5298 :
3557 5242 3817 5326 lV'o'qtem

2203 5325 2352 5379 illaut
2380 5312 2521 5379 duiit
2549 5312 2637 5377 rea:
2662 5325 2964 5386 insomnem,
2982 5312 3238 5393 jitssitque
3264 5320 3362 5373 sibi
3390 5315 3568 5384 afferri
3601 5312 3820 5393 Histo-

2196 5398 2301 5449 rias
2343 5407 2386 5450 et
2437 5395 2656 5448 Annales
2703 5395 2938 5464 priorum
2982 5388 3630 5464 iemporumgg‘qute‘cum
3704 5388 3820 5464 illo

2197 5478 2441 5534 prazsente
2481 5456 2785 5538 legerentur,
2832 5475 3032 5538 rentum
3063 5456 3141 5538 est
3172 5462 3240 5516 ad
3259 5459 3428 5538 illum
3473 5456 3686 5538 locuma
3711 5457 3825 5538 ubi

2197 5529 2441 5603 scriptum
2467 5529 2598 5601 erat,
2625 5537 2880 5606 quomodo
2925 5537 3208 5606 nuntiasset
3251 5529 3627 5606 Mardocltazus.
3661 5529 3829 5581 insi-

2199 5597 2314 5662 dias
2351 5597 2695 5676 lingat/iane:
2733 5605 2921 5658 Thares
2955 5604 3326 5676 cunuchorum,
3376 5614 3544 5676 regem
3593 5597 3828 5676 Assue-

2198 5698 2314 5753 r_uut
2333 5670 2579 5753 jug'ulare
2609 5679 2940 5753 cupientium.
2979 5675 3133 5743 Quod
3162 5691 3274 5753 cum
3287 5671 3524 5753 atullisset
3547 5679 3662 5753 rf-‘lf.
3685 5671 3833 5753 70,53:

2203 5738 2460 5818 Quitl'pio
2485 5751 2578 5800 hac
2604 5738 2705 5816 [ille
2733 5749 2943 5802 honoris
2964 5738 3024 5801 ai:
3049 5747 3246 5815 prwmii
3275 5738 3638 5798 Hardocha’lu
3664 5751 3835 5796 con—
