4004 6198
285 316 389 375 509

1023 307 1361 370 COLLATIO
1398 307 1440 367 I.
1473 332 1541 345 ——
1575 303 1660 358 DE
1700 299 2003 357 MON.\C!ll
2041 297 2450 359 INTENTIONE
2491 297 2577 352 AC
2614 295 2790 351 FINE.

3450 295 3557 353 5l0

286 425 456 494 mino,
509 424 679 480 libros
723 423 944 481 annales
993 421 1278 491 instigatur
1323 417 1622 487 inquirere,
1673 414 1876 486 quibus
1896 424 1948 483 Α
1973 413 2266 468 ascenderit
2290 429 2444 483 super
2473 422 2540 477 te,
2574 411 2743 466 locum
2785 421 2927 469 tuum
2956 429 3020 468 ne
3042 412 3273 470 dimittas
3304 411 3548 486 (Eccles.

285 516 617 575 Μαι-(ἰοεὴωὶ
647 517 905 572 beneticia
930 513 1266 578 recordatus,
1307 508 1503 565 summi
1546 522 1670 563 eum
1693 506 1863 577 gradu

284 612 511 667 honoris
560 610 782 673 exaltat,
826 623 889 663 ac
934 607 1177 676 protinus
1222 599 1651 657 crudelissimam
1703 613 1866 667 super

283 720 416 761 nece
458 704 638 772 gentis
661 702 861 757 Judaue
888 699 1210 755 sententiam
1244 702 1465 751 revocat
1491 692 1713 759 (Esther
1754 689 1861 760 vi).

284 798 383 852 Vel
407 811 526 851 cum
551 794 823 863 Propheta
847 796 1258 853 commemorat,
1293 786 1510 841 Audiam
1538 785 1660 852 quid
1686 783 1867 852 loqua-

284 900 366 942 tur
388 889 440 940 in
472 904 547 939 me
576 884 828 937 Dominus
862 882 999 935 Deus
1025 880 1209 952 (Psal.
1248 875 1498 947 Lxxxw).
1537 876 1687 928 Alius
1728 888 1865 944 quo-

282 999 406 1049 que,
444 980 509 1034 Et
540 980 691 1043 dixit,
737 976 933 1045 inquit,
972 974 1184 1047 angelus
1225 973 1313 1041 qui
1360 970 1664 1040 loquebatur
1704 969 1756 1021 in
1788 984 1867 1021 me

285 1070 576 1143 (lac/1.1).
614 1068 707 1123 Vel
739 1082 860 1124 cum
896 1066 1069 1121 Filius
1095 1065 1189 1118 Dei
1222 1072 1505 1118 venturum
1537 1073 1594 1113 se
1617 1074 1718 1112 una
1743 1072 1865 1113 cum

282 1168 465 1233 Patre,
500 1174 553 1217 ‹·ι
592 1163 929 1216 mansionem
970 1157 1109 1228 apud
1144 1173 1240 1211 nos
1280 1155 1546 1209 {acturum
1590 1166 1712 1206 esse
1742 1166 1869 1220 pro-

283 1260 445 1313 mittit
475 1255 660 1326 (Joan.
691 1270 779 1309 stv
797 1254 839 1323 ).
871 1252 957 1317 Et,
987 1250 1109 1316 Non
1139 1249 1261 1303 estis
1290 1264 1399 1312 vos,
1435 1244 1628 1314 inquit,
1673 1245 1760 1313 qui
1790 1243 1871 1297 lo-

281 1349 515 1417 quintitti,
542 1348 630 1401 sed
656 1346 884 1416 Spiritus
910 1342 1084 1395 Patris
1104 1342 1257 1395 vestri
1285 1340 1373 1409 qui
1396 1337 1624 1407 loquitur
1649 1335 1701 1389 in
1730 1335 1869 1389 vobis

280 1440 515 1513 (Matth.
551 1441 639 1513 χ).
674 1439 742 1495 Et
784 1454 878 1491 vos
922 1434 1228 1499 electionis,
1283 1431 1703 1503 Experimentum
1754 1432 1867 1495 eius

275 1538 507 1608 quaeritis
539 1539 625 1606 qui
668 1536 723 1587 in
764 1550 843 1585 me
889 1532 1111 1600 loquitur
1154 1527 1388 1582 Christus
1417 1526 1492 1596 (ll
1523 1525 1643 1580 Cor.
1695 1523 1867 1593 xm)?

276 1642 306 1669 α
334 1632 414 1684 Es
440 1630 657 1683 diabolo
680 1640 807 1681 vero
833 1624 1222 1692 cogitationum
1248 1621 1488 1676 nascitur
1514 1620 1709 1683 series,
1744 1630 1865 1671 cum

272 1723 598 1778 subvertere
646 1732 745 1772 nos
794 1724 900 1770 tam
947 1716 1205 1769 vitiorum
1253 1711 1649 1775 oblectatione,
1704 1722 1865 1778 quam

276 1815 451 1867 etiam
480 1809 711 1865 occultis
741 1815 968 1863 conatur
998 1804 1227 1869 insidiis,
1274 1800 1628 1857 subtilissima
1656 1798 1861 1853 callidi-
1893 1829 1939 1888 Β

274 1914 391 1955 tate
410 1902 543 1954 imla
570 1915 669 1969 pro
698 1900 852 1953 bonis
880 1896 1247 1952 fraudulenter
1267 1901 1572 1953 ostentans,
1600 1900 1657 1945 et
1679 1904 1860 1946 trans-

272 1994 520 2061 ﬂgurms
551 2006 608 2045 se
657 1990 816 2045 nobis
841 1990 894 2043 in
926 1987 1176 2049 angelum
1210 1983 1446 2051 lucis(ll
1474 1981 1592 2037 Cor.
1624 1982 1734 2054 ιι).
1758 1982 1857 2037 Vel

270 2098 399 2137 cum
420 2081 744 2151 evangelista
766 2080 930 2135 refert
955 2096 968 2133 :
991 2076 1057 2130 Et
1077 2094 1219 2131 caena
1245 2080 1406 2147 facta,
1429 2072 1457 2114 δ
1482 2092 1597 2130 cum
1620 2076 1857 2130 diabolus

267 2180 384 2251 jam
408 2174 622 2227 misisset
652 2174 703 2225 in
725 2187 813 2226 cor
830 2170 985 2225 Juda:
1008 2170 1236 2223 Simonis
1260 2167 1525 2235 Scarioth,
1558 2178 1613 2223 ut
1636 2168 1857 2221 traderet

273 2266 557 2321 Dominum
587 2263 778 2334 (Joan.
813 2265 964 2331 xui).
997 2261 1065 2315 Et
1090 2260 1292 2314 iterum
1326 2276 1340 2314 :
1380 2258 1502 2313 Post
1532 2258 1814 2312 buccellam
1840 2297 1855 2312 .

274 2360 475 2428 inquit,
508 2357 735 2409 introivit
778 2357 831 2408 in
873 2356 1023 2408 illum
1052 2352 1279 2407 Satanas
1320 2346 1615 2423 (Ibidem).
1668 2351 1861 2408 Petrus

276 2467 491 2520 qucque
521 2451 587 2505 ad
612 2450 900 2511 Ananiam,
937 2448 1128 2513 Quare,
1155 2446 1249 2509 ait,
1275 2447 1483 2500 tentavit
1515 2445 1737 2519 Satanas
1768 2460 1858 2499 cor

273 2524 447 2608 tuum,
483 2541 689 2596 mentiri
716 2550 762 2594 te
793 2540 1015 2608 Spiritui
1046 2545 1225 2591 sancto
1255 2537 1272 2609 (
1299 2537 1476 2592 Actor.
1511 2538 1615 2608 v)?
1638 2536 1703 2592 Et
1724 2539 1855 2593 illud

275 2634 419 2706 quod
463 2634 514 2687 in
556 2627 872 2701 Evangelio,
903 2639 955 2684 et
988 2631 1155 2684 multo
1186 2639 1312 2683 ante
1344 2646 1440 2701 per
1472 2629 1855 2686 Ecclesiastem

276 2724 599 2796 przcdictum
630 2721 895 2794 legimus:
923 2719 983 2777 Si
1015 2719 1246 2791 Spiritus
1290 2731 1597 2791 potestatem
1623 2722 1859 2780 habentis

1968 523 1998 561 κ
2017 505 2055 576 ).
2088 505 2223 563 lllnd
2243 519 2456 576 quoque
2476 504 2622 575 quod
2648 503 2843 559 dicitur
2864 504 2930 563 ad
2956 505 3122 567 Deum
3149 514 3340 563 contra
3363 504 3552 563 Achab

1967 599 2022 653 in
2055 598 2216 653 tertio
2240 598 2449 667 Regum
2479 596 2617 650 libro
2646 611 2712 651 ex
2741 611 2970 666 persona
2999 599 3222 665 spiritus
3250 598 3547 655 immundi:

1969 689 2225 762 Egredior
2251 698 2296 744 et
2318 705 2404 744 ero
2423 689 2634 758 spiritus
2656 688 2881 744 mendas:
2903 689 2956 743 in
2978 704 3065 745 ore
3085 691 3309 747 omnium
3331 690 3553 763 prophe-

1969 790 2138 839 tarum
2165 786 2277 854 ejus
2303 780 2405 849 (lll
2438 781 2565 851 Reg.
2601 778 2773 848 sun).
2809 789 2831 817 ο
2862 779 2941 835 Ex
2970 781 3125 837 nobis
3154 790 3334 835 autem
3366 784 3551 839 oriun-

1968 884 2078 939 tur,
2108 888 2228 927 cum
2262 870 2582 925 naturaliter
2610 885 2674 923 ea
2707 884 2827 938 qua:
2851 872 3109 940 gerimus,
3144 871 3231 924 vel
3259 872 3548 939 gessimus,

1968 964 2053 1019 vel
2077 964 2400 1029 audivimus,
2422 961 2772 1016 recordamur
2796 962 2816 1033 (
2844 961 2972 1014 Vide
2996 962 3376 1014 inmolationem
3399 976 3548 1027 quar-

1969 1066 2075 1109 tam
2101 1052 2315 1125 Cuychii
2342 1062 2454 1123 post
2476 1054 2631 1122 ﬁnem
2657 1052 2875 1123 operis).
2905 1052 2983 1106 De
3008 1052 3202 1121 quibus
3224 1052 3419 1106 beatus
3444 1051 3551 1107 Da-

1969 1148 2079 1214 vid,
2110 1146 2363 1219 Cogitavi,
2408 1148 2602 1215 inquit,
2636 1146 2744 1198 dies
2771 1145 3036 1215 antiquos,
3062 1152 3109 1197 et
3136 1158 3301 1198 annos
3331 1152 3548 1198 cateruas

1968 1242 2025 1293 in
2049 1251 2215 1296 mente
2234 1238 2409 1305 habui,
2434 1248 2480 1291 et
2504 1239 2774 1291 meditatus
2796 1254 2907 1291 sum
2932 1247 3072 1292 nocte
3100 1253 3214 1290 cum
3237 1237 3388 1289 corde
3416 1252 3546 1303 meo,

1971 1343 2017 1386 ct
2055 1332 2394 1397 surcitabar,
2435 1340 2484 1385 et
2523 1331 2794 1401 scopebam
2844 1330 3087 1399 spiritum
3143 1345 3311 1384 meum
3361 1327 3548 1401 (Psal.

1972 1426 2196 1496 uxvr).
2232 1424 2300 1479 Et
2334 1424 2555 1490 iterum,
2588 1421 2841 1477 Dominus
2887 1424 2985 1477 scit
3012 1422 3340 1491 cogitationes
3382 1419 3553 1473 homi-

1972 1535 2116 1583 num,
2143 1519 2385 1586 quoniam
2411 1532 2556 1570 vana:
2583 1524 2704 1569 sunt
2736 1513 2918 1585 (Psal.
2946 1529 3071 1569 xcnl
3094 1513 3135 1584 ).
3170 1513 3227 1567 ln
3262 1508 3553 1583 Evangelia

1969 1620 2187 1679 quoque
2235 1608 2492 1661 Dominus
2520 1606 2585 1659 ad
2616 1607 2943 1673 Phariszeos,
2980 1606 3117 1671 Quid
3147 1606 3383 1677 cogitatis
3414 1604 3553 1667 mala

1970 1701 2023 1753 in
2049 1699 2289 1753 cordibus
2319 1700 2498 1751 vestris
2528 1696 2759 1767 (Matth.
2790 1710 2841 1750 ts
2860 1696 2916 1766 )7

2565 1852 2791 1913 CAPUT
2831 1852 2950 1908 XX.

1971 1965 2127 2021 Docet
2147 1982 2211 2020 ea;
2239 1964 2576 2019 similitudine
2606 1966 2805 2034 probati
2826 1966 3087 2033 trapezita
3113 1964 3369 2035 quomodo
3409 1965 3556 2035 cogi--

2283 2037 2499 2090 tationss
2520 2047 2708 2090 nostra:
2738 2035 3085 2091 discernenda!
3108 2036 3228 2091 sint.

2038 2170 2191 2229 Hanc
2215 2170 2376 2240 igitur
2397 2178 2620 2239 oportet
2648 2170 2964 2239 tripartitam
2994 2171 3258 2227 rationem
3290 2185 3389 2235 nos
3408 2170 3555 2242 iugi-

1967 2274 2052 2321 ter
2078 2266 2371 2321 observare
2389 2310 2402 2333 ,
2430 2274 2485 2319 et
2514 2266 2791 2320 universas
2832 2265 3186 2335 c0gltationes
3230 2278 3349 2335 quas
3377 2280 3555 2321 emer-

1965 2369 2100 2430 gunt
2147 2358 2199 2412 in
2229 2358 2394 2413 corde
2421 2367 2632 2421 nostro,
2662 2358 2843 2429 sagaci
2883 2357 3211 2414 discretione
3254 2358 3550 2427 discutere,

1965 2452 2202 2520 origines
2224 2465 2409 2507 earum
2433 2458 2491 2505 et
2513 2464 2710 2507 causas
2739 2459 3097 2519 auctoresque
3122 2450 3374 2519 primitus
3398 2450 3550 2505 inda-

1965 2554 2182 2617 gantes,
2212 2554 2265 2598 ut
2292 2545 2478 2613 quales
2502 2559 2601 2598 nos
2623 2542 2702 2599 eis
2735 2543 2979 2614 prmbere
3004 2542 3314 2607 debeamus,
3346 2557 3408 2597 es
3432 2541 3553 2597 illo-

1962 2656 2083 2695 rum
2133 2642 2332 2696 merito
2364 2639 2455 2707 qui
2504 2656 2595 2696 eas
2641 2648 2954 2710 suggerunt,
2986 2637 3327 2694 considerare
3375 2638 3549 2713 possi-

1966 2746 2108 2795 mus,
2134 2730 2158 2767 τι
2191 2740 2247 2785 ut
2272 2731 2574 2787 efﬁciamur
2616 2730 2912 2787 secundum
2956 2738 3289 2799 praeceptum
3331 2725 3553 2789 Domini

1343 2836 1601 2894 ALARDI
1641 2840 1872 2898 ΟΑΖᾹΞΙ
1907 2842 2476 2902 COMMENTARIUS.

273 2964 474 3010 secutus
505 2954 612 3010 est?
640 2952 897 3009 Dixerunt
923 2952 971 3007 ei
998 2952 1130 3006 servi
1167 2954 1282 3023 ejus
1310 2967 1370 3023 ac
1408 2953 1632 3007 ministri
1662 2956 1857 3013 :Nihil

272 3028 485 3081 omnino
506 3026 753 3079 mercedis
779 3023 995 3092 accepit,
1026 3031 1131 3077 etc.
1160 3020 1383 3092 Iosephi
1416 3039 1546 3078 vero
1572 3025 1858 3082 Commen-

273 3098 447 3152 tarios
475 3114 489 3149 :
518 3096 679 3163 Deus,
718 3094 919 3161 inquit,
957 3109 1101 3157 spem
1137 3094 1417 3165 malignam
1447 3096 1612 3148 Aman
1656 3098 1860 3154 deride-

275 3170 385 3233 bat,
427 3178 498 3233 et,
530 3167 813 3221 accidentia
838 3165 1145 3237 prteridens,
1178 3164 1242 3217 de
1268 3166 1458 3237 futuris
1486 3166 1856 3225 delectabatur.

276 3239 421 3293 Nam
442 3240 549 3308 regi
563 3252 801 3309 somnum
817 3252 906 3306 per
922 3236 1072 3289 illam
1096 3245 1295 3309 noctem
1311 3236 1546 3301 abstulit,
1564 3248 1615 3291 et
1628 3254 1750 3309 qua:
1772 3256 1859 3296 se-

273 3305 539 3379 quuntur.
578 3308 1077 3379 Castigatumergo
1106 3322 1137 3359 a
1177 3305 1405 3379 Domino
1449 3305 1739 3379 Assuerum
1773 3312 1859 3367 hic

274 3377 515 3436 insinuat
534 3379 755 3443 Auctor,
776 3393 897 3432 cum
920 3378 1158 3431 immissa
1182 3377 1435 3431 divinitus
1460 3378 1546 3432 illa
1572 3380 1854 3447 insomnia,

274 3454 538 3519 lectisque
564 3466 745 3505 coram
773 3464 838 3503 eo
879 3448 1161 3519 Annalium
1193 3459 1245 3519 et
1277 3448 1637 3505 Historiarum
1670 3468 1859 3507 monu-

276 3524 501 3584 mentis.
550 3520 871 3576 Hardocluei
915 3518 1071 3572 tidem
1102 3528 1157 3573 et
1179 3518 1417 3573 ofﬁcium
1447 3522 1499 3573 in
1542 3521 1861 3590 detegendis

275 3593 491 3649 insidiis
517 3594 642 3649 olim
672 3592 969 3661 prasstitum
1014 3590 1078 3643 ad
1123 3592 1438 3661 memoriam
1465 3606 1758 3659 revocans,
1791 3596 1859 3648 de

275 3667 421 3731 ipso,
458 3674 516 3717 ut
556 3678 648 3728 par
676 3659 823 3725 erat,
875 3659 1500 3732 digneremunerando,
1535 3661 1648 3715 Deo
1690 3664 1859 3732 inspi-

276 3730 461 3797 rante,
494 3736 639 3788 serio
664 3734 901 3801 cogitare
928 3730 1128 3797 etrapit:
1160 3730 1306 3783 unde
1344 3741 1631 3784 consecuta
1664 3730 1858 3789 deinde

275 3806 673 3861 crudelissima:
702 3803 983 3859 sententias
1014 3803 1065 3854 in
1095 3802 1313 3870 .Indieos
1352 3802 1417 3852 ab
1448 3802 1626 3854 Aman
1668 3818 1860 3870 proco-

275 3889 413 3931 rata:
442 3876 721 3930 revocatio
748 3882 804 3927 et
830 3872 1128 3940 abrogatio.
1158 3869 1326 3924 Porro
1354 3871 1483 3938 quid
1516 3869 1676 3925 inter
1699 3874 1862 3928 histo-

276 3950 389 4002 rias
424 3959 472 4000 et
504 3948 726 4003 annales
757 3944 1091 3999 discriminis
1130 3943 1221 4005 sit,
1268 3941 1432 3995 tradit
1462 3942 1667 3997 Gellius
1700 3945 1793 3998 lib;
1826 3962 1859 3999 v

274 4033 400 4086 cap.
425 4018 514 4082 18,
540 4027 593 4071 et
621 4016 857 4071 Isidorus
881 4014 1113 4086 Etymol.
1137 4013 1230 4067 lib.
1255 4028 1270 4066 I
1291 4022 1410 4086 cap.
1439 4013 1537 4086 ult.
1561 4014 1637 4068 Ex
1665 4017 1861 4082 quibus

277 4084 548 4143 Baronius
573 4090 644 4141 ita
668 4089 849 4141 retulit
872 4088 889 4154 (
909 4084 973 4137 In
1004 4088 1024 4138 l
1052 4086 1258 4154 prwfat.
1290 4084 1478 4136 Annal.
1502 4084 1518 4153 )
1544 4103 1555 4136 :
1578 4086 1653 4138 Eo
1676 4087 1862 4140 discri-

278 4165 419 4212 mine
458 4169 644 4212 veteres
686 4158 748 4210 ab
794 4158 1005 4211 historia
1045 4155 1256 4209 annales
1300 4154 1673 4221 distinxerunt,
1726 4161 1862 4225 quod

278 4231 380 4281 illa
414 4230 614 4294 proprie
640 4245 720 4282 res
744 4244 954 4282 suorum
984 4237 1267 4292 temporum
1298 4238 1483 4294 gestas,
1524 4244 1650 4296 (luas
1681 4240 1863 4282 auctor

277 4300 368 4352 uel
407 4301 551 4359 vidit,
594 4299 667 4354 uel
714 4301 877 4370 potuit
903 4299 1092 4359 uidere,
1132 4304 1424 4370 pertractat,
1460 4313 1621 4365 neque
1663 4309 1863 4352 tantum

276 4371 413 4439 quid
443 4378 634 4439 gestum
661 4368 749 4437 sit,
778 4372 864 4423 sed
896 4380 941 4421 et
961 4386 1061 4439 qua
1084 4368 1304 4430 ratione,
1334 4383 1494 4428 quove
1517 4370 1746 4433 consilio,
1778 4372 1860 4423 in-

278 4442 443 4496 dicet.
476 4440 756 4494 Annalibus
782 4449 960 4493 contra
989 4440 1207 4509 scriptor
1226 4454 1306 4492 res
1329 4439 1584 4511 antiquas,
1612 4449 1667 4494 ut
1696 4442 1864 4511 pluri-

279 4529 444 4577 mum,
473 4528 604 4579 quas
632 4528 725 4564 sua
761 4528 863 4565 non
892 4512 1027 4564 novit
1057 4508 1204 4573 tetas,
1247 4508 1547 4577 easdemque
1576 4526 1666 4580 per
1697 4508 1863 4565 annos

280 4584 517 4653 singulos
544 4585 835 4636 litterarum
862 4583 1199 4653 nranimemis
1222 4583 1555 4634 commendet.
1586 4581 1676 4634 Sic
1706 4587 1839 4653 ipse.

361 4650 385 4689 ἀ
429 4657 787 4708 ltsmascenus
819 4652 912 4706 lib.
947 4667 984 4706 ιι
1013 4653 1078 4705 de
1108 4650 1237 4704 Fide
1266 4664 1385 4717 cap.
1419 4653 1471 4707 4,
1501 4654 1568 4703 de
1605 4652 1866 4706 daemoni-

283 4725 389 4778 bus
416 4739 580 4793 sgens
610 4742 621 4775 :
656 4723 856 4788 Omnis,
888 4723 1081 4788 inquit,
1113 4722 1335 4793 pravitas
1365 4720 1429 4772 ab
1463 4721 1588 4786 ipsis
1620 4739 1867 4791 procura-

284 4805 369 4848 tur
394 4836 407 4859 ,
439 4790 485 4848 et
514 4796 729 4864 impune
776 4790 1199 4865 perturbationes.
1236 4790 1302 4844 Et
1342 4807 1616 4863 suggerere
1658 4794 1865 4862 quidem

284 4867 481 4920 homini
524 4866 754 4932 permissi
797 4874 932 4930 sunt,
976 4879 1154 4934 cogere
1184 4873 1356 4915 autem
1397 4878 1499 4916 non
1526 4876 1762 4934 possunt.
1798 4866 1867 4920 In

284 4949 464 4990 nostra
493 4939 624 4990 enim
663 4943 910 5005 potestate
938 4943 1009 4988 est
1051 4934 1315 4986 admittere
1340 4943 1428 4987 aut
1454 4951 1556 4987 non
1598 4936 1869 4991 admittere

282 5024 463 5061 eorum
487 5009 880 5079 suggestionem.
915 5007 987 5059 Ita
1015 5008 1392 5079 Damascenns.
1430 5006 1489 5079 ι).
1517 5006 1752 5059 Thomas
1778 5010 1865 5063 ubi

284 5092 451 5147 supra
481 5098 493 5132 :
523 5076 809 5142 ltirmones,
835 5076 927 5135 ait.
959 5093 1059 5130 non
1087 5085 1295 5143 possunt
1315 5076 1583 5128 immittere
1603 5078 1870 5147 cogitatio-

286 5164 395 5210 nes,
433 5150 643 5200 interius
670 5165 757 5200 eas
787 5150 1071 5214 causando,
1104 5162 1219 5199 cum
1247 5160 1369 5199 usus
1400 5147 1685 5214 cogitatione
1710 5148 1869 5202 virtu-

286 5221 352 5272 tis
374 5220 637 5277 subjaceat
655 5219 922 5272 voluntati.
952 5217 1151 5271 Dicitur
1178 5225 1345 5269 tamen
1372 5216 1603 5268 diabolus
1630 5218 1865 5272 incensor

286 5291 682 5359 cogitationum,
716 5291 767 5343 in
794 5299 1045 5360 quantum
1081 5290 1266 5360 incitat
1287 5288 1352 5338 ad
1393 5288 1745 5355 cogitandum,
1788 5290 1863 5342 vel

286 5363 357 5414 ad
390 5362 735 5429 appetendum
762 5359 1002 5431 sagitata,
1032 5375 1123 5430 per
1148 5359 1358 5431 modum
1387 5360 1756 5431 persuadentis,
1789 5363 1866 5415 vel

287 5433 583 5501 passionem
610 5428 935 5486 concitantis.
973 5428 1147 5483 Potest
1171 5430 1303 5481 enim
1340 5428 1639 5501 hujusmodi
1664 5432 1866 5499 passio-

285 5500 376 5555 nes
409 5506 670 5556 concitare
688 5504 742 5555 in
766 5503 1118 5568 sensualitate,
1149 5509 1300 5568 atque
1327 5500 1401 5552 ita
1437 5500 1742 5553 uoluntatem
1768 5518 1869 5555 mo-

288 5588 440 5637 vere;
471 5589 572 5625 non
612 5584 779 5627 tamen
819 5589 883 5626 ex
908 5574 1221 5635 necessitate,
1260 5571 1378 5637 quia
1412 5569 1644 5622 voluntas
1672 5587 1867 5640 semper

288 5654 519 5696 remanet
548 5642 707 5696 libera
734 5644 801 5697 ad
830 5643 1237 5697 consentiendum
1281 5642 1356 5694 vel
1384 5642 1719 5712 resistendum
1749 5660 1867 5712 pas-

286 5715 449 5768 sioni.
488 5714 705 5770 Duobus
733 5729 864 5784 ergo
903 5714 1077 5768 modis
1113 5714 1366 5784 immittit
1413 5711 1570 5765 nobis
1620 5711 1866 5769 diabolus

284 5784 671 5857 cogitationes,
702 5783 1161 5841 aut’immutando
1207 5783 1565 5853 phantasiam,
1608 5799 1705 5839 seu
1732 5785 1866 5839 ima-

1960 2961 2312 3030 ginationem,
2338 2972 2393 3017 et
2415 2964 2559 3018 varia
2581 2963 2630 3017 ei
2655 2961 2865 3034 objecta
2888 2962 3130 3017 suasoria
3158 2962 3544 3034 proponendo;

1962 3045 2047 3105 aut
2082 3035 2389 3105 passionem
2433 3033 2720 3105 excitando
2752 3034 2802 3087 in
2831 3034 3204 3099 sensualitate,
3250 3033 3346 3102 per
3374 3049 3538 3105 quam

1962 3104 2213 3157 voluntas
2242 3104 2493 3158 allicitur.
2532 3104 2826 3172 Utrumque
2857 3105 3001 3158 enim
3034 3114 3214 3174 potest
3242 3104 3492 3159 diabOlus
3523 3147 3538 3171 ,

1961 3174 2005 3227 si
2034 3173 2190 3245 Deus
2246 3178 2550 3243 permittat;
2595 3177 2925 3230 voluntatem
2974 3173 3152 3231 tamen
3211 3191 3405 3245 cogere
3454 3186 3547 3231 aut

1961 3244 2259 3328 efﬁcaciter
2290 3262 2505 3301 movere
2536 3262 2641 3301 non
2675 3258 2873 3316 potest,
2906 3248 3009 3303 nisi
3053 3248 3167 3317 ipsa
3197 3244 3389 3316 sponte
3412 3262 3547 3303 con-

1964 3325 2185 3370 sentiat.

2036 3386 2062 3425 δ
2108 3382 2169 3440 D.
2201 3387 2528 3449 Augustinus
2558 3396 2714 3442 tract.
2746 3389 2813 3444 55
2835 3389 2888 3443 in
2910 3389 3207 3444 Joannem:
3238 3387 3423 3443 Missio
3444 3389 3544 3443 ista

1963 3458 2253 3527 spiritualis
2283 3462 2539 3529 suggestio
2567 3469 2671 3524 est;
2704 3469 2751 3512 et
2777 3475 2878 3512 non
2907 3460 2966 3528 ﬁt
2994 3476 3086 3529 per
3114 3473 3311 3525 aurem,
3345 3462 3434 3513 sed
3456 3475 3549 3526 per

1962 3529 2341 3599 cogitationem.
2376 3529 2653 3583 Diabolica:
2673 3531 2802 3582 enim
2825 3531 3156 3595 cogitationes
3181 3530 3545 3595 immittuntur,

1963 3608 2008 3649 et
2040 3600 2273 3651 humanis
2299 3600 2686 3669 cogitationibus
2716 3601 3082 3669 immiscentur.

2039 3680 2061 3707 ο
2094 3666 2384 3733 Quomodo
2428 3670 2785 3736 cogitationes
2814 3668 3060 3721 oriantur
3090 3681 3162 3721 ex
3202 3666 3385 3731 nobis,
3424 3682 3545 3723 cum

1964 3740 2260 3803 Apostolus
2311 3737 2507 3791 dicat:
2560 3736 2681 3789 Non
2727 3753 2903 3790 sumus
2963 3738 3263 3806 sollicitantes
3321 3739 3548 3806 cogitare

1963 3800 2163 3876 aliquid
2191 3825 2253 3861 cx
2282 3808 2445 3871 nobis,
2477 3807 2626 3878 quasi
2645 3824 2709 3860 ea:
2733 3807 2878 3878 nobis
2912 3806 2985 3877 (ΙΙ
3013 3800 3129 3861 Cor.
3163 3821 3220 3878 tn
3240 3810 3279 3878 ).
3332 3800 3461 3862 Vide
3492 3810 3544 3862 in

1967 3878 2239 3931 notatione
2266 3879 2412 3930 dom.
2445 3877 2669 3947 Cuychii
2697 3880 2762 3931 ad
2790 3877 2997 3931 calcem
3029 3877 3229 3943 operis.

2034 3947 2061 3985 ά
2091 3949 2161 4001 De
2191 3949 2291 4002 hac
2313 3963 2446 4001 voce
2472 3962 2535 4001 ac
2559 3947 2826 4003 sententia
2873 3950 3003 4003 nihil
3044 3948 3158 4003 fere
3194 3957 3277 4003 est
3307 3949 3447 4017 quod
3482 3952 3546 4004 ad

1965 4020 2268 4073 natationes
2308 4019 2530 4089 Guychii
2583 4028 2637 4072 et
2685 4018 2925 4073 Ciacouii
2972 4020 3130 4086 adjici
3180 4021 3379 4087 possit,
3415 4034 3546 4089 quas

1964 4089 2187 4157 proinde
2212 4100 2466 4157 utrasque
2485 4092 2656 4147 visum
2680 4103 2760 4144 est
2786 4091 2869 4142 hic
2892 4090 3160 4145 ascribere
3184 4106 3199 4153 ;
3224 4106 3286 4143 ac
3318 4092 3545 4157 primum

1964 4160 2189 4229 Cttychii
2223 4162 2426 4215 notatio
2455 4162 2531 4214 sic
2555 4162 2715 4215 habet
2746 4178 2760 4216 :
2794 4162 3091 4225 Trapezitte
3120 4160 3333 4215 Graecis
3359 4163 3550 4215 dicun-

1968 4242 2076 4295 tur,
2109 4250 2240 4298 quos
2275 4233 2459 4285 Latine
2487 4233 2897 4295 nminnutarios,
2932 4233 3252 4295 mensarios,
3282 4233 3396 4285 sive
3424 4247 3545 4285 mo-

1965 4302 2202 4358 netarios
2230 4302 2499 4372 appellare
2544 4318 2825 4370 possumus
2852 4318 2864 4365 ;
2908 4302 2993 4355 sic
3026 4302 3202 4356 dictos
3230 4318 3258 4355 a
3307 4311 3543 4364 moneta,

1966 4374 2078 4427 sive
2127 4384 2395 4442 argento:
2444 4388 2548 4425 non
2594 4374 2733 4441 quod
2783 4384 3033 4441 argentea
3065 4386 3189 4426 vasa
3236 4376 3430 4427 earlent
3460 4376 3542 4426 vel

1966 4444 2235 4508 inaureot,
2271 4446 2369 4496 hoc
2401 4445 2541 4496 enim
2593 4444 2865 4497 l‘ahrornm
2911 4454 2989 4497 est
3016 4459 3029 4499 :
3061 4444 3153 4497 sed
3208 4444 3349 4510 quod
3405 4444 3543 4512 apud

1966 4515 2088 4567 illos
2134 4516 2568 4568 examinarentur
2613 4515 2878 4579 pecuniae,
2910 4523 2963 4566 et
3012 4514 3435 4580 deponerentur,
3467 4515 3549 4567 in-

1969 4585 2175 4638 terdum
2207 4583 2470 4645 fenerato,
2505 4586 2769 4638 interdum
2800 4585 3051 4651 gratuito,
3084 4585 3276 4637 horum
3309 4586 3546 4639 tabernis

1968 4656 2287 4723 argentariae
2319 4656 2668 4731 vocabantur.
2710 4654 2927 4731 Graecis
2953 4664 3131 4731 autem
3172 4659 3474 4731 τραπεζίται
3501 4672 3548 4731 _a

1971 4742 2153 4798 mensa
2186 4740 2377 4798 nomen
2409 4725 2635 4788 habent;
2682 4741 2799 4777 nam
2836 4728 3072 4798 τράπεζα
3104 4725 3341 4798 mensam
3375 4728 3546 4794 signi-

1973 4797 2117 4850 ﬁcat.
2155 4797 2307 4862 Apud
2354 4796 2570 4849 ludmos
2607 4810 2821 4864 quoque
2869 4796 3031 4849 tuisse
3081 4796 3394 4863 trapezitas,
3436 4799 3549 4850 sive

1972 4868 2391 4925 tmmtnularios.
2440 4868 2525 4933 qui
2571 4867 2621 4919 in
2658 4866 2855 4931 templo
2908 4866 3418 4935 Hierosolymitano,
3451 4865 3545 4917 de-

1971 4949 2120 4992 creto
2147 4938 2487 4991 sacerdotum
2528 4937 2839 4993 constituti.
2874 4948 3112 4990 mutuam
3152 4936 3254 4989 sub
3296 4938 3549 4989 cautione

1972 5010 2249 5075 pecuniam
2300 5008 2531 5070 dabant,
2595 5022 2660 5060 ex
2711 5007 3000 5075 Evangelia
3049 5007 3387 5059 manifestum
3439 5019 3542 5059 est.

1969 5079 2231 5145 Quoniam
2275 5088 2455 5134 autem
2489 5087 2709 5146 propter
2737 5081 3048 5131 continuum
3080 5076 3322 5144 pecunia:
3353 5087 3504 5146 usum
3529 5118 3541 5138 ,

1970 5149 2304 5203 adulterinos
2333 5160 2389 5204 et
2416 5145 2660 5203 exotiros
2710 5163 2959 5202 nummos
3003 5163 3029 5198 a
3064 5148 3196 5200 bona
3241 5155 3292 5196 et
3325 5145 3543 5208 probata

1971 5231 2184 5274 moneta
2212 5223 2412 5289 optime
2453 5220 2851 5281 discernebant,
2888 5219 3011 5289 hinc
3034 5214 3410 5289 trapezitarum
3444 5230 3541 5289 ap:

1973 5292 2187 5358 pellatio
2220 5284 2514 5360 generatim
2548 5290 2612 5342 ad
2658 5303 2846 5360 omnes
2893 5285 3014 5340 illos
3053 5284 3401 5360 extenditur,
3431 5286 3543 5360 _qui

1965 5354 2245 5429 iudicandi
2275 5362 2465 5431 peritia
2497 5361 2699 5421 valent,
2728 5358 2959 5431 et‘inter
2983 5370 3172 5408 aurum
3202 5364 3255 5407 et
3279 5354 3549 5431 aurichal-

1973 5425 2117 5498 cum,
2151 5425 2291 5486 inter
2313 5433 2619 5486 triticumct
2643 5428 2865 5489 zizania,
2898 5429 3232 5498 interverum
3256 5434 3311 5478 et
3334 5425 3545 5498 falsum,

1974 5496 2114 5557 inter
2145 5504 2342 5559 bonum
2374 5512 2425 5555 et
2463 5502 2692 5560 tnalnni,
2728 5508 2875 5551 recte
2911 5496 3309 5564 prudenterque
3347 5496 3550 5549 discer-

1975 5584 2128 5627 nunt.
2165 5574 2227 5625 Et
2260 5575 2311 5624 in
2347 5574 2445 5623 hac
2479 5568 2869 5634 signiﬁcatione
2897 5566 2998 5618 hoc
3028 5566 3289 5619 vocabulo
3312 5582 3439 5620 usus
3469 5577 3550 5619 est

1974 5643 2210 5698 Joannes
2235 5641 2538 5695 Cassianus.
2592 5638 2717 5711 llaec
2748 5636 3037 5711 Cttychius.
3093 5637 3376 5711 Ciaconius
3408 5652 3548 5711 vero

1973 5716 2091 5769 tunc
2116 5712 2354 5766 addidit:
2381 5710 2662 5777 Trapezita
2695 5706 2881 5764 Latine
2903 5706 3293 5765 nummularius
3318 5708 3512 5771 dicitur
3536 5722 3547 5759 :

1973 5784 2271 5839 mensarius
2324 5788 2391 5838 ad
2432 5781 2650 5836 verbum
2700 5779 2852 5837 reddi
2906 5789 3103 5853 potest.
3149 5777 3282 5835 Nam
3318 5778 3550 5855 τράπεζα
