4014 6200
271 233 372 290 517

1050 222 1382 281 COLLATIO
1428 223 1465 277 l.
1498 255 1567 264 -—
1604 218 1686 278 illi
1727 221 2037 279 MONACHI
2079 219 2494 278 ΙΝΤΕΝΤΙΟΝΕ
2538 226 2625 279 AC
2666 227 2847 281 FINE.

3465 238 3573 305 518

269 348 350 403 nis
380 344 705 409 multorum,
740 348 792 399 et
832 353 1021 401 amore
1049 339 1183 395 lucri
1209 338 1460 408 spiritalis
1501 337 1739 406 instigat,
1775 351 1870 405 per
1894 337 1945 398 A
1973 335 2082 389 viro
2110 352 2128 388 :
2169 337 2446 389 novissima
2485 347 2657 391 autem
2696 356 2872 392 earum
2922 342 3123 395 venient
3161 342 3213 396 in
3250 348 3571 417 profundum

269 439 413 509 quod
437 452 545 493 nos
570 437 642 491 ab
667 435 974 490 humilitate
995 432 1253 504 propositi
1274 430 1435 501 hujus
1452 445 1516 487 ac
1535 429 1872 485 districtione

270 532 526 588 divellat.
556 530 694 595 Qua:
728 527 910 583 omnia
938 540 1059 580 cum
1094 524 1204 579 sint
1239 532 1441 578 nostra:
1468 523 1628 578 saluti
1661 524 1869 592 profes-

268 626 532 695 sionique
578 621 883 689 contraria,
916 628 1095 674 tamen
1128 618 1399 673 velamine
1436 616 1663 691 quodam
1708 616 1874 671 mise—

271 719 536 775 ricordia:
561 731 626 773 ac
645 713 928 785 religionis
948 713 1185 776 obtecta,
1210 712 1370 767 facile
1390 710 1667 781 imperitos
1690 710 1875 765 incau-

274 822 477 881 tosque
531 809 829 879 decipiunt.
878 805 1161 861 imitantur
1200 804 1348 859 enim
1395 803 1719 858 numismata
1760 800 1876 858 veri

274 900 451 972 regis,
487 902 611 971 quia
649 898 908 955 videntur
944 896 1012 952 ad
1061 910 1305 969 praiseus
1334 895 1489 975 plena
1517 894 1751 975 pietatis,
1782 889 1876 947 sed

280 1009 395 1049 non
421 1000 549 1049 sunt
582 1008 611 1049 a
642 989 894 1061 legitimis
943 986 1277 1057 monetariis,
1311 986 1363 1042 id
1406 995 1511 1052 est,
1546 986 1788 1057 probatis
1824 991 1878 1037 et

276 1084 567 1141 catholicis
587 1082 838 1143 Patribus
864 1082 1134 1155 ﬁgurata;
1167 1094 1268 1136 nec
1293 1078 1363 1135 de
1389 1078 1657 1133 cardinali
1694 1092 1753 1132 ac
1784 1093 1877 1147 pu-

274 1178 428 1236 blica
451 1176 760 1234 collationis
786 1190 972 1233 eorum
999 1173 1275 1249 prodeunt
1297 1171 1538 1236 ofﬁcina,
1571 1170 1664 1226 sed
1693 1170 1875 1225 furtim

276 1271 481 1327 fraude
526 1269 831 1325 daemonum
884 1267 1187 1333 fabricata,
1229 1280 1341 1320 non
1385 1265 1505 1319 sine
1554 1262 1879 1318 detrimento

280 1364 552 1434 imperitis
574 1363 879 1432 quibusque
907 1369 962 1423 et
982 1360 1358 1430 ignorantibus
1389 1359 1727 1428 ingeruntur.
1753 1357 1879 1424 Qua:

277 1456 528 1525 quamvis
566 1455 717 1511 utilia
746 1468 809 1508 ac
847 1452 1148 1509 necessaria
1194 1451 1481 1513 videantur
1506 1450 1573 1505 ad
1614 1464 1878 1525 praesens,

282 1558 464 1603 tamen
512 1548 558 1602 si
589 1544 959 1609 soliditatibus
999 1543 1360 1614 professionis
1390 1552 1592 1597 nostra:
1620 1541 1882 1612 incipiant

273 1650 405 1711 post
435 1640 543 1695 hoc
569 1654 691 1694 esse
721 1637 1020 1704 contraria,
1050 1645 1103 1691 et
1129 1644 1302 1701 totum
1338 1636 1731 1709 quodammodo
1759 1650 1881 1689 cor-

1973 428 2168 498 inferni
2214 427 2486 509 (Proverb.
2519 429 2651 499 xw).
2684 429 2751 485 Et
2782 430 2976 486 iterum
3011 448 3024 487 :
3056 431 3082 471 δ
3117 432 3381 507 Malignus
3421 454 3573 498 nocet

1974 536 2092 572 cum
2138 537 2191 573 se
2222 522 2479 575 miscuerit
2514 524 2664 593 justo
2693 525 2709 593 (
2728 522 2888 578 Prov.
2918 542 3009 581 xv1
3029 527 3069 599 ),
3102 527 3153 582 id
3185 537 3290 600 cst,
3324 530 3573 593 diabolus

1975 611 2177 681 decipit
2204 627 2326 667 cum
2371 613 2534 668 fuerit
2582 617 2771 671 colore
2817 620 3123 675 sanctitatis
3150 624 3416 680 obtectus.
3450 627 3576 683 Odit

1975 714 2155 759 autem
2203 721 2395 761 sonum
2428 708 2641 775 tutela),
2676 710 2728 764 id
2769 720 2853 766 est
2875 755 2888 779 ,
2917 713 3261 775 discretionis
3288 720 3420 789 vim,
3452 736 3574 792 qua:

1976 795 2047 852 de
2078 799 2353 852 seniorum
2384 799 2561 859 verbis
2589 814 2651 855 ac
2674 803 2975 860 monitione
3004 808 3270 876 procedit.

2575 901 2804 959 CAPUT
2845 905 2992 961 XXI.

2335 987 2412 1043 De
2459 990 2697 1045 illusione
2738 993 2933 1048 abbatis
2968 995 3211 1053 Joannis.

2051 1079 2108 1134 In
2141 1095 2248 1150 quo
2271 1079 2431 1135 etiam
2466 1092 2487 1119 ε
2519 1083 2768 1139 abbatem
2802 1103 2976 1156 nuper
3006 1090 3291 1157 Joannem,
3324 1093 3414 1164 qui
3441 1094 3571 1169 Lyci

1980 1182 2347 1225 commoratur
2368 1214 2384 1239 ,
2410 1175 2759 1242 cognovimus
2792 1176 2961 1233 fuisse
2990 1180 3225 1235 illusum.
3255 1183 3388 1238 Nam
3420 1202 3568 1256 cum,

1981 1262 2250 1316 exhausto
2291 1278 2518 1334 corpore
2546 1275 2707 1336 atque
2754 1266 2996 1337 defecto,
3026 1276 3431 1344 perceptionem
3463 1279 3570 1335 cibi

1980 1353 2445 1425 biduanojejunio
2470 1356 2792 1424 distulisset,
2839 1362 3113 1419 accedenti
3147 1368 3194 1419 ei
3227 1368 3292 1423 ad
3318 1372 3570 1426 refectio-

1982 1463 2101 1501 nem
2131 1447 2217 1501 die
2240 1457 2479 1517 postero,
2505 1445 2531 1485 ἀ
2566 1453 2791 1507 veniens
2823 1453 3058 1511 Zabulus
3083 1457 3134 1512 in
3160 1456 3328 1530 ﬁgura
3357 1461 3571 1518 )Etliio-

1980 1541 2063 1612 pis
2094 1541 2239 1609 tetri,
2270 1550 2431 1611 atque
2456 1542 2523 1597 ad
2556 1543 2674 1613 ejus
2719 1560 2899 1617 genua
2925 1551 3242 1619 provolutus
3267 1596 3279 1619 ,
3310 1555 3529 1628 lndulge
3550 1599 3566 1623 ,

1982 1634 2187 1704 inquit,
2232 1634 2385 1701 mihi,
2413 1636 2538 1706 quia
2561 1653 2660 1708 ego
2692 1638 2788 1694 tibi
2821 1642 2962 1697 hunc
2986 1644 3221 1701 laborem
3252 1644 3441 1703 indixi.
3468 1646 3572 1706 Ita-

277 1748 386 1803 pus
427 1732 605 1787 nostri
631 1728 964 1787 labefactare
990 1728 1271 1800 propositi,
1309 1737 1574 1797 tamquam
1616 1741 1875 1781 necessa-
1906 1728 1953 1788 B
1982 1742 2084 1795 que
2112 1726 2202 1780 ille
2218 1726 2299 1781 vir
2320 1736 2502 1783 tantus
2520 1737 2574 1783 et
2596 1730 2646 1783 in
2666 1730 3012 1788 discretionis
3036 1739 3242 1793 ratione
3276 1742 3568 1811 perfectus,

273 1825 433 1881 rium
465 1825 707 1896 quidem,
735 1822 832 1877 sed
879 1821 1244 1876 scandalizans
1282 1820 1601 1885 membrum,
1649 1829 1703 1874 et
1732 1818 1878 1891 quod

274 1918 495 1977 dextrae
516 1930 710 1973 manus
726 1915 812 1970 vel
838 1914 992 1985 pedis
1015 1929 1173 1985 agere
1200 1914 1444 1969 videatur
1466 1912 1724 1981 oflicium,
1754 1930 1879 1982 pro-

275 2010 379 2080 jici
405 2024 435 2062 a
465 2010 627 2064 nobis
658 2017 819 2077 atque
842 1992 1095 2062 abscindi
1125 2007 1343 2062 salubre
1381 2015 1482 2062 est.
1519 2008 1699 2062 Satius
1730 2006 1875 2061 enim

274 2110 369 2157 est
397 2100 605 2168 absque
655 2099 813 2159 unius
842 2099 1099 2169 prmcepti
1150 2098 1416 2163 membro,
1452 2099 1505 2152 id
1550 2109 1654 2164 est,
1687 2114 1877 2168 opera-

278 2193 429 2247 tione
450 2192 535 2246 vel
558 2194 757 2256 fructu,
780 2192 833 2245 in
863 2192 1073 2246 czeteris
1095 2206 1287 2247 sanum
1317 2192 1636 2263 ﬁrmumque
1657 2192 1874 2261 durare,

278 2294 341 2338 et
373 2294 642 2351 tamquam
670 2283 902 2339 debilem
933 2283 1157 2338 introire
1195 2284 1251 2337 in
1291 2298 1517 2351 regnum
1562 2284 1685 2349 Dei,
1716 2300 1877 2355 quam

280 2390 411 2428 cum
441 2374 713 2437 soliditate
745 2374 983 2431 mandati
1024 2375 1262 2441 incidere
1294 2376 1351 2429 in
1390 2376 1606 2446 aliquod
1654 2377 1880 2432 scanda-

276 2469 419 2535 lum,
455 2468 595 2534 quod
627 2469 928 2536 perniciosa
957 2468 1351 2524 consuetudine
1390 2478 1671 2536 separatos
1722 2485 1819 2525 nos
1847 2486 1879 2525 a

280 2558 647 2614 districtionis
678 2560 896 2633 regula,
939 2568 1099 2628 atque
1156 2561 1356 2630 arrepti
1398 2561 1667 2629 propositi
1712 2561 1881 2616 disci-

278 2656 453 2723 plina,
500 2653 719 2708 inducat
748 2654 799 2708 in
833 2651 941 2707 tale
970 2653 1335 2723 dispendium,
1367 2653 1509 2724 quod
1540 2669 1877 2725 nequaquam

274 2747 465 2802 futura
518 2748 846 2804 detrimenta
903 2763 1300 2816 compensans,
1349 2763 1535 2802 omnes
1582 2749 1881 2819 praeteritos

274 2840 490 2895 fructus
514 2849 797 2910 totumque
818 2839 1148 2908 operationis
1178 2850 1375 2893 nostra;
1402 2854 1597 2909 corpus
1620 2843 1881 2910 gehenna:

277 2931 445 2985 faciat
477 2932 689 3002 ignibus
724 2931 1058 2989 concremari
1090 2930 1317 3004 (Matth.
1348 2934 1535 3001 xvm).
1568 2933 1644 2987 De
1673 2935 1884 3003 generi-

277 3024 389 3078 bus
430 3023 735 3078 istiusmodi
766 3023 1073 3077 illusionum
1111 3024 1271 3077 etiam
1314 3024 1365 3079 in
1408 3025 1718 3079 Proverbiis
1772 3027 1881 3081 ele-

1982 1817 2082 1871 sub
2121 1819 2302 1872 colore
2328 1820 2674 1876 continentia:
2706 1824 3125 1896 incongruenter
3148 1836 3455 1888 exercitatae
3486 1834 3570 1889 in-

1983 1910 2194 1963 tellexit
2217 1925 2276 1964 se
2304 1910 2373 1965 ob
2404 1910 2504 1966 hoc
2548 1913 2840 1970 calliditate
2879 1916 3079 1972 diaboli
3107 1921 3528 1980 circumventum
3554 1969 3570 1994 ,

1981 2004 2181 2073 talique
2210 2003 2505 2059 distentum
2540 2006 2770 2075 jejunio,
2804 2018 2860 2063 ut
2908 2010 3274 2067 lassitudinem
3324 2032 3427 2071 non
3479 2033 3574 2073 ne-

1982 2095 2272 2149 cessariam
2296 2139 2310 2163 ,
2354 2096 2519 2151 immo
2550 2098 2711 2152 etiam
2738 2099 2951 2168 spiritui
2984 2105 3310 2173 nocituram,
3354 2106 3575 2177 fatigato

1981 2188 2194 2258 corpori
2219 2198 2641 2258 superponeret:
2669 2200 2691 2226 '
2716 2192 3137 2262 paracharagmo
3159 2196 3361 2252 scilicet
3386 2200 3576 2256 illusus

1982 2281 2331 2348 numismate,
2362 2281 2489 2336 dum
2520 2284 2570 2335 in
2606 2281 2698 2336 illo
2732 2283 2843 2338 veii
2872 2287 3016 2353 regis
3040 2286 3323 2355 imaginem
3354 2306 3576 2345 venera-

1984 2384 2095 2441 tus,
2133 2390 2323 2442 parum
2352 2374 2571 2429 discutit
2593 2391 2659 2429 an
2685 2376 3085 2448 essetlegitime
3116 2383 3419 2448 ﬁguratum.
3445 2381 3465 2419 ί
3492 2384 3577 2439 ω.

1985 2468 2109 2521 tima
2158 2484 2288 2522 vero
2333 2468 2636 2524 observatio
2690 2469 2845 2539 hujus
2901 2470 3193 2539 probabilis
3261 2474 3573 2542 trapezitae,

1981 2575 2140 2629 quam
2179 2560 2246 2615 de
2276 2560 2624 2629 inquisitione
2655 2561 2909 2630 ponderis
2939 2577 3059 2617 esse
3097 2562 3461 2635 praediximus,
3498 2575 3577 2622 ta-

1984 2650 2106 2705 liter
2132 2667 2161 2705 a
2192 2652 2347 2706 nobis
2377 2652 2708 2721 implebitur,
2742 2652 2788 2707 si
2824 2654 3081 2724 quidquid
3106 2657 3400 2726 gerendum
3429 2662 3578 2730 cogi-

1984 2746 2114 2799 tatio
2144 2754 2326 2799 nostra
2373 2746 2736 2816 suggesserit,
2784 2758 2811 2795 8
2854 2750 3001 2801 omni
3044 2749 3280 2818 scripulo
3309 2750 3475 2824 (Lips.
3523 2757 3577 2808 in

1986 2854 2150 2911 marg.
2180 2834 2461 2907 scrupulo]
2486 2847 2867 2905 retraetantes,
2892 2853 3055 2909 atque
3078 2842 3128 2895 in
3153 2844 3320 2898 nostri
3345 2847 3579 2915 pectoris

1987 2930 2183 2982 trutina
2206 2926 2553 2993 collocantes,
2580 2929 3321 3001 mquilibrationejustissima
3350 2951 3579 3005 perpen-

1986 3021 2199 3087 damus,
2233 3038 2298 3075 an
2333 3022 2549 3092 plenum
2573 3024 2643 3076 sit
2671 3024 2949 3079 honestate
2965 3029 3259 3098 communi,
3286 3046 3355 3083 an
3386 3031 3579 3088 timore

275 3126 477 3185 ganter
498 3115 851 3186 exprimitur:
874 3124 900 3152 ι
926 3113 1059 3170 Sunt
1080 3116 1173 3171 uite
1194 3130 1309 3185 quis
1333 3116 1575 3171 videntur
1602 3128 1753 3171 recta:
1774 3133 1883 3172 esse
1910 3110 1956 3173 C
1989 3116 2081 3171 Dei
2121 3116 2191 3170 sit
2215 3130 2404 3185 grave,
2439 3114 2483 3168 si
2514 3113 2780 3187 integrum
2822 3132 2984 3175 sensu
3003 3162 3018 3188 ,
3061 3120 3105 3176 si
3132 3121 3367 3179 humana
3397 3134 3578 3183 osten-

1365 3269 1619 3324 ALARDI
1660 3269 1892 3327 GAZ/El
1930 3269 2497 3330 COMMENTARIUS.

362 3421 389 3448 δ
420 3409 643 3478 Vulgata
671 3407 866 3462 editio:
896 3407 990 3469 Est
1010 3409 1092 3462 via
1120 3424 1235 3478 quia
1261 3409 1455 3465 videtur
1481 3407 1680 3464 homini
1701 3413 1870 3479 justa,

279 3483 563 3538 novissima
589 3488 755 3533 autem
785 3481 899 3546 eius
924 3480 1116 3532 ducunt
1151 3480 1218 3530 ad
1248 3490 1456 3533 mortem
1487 3479 1758 3549 (Proverb.
1794 3498 1879 3537 xiv

283 3564 337 3609 et
367 3554 496 3620 xw).
529 3550 639 3603 Duo
662 3549 1078 3604 Proverbiorum
1109 3550 1226 3604 loca
1246 3550 1527 3618 conjunxit
1558 3552 1875 3607 CaSslanus:

282 3628 522 3676 alterum
552 3636 617 3675 ex
645 3635 764 3689 cap.
799 3636 908 3685 xiv,
935 3634 1093 3690 quem
1124 3621 1197 3691 D7;
1222 3621 1582 3691 Hieronymus
1613 3623 1707 3675 lib.
1740 3638 1756 3676 ι
1786 3624 1881 3677 ad-

280 3708 479 3750 versus
513 3692 827 3759 Pelagianos
857 3692 929 3746 ita
960 3692 1119 3745 citat:
1152 3690 1247 3745 Est
1271 3692 1353 3746 uia
1379 3690 1494 3762 quis
1527 3694 1721 3747 videtur
1744 3703 1881 3747 recta

284 3782 400 3819 esse
429 3764 567 3835 apud
585 3762 840 3835 homines,
860 3772 908 3817 et
931 3763 1206 3815 novissima
1228 3764 1337 3831 ejus
1365 3764 1569 3817 t-eniunt
1593 3766 1643 3816 in
1665 3765 1881 3834 profun-

288 3836 420 3888 dum
448 3834 673 3903 inferni;
696 3835 922 3886 alterum
953 3848 1016 3886 ex
1048 3847 1166 3902 cap.
1194 3848 1305 3899 xv1,
1338 3849 1496 3902 quem
1521 3834 1658 3887 idem
1688 3834 1879 3889 Hiero-

290 3920 491 3976 nymus
522 3907 573 3976 in
612 3905 714 3976 lsa.
761 3918 881 3976 cap.
914 3919 953 3957 ιι
976 3913 1027 3956 ct
1078 3904 1170 3956 lib.
1201 3905 1531 3976 n__adversus
1566 3905 1881 3973 Pelagianos

286 3972 419 4045 cap.
460 3976 487 4029 1
522 3974 652 4028 citat
681 3974 734 4027 in
765 3973 906 4028 hunc
938 3976 1155 4028 modum
1185 3991 1197 4025 :
1232 3972 1365 4027 Sunt
1394 3976 1487 4027 vim
1506 3992 1621 4044 qute
1646 3972 1884 4030 videntur

288 4049 406 4100 viro
422 4049 613 4116 justte,
645 4046 914 4098 novissima
939 4054 1108 4097 autem
1150 4060 1324 4097 earum
1365 4047 1643 4113 respiciunt
1674 4048 1727 4100 in
1764 4062 1886 4115 pro-

290 4120 520 4184 fundum
546 4117 760 4184 inferiis.

370 4186 398 4262 ξ’
430 4186 502 4262 Ita
532 4181 673 4262 LXX
702 4186 1026 4262 interpretes
1046 4202 1060 4237 :
1084 4186 1301 4262 πρνηρρς
1322 4196 1590 4262 naxon-orsi
1609 4188 1727 4262 ὄτριν
1747 4212 1886 4262 συμ-

295 4256 643 4330 μίξῃῗδικαίῳ,
679 4264 824 4330 μισεῖ
862 4255 916 4330 δέ
958 4255 1092 4326 ἦχον
1114 4255 1423 4329 ἀσφάλείαςς
1453 4260 1540 4313 cui
1574 4276 1624 4313 In
1666 4255 1884 4330 Vulgata

301 4328 552 4380 versione
578 4328 871 4396 respondet
895 4328 1005 4381 haec
1033 4341 1063 4381 e
1087 4328 1306 4394 regiune
1328 4332 1618 4392 sententia,
1651 4328 1881 4386 mulium

298 4409 484 4451 tamen
527 4397 768 4452 diversa:
811 4399 1072 4468 Aﬁligetur
1116 4399 1284 4463 malo,
1314 4400 1401 4467 qui
1432 4400 1588 4467 ﬁdem
1627 4402 1747 4470 facit
1790 4419 1885 4469 pro

295 4475 579 4543 extraneo;
604 4470 690 4543 qui
701 4478 870 4523 autem
885 4470 1117 4543 laqueos,
1135 4485 1345 4543 securus
1365 4471 1462 4523 erit
1489 4469 1764 4539 (Prouerb.
1782 4472 1881 4543 ιι).

375 4548 397 4577 ⁸
426 4538 500 4593 De
520 4538 623 4593 hoc
644 4538 873 4607 Joanne,
894 4538 957 4594 et
974 4540 1117 4609 Lyco
1134 4539 1351 4609 oppido,
1381 4556 1479 4595 seu
1500 4538 1647 4608 vico,
1678 4538 1883 4598 dictum

375 4554 397 4577 ι
426 4554 500 4593 ue
520 4554 623 4593 noc
644 4554 873 4607 Joanne,
894 4554 948 4594 et
974 4554 1071 4662 ιζ(

301 4619 389 4666 est
412 4610 503 4663 lib.
538 4625 590 4663 tv
615 4609 789 4667 lnstit.
826 4624 947 4677 cap.
980 4610 1014 4663 2
1058 4649 1071 4663 .

371 4676 400 4716 ἀ
429 4680 675 4749 Plerique
694 4695 816 4735 cum
851 4676 1102 4750 Dionysio
1133 4679 1342 4750 legunt:
1381 4679 1597 4735 Veniens
1624 4682 1880 4737 diabolus.

295 4750 410 4807 Sed
439 4760 621 4804 noster
667 4751 829 4804 etiam
877 4751 1222 4820 Manuscript.
1276 4752 1629 4806 Plantiniana:
1661 4755 1876 4810 lectioni

297 4822 465 4886 favet,
495 4830 547 4874 et
584 4828 670 4874 est
695 4824 828 4875 satis
868 4822 1129 4878 familiare
1173 4822 1421 4877 Patribus
1462 4824 1732 4877 diabolum
1778 4825 1879 4879 Za-

296 4892 414 4947 buli
446 4891 709 4946 vocabulo
737 4892 1040 4961 designare.
1072 4894 1132 4945 D.
1160 4892 1458 4962 Cyprianus
1489 4895 1554 4949 ad
1586 4896 1881 4950 Demetria-

299 4978 431 5035 num
457 4978 473 5016 :
508 4962 647 5035 Quid
667 4963 723 5035 in
748 4964 953 5015 ruinam
977 4962 1166 5035 diabol_i
1192 4980 1281 5034 per
1301 4966 1477 5035 ipsum
1513 4975 1559 5020 et
1602 4983 1719 5019 cum
1764 4970 1879 5035 ipso

296 5034 446 5087 cadis
465 5035 491 5087 ?
514 5033 604 5087 ulii
628 5033 721 5087 alii
749 5034 947 5100 legunt,
971 5042 1108 5087 teste
1130 5032 1398 5090 Pamelio:
1432 5037 1569 5101 Quid
1594 5039 1647 5090 in
1677 5032 1880 5092 ruinam

299 5104 514 5177 Zabuti,
560 5114 700 5177 etc_._;
734 5104 888 5177 cuius
918 5105 1179 5177 rationem
1218 5104 1359 5177 hanc
1396 5108 1632 5177 assignat
1679 5107 1879 5163 ibidem

300 5175 562 5229 Marelius
589 5192 603 5227 :
634 5172 900 5246 varietas,
943 5174 1136 5244 inquit,
1168 5174 1292 5228 inde
1322 5188 1473 5241 orta,
1505 5172 1645 5246 quod
1688 5178 1877 5233 Dorica

302 5246 488 5317 lingua
509 5259 630 5313 qum
658 5245 863 5299 Latinae
887 5260 1046 5315 quam
1072 5246 1321 5314 proxima
1347 5253 1446 5309 est,
1471 5252 1535 5311 ζα
1554 5249 1767 5315 ponitur
1789 5263 1886 5317 pro

301 5315 411 5388 tim.
465 5317 641 5388 lingua
676 5317 851 5369 Attica
873 5356 888 5381 ,
941 5327 1015 5388 ut
1029 5317 1258 5383 exempli
1293 5320 1481 5388 gratia
1525 5319 1763 5373 Ζαϐόιλλω
1792 5315 1889 5388 pro

305 5386 563 5463 ξωξςάλλω
584 5428 598 5449 ,
620 5388 839 5463 ζάκοροι·
868 5385 1372 5463 pro_dtgixgpoc._Sic
1419 5387 1559 5463 ill_e,_
1578 5385 1890 5463 signiﬁcans

306 5457 572 5526 Zabuium
601 5457 801 5511 dictuin
831 5472 928 5526 pro
958 5457 1207 5519 diabolo,
1244 5458 1435 5512 Dorica
1472 5458 1791 5513 imitatione.
1823 5460 1887 5516 Ι).

306 5529 440 5581 item
470 5522 703 5582 Hilarius
729 5530 782 5581 in
814 5522 1121 5583 ﬂattbaeum
1145 5527 1295 5599 (Cap.
1344 5526 1452 5599 lg):
1484 5526 1779 5595 Contusam,
1812 5531 1893 5585 in-

310 5600 449 5668 quit,
474 5599 527 5651 in
560 5601 834 5671 uitiatione
874 5586 1539 5671 primamro‘nm'emizabuli
1573 5586 1779 5654 indicat,
1799 5619 1893 5669 po-

608 5669 671 5724 D.
703 5660 1018 5729 Ambrosius
1060 5660 1157 5727 lib.
1198 5670 1267 5725 de
1309 5666 1442 5724 Fide
1488 5684 1609 5738 cap.
1651 5672 1723 5725 8:
1761 5660 1899 5738 Quid

1910 4718 1964 4779 D

1985 3423 2198 3486 usurpet
2224 3412 2445 3478 illicita;
2490 3413 2605 3465 licet
2626 3412 2763 3486 quod
2802 3422 2948 3486 pater
2968 3429 3095 3467 suus
3125 3413 3360 3471 Zabulus
3384 3433 3476 3486 per
3500 3434 3577 3474 se-

1984 3483 2255 3556 metipsum
2283 3503 2382 3556 non
2409 3486 2547 3553 fecit,
2574 3483 2975 3556 intolerabiliore
3004 3487 3099 3537 iste
3124 3483 3394 3556 sacrilegio
3434 3505 3571 3554 prae-

1983 3552 2169 3608 sumat.
2207 3554 2436 3608 Zabulus
2486 3571 2655 3607 verum
2694 3552 2792 3605 Dei
2833 3552 3030 3606 Filium
3079 3552 3375 3622 fatebatur;
3420 3552 3577 3614 Arius

1983 3637 2155 3696 negat.
2188 3626 2504 3696 Cassianum
2538 3627 2698 3696 etiam
2756 3626 3006 3696 superius
3039 3624 3190 3696 (Cap.
3234 3626 3326 3695 20)
3374 3628 3577 3685 dixisse

1984 3694 2169 3751 monui
2195 3711 2419 3762 regnum
2448 3694 2635 3747 Zabuli
2664 3709 2757 3759 pro
2780 3710 2945 3762 regno
2964 3694 3185 3760 diaboli,
3219 3706 3275 3762 ut
3301 3694 3371 3750 ibi
3388 3699 3574 3753 videre

1984 3758 2283 3841 est._(Vid_e
2320 3763 2534 3841 Ctelium
2580 3758 3019 3841 ﬂ/trodiqzﬁntiq.
3045 3758 3197 3841 Lect._
3230 3758 3341 3841 l._n
3370 3782 3414 3841 c_.

1987 3833 2227 3904 Denique
2261 3836 2311 3887 in
2342 3837 2525 3904 hyinn.
2561 3834 2627 3887 de
2672 3836 2726 3887 S.
2775 3833 3035 3904 Michaele
3080 3835 3223 3889 canit
3278 3835 3522 3892 Ecclesia
3555 3833 3572 3896 Ξ

1988 3905 2043 3958 Μ
2050 3907 2294 3958 irhaelem
2322 3903 2507 3957 vii-tute
2527 3914 2876 3957 conterenlem
2899 3903 3174 3958 Zabulum.
3207 3905 3377 3961 Porro
3403 3908 3574 3965 Zabu-

1989 3978 2078 4032 lon
2114 3976 2164 4030 in
2189 3977 2355 4030 sacris
2380 3975 2573 4047 litteris
2598 3974 2806 4047 (Genes.
2831 3975 2957 4047 xxx)
2987 3975 3127 4047 lilius
3150 3976 3320 4032 Jacob
3345 3982 3575 4047 patriar-

1986 4048 2104 4105 cha:
2128 4048 2370 4102 decimus
2384 4063 2446 4101 ex
2476 4046 2571 4100 Lia
2596 4064 2607 4098 :
2640 4045 2779 4100 unde
2813 4046 2981 4100 tribus
3008 4046 3285 4114 Zabulon;
3315 4045 3410 4105 sed
3440 4053 3573 4110 nihil

1989 4124 2103 4174 haec
2135 4120 2199 4173 ad
2229 4118 2511 4173 Zabulum.

2063 4200 2085 4227 θ
2138 4190 2191 4243 ld
2236 4200 2339 4253 cst,
2402 4189 2553 4253 falso,
2612 4188 2937 4244 adulterino.
2971 4189 3115 4243 Alibi
3157 4190 3329 4246 utitur
3379 4193 3569 4249 eodem

1988 4262 2282 4325 vocabulo,
2334 4259 2461 4314 licet
2526 4262 2663 4314 forte
2719 4270 3002 4326 corrupto,
3066 4260 3257 4316 Petrus
3330 4264 3573 4322 Damiani

1988 4333 2217 4400 quodam
2275 4333 2415 4395 loco,
2456 4330 2543 4384 ubi
2595 4332 2705 4384 ait:
2739 4331 2802 4385 Si
2832 4332 2991 4401 ipsius
3027 4345 3241 4387 moneta:
3283 4336 3573 4393 oblitterata

1988 4405 2063 4455 vel
2090 4404 2277 4456 detrita
2305 4403 2372 4455 sit
2402 4402 2598 4472 regula,
2630 4414 2901 4474 postquam
2951 4406 3176 4458 metallis
3220 4406 3537 4474 imprimitur
3557 4450 3573 4473 ,

1990 4420 2062 4455 vet
2090 4420 2277 4456 aemta
2305 4420 2372 4455 sit
2402 4420 2598 4472 reguta,
2630 4420 2901 4523 pOSIZItam
2951 4420 3176 4458 metatus
3220 4420 3537 4474 imprimitur
3557 4450 3573 4473 ,

1990 4490 2090 4546 non
2122 4489 2391 4546 nummus,
2446 4474 2548 4546 sed
2582 4475 3046 4546 parac_araximus
3088 4476 3345 4530 invenitur
3373 4477 3509 4546 (Lib.
3538 4496 3574 4535 It

1990 4545 2139 4615 epist.
2177 4553 2196 4597 t
2229 4545 2297 4597 ad
2323 4547 2479 4615 episc.
2511 4543 2715 4613 Card.).
2746 4543 2819 4598 lla
2852 4545 2989 4612 ipse.

2065 4613 2082 4651 τ
2137 4613 2395 4681 Quartum
2437 4631 2643 4688 munus
2693 4630 2789 4688 seu
2835 4615 3078 4688 ofﬁcium
3122 4617 3250 4672 boni
3300 4620 3573 4688 trapezita)

1988 4686 2102 4758 sive
2125 4686 2469 4741 numtnularii
2493 4688 2543 4740 in
2567 4686 2928 4758 examinanda
2944 4687 3183 4755 pondere
3208 4686 3570 4758 numisinatis,

1988 4755 2057 4811 de
2088 4774 2192 4824 quo
2225 4772 2384 4826 supra
2416 4775 2427 4809 :
2476 4759 2617 4826 quod
2648 4767 2702 4811 et
2731 4757 2782 4811 in
2815 4759 3043 4826 spiritali
3076 4760 3416 4814 discussione
3471 4755 3572 4815 ob;

1993 4828 2313 4881 servandutn
2361 4830 2574 4897 egregie
2624 4828 2781 4881 docet
2813 4838 2924 4883 tum
2961 4829 3061 4883 hoc
3103 4831 3314 4900 capite,
3350 4842 3459 4886 tum
3487 4848 3576 4888 se-

2028 4915 2124 4950 llﬂﬂ
2135 4911 2147 4949 ι
2157 4915 2167 4949 l
2179 4938 2190 4950 .

1988 4914 2421 5041 flugnsuc'ripuium
2446 4982 2511 5020 ex
2535 4967 2793 5023 Vaticano
2820 4968 3380 5041 legitCiaconius.Est
3405 4972 3574 5041 enim,

1988 5037 2179 5103 inquit,
2212 5038 2508 5108 scripulum
2550 5052 2777 5104 parvum
2811 5037 3042 5107 pondus,
3093 5055 3283 5108 nempe
3312 5037 3569 5108 tigesima

1988 5115 2175 5176 quarta
2225 5120 2350 5174 pars
2394 5107 2582 5159 unciae.
2616 5108 2821 5161 Dicitur
2867 5109 3029 5163 etiam
3084 5107 3431 5176 scriptuluni,
3461 5114 3576 5168 sive

1989 5175 2305 5250 s_cribulum,
2336 5192 2369 5250 a_
2395 5176 2558 5250 verbo
2585 5178 2763 5231 scribo
2788 5178 2983 5250 ubique
3013 5175 3260 5233 deriva’to
3286 5182 3572 5250 vocabulo,

1994 5244 2308 5325 Grascorum
2361 5246 2681 5325 imitatione,
2712 5249 2804 5325 qui
2835 5244 3147 5316 hujusmodi
3179 5250 3388 5317 pondus
3408 5244 3577 5325 γράμὲ

1994 5339 2087 5387 μα,
2122 5317 2205 5392 vel
2256 5322 2514 5392 γρνμμὴν,
2549 5316 2598 5369 id
2622 5328 2736 5392 est,
2772 5319 3003 5392 litteram
3037 5316 3257 5387 vocant,
3286 5316 3574 5390 propterea

1994 5388 2136 5458 quod
2184 5399 2243 5441 ut
2266 5388 2471 5443 "littera
2500 5388 2636 5455 apud
2667 5404 2760 5443 eos
2811 5391 3069 5459 vigesima
3097 5401 3289 5458 quarta
3338 5388 3462 5459 pars
3492 5402 3576 5450 est

1996 5460 2315 5527 alphabeti;
2374 5461 2444 5513 ita
2489 5476 2730 5533 gramma
2801 5461 2913 5514 sive
2969 5462 3264 5528 scripulum
3314 5465 3576 5533 vigesima

1997 5540 2185 5599 quarta
2217 5546 2343 5600 pars
2372 5533 2545 5584 unciae
2573 5531 2661 5584 sit.
2698 5531 2785 5587 Sic
2815 5533 2926 5587 ille.
2962 5533 3167 5586 Dicitur
3206 5531 3391 5588 tamen
3414 5536 3576 5591 etiam

1998 5603 2282 5670 scrupulus
2304 5613 2358 5657 et
2377 5602 2689 5670 scrupulum
2717 5603 2906 5675 eadem
2947 5603 3338 5675 signiﬁcatione
3383 5614 3438 5661 et
3465 5622 3581 5663 me-

2010 5674 2285 5739 tapliorice
2320 5690 2416 5744 pro
2461 5688 2589 5728 cura
2627 5685 2684 5731 et
2730 5671 3131 5732 sollicitudine:
3163 5690 3271 5747 quo
3301 5677 3462 5735 modo
3492 5680 3582 5737 hic

317 5741 539 5805 mirum,
565 5741 766 5810 inquit,
793 5742 840 5796 si
864 5741 1018 5797 Arius
1042 5754 1197 5796 suum
1233 5742 1468 5795 induitur
1514 5751 1798 5809 auctorem,
1843 5750 1898 5796 ut
1940 5802 1947 5809 ,
2004 5746 2166 5799 etiam
2199 5741 2338 5801 sumi
2369 5754 2565 5816 potest.
