  <div class='ocr_page' id='page_1' title='image "/cluster/home/n/w/nwhite01/storage/ocr_20150623/49/uva.x000827093/267.png"; bbox 0 0 4014 6200; ppageno 0'>
   <div class='ocr_carea' id='block_1_1' title="bbox 528 271 637 334">
    <p class='ocr_par' dir='ltr' id='par_1_1' title="bbox 528 271 637 334">
     <span class='ocr_line' id='line_1_1' title="bbox 528 271 637 334; baseline -0.009 -1"><span class='ocrx_word' id='word_1_1' title='bbox 528 271 637 334; x_wconf 60' lang='lat' dir='ltr'><strong>bl!</strong></span> 
     </span>
    </p>
   </div>
   <div class='ocr_carea' id='block_1_2' title="bbox 1584 254 2747 318">
    <p class='ocr_par' dir='ltr' id='par_1_2' title="bbox 1584 254 2747 318">
     <span class='ocr_line' id='line_1_2' title="bbox 1584 254 2747 318; baseline -0.008 0"><span class='ocrx_word' id='word_1_2' title='bbox 1584 260 1864 318; x_wconf 77' lang='lat' dir='ltr'><strong>JOANNIS</strong></span> <span class='ocrx_word' id='word_1_3' title='bbox 1900 256 2215 317; x_wconf 78' lang='lat' dir='ltr'><strong>CASSIANI</strong></span> <span class='ocrx_word' id='word_1_4' title='bbox 2255 254 2747 312; x_wconf 76' lang='lat' dir='ltr'><strong>COLLATIONES.</strong></span> 
     </span>
    </p>
   </div>
   <div class='ocr_carea' id='block_1_3' title="bbox 3709 256 3824 312">
    <p class='ocr_par' dir='ltr' id='par_1_3' title="bbox 3709 256 3824 312">
     <span class='ocr_line' id='line_1_3' title="bbox 3709 256 3824 312; baseline 0 0"><span class='ocrx_word' id='word_1_5' title='bbox 3709 256 3824 312; x_wconf 57' lang='grc' dir='ltr'><strong>ἓνὶο</strong></span> 
     </span>
    </p>
   </div>
   <div class='ocr_carea' id='block_1_4' title="bbox 529 366 3827 455">
    <p class='ocr_par' dir='ltr' id='par_1_4' title="bbox 529 366 3827 455">
     <span class='ocr_line' id='line_1_4' title="bbox 529 366 3827 455; baseline -0.008 -6"><span class='ocrx_word' id='word_1_6' title='bbox 529 393 732 450; x_wconf 88' lang='lat' dir='ltr'><strong>tatione</strong></span> <span class='ocrx_word' id='word_1_7' title='bbox 781 395 877 443; x_wconf 85' lang='lat' dir='ltr'><strong>aut</strong></span> <span class='ocrx_word' id='word_1_8' title='bbox 924 382 1101 455; x_wconf 85' lang='lat' dir='ltr'><strong>aliqua</strong></span> <span class='ocrx_word' id='word_1_9' title='bbox 1132 380 1385 437; x_wconf 89' lang='lat' dir='ltr'><strong>novitatis</strong></span> <span class='ocrx_word' id='word_1_10' title='bbox 1416 378 1834 449; x_wconf 66' lang='lat' dir='ltr'><strong>praesumptione</strong></span> <span class='ocrx_word' id='word_1_11' title='bbox 1863 375 1937 430; x_wconf 90' lang='lat' dir='ltr'><strong>sit</strong></span> <span class='ocrx_word' id='word_1_12' title='bbox 1962 374 2079 430; x_wconf 90' lang='lat' dir='ltr'><strong>leve</strong></span> <span class='ocrx_word' id='word_1_13' title='bbox 2104 389 2121 439; x_wconf 89' lang='lat'><strong>;</strong></span> <span class='ocrx_word' id='word_1_14' title='bbox 2151 382 2201 439; x_wconf 78' lang='grc' dir='ltr'>Α</span> <span class='ocrx_word' id='word_1_15' title='bbox 2230 372 2283 425; x_wconf 84' lang='grc' dir='ltr'><strong>ἰη</strong></span> <span class='ocrx_word' id='word_1_16' title='bbox 2317 385 2412 426; x_wconf 90' lang='lat' dir='ltr'><strong>eos</strong></span> <span class='ocrx_word' id='word_1_17' title='bbox 2435 368 2663 439; x_wconf 90' lang='lat' dir='ltr'><strong>vestigia</strong></span> <span class='ocrx_word' id='word_1_18' title='bbox 2696 366 3039 438; x_wconf 84' lang='lat' dir='ltr'><strong>indagatione</strong></span> <span class='ocrx_word' id='word_1_19' title='bbox 3068 366 3417 437; x_wconf 88' lang='lat' dir='ltr'><strong>sagacissima</strong></span> <span class='ocrx_word' id='word_1_20' title='bbox 3446 370 3827 435; x_wconf 75' lang='lat' dir='ltr'><strong>retractanda,</strong></span> 
     </span>
    </p>
   </div>
   <div class='ocr_carea' id='block_1_5' title="bbox 530 469 2122 562">
    <p class='ocr_par' dir='ltr' id='par_1_5' title="bbox 530 469 2122 562">
     <span class='ocr_line' id='line_1_5' title="bbox 530 469 2122 562; baseline -0.01 -23"><span class='ocrx_word' id='word_1_21' title='bbox 530 489 573 541; x_wconf 90' lang='lat' dir='ltr'><strong>si</strong></span> <span class='ocrx_word' id='word_1_22' title='bbox 625 483 801 538; x_wconf 86' lang='lat' dir='ltr'><strong>meriti</strong></span> <span class='ocrx_word' id='word_1_23' title='bbox 829 481 947 562; x_wconf 70' lang='lat' dir='ltr'><strong>ejus</strong></span> <span class='ocrx_word' id='word_1_24' title='bbox 980 478 1189 549; x_wconf 90' lang='lat' dir='ltr'><strong>pondus</strong></span> <span class='ocrx_word' id='word_1_25' title='bbox 1241 475 1417 531; x_wconf 87' lang='lat' dir='ltr'><strong>inanis</strong></span> <span class='ocrx_word' id='word_1_26' title='bbox 1444 474 1757 529; x_wconf 75' lang='lat' dir='ltr'><strong>cenodoxitc</strong></span> <span class='ocrx_word' id='word_1_27' title='bbox 1799 486 1904 525; x_wconf 92' lang='lat' dir='ltr'><strong>non</strong></span> <span class='ocrx_word' id='word_1_28' title='bbox 1946 469 2122 524; x_wconf 89' lang='lat' dir='ltr'><strong>immi-</strong></span> 
     </span>
    </p>
   </div>
   <div class='ocr_carea' id='block_1_6' title="bbox 532 563 2123 643">
    <p class='ocr_par' dir='ltr' id='par_1_6' title="bbox 532 563 2123 643">
     <span class='ocr_line' id='line_1_6' title="bbox 532 563 2123 643; baseline -0.009 -12"><span class='ocrx_word' id='word_1_29' title='bbox 532 578 732 643; x_wconf 81' lang='lat' dir='ltr'><strong>nuerit,</strong></span> <span class='ocrx_word' id='word_1_30' title='bbox 767 577 848 629; x_wconf 98' lang='lat' dir='ltr'><strong>vel</strong></span> <span class='ocrx_word' id='word_1_31' title='bbox 876 571 1133 629; x_wconf 74' lang='lat' dir='ltr'><strong>arroserit</strong></span> <span class='ocrx_word' id='word_1_32' title='bbox 1154 570 1347 640; x_wconf 95' lang='lat' dir='ltr'><strong>gloria.</strong></span> <span class='ocrx_word' id='word_1_33' title='bbox 1378 568 1446 623; x_wconf 88' lang='lat' dir='ltr'><strong>Et</strong></span> <span class='ocrx_word' id='word_1_34' title='bbox 1474 567 1556 623; x_wconf 91' lang='lat' dir='ltr'><strong>sic</strong></span> <span class='ocrx_word' id='word_1_35' title='bbox 1578 584 1638 622; x_wconf 87' lang='lat' dir='ltr'><strong>ea</strong></span> <span class='ocrx_word' id='word_1_36' title='bbox 1664 566 1906 635; x_wconf 83' lang='lat' dir='ltr'><strong>protinus</strong></span> <span class='ocrx_word' id='word_1_37' title='bbox 1932 563 1999 618; x_wconf 90' lang='lat' dir='ltr'><strong>ad</strong></span> <span class='ocrx_word' id='word_1_38' title='bbox 2033 579 2123 632; x_wconf 87' lang='lat' dir='ltr'><strong>pu-</strong></span> 
     </span>
    </p>
   </div>
   <div class='ocr_carea' id='block_1_7' title="bbox 533 654 2117 735">
    <p class='ocr_par' dir='ltr' id='par_1_7' title="bbox 533 654 2117 735">
     <span class='ocr_line' id='line_1_7' title="bbox 533 654 2117 735; baseline -0.011 -12"><span class='ocrx_word' id='word_1_39' title='bbox 533 670 732 723; x_wconf 86' lang='lat' dir='ltr'><strong>blicum</strong></span> <span class='ocrx_word' id='word_1_40' title='bbox 766 654 1138 735; x_wconf 63' lang='lat' dir='ltr'><strong>a&#39;ppendentes</strong></span> <span class='ocrx_word' id='word_1_41' title='bbox 1153 677 1406 726; x_wconf 65' lang='lat' dir='ltr'><strong>examen,</strong></span> <span class='ocrx_word' id='word_1_42' title='bbox 1429 660 1479 714; x_wconf 92' lang='lat' dir='ltr'><strong>id</strong></span> <span class='ocrx_word' id='word_1_43' title='bbox 1503 669 1608 722; x_wconf 81' lang='lat' dir='ltr'><strong>est,</strong></span> <span class='ocrx_word' id='word_1_44' title='bbox 1641 658 1705 711; x_wconf 91' lang='lat' dir='ltr'><strong>ad</strong></span> <span class='ocrx_word' id='word_1_45' title='bbox 1732 657 2117 727; x_wconf 88' lang='lat' dir='ltr'><strong>prophetarum</strong></span> 
     </span>
    </p>
   </div>
   <div class='ocr_carea' id='block_1_8' title="bbox 531 746 2121 829">
    <p class='ocr_par' dir='ltr' id='par_1_8' title="bbox 531 746 2121 829">
     <span class='ocr_line' id='line_1_8' title="bbox 531 746 2121 829; baseline -0.01 -14"><span class='ocrx_word' id='word_1_46' title='bbox 531 773 584 815; x_wconf 91' lang='lat' dir='ltr'><strong>et</strong></span> <span class='ocrx_word' id='word_1_47' title='bbox 615 758 983 829; x_wconf 89' lang='lat' dir='ltr'><strong>apostolorum</strong></span> <span class='ocrx_word' id='word_1_48' title='bbox 1012 763 1184 816; x_wconf 88' lang='lat' dir='ltr'><strong>actus,</strong></span> <span class='ocrx_word' id='word_1_49' title='bbox 1218 769 1281 809; x_wconf 90' lang='lat' dir='ltr'><strong>ac</strong></span> <span class='ocrx_word' id='word_1_50' title='bbox 1311 752 1619 808; x_wconf 90' lang='lat' dir='ltr'><strong>testimonia</strong></span> <span class='ocrx_word' id='word_1_51' title='bbox 1640 750 2004 812; x_wconf 72' lang='lat' dir='ltr'><strong>conferentes,</strong></span> <span class='ocrx_word' id='word_1_52' title='bbox 2035 746 2121 800; x_wconf 88' lang='lat' dir='ltr'><strong>vel</strong></span> 
     </span>
    </p>
   </div>
   <div class='ocr_carea' id='block_1_9' title="bbox 534 843 2122 921">
    <p class='ocr_par' dir='ltr' id='par_1_9' title="bbox 534 843 2122 921">
     <span class='ocr_line' id='line_1_9' title="bbox 534 843 2122 921; baseline -0.008 -15"><span class='ocrx_word' id='word_1_53' title='bbox 534 863 801 921; x_wconf 91' lang='lat' dir='ltr'><strong>tamquam</strong></span> <span class='ocrx_word' id='word_1_54' title='bbox 826 851 1033 919; x_wconf 88' lang='lat' dir='ltr'><strong>integra</strong></span> <span class='ocrx_word' id='word_1_55' title='bbox 1055 857 1218 917; x_wconf 85' lang='lat' dir='ltr'><strong>alque</strong></span> <span class='ocrx_word' id='word_1_56' title='bbox 1244 845 1502 916; x_wconf 80' lang='lat' dir='ltr'><strong>perfecta,</strong></span> <span class='ocrx_word' id='word_1_57' title='bbox 1532 843 1745 913; x_wconf 82' lang='lat' dir='ltr'><strong>illisque</strong></span> <span class='ocrx_word' id='word_1_58' title='bbox 1764 854 2122 910; x_wconf 89' lang='lat' dir='ltr'><strong>compensan-</strong></span> 
     </span>
    </p>
   </div>
   <div class='ocr_carea' id='block_1_10' title="bbox 532 932 2119 1014">
    <p class='ocr_par' dir='ltr' id='par_1_10' title="bbox 532 932 2119 1014">
     <span class='ocr_line' id='line_1_10' title="bbox 532 932 2119 1014; baseline -0.009 -13"><span class='ocrx_word' id='word_1_59' title='bbox 532 945 601 1001; x_wconf 78' lang='lat' dir='ltr'><strong>tia</strong></span> <span class='ocrx_word' id='word_1_60' title='bbox 627 944 1017 1014; x_wconf 75' lang='lat' dir='ltr'><strong>suscipiamus;</strong></span> <span class='ocrx_word' id='word_1_61' title='bbox 1042 941 1129 996; x_wconf 91' lang='lat' dir='ltr'><strong>vel</strong></span> <span class='ocrx_word' id='word_1_62' title='bbox 1170 950 1439 1009; x_wconf 91' lang='lat' dir='ltr'><strong>tamquam</strong></span> <span class='ocrx_word' id='word_1_63' title='bbox 1481 935 1792 1006; x_wconf 82' lang='lat' dir='ltr'><strong>imperfecta</strong></span> <span class='ocrx_word' id='word_1_64' title='bbox 1836 945 1995 1005; x_wconf 90' lang='lat' dir='ltr'><strong>atque</strong></span> <span class='ocrx_word' id='word_1_65' title='bbox 2022 932 2119 987; x_wconf 89' lang='lat' dir='ltr'><strong>da-</strong></span> 
     </span>
    </p>
   </div>
   <div class='ocr_carea' id='block_1_11' title="bbox 530 1026 2119 1103">
    <p class='ocr_par' dir='ltr' id='par_1_11' title="bbox 530 1026 2119 1103">
     <span class='ocr_line' id='line_1_11' title="bbox 530 1026 2119 1103; baseline -0.009 -10"><span class='ocrx_word' id='word_1_66' title='bbox 530 1053 738 1100; x_wconf 90' lang='lat' dir='ltr'><strong>mnosa,</strong></span> <span class='ocrx_word' id='word_1_67' title='bbox 776 1050 874 1091; x_wconf 89' lang='lat' dir='ltr'><strong>nec</strong></span> <span class='ocrx_word' id='word_1_68' title='bbox 901 1035 1114 1089; x_wconf 89' lang='lat' dir='ltr'><strong>illorum</strong></span> <span class='ocrx_word' id='word_1_69' title='bbox 1149 1031 1374 1103; x_wconf 81' lang='lat' dir='ltr'><strong>ponderi</strong></span> <span class='ocrx_word' id='word_1_70' title='bbox 1405 1028 1785 1094; x_wconf 76' lang='lat' dir='ltr'><strong>consonantia,</strong></span> <span class='ocrx_word' id='word_1_71' title='bbox 1812 1026 1961 1082; x_wconf 90' lang='lat' dir='ltr'><strong>omni</strong></span> <span class='ocrx_word' id='word_1_72' title='bbox 1992 1039 2119 1081; x_wconf 85' lang='lat' dir='ltr'><strong>cau-</strong></span> 
     </span>
    </p>
   </div>
   <div class='ocr_carea' id='block_1_12' title="bbox 531 1127 1427 1186">
    <p class='ocr_par' dir='ltr' id='par_1_12' title="bbox 531 1127 1427 1186">
     <span class='ocr_line' id='line_1_12' title="bbox 531 1127 1427 1186; baseline -0.008 1"><span class='ocrx_word' id='word_1_73' title='bbox 531 1132 676 1186; x_wconf 86' lang='lat' dir='ltr'><strong>tione</strong></span> <span class='ocrx_word' id='word_1_74' title='bbox 706 1127 1027 1185; x_wconf 74' lang='lat' dir='ltr'><strong>reiciemus.</strong></span> <span class='ocrx_word' id='word_1_75' title='bbox 1416 1176 1427 1180; x_wconf 89' lang='lat'><strong>-</strong></span> 
     </span>
    </p>
   </div>
   <div class='ocr_carea' id='block_1_13' title="bbox 586 1211 1878 1287">
    <p class='ocr_par' dir='ltr' id='par_1_13' title="bbox 586 1211 1878 1287">
     <span class='ocr_line' id='line_1_13' title="bbox 586 1211 1878 1287; baseline -0.007 -13"><span class='ocrx_word' id='word_1_76' title='bbox 586 1244 589 1247; x_wconf 97' lang='lat'><strong><em>-</em></strong></span> <span class='ocrx_word' id='word_1_77' title='bbox 1114 1213 1344 1273; x_wconf 75' lang='lat' dir='ltr'><strong>CAPUT</strong></span> <span class='ocrx_word' id='word_1_78' title='bbox 1382 1211 1550 1269; x_wconf 78' lang='lat' dir='ltr'><strong>xxu.</strong></span> <span class='ocrx_word' id='word_1_79' title='bbox 1591 1271 1605 1287; x_wconf 55' lang='grc'>,</span> <span class='ocrx_word' id='word_1_80' title='bbox 1864 1248 1878 1279; x_wconf 45' lang='grc' dir='ltr'>χ</span> 
     </span>
    </p>
   </div>
   <div class='ocr_carea' id='block_1_14' title="bbox 773 1304 1882 1381">
    <p class='ocr_par' dir='ltr' id='par_1_14' title="bbox 773 1304 1882 1381">
     <span class='ocr_line' id='line_1_14' title="bbox 773 1304 1882 1381; baseline -0.011 -13"><span class='ocrx_word' id='word_1_81' title='bbox 773 1312 850 1367; x_wconf 84' lang='lat' dir='ltr'><strong>De</strong></span> <span class='ocrx_word' id='word_1_82' title='bbox 889 1308 1281 1381; x_wconf 83' lang='lat' dir='ltr'><strong>quadripartito</strong></span> <span class='ocrx_word' id='word_1_83' title='bbox 1310 1304 1632 1360; x_wconf 74' lang='lat' dir='ltr'><strong>discretionis</strong></span> <span class='ocrx_word' id='word_1_84' title='bbox 1661 1304 1882 1357; x_wconf 76' lang='lat' dir='ltr'><strong>ratione.</strong></span> 
     </span>
    </p>
   </div>
   <div class='ocr_carea' id='block_1_15' title="bbox 600 1390 2120 1473">
    <p class='ocr_par' dir='ltr' id='par_1_15' title="bbox 600 1390 2120 1473">
     <span class='ocr_line' id='line_1_15' title="bbox 600 1390 2120 1473; baseline -0.013 -10"><span class='ocrx_word' id='word_1_85' title='bbox 600 1404 718 1462; x_wconf 86' lang='lat' dir='ltr'><strong>Erit</strong></span> <span class='ocrx_word' id='word_1_86' title='bbox 743 1413 768 1440; x_wconf 76' lang='grc' dir='ltr'>ἰ</span> <span class='ocrx_word' id='word_1_87' title='bbox 799 1418 931 1473; x_wconf 89' lang='lat' dir='ltr'><strong>ergo</strong></span> <span class='ocrx_word' id='word_1_88' title='bbox 962 1404 1067 1457; x_wconf 89' lang='lat' dir='ltr'><strong>hoc</strong></span> <span class='ocrx_word' id='word_1_89' title='bbox 1092 1398 1515 1470; x_wconf 85' lang='lat' dir='ltr'><strong>quadripartito,</strong></span> <span class='ocrx_word' id='word_1_90' title='bbox 1547 1410 1655 1466; x_wconf 93' lang='lat' dir='ltr'><strong>quo</strong></span> <span class='ocrx_word' id='word_1_91' title='bbox 1679 1394 1931 1459; x_wconf 82' lang='lat' dir='ltr'><strong>diximus,</strong></span> <span class='ocrx_word' id='word_1_92' title='bbox 1959 1390 2120 1446; x_wconf 89' lang='lat' dir='ltr'><strong>modo</strong></span> 
     </span>
    </p>
   </div>
   <div class='ocr_carea' id='block_1_16' title="bbox 529 1487 2125 1558">
    <p class='ocr_par' dir='ltr' id='par_1_16' title="bbox 529 1487 2125 1558">
     <span class='ocr_line' id='line_1_16' title="bbox 529 1487 2125 1558; baseline -0.011 -2"><span class='ocrx_word' id='word_1_93' title='bbox 529 1496 844 1555; x_wconf 67' lang='lat' dir='ltr'><strong>necessaria</strong></span> <span class='ocrx_word' id='word_1_94' title='bbox 870 1494 1027 1550; x_wconf 88' lang='lat' dir='ltr'><strong>nobis</strong></span> <span class='ocrx_word' id='word_1_95' title='bbox 1056 1494 1155 1547; x_wconf 90' lang='lat' dir='ltr'><strong>ista</strong></span> <span class='ocrx_word' id='word_1_96' title='bbox 1200 1488 1484 1558; x_wconf 88' lang='lat' dir='ltr'><strong>discretio,</strong></span> <span class='ocrx_word' id='word_1_97' title='bbox 1532 1489 1583 1542; x_wconf 88' lang='lat' dir='ltr'><strong>id</strong></span> <span class='ocrx_word' id='word_1_98' title='bbox 1632 1495 1736 1553; x_wconf 88' lang='lat' dir='ltr'><strong>est,</strong></span> <span class='ocrx_word' id='word_1_99' title='bbox 1770 1487 2023 1556; x_wconf 91' lang='lat' dir='ltr'><strong>primum,</strong></span> <span class='ocrx_word' id='word_1_100' title='bbox 2060 1492 2125 1538; x_wconf 91' lang='lat' dir='ltr'><strong>ut</strong></span> 
     </span>
    </p>
   </div>
   <div class='ocr_carea' id='block_1_17' title="bbox 530 1578 2120 1646">
    <p class='ocr_par' dir='ltr' id='par_1_17' title="bbox 530 1578 2120 1646">
     <span class='ocr_line' id='line_1_17' title="bbox 530 1578 2120 1646; baseline -0.01 0"><span class='ocrx_word' id='word_1_101' title='bbox 530 1591 757 1646; x_wconf 86' lang='lat' dir='ltr'><strong>materia</strong></span> <span class='ocrx_word' id='word_1_102' title='bbox 800 1602 899 1643; x_wconf 90' lang='lat' dir='ltr'><strong>nos</strong></span> <span class='ocrx_word' id='word_1_103' title='bbox 945 1584 1063 1640; x_wconf 89' lang='lat' dir='ltr'><strong>auri</strong></span> <span class='ocrx_word' id='word_1_104' title='bbox 1102 1584 1220 1639; x_wconf 89' lang='lat' dir='ltr'><strong>veri</strong></span> <span class='ocrx_word' id='word_1_105' title='bbox 1264 1598 1363 1639; x_wconf 89' lang='lat' dir='ltr'><strong>seu</strong></span> <span class='ocrx_word' id='word_1_106' title='bbox 1406 1580 1570 1635; x_wconf 82' lang='lat' dir='ltr'><strong>fucati</strong></span> <span class='ocrx_word' id='word_1_107' title='bbox 1619 1578 1970 1645; x_wconf 78' lang='lat' dir='ltr'><strong>fallentisque</strong></span> <span class='ocrx_word' id='word_1_108' title='bbox 2012 1591 2120 1630; x_wconf 90' lang='lat' dir='ltr'><strong>non</strong></span> 
     </span>
    </p>
   </div>
   <div class='ocr_carea' id='block_1_18' title="bbox 528 1669 2120 1744">
    <p class='ocr_par' dir='ltr' id='par_1_18' title="bbox 528 1669 2120 1744">
     <span class='ocr_line' id='line_1_18' title="bbox 528 1669 2120 1744; baseline -0.009 -7"><span class='ocrx_word' id='word_1_109' title='bbox 528 1682 731 1744; x_wconf 82' lang='lat' dir='ltr'><strong>lateat;</strong></span> <span class='ocrx_word' id='word_1_110' title='bbox 778 1676 1041 1743; x_wconf 82' lang='lat' dir='ltr'><strong>secundo,</strong></span> <span class='ocrx_word' id='word_1_111' title='bbox 1093 1686 1149 1730; x_wconf 92' lang='lat' dir='ltr'><strong>ut</strong></span> <span class='ocrx_word' id='word_1_112' title='bbox 1196 1675 1296 1728; x_wconf 83' lang='lat' dir='ltr'><strong>lias</strong></span> <span class='ocrx_word' id='word_1_113' title='bbox 1326 1673 1545 1728; x_wconf 87' lang='lat' dir='ltr'><strong>easdem</strong></span> <span class='ocrx_word' id='word_1_114' title='bbox 1593 1669 1948 1741; x_wconf 74' lang='lat' dir='ltr'><strong>cogitationes</strong></span> <span class='ocrx_word' id='word_1_115' title='bbox 1998 1682 2120 1735; x_wconf 71' lang='lat' dir='ltr'><strong>qua:</strong></span> 
     </span>
    </p>
   </div>
   <div class='ocr_carea' id='block_1_19' title="bbox 2226 458 3829 534">
    <p class='ocr_par' dir='ltr' id='par_1_19' title="bbox 2226 458 3829 534">
     <span class='ocr_line' id='line_1_19' title="bbox 2226 458 3829 534; baseline -0.003 -14"><span class='ocrx_word' id='word_1_116' title='bbox 2226 481 2292 520; x_wconf 91' lang='lat' dir='ltr'><strong>ne</strong></span> <span class='ocrx_word' id='word_1_117' title='bbox 2319 479 2422 534; x_wconf 91' lang='lat' dir='ltr'><strong>qua</strong></span> <span class='ocrx_word' id='word_1_118' title='bbox 2460 463 2599 517; x_wconf 81' lang='lat' dir='ltr'><strong>forte</strong></span> <span class='ocrx_word' id='word_1_119' title='bbox 2628 460 3007 515; x_wconf 81' lang='lat' dir='ltr'><strong>intellectualis</strong></span> <span class='ocrx_word' id='word_1_120' title='bbox 3038 459 3237 514; x_wconf 86' lang='lat' dir='ltr'><strong>ibidem</strong></span> <span class='ocrx_word' id='word_1_121' title='bbox 3268 458 3465 523; x_wconf 90' lang='lat' dir='ltr'><strong>bestia,</strong></span> <span class='ocrx_word' id='word_1_122' title='bbox 3499 459 3582 513; x_wconf 88' lang='lat' dir='ltr'><strong>vel</strong></span> <span class='ocrx_word' id='word_1_123' title='bbox 3610 459 3709 515; x_wconf 88' lang='lat' dir='ltr'><strong>leo</strong></span> <span class='ocrx_word' id='word_1_124' title='bbox 3740 460 3829 515; x_wconf 82' lang='lat' dir='ltr'><strong>vel</strong></span> 
     </span>
    </p>
   </div>
   <div class='ocr_carea' id='block_1_20' title="bbox 2225 551 3824 626">
    <p class='ocr_par' dir='ltr' id='par_1_20' title="bbox 2225 551 3824 626">
     <span class='ocr_line' id='line_1_20' title="bbox 2225 551 3824 626; baseline -0.004 -14"><span class='ocrx_word' id='word_1_125' title='bbox 2225 557 2391 612; x_wconf 89' lang='lat' dir='ltr'><strong>draco</strong></span> <span class='ocrx_word' id='word_1_126' title='bbox 2418 556 2805 626; x_wconf 87' lang='lat' dir='ltr'><strong>pertransiens,</strong></span> <span class='ocrx_word' id='word_1_127' title='bbox 2838 554 3142 625; x_wconf 86' lang='lat' dir='ltr'><strong>perniciosa</strong></span> <span class='ocrx_word' id='word_1_128' title='bbox 3176 554 3396 622; x_wconf 90' lang='lat' dir='ltr'><strong>vestigia</strong></span> <span class='ocrx_word' id='word_1_129' title='bbox 3430 551 3664 607; x_wconf 86' lang='lat' dir='ltr'><strong>latenter</strong></span> <span class='ocrx_word' id='word_1_130' title='bbox 3716 553 3824 606; x_wconf 84' lang='lat' dir='ltr'><strong>im-</strong></span> 
     </span>
    </p>
   </div>
   <div class='ocr_carea' id='block_1_21' title="bbox 2226 643 3826 719">
    <p class='ocr_par' dir='ltr' id='par_1_21' title="bbox 2226 643 3826 719">
     <span class='ocr_line' id='line_1_21' title="bbox 2226 643 3826 719; baseline -0.004 -16"><span class='ocrx_word' id='word_1_131' title='bbox 2226 650 2503 719; x_wconf 80' lang='lat' dir='ltr'><strong>presserit,</strong></span> <span class='ocrx_word' id='word_1_132' title='bbox 2554 648 2753 717; x_wconf 86' lang='lat' dir='ltr'><strong>quibus</strong></span> <span class='ocrx_word' id='word_1_133' title='bbox 2782 660 3036 701; x_wconf 60' lang='lat' dir='ltr'><strong>accessus</strong></span> <span class='ocrx_word' id='word_1_134' title='bbox 3077 646 3239 698; x_wconf 90' lang='lat' dir='ltr'><strong>etiam</strong></span> <span class='ocrx_word' id='word_1_135' title='bbox 3288 644 3507 699; x_wconf 51' lang='lat' dir='ltr'><strong>caneris</strong></span> <span class='ocrx_word' id='word_1_136' title='bbox 3551 643 3605 697; x_wconf 92' lang='lat' dir='ltr'><strong>in</strong></span> <span class='ocrx_word' id='word_1_137' title='bbox 3635 643 3826 697; x_wconf 81' lang='lat' dir='ltr'><strong>abdita</strong></span> 
     </span>
    </p>
   </div>
   <div class='ocr_carea' id='block_1_22' title="bbox 2224 738 3830 815">
    <p class='ocr_par' dir='ltr' id='par_1_22' title="bbox 2224 738 3830 815">
     <span class='ocr_line' id='line_1_22' title="bbox 2224 738 3830 815; baseline -0.005 -15"><span class='ocrx_word' id='word_1_138' title='bbox 2224 743 2465 815; x_wconf 86' lang='lat' dir='ltr'><strong>pectoris</strong></span> <span class='ocrx_word' id='word_1_139' title='bbox 2507 741 2679 797; x_wconf 82' lang='lat' dir='ltr'><strong>nostri</strong></span> <span class='ocrx_word' id='word_1_140' title='bbox 2713 756 2806 809; x_wconf 90' lang='lat' dir='ltr'><strong>per</strong></span> <span class='ocrx_word' id='word_1_141' title='bbox 2836 740 3227 809; x_wconf 83' lang='lat' dir='ltr'><strong>cogitationum</strong></span> <span class='ocrx_word' id='word_1_142' title='bbox 3262 738 3648 808; x_wconf 75' lang='lat' dir='ltr'><strong>negligentiam</strong></span> <span class='ocrx_word' id='word_1_143' title='bbox 3688 754 3830 807; x_wconf 70' lang='lat' dir='ltr'><strong>prae-</strong></span> 
     </span>
    </p>
   </div>
   <div class='ocr_carea' id='block_1_23' title="bbox 2224 831 3829 903">
    <p class='ocr_par' dir='ltr' id='par_1_23' title="bbox 2224 831 3829 903">
     <span class='ocr_line' id='line_1_23' title="bbox 2224 831 3829 903; baseline -0.005 -14"><span class='ocrx_word' id='word_1_144' title='bbox 2224 836 2437 891; x_wconf 88' lang='lat' dir='ltr'><strong>beatur.</strong></span> <span class='ocrx_word' id='word_1_145' title='bbox 2489 834 2554 888; x_wconf 86' lang='lat' dir='ltr'><strong>Et</strong></span> <span class='ocrx_word' id='word_1_146' title='bbox 2607 834 2679 887; x_wconf 89' lang='lat' dir='ltr'><strong>ita</strong></span> <span class='ocrx_word' id='word_1_147' title='bbox 2717 848 2814 903; x_wconf 91' lang='lat' dir='ltr'><strong>per</strong></span> <span class='ocrx_word' id='word_1_148' title='bbox 2838 831 3078 901; x_wconf 87' lang='lat' dir='ltr'><strong>singulas</strong></span> <span class='ocrx_word' id='word_1_149' title='bbox 3125 832 3289 884; x_wconf 81' lang='lat' dir='ltr'><strong>horas</strong></span> <span class='ocrx_word' id='word_1_150' title='bbox 3332 841 3499 899; x_wconf 89' lang='lat' dir='ltr'><strong>atque</strong></span> <span class='ocrx_word' id='word_1_151' title='bbox 3541 838 3829 882; x_wconf 84' lang='lat' dir='ltr'><strong>momenta</strong></span> 
     </span>
    </p>
   </div>
   <div class='ocr_carea' id='block_1_24' title="bbox 2226 920 3829 993">
    <p class='ocr_par' dir='ltr' id='par_1_24' title="bbox 2226 920 3829 993">
     <span class='ocr_line' id='line_1_24' title="bbox 2226 920 3829 993; baseline -0.005 -12"><span class='ocrx_word' id='word_1_152' title='bbox 2226 936 2427 983; x_wconf 90' lang='lat' dir='ltr'><strong>terram</strong></span> <span class='ocrx_word' id='word_1_153' title='bbox 2463 925 2650 981; x_wconf 91' lang='lat' dir='ltr'><strong>cordis</strong></span> <span class='ocrx_word' id='word_1_154' title='bbox 2703 925 2873 978; x_wconf 89' lang='lat' dir='ltr'><strong>nostri</strong></span> <span class='ocrx_word' id='word_1_155' title='bbox 2934 921 3263 993; x_wconf 82' lang='lat' dir='ltr'><strong>Evangelico</strong></span> <span class='ocrx_word' id='word_1_156' title='bbox 3292 929 3499 984; x_wconf 84' lang='lat' dir='ltr'><strong>aratro,</strong></span> <span class='ocrx_word' id='word_1_157' title='bbox 3556 920 3671 975; x_wconf 85' lang='lat' dir='ltr'><strong>hoc</strong></span> <span class='ocrx_word' id='word_1_158' title='bbox 3721 930 3829 985; x_wconf 74' lang='lat' dir='ltr'><strong>est,</strong></span> 
     </span>
    </p>
   </div>
   <div class='ocr_carea' id='block_1_25' title="bbox 2222 1012 3832 1089">
    <p class='ocr_par' dir='ltr' id='par_1_25' title="bbox 2222 1012 3832 1089">
     <span class='ocr_line' id='line_1_25' title="bbox 2222 1012 3832 1089; baseline -0.002 -18"><span class='ocrx_word' id='word_1_159' title='bbox 2222 1018 2336 1089; x_wconf 83' lang='lat' dir='ltr'><strong>jugi</strong></span> <span class='ocrx_word' id='word_1_160' title='bbox 2388 1017 2684 1072; x_wconf 73' lang='lat' dir='ltr'><strong>Dominica:</strong></span> <span class='ocrx_word' id='word_1_161' title='bbox 2734 1017 2913 1070; x_wconf 84' lang='lat' dir='ltr'><strong>crucis</strong></span> <span class='ocrx_word' id='word_1_162' title='bbox 2957 1014 3337 1069; x_wconf 80' lang='lat' dir='ltr'><strong>recordatione</strong></span> <span class='ocrx_word' id='word_1_163' title='bbox 3384 1012 3713 1089; x_wconf 85' lang='lat' dir='ltr'><strong>sulcantes,</strong></span> <span class='ocrx_word' id='word_1_164' title='bbox 3747 1012 3832 1067; x_wconf 88' lang='lat' dir='ltr'><strong>vel</strong></span> 
     </span>
    </p>
   </div>
   <div class='ocr_carea' id='block_1_26' title="bbox 2227 1102 3836 1170">
    <p class='ocr_par' dir='ltr' id='par_1_26' title="bbox 2227 1102 3836 1170">
     <span class='ocr_line' id='line_1_26' title="bbox 2227 1102 3836 1170; baseline -0.005 -7"><span class='ocrx_word' id='word_1_165' title='bbox 2227 1109 2511 1163; x_wconf 78' lang='lat' dir='ltr'><strong>noxiarum</strong></span> <span class='ocrx_word' id='word_1_166' title='bbox 2544 1123 2609 1163; x_wconf 78' lang='lat' dir='ltr'><strong>ex</strong></span> <span class='ocrx_word' id='word_1_167' title='bbox 2670 1107 2825 1161; x_wconf 66' lang='lat' dir='ltr'><strong>nobis</strong></span> <span class='ocrx_word' id='word_1_168' title='bbox 2856 1106 3093 1161; x_wconf 81' lang='lat' dir='ltr'><strong>ferarum</strong></span> <span class='ocrx_word' id='word_1_169' title='bbox 3123 1103 3348 1170; x_wconf 81' lang='lat' dir='ltr'><strong>cubilia,</strong></span> <span class='ocrx_word' id='word_1_170' title='bbox 3395 1102 3485 1157; x_wconf 88' lang='lat' dir='ltr'><strong>vel</strong></span> <span class='ocrx_word' id='word_1_171' title='bbox 3524 1103 3836 1157; x_wconf 85' lang='lat' dir='ltr'><strong>virulento-</strong></span> 
     </span>
    </p>
   </div>
   <div class='ocr_carea' id='block_1_27' title="bbox 2222 1197 3833 1269">
    <p class='ocr_par' dir='ltr' id='par_1_27' title="bbox 2222 1197 3833 1269">
     <span class='ocr_line' id='line_1_27' title="bbox 2222 1197 3833 1269; baseline -0.006 -11"><span class='ocrx_word' id='word_1_172' title='bbox 2222 1219 2340 1258; x_wconf 87' lang='lat' dir='ltr'><strong>rum</strong></span> <span class='ocrx_word' id='word_1_173' title='bbox 2369 1203 2702 1269; x_wconf 82' lang='lat' dir='ltr'><strong>serpentium</strong></span> <span class='ocrx_word' id='word_1_174' title='bbox 2733 1200 3101 1258; x_wconf 83' lang='lat' dir='ltr'><strong>exterminare</strong></span> <span class='ocrx_word' id='word_1_175' title='bbox 3148 1197 3393 1261; x_wconf 90' lang='lat' dir='ltr'><strong>latibula,</strong></span> <span class='ocrx_word' id='word_1_176' title='bbox 3438 1208 3601 1267; x_wconf 86' lang='lat' dir='ltr'><strong>atque</strong></span> <span class='ocrx_word' id='word_1_177' title='bbox 3629 1205 3833 1250; x_wconf 79' lang='lat' dir='ltr'><strong>extru-</strong></span> 
     </span>
    </p>
   </div>
   <div class='ocr_carea' id='block_1_28' title="bbox 2223 1297 2704 1365">
    <p class='ocr_par' dir='ltr' id='par_1_28' title="bbox 2223 1297 2704 1365">
     <span class='ocr_line' id='line_1_28' title="bbox 2223 1297 2704 1365; baseline -0.004 -12"><span class='ocrx_word' id='word_1_178' title='bbox 2223 1297 2355 1353; x_wconf 88' lang='lat' dir='ltr'><strong>dere</strong></span> <span class='ocrx_word' id='word_1_179' title='bbox 2382 1300 2704 1365; x_wconf 86' lang='lat' dir='ltr'><strong>poterimus.</strong></span> 
     </span>
    </p>
   </div>
   <div class='ocr_carea' id='block_1_29' title="bbox 2794 1386 3257 1445">
    <p class='ocr_par' dir='ltr' id='par_1_29' title="bbox 2794 1386 3257 1445">
     <span class='ocr_line' id='line_1_29' title="bbox 2794 1386 3257 1445; baseline -0.009 -1"><span class='ocrx_word' id='word_1_180' title='bbox 2794 1387 3024 1445; x_wconf 81' lang='lat' dir='ltr'><strong>CAPUT</strong></span> <span class='ocrx_word' id='word_1_181' title='bbox 3062 1386 3257 1443; x_wconf 78' lang='lat' dir='ltr'><strong>XXIII.</strong></span> 
     </span>
    </p>
   </div>
   <div class='ocr_carea' id='block_1_30' title="bbox 2252 1477 3804 1540">
    <p class='ocr_par' dir='ltr' id='par_1_30' title="bbox 2252 1477 3804 1540">
     <span class='ocr_line' id='line_1_30' title="bbox 2252 1477 3804 1540; baseline -0.006 -3"><span class='ocrx_word' id='word_1_182' title='bbox 2252 1482 2331 1540; x_wconf 86' lang='lat' dir='ltr'><strong>De</strong></span> <span class='ocrx_word' id='word_1_183' title='bbox 2350 1499 2587 1539; x_wconf 87' lang='lat' dir='ltr'><strong>sermone</strong></span> <span class='ocrx_word' id='word_1_184' title='bbox 2604 1483 2828 1537; x_wconf 88' lang='lat' dir='ltr'><strong>doctoris</strong></span> <span class='ocrx_word' id='word_1_185' title='bbox 2858 1479 3144 1535; x_wconf 87' lang='lat' dir='ltr'><strong>secundum</strong></span> <span class='ocrx_word' id='word_1_186' title='bbox 3182 1478 3508 1532; x_wconf 85' lang='lat' dir='ltr'><strong>audientium</strong></span> <span class='ocrx_word' id='word_1_187' title='bbox 3532 1477 3804 1529; x_wconf 82' lang='lat' dir='ltr'><strong>meritum.</strong></span> 
     </span>
    </p>
   </div>
   <div class='ocr_carea' id='block_1_31' title="bbox 2298 1566 3833 1645">
    <p class='ocr_par' dir='ltr' id='par_1_31' title="bbox 2298 1566 3833 1645">
     <span class='ocr_line' id='line_1_31' title="bbox 2298 1566 3833 1645; baseline -0.01 -9"><span class='ocrx_word' id='word_1_188' title='bbox 2298 1582 2380 1636; x_wconf 82' lang='lat' dir='ltr'><strong>Ad</strong></span> <span class='ocrx_word' id='word_1_189' title='bbox 2430 1579 2544 1633; x_wconf 68' lang='lat' dir='ltr'><strong>hrec</strong></span> <span class='ocrx_word' id='word_1_190' title='bbox 2587 1575 2993 1645; x_wconf 79' lang='lat' dir='ltr'><strong>obstupefactus</strong></span> <span class='ocrx_word' id='word_1_191' title='bbox 3026 1586 3124 1626; x_wconf 90' lang='lat' dir='ltr'><strong>nos</strong></span> <span class='ocrx_word' id='word_1_192' title='bbox 3170 1573 3389 1625; x_wconf 88' lang='lat' dir='ltr'><strong>intuens</strong></span> <span class='ocrx_word' id='word_1_193' title='bbox 3430 1582 3623 1634; x_wconf 73' lang='lat' dir='ltr'><strong>senex,</strong></span> <span class='ocrx_word' id='word_1_194' title='bbox 3674 1577 3735 1622; x_wconf 90' lang='lat' dir='ltr'><strong>et</strong></span> <span class='ocrx_word' id='word_1_195' title='bbox 3765 1566 3833 1621; x_wconf 84' lang='lat' dir='ltr'><strong>ad</strong></span> 
     </span>
    </p>
   </div>
   <div class='ocr_carea' id='block_1_32' title="bbox 2229 1662 3836 1734">
    <p class='ocr_par' dir='ltr' id='par_1_32' title="bbox 2229 1662 3836 1734">
     <span class='ocr_line' id='line_1_32' title="bbox 2229 1662 3836 1734; baseline -0.008 -5"><span class='ocrx_word' id='word_1_196' title='bbox 2229 1674 2397 1730; x_wconf 87' lang='lat' dir='ltr'><strong>verba</strong></span> <span class='ocrx_word' id='word_1_197' title='bbox 2455 1670 2778 1726; x_wconf 86' lang='lat' dir='ltr'><strong>narrationis</strong></span> <span class='ocrx_word' id='word_1_198' title='bbox 2828 1682 2939 1723; x_wconf 67' lang='lat' dir='ltr'><strong>sua:</strong></span> <span class='ocrx_word' id='word_1_199' title='bbox 2992 1664 3303 1734; x_wconf 64' lang='lat' dir='ltr'><strong>inexiilebili</strong></span> <span class='ocrx_word' id='word_1_200' title='bbox 3347 1662 3543 1719; x_wconf 80' lang='lat' dir='ltr'><strong>ardore</strong></span> <span class='ocrx_word' id='word_1_201' title='bbox 3590 1676 3836 1719; x_wconf 86' lang='lat' dir='ltr'><strong>succen-</strong></span> 
     </span>
    </p>
   </div>
   <div class='ocr_carea' id='block_1_33' title="bbox 529 1755 3833 1839">
    <p class='ocr_par' dir='ltr' id='par_1_33' title="bbox 529 1755 3833 1839">
     <span class='ocr_line' id='line_1_33' title="bbox 529 1755 3833 1839; baseline -0.006 -8"><span class='ocrx_word' id='word_1_202' title='bbox 529 1773 867 1830; x_wconf 80' lang='lat' dir='ltr'><strong>mentiunlut‘</strong></span> <span class='ocrx_word' id='word_1_203' title='bbox 895 1784 1061 1838; x_wconf 81' lang='lat' dir='ltr'><strong>opera</strong></span> <span class='ocrx_word' id='word_1_204' title='bbox 1095 1768 1337 1836; x_wconf 74' lang='lat' dir='ltr'><strong>pietatis,</strong></span> <span class='ocrx_word' id='word_1_205' title='bbox 1373 1774 1651 1835; x_wconf 77' lang='lat' dir='ltr'><strong>tamquam</strong></span> <span class='ocrx_word' id='word_1_206' title='bbox 1681 1762 1982 1817; x_wconf 67' lang='lat' dir='ltr'><strong>adulterina</strong></span> <span class='ocrx_word' id='word_1_207' title='bbox 2018 1777 2119 1815; x_wconf 80' lang='lat' dir='ltr'><strong>nu-</strong></span> <span class='ocrx_word' id='word_1_208' title='bbox 2147 1778 2195 1839; x_wconf 80' lang='grc' dir='ltr'><strong>Β</strong></span> <span class='ocrx_word' id='word_1_209' title='bbox 2220 1781 2332 1829; x_wconf 85' lang='lat' dir='ltr'><strong>sos,</strong></span> <span class='ocrx_word' id='word_1_210' title='bbox 2367 1781 2461 1835; x_wconf 85' lang='lat' dir='ltr'><strong>pro</strong></span> <span class='ocrx_word' id='word_1_211' title='bbox 2488 1764 2847 1817; x_wconf 90' lang='lat' dir='ltr'><strong>admiratione</strong></span> <span class='ocrx_word' id='word_1_212' title='bbox 2876 1758 3128 1815; x_wconf 88' lang='lat' dir='ltr'><strong>desiderii</strong></span> <span class='ocrx_word' id='word_1_213' title='bbox 3158 1756 3332 1812; x_wconf 89' lang='lat' dir='ltr'><strong>nostri</strong></span> <span class='ocrx_word' id='word_1_214' title='bbox 3372 1755 3660 1825; x_wconf 82' lang='lat' dir='ltr'><strong>paulisper</strong></span> <span class='ocrx_word' id='word_1_215' title='bbox 3703 1769 3833 1810; x_wconf 83' lang='lat' dir='ltr'><strong>ser-</strong></span> 
     </span>
    </p>
   </div>
   <div class='ocr_carea' id='block_1_34' title="bbox 530 1858 2120 1939">
    <p class='ocr_par' dir='ltr' id='par_1_34' title="bbox 530 1858 2120 1939">
     <span class='ocr_line' id='line_1_34' title="bbox 530 1858 2120 1939; baseline -0.008 -19"><span class='ocrx_word' id='word_1_216' title='bbox 530 1865 778 1921; x_wconf 80' lang='lat' dir='ltr'><strong>mismata</strong></span> <span class='ocrx_word' id='word_1_217' title='bbox 805 1871 861 1917; x_wconf 90' lang='lat' dir='ltr'><strong>et</strong></span> <span class='ocrx_word' id='word_1_218' title='bbox 887 1860 1363 1939; x_wconf 84' lang='lat' dir='ltr'><strong>paracbaragmata</strong></span> <span class='ocrx_word' id='word_1_219' title='bbox 1384 1858 1766 1923; x_wconf 83' lang='lat' dir='ltr'><strong>reprobemus,</strong></span> <span class='ocrx_word' id='word_1_220' title='bbox 1794 1865 1981 1924; x_wconf 87' lang='lat' dir='ltr'><strong>utpote</strong></span> <span class='ocrx_word' id='word_1_221' title='bbox 2000 1870 2120 1924; x_wconf 71' lang='lat' dir='ltr'><strong>quae</strong></span> 
     </span>
    </p>
   </div>
   <div class='ocr_carea' id='block_1_35' title="bbox 530 1949 2121 2024">
    <p class='ocr_par' dir='ltr' id='par_1_35' title="bbox 530 1949 2121 2024">
     <span class='ocr_line' id='line_1_35' title="bbox 530 1949 2121 2024; baseline -0.006 -13"><span class='ocrx_word' id='word_1_222' title='bbox 530 1956 721 2011; x_wconf 82' lang='lat' dir='ltr'><strong>falsam</strong></span> <span class='ocrx_word' id='word_1_223' title='bbox 760 1956 1048 2024; x_wconf 85' lang='lat' dir='ltr'><strong>imaginem</strong></span> <span class='ocrx_word' id='word_1_224' title='bbox 1077 1951 1223 2023; x_wconf 82' lang='lat' dir='ltr'><strong>regis</strong></span> <span class='ocrx_word' id='word_1_225' title='bbox 1264 1966 1370 2005; x_wconf 91' lang='lat' dir='ltr'><strong>non</strong></span> <span class='ocrx_word' id='word_1_226' title='bbox 1405 1952 1648 2019; x_wconf 81' lang='lat' dir='ltr'><strong>legitime</strong></span> <span class='ocrx_word' id='word_1_227' title='bbox 1691 1949 1900 2019; x_wconf 81' lang='lat' dir='ltr'><strong>signata</strong></span> <span class='ocrx_word' id='word_1_228' title='bbox 1946 1949 2121 2002; x_wconf 90' lang='lat' dir='ltr'><strong>conti-</strong></span> 
     </span>
    </p>
   </div>
   <div class='ocr_carea' id='block_1_36' title="bbox 530 2044 2123 2118">
    <p class='ocr_par' dir='ltr' id='par_1_36' title="bbox 530 2044 2123 2118">
     <span class='ocr_line' id='line_1_36' title="bbox 530 2044 2123 2118; baseline -0.008 -11"><span class='ocrx_word' id='word_1_229' title='bbox 530 2058 728 2115; x_wconf 85' lang='lat' dir='ltr'><strong>neant;</strong></span> <span class='ocrx_word' id='word_1_230' title='bbox 760 2050 844 2103; x_wconf 90' lang='lat' dir='ltr'><strong>vel</strong></span> <span class='ocrx_word' id='word_1_231' title='bbox 874 2048 961 2103; x_wconf 92' lang='lat' dir='ltr'><strong>illa</strong></span> <span class='ocrx_word' id='word_1_232' title='bbox 990 2063 1111 2118; x_wconf 74' lang='lat' dir='ltr'><strong>qua-</strong></span> <span class='ocrx_word' id='word_1_233' title='bbox 1140 2048 1193 2101; x_wconf 93' lang='lat' dir='ltr'><strong>in</strong></span> <span class='ocrx_word' id='word_1_234' title='bbox 1216 2061 1351 2101; x_wconf 90' lang='lat' dir='ltr'><strong>auro</strong></span> <span class='ocrx_word' id='word_1_235' title='bbox 1379 2045 1782 2117; x_wconf 89' lang='lat' dir='ltr'><strong>pretiosissimo</strong></span> <span class='ocrx_word' id='word_1_236' title='bbox 1811 2044 2123 2111; x_wconf 83' lang='lat' dir='ltr'><strong>Scriptura-</strong></span> 
     </span>
    </p>
   </div>
   <div class='ocr_carea' id='block_1_37' title="bbox 530 2136 2121 2210">
    <p class='ocr_par' dir='ltr' id='par_1_37' title="bbox 530 2136 2121 2210">
     <span class='ocr_line' id='line_1_37' title="bbox 530 2136 2121 2210; baseline -0.006 -11"><span class='ocrx_word' id='word_1_237' title='bbox 530 2157 673 2210; x_wconf 82' lang='lat' dir='ltr'><strong>rum,</strong></span> <span class='ocrx_word' id='word_1_238' title='bbox 704 2141 903 2195; x_wconf 90' lang='lat' dir='ltr'><strong>vitioso</strong></span> <span class='ocrx_word' id='word_1_239' title='bbox 932 2150 988 2195; x_wconf 92' lang='lat' dir='ltr'><strong>et</strong></span> <span class='ocrx_word' id='word_1_240' title='bbox 1022 2140 1281 2195; x_wconf 70' lang='lat' dir='ltr'><strong>limretico</strong></span> <span class='ocrx_word' id='word_1_241' title='bbox 1325 2155 1510 2201; x_wconf 83' lang='lat' dir='ltr'><strong>sensu,</strong></span> <span class='ocrx_word' id='word_1_242' title='bbox 1544 2155 1650 2191; x_wconf 88' lang='lat' dir='ltr'><strong>non</strong></span> <span class='ocrx_word' id='word_1_243' title='bbox 1683 2138 1795 2193; x_wconf 90' lang='lat' dir='ltr'><strong>veri</strong></span> <span class='ocrx_word' id='word_1_244' title='bbox 1831 2139 1992 2207; x_wconf 90' lang='lat' dir='ltr'><strong>regis,</strong></span> <span class='ocrx_word' id='word_1_245' title='bbox 2026 2136 2121 2191; x_wconf 89' lang='lat' dir='ltr'><strong>sed</strong></span> 
     </span>
    </p>
   </div>
   <div class='ocr_carea' id='block_1_38' title="bbox 530 2230 2123 2305">
    <p class='ocr_par' dir='ltr' id='par_1_38' title="bbox 530 2230 2123 2305">
     <span class='ocr_line' id='line_1_38' title="bbox 530 2230 2123 2305; baseline -0.003 -17"><span class='ocrx_word' id='word_1_246' title='bbox 530 2234 741 2305; x_wconf 86' lang='lat' dir='ltr'><strong>tyranni</strong></span> <span class='ocrx_word' id='word_1_247' title='bbox 769 2231 1064 2303; x_wconf 68' lang='lat' dir='ltr'><strong>praeferunt</strong></span> <span class='ocrx_word' id='word_1_248' title='bbox 1094 2232 1327 2293; x_wconf 89' lang='lat' dir='ltr'><strong>vultum,</strong></span> <span class='ocrx_word' id='word_1_249' title='bbox 1353 2231 1610 2285; x_wconf 89' lang='lat' dir='ltr'><strong>similiter</strong></span> <span class='ocrx_word' id='word_1_250' title='bbox 1632 2230 2009 2285; x_wconf 89' lang='lat' dir='ltr'><strong>discernentes</strong></span> <span class='ocrx_word' id='word_1_251' title='bbox 2039 2244 2123 2284; x_wconf 89' lang='lat' dir='ltr'><strong>re-</strong></span> 
     </span>
    </p>
   </div>
   <div class='ocr_carea' id='block_1_39' title="bbox 530 2321 2123 2395">
    <p class='ocr_par' dir='ltr' id='par_1_39' title="bbox 530 2321 2123 2395">
     <span class='ocr_line' id='line_1_39' title="bbox 530 2321 2123 2395; baseline -0.004 -14"><span class='ocrx_word' id='word_1_252' title='bbox 530 2325 709 2381; x_wconf 76' lang='lat' dir='ltr'><strong>futare</strong></span> <span class='ocrx_word' id='word_1_253' title='bbox 756 2324 1059 2395; x_wconf 78' lang='lat' dir='ltr'><strong>possimus;</strong></span> <span class='ocrx_word' id='word_1_254' title='bbox 1098 2322 1213 2378; x_wconf 85' lang='lat' dir='ltr'><strong>sive</strong></span> <span class='ocrx_word' id='word_1_255' title='bbox 1248 2323 1337 2377; x_wconf 89' lang='lat' dir='ltr'><strong>illa</strong></span> <span class='ocrx_word' id='word_1_256' title='bbox 1368 2338 1597 2393; x_wconf 91' lang='lat' dir='ltr'><strong>quorum</strong></span> <span class='ocrx_word' id='word_1_257' title='bbox 1648 2321 1867 2392; x_wconf 89' lang='lat' dir='ltr'><strong>pondus</strong></span> <span class='ocrx_word' id='word_1_258' title='bbox 1907 2335 1968 2375; x_wconf 90' lang='lat' dir='ltr'><strong>ac</strong></span> <span class='ocrx_word' id='word_1_259' title='bbox 2002 2335 2123 2389; x_wconf 81' lang='lat' dir='ltr'><strong>pre—</strong></span> 
     </span>
    </p>
   </div>
   <div class='ocr_carea' id='block_1_40' title="bbox 530 2413 2121 2485">
    <p class='ocr_par' dir='ltr' id='par_1_40' title="bbox 530 2413 2121 2485">
     <span class='ocr_line' id='line_1_40' title="bbox 530 2413 2121 2485; baseline -0.004 -14"><span class='ocrx_word' id='word_1_260' title='bbox 530 2418 665 2471; x_wconf 89' lang='lat' dir='ltr'><strong>tium</strong></span> <span class='ocrx_word' id='word_1_261' title='bbox 715 2432 899 2485; x_wconf 71' lang='lat' dir='ltr'><strong>azrugo</strong></span> <span class='ocrx_word' id='word_1_262' title='bbox 950 2416 1214 2469; x_wconf 83' lang='lat' dir='ltr'><strong>vanitatis</strong></span> <span class='ocrx_word' id='word_1_263' title='bbox 1268 2415 1536 2468; x_wconf 89' lang='lat' dir='ltr'><strong>arrodeus</strong></span> <span class='ocrx_word' id='word_1_264' title='bbox 1596 2416 1787 2483; x_wconf 77' lang='lat' dir='ltr'><strong>exagio</strong></span> <span class='ocrx_word' id='word_1_265' title='bbox 1846 2413 2121 2467; x_wconf 79' lang='lat' dir='ltr'><strong>seniorum</strong></span> 
     </span>
    </p>
   </div>
   <div class='ocr_carea' id='block_1_41' title="bbox 530 2503 2125 2579">
    <p class='ocr_par' dir='ltr' id='par_1_41' title="bbox 530 2503 2125 2579">
     <span class='ocr_line' id='line_1_41' title="bbox 530 2503 2125 2579; baseline -0.004 -16"><span class='ocrx_word' id='word_1_266' title='bbox 530 2507 559 2548; x_wconf 69' lang='grc' dir='ltr'>δ</span> <span class='ocrx_word' id='word_1_267' title='bbox 584 2508 860 2579; x_wconf 57' lang='lat' dir='ltr'><strong>adaquari</strong></span> <span class='ocrx_word' id='word_1_268' title='bbox 890 2522 997 2562; x_wconf 92' lang='lat' dir='ltr'><strong>non</strong></span> <span class='ocrx_word' id='word_1_269' title='bbox 1029 2506 1181 2569; x_wconf 88' lang='lat' dir='ltr'><strong>sinit,</strong></span> <span class='ocrx_word' id='word_1_270' title='bbox 1214 2515 1273 2560; x_wconf 90' lang='lat' dir='ltr'><strong>ut</strong></span> <span class='ocrx_word' id='word_1_271' title='bbox 1299 2506 1625 2561; x_wconf 81' lang='lat' dir='ltr'><strong>nomismata</strong></span> <span class='ocrx_word' id='word_1_272' title='bbox 1659 2506 1791 2560; x_wconf 90' lang='lat' dir='ltr'><strong>levia</strong></span> <span class='ocrx_word' id='word_1_273' title='bbox 1837 2515 1999 2574; x_wconf 83' lang='lat' dir='ltr'><strong>atque</strong></span> <span class='ocrx_word' id='word_1_274' title='bbox 2028 2503 2125 2557; x_wconf 89' lang='lat' dir='ltr'><strong>da-</strong></span> 
     </span>
    </p>
   </div>
   <div class='ocr_carea' id='block_1_42' title="bbox 531 2595 2123 2669">
    <p class='ocr_par' dir='ltr' id='par_1_42' title="bbox 531 2595 2123 2669">
     <span class='ocr_line' id='line_1_42' title="bbox 531 2595 2123 2669; baseline -0.004 -12"><span class='ocrx_word' id='word_1_275' title='bbox 531 2616 746 2665; x_wconf 89' lang='lat' dir='ltr'><strong>mnosa,</strong></span> <span class='ocrx_word' id='word_1_276' title='bbox 774 2602 1061 2669; x_wconf 88' lang='lat' dir='ltr'><strong>minusque</strong></span> <span class='ocrx_word' id='word_1_277' title='bbox 1092 2600 1368 2668; x_wconf 88' lang='lat' dir='ltr'><strong>pensantia</strong></span> <span class='ocrx_word' id='word_1_278' title='bbox 1401 2613 1741 2653; x_wconf 78' lang='lat' dir='ltr'><strong>recusemus:</strong></span> <span class='ocrx_word' id='word_1_279' title='bbox 1776 2614 1844 2653; x_wconf 92' lang='lat' dir='ltr'><strong>ne</strong></span> <span class='ocrx_word' id='word_1_280' title='bbox 1886 2597 1939 2650; x_wconf 92' lang='lat' dir='ltr'><strong>in</strong></span> <span class='ocrx_word' id='word_1_281' title='bbox 1992 2595 2123 2651; x_wconf 91' lang='lat' dir='ltr'><strong>illud</strong></span> 
     </span>
    </p>
   </div>
   <div class='ocr_carea' id='block_1_43' title="bbox 531 2692 2125 2763">
    <p class='ocr_par' dir='ltr' id='par_1_43' title="bbox 531 2692 2125 2763">
     <span class='ocr_line' id='line_1_43' title="bbox 531 2692 2125 2763; baseline -0.004 -13"><span class='ocrx_word' id='word_1_282' title='bbox 531 2694 837 2750; x_wconf 82' lang='lat' dir='ltr'><strong>incidentes</strong></span> <span class='ocrx_word' id='word_1_283' title='bbox 894 2692 1039 2763; x_wconf 89' lang='lat' dir='ltr'><strong>quod</strong></span> <span class='ocrx_word' id='word_1_284' title='bbox 1098 2693 1397 2748; x_wconf 86' lang='lat' dir='ltr'><strong>observare</strong></span> <span class='ocrx_word' id='word_1_285' title='bbox 1446 2702 1554 2747; x_wconf 89' lang='lat' dir='ltr'><strong>tota</strong></span> <span class='ocrx_word' id='word_1_286' title='bbox 1600 2694 1802 2747; x_wconf 89' lang='lat' dir='ltr'><strong>virtute</strong></span> <span class='ocrx_word' id='word_1_287' title='bbox 1856 2701 2125 2760; x_wconf 60' lang='lat' dir='ltr'><strong>pra‘cepto</strong></span> 
     </span>
    </p>
   </div>
   <div class='ocr_carea' id='block_1_44' title="bbox 533 2784 2122 2853">
    <p class='ocr_par' dir='ltr' id='par_1_44' title="bbox 533 2784 2122 2853">
     <span class='ocr_line' id='line_1_44' title="bbox 533 2784 2122 2853; baseline -0.003 -13"><span class='ocrx_word' id='word_1_288' title='bbox 533 2786 748 2840; x_wconf 90' lang='lat' dir='ltr'><strong>Domini</strong></span> <span class='ocrx_word' id='word_1_289' title='bbox 778 2799 1212 2853; x_wconf 89' lang='lat' dir='ltr'><strong>commonemur,</strong></span> <span class='ocrx_word' id='word_1_290' title='bbox 1263 2785 1472 2839; x_wconf 90' lang='lat' dir='ltr'><strong>cunctis</strong></span> <span class='ocrx_word' id='word_1_291' title='bbox 1524 2784 1767 2839; x_wconf 87' lang='lat' dir='ltr'><strong>labormn</strong></span> <span class='ocrx_word' id='word_1_292' title='bbox 1815 2790 2122 2837; x_wconf 88' lang='lat' dir='ltr'><strong>nostrorum</strong></span> 
     </span>
    </p>
   </div>
   <div class='ocr_carea' id='block_1_45' title="bbox 532 2875 2122 2947">
    <p class='ocr_par' dir='ltr' id='par_1_45' title="bbox 532 2875 2122 2947">
     <span class='ocr_line' id='line_1_45' title="bbox 532 2875 2122 2947; baseline -0.003 -14"><span class='ocrx_word' id='word_1_293' title='bbox 532 2877 816 2947; x_wconf 85' lang='lat' dir='ltr'><strong>stipendiis</strong></span> <span class='ocrx_word' id='word_1_294' title='bbox 841 2877 1161 2945; x_wconf 88' lang='lat' dir='ltr'><strong>meritisque</strong></span> <span class='ocrx_word' id='word_1_295' title='bbox 1186 2875 1526 2933; x_wconf 87' lang='lat' dir='ltr'><strong>l&#39;raudemur.</strong></span> <span class='ocrx_word' id='word_1_296' title='bbox 1564 2877 1763 2941; x_wconf 84' lang='lat' dir='ltr'><strong>Nolite,</strong></span> <span class='ocrx_word' id='word_1_297' title='bbox 1791 2877 1984 2945; x_wconf 87' lang='lat' dir='ltr'><strong>inquit,</strong></span> <span class='ocrx_word' id='word_1_298' title='bbox 2008 2876 2122 2929; x_wconf 84' lang='lat' dir='ltr'><strong>the-</strong></span> 
     </span>
    </p>
   </div>
   <div class='ocr_carea' id='block_1_46' title="bbox 533 2968 2125 3039">
    <p class='ocr_par' dir='ltr' id='par_1_46' title="bbox 533 2968 2125 3039">
     <span class='ocr_line' id='line_1_46' title="bbox 533 2968 2125 3039; baseline -0.002 -15"><span class='ocrx_word' id='word_1_299' title='bbox 533 2970 799 3024; x_wconf 76' lang='lat' dir='ltr'><strong>saurisare</strong></span> <span class='ocrx_word' id='word_1_300' title='bbox 824 2969 964 3023; x_wconf 80' lang='lat' dir='ltr'><strong>nobis</strong></span> <span class='ocrx_word' id='word_1_301' title='bbox 992 2969 1266 3022; x_wconf 81' lang='lat' dir='ltr'><strong>thesauros</strong></span> <span class='ocrx_word' id='word_1_302' title='bbox 1295 2969 1349 3022; x_wconf 86' lang='lat' dir='ltr'><strong>in</strong></span> <span class='ocrx_word' id='word_1_303' title='bbox 1376 2978 1531 3033; x_wconf 88' lang='lat' dir='ltr'><strong>terra,</strong></span> <span class='ocrx_word' id='word_1_304' title='bbox 1568 2968 1656 3022; x_wconf 89' lang='lat' dir='ltr'><strong>ubi</strong></span> <span class='ocrx_word' id='word_1_305' title='bbox 1685 2984 1862 3039; x_wconf 76' lang='lat' dir='ltr'><strong>terugo</strong></span> <span class='ocrx_word' id='word_1_306' title='bbox 1888 2977 1936 3021; x_wconf 79' lang='lat' dir='ltr'><strong>et</strong></span> <span class='ocrx_word' id='word_1_307' title='bbox 1987 2968 2125 3021; x_wconf 86' lang='lat' dir='ltr'><strong>tinea</strong></span> 
     </span>
    </p>
   </div>
   <div class='ocr_carea' id='block_1_47' title="bbox 532 3059 2122 3133">
    <p class='ocr_par' dir='ltr' id='par_1_47' title="bbox 532 3059 2122 3133">
     <span class='ocr_line' id='line_1_47' title="bbox 532 3059 2122 3133; baseline -0.003 -17"><span class='ocrx_word' id='word_1_308' title='bbox 532 3062 835 3128; x_wconf 81' lang='lat' dir='ltr'><strong>demolitur,</strong></span> <span class='ocrx_word' id='word_1_309' title='bbox 868 3072 915 3116; x_wconf 92' lang='lat' dir='ltr'><strong>et</strong></span> <span class='ocrx_word' id='word_1_310' title='bbox 950 3062 1033 3115; x_wconf 85' lang='lat' dir='ltr'><strong>ubi</strong></span> <span class='ocrx_word' id='word_1_311' title='bbox 1082 3066 1222 3132; x_wconf 81' lang='lat' dir='ltr'><strong>fures</strong></span> <span class='ocrx_word' id='word_1_312' title='bbox 1269 3060 1523 3127; x_wconf 82' lang='lat' dir='ltr'><strong>eII&#39;odiunt</strong></span> <span class='ocrx_word' id='word_1_313' title='bbox 1563 3071 1608 3115; x_wconf 88' lang='lat' dir='ltr'><strong>et</strong></span> <span class='ocrx_word' id='word_1_314' title='bbox 1641 3063 1881 3131; x_wconf 82' lang='lat' dir='ltr'><strong>[urantur</strong></span> <span class='ocrx_word' id='word_1_315' title='bbox 1907 3059 2122 3133; x_wconf 80' lang='lat' dir='ltr'><strong>(Matth.</strong></span> 
     </span>
    </p>
   </div>
   <div class='ocr_carea' id='block_1_48' title="bbox 2222 1844 3831 1926">
    <p class='ocr_par' dir='ltr' id='par_1_48' title="bbox 2222 1844 3831 1926">
     <span class='ocr_line' id='line_1_48' title="bbox 2222 1844 3831 1926; baseline -0.008 -13"><span class='ocrx_word' id='word_1_316' title='bbox 2222 1873 2381 1913; x_wconf 88' lang='lat' dir='ltr'><strong>mone</strong></span> <span class='ocrx_word' id='word_1_317' title='bbox 2404 1870 2691 1926; x_wconf 74' lang='lat' dir='ltr'><strong>suSpenso.</strong></span> <span class='ocrx_word' id='word_1_318' title='bbox 2720 1866 2909 1908; x_wconf 91' lang='lat' dir='ltr'><strong>rursus</strong></span> <span class='ocrx_word' id='word_1_319' title='bbox 2929 1850 3165 1904; x_wconf 86' lang='lat' dir='ltr'><strong>addidit:</strong></span> <span class='ocrx_word' id='word_1_320' title='bbox 3194 1849 3464 1916; x_wconf 85' lang='lat' dir='ltr'><strong>Quoniam</strong></span> <span class='ocrx_word' id='word_1_321' title='bbox 3489 1861 3612 1913; x_wconf 91' lang='lat' dir='ltr'><strong>nos,</strong></span> <span class='ocrx_word' id='word_1_322' title='bbox 3647 1862 3685 1898; x_wconf 90' lang='grc' dir='ltr'>ο</span> <span class='ocrx_word' id='word_1_323' title='bbox 3712 1844 3831 1909; x_wconf 82' lang='lat' dir='ltr'><strong>lilii,</strong></span> 
     </span>
    </p>
   </div>
   <div class='ocr_carea' id='block_1_49' title="bbox 2220 1940 3834 2019">
    <p class='ocr_par' dir='ltr' id='par_1_49' title="bbox 2220 1940 3834 2019">
     <span class='ocr_line' id='line_1_49' title="bbox 2220 1940 3834 2019; baseline -0.007 -14"><span class='ocrx_word' id='word_1_324' title='bbox 2220 1951 2287 2005; x_wconf 91' lang='lat' dir='ltr'><strong>ad</strong></span> <span class='ocrx_word' id='word_1_325' title='bbox 2315 1951 2737 2019; x_wconf 78' lang='lat' dir='ltr'><strong>disputationem</strong></span> <span class='ocrx_word' id='word_1_326' title='bbox 2769 1954 2878 1999; x_wconf 90' lang='lat' dir='ltr'><strong>tam</strong></span> <span class='ocrx_word' id='word_1_327' title='bbox 2914 1944 3125 2012; x_wconf 82' lang='lat' dir='ltr'><strong>longam</strong></span> <span class='ocrx_word' id='word_1_328' title='bbox 3168 1952 3353 1998; x_wconf 88' lang='lat' dir='ltr'><strong>vestra</strong></span> <span class='ocrx_word' id='word_1_329' title='bbox 3401 1940 3671 1997; x_wconf 84' lang='lat' dir='ltr'><strong>sedulitas</strong></span> <span class='ocrx_word' id='word_1_330' title='bbox 3708 1951 3834 2007; x_wconf 87' lang='lat' dir='ltr'><strong>pro-</strong></span> 
     </span>
    </p>
   </div>
   <div class='ocr_carea' id='block_1_50' title="bbox 2221 2031 3835 2109">
    <p class='ocr_par' dir='ltr' id='par_1_50' title="bbox 2221 2031 3835 2109">
     <span class='ocr_line' id='line_1_50' title="bbox 2221 2031 3835 2109; baseline -0.007 -13"><span class='ocrx_word' id='word_1_331' title='bbox 2221 2042 2457 2106; x_wconf 87' lang='lat' dir='ltr'><strong>vocavit,</strong></span> <span class='ocrx_word' id='word_1_332' title='bbox 2484 2053 2537 2094; x_wconf 91' lang='lat' dir='ltr'><strong>et</strong></span> <span class='ocrx_word' id='word_1_333' title='bbox 2566 2040 2705 2109; x_wconf 85' lang='lat' dir='ltr'><strong>ignis</strong></span> <span class='ocrx_word' id='word_1_334' title='bbox 2732 2038 2952 2107; x_wconf 86' lang='lat' dir='ltr'><strong>quidam</strong></span> <span class='ocrx_word' id='word_1_335' title='bbox 2977 2034 3256 2090; x_wconf 90' lang='lat' dir='ltr'><strong>collationi</strong></span> <span class='ocrx_word' id='word_1_336' title='bbox 3291 2042 3493 2088; x_wconf 80' lang='lat' dir='ltr'><strong>nostra:</strong></span> <span class='ocrx_word' id='word_1_337' title='bbox 3522 2031 3835 2087; x_wconf 78' lang='lat' dir='ltr'><strong>ferventio-</strong></span> 
     </span>
    </p>
   </div>
   <div class='ocr_carea' id='block_1_51' title="bbox 2222 2125 3832 2201">
    <p class='ocr_par' dir='ltr' id='par_1_51' title="bbox 2222 2125 3832 2201">
     <span class='ocr_line' id='line_1_51' title="bbox 2222 2125 3832 2201; baseline -0.007 -11"><span class='ocrx_word' id='word_1_338' title='bbox 2222 2149 2312 2190; x_wconf 87' lang='lat' dir='ltr'><strong>res</strong></span> <span class='ocrx_word' id='word_1_339' title='bbox 2340 2147 2534 2189; x_wconf 87' lang='lat' dir='ltr'><strong>sensus</strong></span> <span class='ocrx_word' id='word_1_340' title='bbox 2566 2148 2664 2201; x_wconf 89' lang='lat' dir='ltr'><strong>pro</strong></span> <span class='ocrx_word' id='word_1_341' title='bbox 2695 2144 2881 2185; x_wconf 89' lang='lat' dir='ltr'><strong>vestro</strong></span> <span class='ocrx_word' id='word_1_342' title='bbox 2918 2130 3191 2184; x_wconf 71' lang='lat' dir='ltr'><strong>desiderio</strong></span> <span class='ocrx_word' id='word_1_343' title='bbox 3216 2125 3619 2189; x_wconf 89' lang='lat' dir='ltr'><strong>subministrat,</strong></span> <span class='ocrx_word' id='word_1_344' title='bbox 3670 2133 3737 2179; x_wconf 93' lang='lat' dir='ltr'><strong>ut</strong></span> <span class='ocrx_word' id='word_1_345' title='bbox 3764 2138 3832 2179; x_wconf 78' lang='lat' dir='ltr'><strong>ex</strong></span> 
     </span>
    </p>
   </div>
   <div class='ocr_carea' id='block_1_52' title="bbox 2223 2218 3833 2295">
    <p class='ocr_par' dir='ltr' id='par_1_52' title="bbox 2223 2218 3833 2295">
     <span class='ocr_line' id='line_1_52' title="bbox 2223 2218 3833 2295; baseline -0.007 -13"><span class='ocrx_word' id='word_1_346' title='bbox 2223 2227 2327 2282; x_wconf 88' lang='lat' dir='ltr'><strong>hoc</strong></span> <span class='ocrx_word' id='word_1_347' title='bbox 2356 2227 2522 2282; x_wconf 86' lang='lat' dir='ltr'><strong>etiam</strong></span> <span class='ocrx_word' id='word_1_348' title='bbox 2553 2226 2670 2295; x_wconf 91' lang='lat' dir='ltr'><strong>ipso</strong></span> <span class='ocrx_word' id='word_1_349' title='bbox 2702 2226 2987 2279; x_wconf 86' lang='lat' dir='ltr'><strong>manileste</strong></span> <span class='ocrx_word' id='word_1_350' title='bbox 3009 2221 3351 2291; x_wconf 89' lang='lat' dir='ltr'><strong>contempler</strong></span> <span class='ocrx_word' id='word_1_351' title='bbox 3381 2220 3434 2274; x_wconf 92' lang='lat' dir='ltr'><strong>in</strong></span> <span class='ocrx_word' id='word_1_352' title='bbox 3466 2218 3706 2274; x_wconf 80' lang='lat' dir='ltr'><strong>veritate</strong></span> <span class='ocrx_word' id='word_1_353' title='bbox 3733 2230 3833 2271; x_wconf 84' lang='lat' dir='ltr'><strong>vos</strong></span> 
     </span>
    </p>
   </div>
   <div class='ocr_carea' id='block_1_53' title="bbox 2223 2307 3830 2391">
    <p class='ocr_par' dir='ltr' id='par_1_53' title="bbox 2223 2307 3830 2391">
     <span class='ocr_line' id='line_1_53' title="bbox 2223 2307 3830 2391; baseline -0.007 -18"><span class='ocrx_word' id='word_1_354' title='bbox 2223 2318 2572 2391; x_wconf 83' lang='lat' dir='ltr'><strong>perfectionis</strong></span> <span class='ocrx_word' id='word_1_355' title='bbox 2619 2318 2776 2372; x_wconf 91' lang='lat' dir='ltr'><strong>sitire</strong></span> <span class='ocrx_word' id='word_1_356' title='bbox 2828 2315 3133 2371; x_wconf 89' lang='lat' dir='ltr'><strong>doctrinam</strong></span> <span class='ocrx_word' id='word_1_357' title='bbox 3182 2331 3195 2366; x_wconf 87' lang='lat'><strong>:</strong></span> <span class='ocrx_word' id='word_1_358' title='bbox 3252 2312 3375 2365; x_wconf 90' lang='lat' dir='ltr'><strong>volo</strong></span> <span class='ocrx_word' id='word_1_359' title='bbox 3421 2309 3581 2365; x_wconf 89' lang='lat' dir='ltr'><strong>vobis</strong></span> <span class='ocrx_word' id='word_1_360' title='bbox 3633 2307 3830 2363; x_wconf 81' lang='lat' dir='ltr'><strong>adhuc</strong></span> 
     </span>
    </p>
   </div>
   <div class='ocr_carea' id='block_1_54' title="bbox 2222 2403 3831 2482">
    <p class='ocr_par' dir='ltr' id='par_1_54' title="bbox 2222 2403 3831 2482">
     <span class='ocr_line' id='line_1_54' title="bbox 2222 2403 3831 2482; baseline -0.007 -14"><span class='ocrx_word' id='word_1_361' title='bbox 2222 2429 2386 2482; x_wconf 88' lang='lat' dir='ltr'><strong>super</strong></span> <span class='ocrx_word' id='word_1_362' title='bbox 2411 2411 2762 2467; x_wconf 86' lang='lat' dir='ltr'><strong>discretionis</strong></span> <span class='ocrx_word' id='word_1_363' title='bbox 2790 2411 3104 2465; x_wconf 78' lang='lat' dir='ltr'><strong>eximietate</strong></span> <span class='ocrx_word' id='word_1_364' title='bbox 3131 2408 3213 2462; x_wconf 86' lang='lat' dir='ltr'><strong>vel</strong></span> <span class='ocrx_word' id='word_1_365' title='bbox 3240 2405 3437 2476; x_wconf 91' lang='lat' dir='ltr'><strong>gratia,</strong></span> <span class='ocrx_word' id='word_1_366' title='bbox 3470 2414 3493 2442; x_wconf 74' lang='grc' dir='ltr'>ε</span> <span class='ocrx_word' id='word_1_367' title='bbox 3518 2417 3642 2473; x_wconf 72' lang='lat' dir='ltr'><strong>quae</strong></span> <span class='ocrx_word' id='word_1_368' title='bbox 3677 2403 3831 2456; x_wconf 75' lang='lat' dir='ltr'><strong>inter</strong></span> 
     </span>
    </p>
   </div>
   <div class='ocr_carea' id='block_1_55' title="bbox 2222 2500 3830 2571">
    <p class='ocr_par' dir='ltr' id='par_1_55' title="bbox 2222 2500 3830 2571">
     <span class='ocr_line' id='line_1_55' title="bbox 2222 2500 3830 2571; baseline -0.006 -10"><span class='ocrx_word' id='word_1_369' title='bbox 2222 2514 2446 2562; x_wconf 90' lang='lat' dir='ltr'><strong>cunctas</strong></span> <span class='ocrx_word' id='word_1_370' title='bbox 2491 2505 2724 2558; x_wconf 87' lang='lat' dir='ltr'><strong>virtutes</strong></span> <span class='ocrx_word' id='word_1_371' title='bbox 2772 2517 2953 2557; x_wconf 91' lang='lat' dir='ltr'><strong>arcem</strong></span> <span class='ocrx_word' id='word_1_372' title='bbox 2984 2516 3047 2555; x_wconf 91' lang='lat' dir='ltr'><strong>ac</strong></span> <span class='ocrx_word' id='word_1_373' title='bbox 3092 2500 3382 2571; x_wconf 82' lang='lat' dir='ltr'><strong>primatum</strong></span> <span class='ocrx_word' id='word_1_374' title='bbox 3428 2505 3602 2561; x_wconf 90' lang='lat' dir='ltr'><strong>tenet,</strong></span> <span class='ocrx_word' id='word_1_375' title='bbox 3649 2510 3830 2566; x_wconf 72' lang='lat' dir='ltr'><strong>pauca</strong></span> 
     </span>
    </p>
   </div>
   <div class='ocr_carea' id='block_1_56' title="bbox 2223 2590 3831 2666">
    <p class='ocr_par' dir='ltr' id='par_1_56' title="bbox 2223 2590 3831 2666">
     <span class='ocr_line' id='line_1_56' title="bbox 2223 2590 3831 2666; baseline -0.006 -13"><span class='ocrx_word' id='word_1_376' title='bbox 2223 2598 2516 2663; x_wconf 90' lang='lat' dir='ltr'><strong>disserere,</strong></span> <span class='ocrx_word' id='word_1_377' title='bbox 2566 2597 3064 2666; x_wconf 69' lang='lat' dir='ltr'><strong>excellentiamque</strong></span> <span class='ocrx_word' id='word_1_378' title='bbox 3114 2594 3234 2663; x_wconf 90' lang='lat' dir='ltr'><strong>ejus</strong></span> <span class='ocrx_word' id='word_1_379' title='bbox 3266 2601 3321 2647; x_wconf 91' lang='lat' dir='ltr'><strong>et</strong></span> <span class='ocrx_word' id='word_1_380' title='bbox 3364 2590 3659 2646; x_wconf 87' lang='lat' dir='ltr'><strong>utilitatem</strong></span> <span class='ocrx_word' id='word_1_381' title='bbox 3715 2604 3831 2643; x_wconf 89' lang='lat' dir='ltr'><strong>non</strong></span> 
     </span>
    </p>
   </div>
   <div class='ocr_carea' id='block_1_57' title="bbox 2225 2680 3835 2758">
    <p class='ocr_par' dir='ltr' id='par_1_57' title="bbox 2225 2680 3835 2758">
     <span class='ocr_line' id='line_1_57' title="bbox 2225 2680 3835 2758; baseline -0.005 -16"><span class='ocrx_word' id='word_1_382' title='bbox 2225 2689 2401 2743; x_wconf 91' lang='lat' dir='ltr'><strong>solum</strong></span> <span class='ocrx_word' id='word_1_383' title='bbox 2454 2689 2796 2758; x_wconf 90' lang='lat' dir='ltr'><strong>quotidianis</strong></span> <span class='ocrx_word' id='word_1_384' title='bbox 2847 2687 3157 2757; x_wconf 79' lang='lat' dir='ltr'><strong>exemplis,</strong></span> <span class='ocrx_word' id='word_1_385' title='bbox 3215 2683 3311 2739; x_wconf 88' lang='lat' dir='ltr'><strong>sed</strong></span> <span class='ocrx_word' id='word_1_386' title='bbox 3372 2683 3534 2738; x_wconf 83' lang='lat' dir='ltr'><strong>etiam</strong></span> <span class='ocrx_word' id='word_1_387' title='bbox 3583 2680 3835 2749; x_wconf 82' lang='lat' dir='ltr'><strong>antiquis</strong></span> 
     </span>
    </p>
   </div>
   <div class='ocr_carea' id='block_1_58' title="bbox 2225 2772 3828 2847">
    <p class='ocr_par' dir='ltr' id='par_1_58' title="bbox 2225 2772 3828 2847">
     <span class='ocr_line' id='line_1_58' title="bbox 2225 2772 3828 2847; baseline -0.006 -9"><span class='ocrx_word' id='word_1_388' title='bbox 2225 2782 2445 2838; x_wconf 78' lang='lat' dir='ltr'><strong>Patrum</strong></span> <span class='ocrx_word' id='word_1_389' title='bbox 2476 2782 2866 2836; x_wconf 77' lang='lat' dir='ltr'><strong>collationibus</strong></span> <span class='ocrx_word' id='word_1_390' title='bbox 2891 2795 2955 2835; x_wconf 92' lang='lat' dir='ltr'><strong>ac</strong></span> <span class='ocrx_word' id='word_1_391' title='bbox 2981 2777 3269 2833; x_wconf 89' lang='lat' dir='ltr'><strong>sententiis</strong></span> <span class='ocrx_word' id='word_1_392' title='bbox 3307 2775 3622 2847; x_wconf 83' lang='lat' dir='ltr'><strong>approbare.</strong></span> <span class='ocrx_word' id='word_1_393' title='bbox 3676 2772 3828 2828; x_wconf 82' lang='lat' dir='ltr'><strong>Fre-</strong></span> 
     </span>
    </p>
   </div>
   <div class='ocr_carea' id='block_1_59' title="bbox 2224 2866 3830 2946">
    <p class='ocr_par' dir='ltr' id='par_1_59' title="bbox 2224 2866 3830 2946">
     <span class='ocr_line' id='line_1_59' title="bbox 2224 2866 3830 2946; baseline -0.002 -20"><span class='ocrx_word' id='word_1_394' title='bbox 2224 2886 2460 2946; x_wconf 87' lang='lat' dir='ltr'><strong>quenter</strong></span> <span class='ocrx_word' id='word_1_395' title='bbox 2492 2890 2723 2945; x_wconf 89' lang='lat' dir='ltr'><strong>namquc</strong></span> <span class='ocrx_word' id='word_1_396' title='bbox 2764 2873 2983 2929; x_wconf 89' lang='lat' dir='ltr'><strong>memini</strong></span> <span class='ocrx_word' id='word_1_397' title='bbox 3016 2872 3286 2927; x_wconf 92' lang='lat' dir='ltr'><strong>nonnullis</strong></span> <span class='ocrx_word' id='word_1_398' title='bbox 3337 2866 3644 2939; x_wconf 81' lang='lat' dir='ltr'><strong>hujusuiodi</strong></span> <span class='ocrx_word' id='word_1_399' title='bbox 3697 2881 3830 2923; x_wconf 73' lang='lat' dir='ltr'><strong>ser-</strong></span> 
     </span>
    </p>
   </div>
   <div class='ocr_carea' id='block_1_60' title="bbox 2225 2963 3829 3037">
    <p class='ocr_par' dir='ltr' id='par_1_60' title="bbox 2225 2963 3829 3037">
     <span class='ocr_line' id='line_1_60' title="bbox 2225 2963 3829 3037; baseline -0.001 -17"><span class='ocrx_word' id='word_1_400' title='bbox 2225 2983 2441 3023; x_wconf 88' lang='lat' dir='ltr'><strong>monem</strong></span> <span class='ocrx_word' id='word_1_401' title='bbox 2471 2982 2593 3022; x_wconf 90' lang='lat' dir='ltr'><strong>cum</strong></span> <span class='ocrx_word' id='word_1_402' title='bbox 2622 2968 2827 3037; x_wconf 84' lang='lat' dir='ltr'><strong>gemitu</strong></span> <span class='ocrx_word' id='word_1_403' title='bbox 2875 2967 3235 3035; x_wconf 83' lang='lat' dir='ltr'><strong>lacrymisque</strong></span> <span class='ocrx_word' id='word_1_404' title='bbox 3288 2963 3679 3035; x_wconf 89' lang='lat' dir='ltr'><strong>poscentibus,</strong></span> <span class='ocrx_word' id='word_1_405' title='bbox 3735 2977 3829 3018; x_wconf 86' lang='lat' dir='ltr'><strong>me</strong></span> 
     </span>
    </p>
   </div>
   <div class='ocr_carea' id='block_1_61' title="bbox 2225 3054 3818 3127">
    <p class='ocr_par' dir='ltr' id='par_1_61' title="bbox 2225 3054 3818 3127">
     <span class='ocr_line' id='line_1_61' title="bbox 2225 3054 3818 3127; baseline -0.003 -15"><span class='ocrx_word' id='word_1_406' title='bbox 2225 3074 2441 3127; x_wconf 89' lang='lat' dir='ltr'><strong>quoque</strong></span> <span class='ocrx_word' id='word_1_407' title='bbox 2498 3057 2699 3127; x_wconf 90' lang='lat' dir='ltr'><strong>aliquid</strong></span> <span class='ocrx_word' id='word_1_408' title='bbox 2753 3058 2833 3112; x_wconf 89' lang='lat' dir='ltr'><strong>eis</strong></span> <span class='ocrx_word' id='word_1_409' title='bbox 2883 3056 3143 3112; x_wconf 67' lang='lat' dir='ltr'><strong>doctrinae</strong></span> <span class='ocrx_word' id='word_1_410' title='bbox 3194 3054 3445 3110; x_wconf 83' lang='lat' dir='ltr'><strong>conferre</strong></span> <span class='ocrx_word' id='word_1_411' title='bbox 3495 3054 3818 3122; x_wconf 84' lang='lat' dir='ltr'><strong>cupientem</strong></span> 
     </span>
    </p>
   </div>
   <div class='ocr_carea' id='block_1_62' title="bbox 533 3145 3822 3224">
    <p class='ocr_par' dir='ltr' id='par_1_62' title="bbox 533 3145 3822 3224">
     <span class='ocr_line' id='line_1_62' title="bbox 533 3145 3822 3224; baseline -0.002 -17"><span class='ocrx_word' id='word_1_412' title='bbox 533 3153 647 3224; x_wconf 82' lang='lat' dir='ltr'><strong>vi).</strong></span> <span class='ocrx_word' id='word_1_413' title='bbox 678 3152 951 3223; x_wconf 85' lang='lat' dir='ltr'><strong>Quidquid</strong></span> <span class='ocrx_word' id='word_1_414' title='bbox 998 3152 1141 3207; x_wconf 89' lang='lat' dir='ltr'><strong>enim</strong></span> <span class='ocrx_word' id='word_1_415' title='bbox 1183 3153 1641 3221; x_wconf 86' lang='lat' dir='ltr'><strong>contemplatione</strong></span> <span class='ocrx_word' id='word_1_416' title='bbox 1670 3152 1917 3205; x_wconf 74' lang='lat' dir='ltr'><strong>humana:</strong></span> <span class='ocrx_word' id='word_1_417' title='bbox 1940 3151 2125 3220; x_wconf 72' lang='lat' dir='ltr'><strong>glorize</strong></span> <span class='ocrx_word' id='word_1_418' title='bbox 2151 3158 2196 3219; x_wconf 71' lang='grc' dir='ltr'>ο</span> <span class='ocrx_word' id='word_1_419' title='bbox 2230 3151 2536 3204; x_wconf 87' lang='lat' dir='ltr'><strong>nullatenus</strong></span> <span class='ocrx_word' id='word_1_420' title='bbox 2570 3148 2835 3218; x_wconf 85' lang='lat' dir='ltr'><strong>pctuisse,</strong></span> <span class='ocrx_word' id='word_1_421' title='bbox 2864 3156 2918 3202; x_wconf 93' lang='lat' dir='ltr'><strong>et</strong></span> <span class='ocrx_word' id='word_1_422' title='bbox 2943 3148 3012 3201; x_wconf 90' lang='lat' dir='ltr'><strong>ita</strong></span> <span class='ocrx_word' id='word_1_423' title='bbox 3044 3147 3098 3202; x_wconf 92' lang='lat' dir='ltr'><strong>in</strong></span> <span class='ocrx_word' id='word_1_424' title='bbox 3128 3162 3214 3201; x_wconf 90' lang='lat' dir='ltr'><strong>me</strong></span> <span class='ocrx_word' id='word_1_425' title='bbox 3245 3161 3350 3200; x_wconf 92' lang='lat' dir='ltr'><strong>non</strong></span> <span class='ocrx_word' id='word_1_426' title='bbox 3373 3145 3555 3200; x_wconf 87' lang='lat' dir='ltr'><strong>solum</strong></span> <span class='ocrx_word' id='word_1_427' title='bbox 3600 3159 3822 3211; x_wconf 87' lang='lat' dir='ltr'><strong>sensus,</strong></span> 
     </span>
    </p>
   </div>
   <div class='ocr_carea' id='block_1_63' title="bbox 533 3241 2127 3309">
    <p class='ocr_par' dir='ltr' id='par_1_63' title="bbox 533 3241 2127 3309">
     <span class='ocr_line' id='line_1_63' title="bbox 533 3241 2127 3309; baseline -0.003 -10"><span class='ocrx_word' id='word_1_428' title='bbox 533 3243 847 3309; x_wconf 75' lang='lat' dir='ltr'><strong>fecerimus,</strong></span> <span class='ocrx_word' id='word_1_429' title='bbox 876 3246 929 3297; x_wconf 93' lang='lat' dir='ltr'><strong>in</strong></span> <span class='ocrx_word' id='word_1_430' title='bbox 956 3253 1095 3297; x_wconf 88' lang='lat' dir='ltr'><strong>terra</strong></span> <span class='ocrx_word' id='word_1_431' title='bbox 1124 3256 1226 3297; x_wconf 92' lang='lat' dir='ltr'><strong>nos</strong></span> <span class='ocrx_word' id='word_1_432' title='bbox 1254 3242 1623 3297; x_wconf 83' lang='lat' dir='ltr'><strong>thesaurizare</strong></span> <span class='ocrx_word' id='word_1_433' title='bbox 1666 3242 1971 3297; x_wconf 89' lang='lat' dir='ltr'><strong>secundum</strong></span> <span class='ocrx_word' id='word_1_434' title='bbox 2022 3241 2127 3295; x_wconf 87' lang='lat' dir='ltr'><strong>Do-</strong></span> 
     </span>
    </p>
   </div>
   <div class='ocr_carea' id='block_1_64' title="bbox 536 3332 2123 3401">
    <p class='ocr_par' dir='ltr' id='par_1_64' title="bbox 536 3332 2123 3401">
     <span class='ocr_line' id='line_1_64' title="bbox 536 3332 2123 3401; baseline -0.003 -11"><span class='ocrx_word' id='word_1_435' title='bbox 536 3335 669 3390; x_wconf 90' lang='lat' dir='ltr'><strong>mini</strong></span> <span class='ocrx_word' id='word_1_436' title='bbox 709 3335 1035 3389; x_wconf 86' lang='lat' dir='ltr'><strong>sententiam</strong></span> <span class='ocrx_word' id='word_1_437' title='bbox 1076 3333 1410 3397; x_wconf 88' lang='lat' dir='ltr'><strong>noverimus,</strong></span> <span class='ocrx_word' id='word_1_438' title='bbox 1450 3344 1504 3387; x_wconf 92' lang='lat' dir='ltr'><strong>et</strong></span> <span class='ocrx_word' id='word_1_439' title='bbox 1552 3344 1948 3401; x_wconf 85' lang='lat' dir='ltr'><strong>consequenter</strong></span> <span class='ocrx_word' id='word_1_440' title='bbox 1994 3332 2123 3386; x_wconf 92' lang='lat' dir='ltr'><strong>illud</strong></span> 
     </span>
    </p>
   </div>
   <div class='ocr_carea' id='block_1_65' title="bbox 534 3424 2124 3495">
    <p class='ocr_par' dir='ltr' id='par_1_65' title="bbox 534 3424 2124 3495">
     <span class='ocr_line' id='line_1_65' title="bbox 534 3424 2124 3495; baseline -0.004 -11"><span class='ocrx_word' id='word_1_441' title='bbox 534 3429 682 3484; x_wconf 87' lang='lat' dir='ltr'><strong>velut</strong></span> <span class='ocrx_word' id='word_1_442' title='bbox 706 3428 855 3483; x_wconf 86' lang='lat' dir='ltr'><strong>humi</strong></span> <span class='ocrx_word' id='word_1_443' title='bbox 896 3426 1240 3482; x_wconf 89' lang='lat' dir='ltr'><strong>reconditum</strong></span> <span class='ocrx_word' id='word_1_444' title='bbox 1278 3434 1546 3495; x_wconf 72' lang='lat' dir='ltr'><strong>terraeque</strong></span> <span class='ocrx_word' id='word_1_445' title='bbox 1593 3424 1897 3488; x_wconf 72' lang='lat' dir='ltr'><strong>defossum,</strong></span> <span class='ocrx_word' id='word_1_446' title='bbox 1924 3424 2010 3478; x_wconf 86' lang='lat' dir='ltr'><strong>vel</strong></span> <span class='ocrx_word' id='word_1_447' title='bbox 2040 3424 2124 3478; x_wconf 89' lang='lat' dir='ltr'><strong>di-</strong></span> 
     </span>
    </p>
   </div>
   <div class='ocr_carea' id='block_1_66' title="bbox 534 3518 2125 3590">
    <p class='ocr_par' dir='ltr' id='par_1_66' title="bbox 534 3518 2125 3590">
     <span class='ocr_line' id='line_1_66' title="bbox 534 3518 2125 3590; baseline -0.004 -11"><span class='ocrx_word' id='word_1_448' title='bbox 534 3524 712 3579; x_wconf 87' lang='lat' dir='ltr'><strong>versis</strong></span> <span class='ocrx_word' id='word_1_449' title='bbox 731 3522 1016 3577; x_wconf 72' lang='lat' dir='ltr'><strong>daemoniis</strong></span> <span class='ocrx_word' id='word_1_450' title='bbox 1034 3519 1492 3590; x_wconf 85' lang='lat' dir='ltr'><strong>depopulandum,</strong></span> <span class='ocrx_word' id='word_1_451' title='bbox 1511 3518 1597 3573; x_wconf 90' lang='lat' dir='ltr'><strong>vel</strong></span> <span class='ocrx_word' id='word_1_452' title='bbox 1622 3518 1778 3572; x_wconf 82' lang='lat' dir='ltr'><strong>edaci</strong></span> <span class='ocrx_word' id='word_1_453' title='bbox 1809 3518 2125 3572; x_wconf 71' lang='lat' dir='ltr'><strong>ccnodoxite</strong></span> 
     </span>
    </p>
   </div>
   <div class='ocr_carea' id='block_1_67' title="bbox 533 3609 2122 3686">
    <p class='ocr_par' dir='ltr' id='par_1_67' title="bbox 533 3609 2122 3686">
     <span class='ocr_line' id='line_1_67' title="bbox 533 3609 2122 3686; baseline -0.004 -15"><span class='ocrx_word' id='word_1_454' title='bbox 533 3616 778 3686; x_wconf 67' lang='lat' dir='ltr'><strong>aerugine</strong></span> <span class='ocrx_word' id='word_1_455' title='bbox 826 3614 1297 3679; x_wconf 76' lang='lat' dir='ltr'><strong>consumendum,</strong></span> <span class='ocrx_word' id='word_1_456' title='bbox 1342 3627 1437 3666; x_wconf 90' lang='lat' dir='ltr'><strong>seu</strong></span> <span class='ocrx_word' id='word_1_457' title='bbox 1490 3609 1765 3679; x_wconf 73' lang='lat' dir='ltr'><strong>superbiae</strong></span> <span class='ocrx_word' id='word_1_458' title='bbox 1820 3610 1982 3663; x_wconf 91' lang='lat' dir='ltr'><strong>tineis</strong></span> <span class='ocrx_word' id='word_1_459' title='bbox 2025 3611 2122 3665; x_wconf 87' lang='lat' dir='ltr'><strong>de-</strong></span> 
     </span>
    </p>
   </div>
   <div class='ocr_carea' id='block_1_68' title="bbox 533 3704 2127 3775">
    <p class='ocr_par' dir='ltr' id='par_1_68' title="bbox 533 3704 2127 3775">
     <span class='ocr_line' id='line_1_68' title="bbox 533 3704 2127 3775; baseline -0.004 -12"><span class='ocrx_word' id='word_1_460' title='bbox 533 3710 857 3775; x_wconf 88' lang='lat' dir='ltr'><strong>vorandum,</strong></span> <span class='ocrx_word' id='word_1_461' title='bbox 882 3718 943 3763; x_wconf 90' lang='lat' dir='ltr'><strong>ut</strong></span> <span class='ocrx_word' id='word_1_462' title='bbox 971 3706 1037 3761; x_wconf 92' lang='lat' dir='ltr'><strong>ad</strong></span> <span class='ocrx_word' id='word_1_463' title='bbox 1067 3707 1270 3760; x_wconf 89' lang='lat' dir='ltr'><strong>nullam</strong></span> <span class='ocrx_word' id='word_1_464' title='bbox 1300 3704 1646 3761; x_wconf 86' lang='lat' dir='ltr'><strong>recondentis</strong></span> <span class='ocrx_word' id='word_1_465' title='bbox 1665 3704 1954 3757; x_wconf 87' lang='lat' dir='ltr'><strong>utilitatem</strong></span> <span class='ocrx_word' id='word_1_466' title='bbox 1976 3718 2127 3757; x_wconf 86' lang='lat' dir='ltr'><strong>emo-</strong></span> 
     </span>
    </p>
   </div>
   <div class='ocr_carea' id='block_1_69' title="bbox 534 3798 2127 3873">
    <p class='ocr_par' dir='ltr' id='par_1_69' title="bbox 534 3798 2127 3873">
     <span class='ocr_line' id='line_1_69' title="bbox 534 3798 2127 3873; baseline -0.003 -15"><span class='ocrx_word' id='word_1_467' title='bbox 534 3802 947 3873; x_wconf 83' lang='lat' dir='ltr'><strong>Iumeutunique</strong></span> <span class='ocrx_word' id='word_1_468' title='bbox 972 3802 1239 3871; x_wconf 80' lang='lat' dir='ltr'><strong>proﬁciat.</strong></span> <span class='ocrx_word' id='word_1_469' title='bbox 1269 3802 1471 3856; x_wconf 83' lang='lat' dir='ltr'><strong>Omnes</strong></span> <span class='ocrx_word' id='word_1_470' title='bbox 1518 3800 1683 3871; x_wconf 88' lang='lat' dir='ltr'><strong>igitur</strong></span> <span class='ocrx_word' id='word_1_471' title='bbox 1732 3798 1912 3854; x_wconf 86' lang='lat' dir='ltr'><strong>cordis</strong></span> <span class='ocrx_word' id='word_1_472' title='bbox 1954 3798 2127 3853; x_wconf 90' lang='lat' dir='ltr'><strong>nostri</strong></span> 
     </span>
    </p>
   </div>
   <div class='ocr_carea' id='block_1_70' title="bbox 536 3893 2125 3967">
    <p class='ocr_par' dir='ltr' id='par_1_70' title="bbox 536 3893 2125 3967">
     <span class='ocr_line' id='line_1_70' title="bbox 536 3893 2125 3967; baseline -0.003 -17"><span class='ocrx_word' id='word_1_473' title='bbox 536 3911 783 3952; x_wconf 84' lang='lat' dir='ltr'><strong>recessus</strong></span> <span class='ocrx_word' id='word_1_474' title='bbox 808 3896 1011 3967; x_wconf 82' lang='lat' dir='ltr'><strong>jugiter</strong></span> <span class='ocrx_word' id='word_1_475' title='bbox 1038 3894 1419 3965; x_wconf 87' lang='lat' dir='ltr'><strong>perscrutandi</strong></span> <span class='ocrx_word' id='word_1_476' title='bbox 1454 3904 1601 3961; x_wconf 90' lang='lat' dir='ltr'><strong>sunt,</strong></span> <span class='ocrx_word' id='word_1_477' title='bbox 1634 3901 1689 3949; x_wconf 93' lang='lat' dir='ltr'><strong>et</strong></span> <span class='ocrx_word' id='word_1_478' title='bbox 1716 3893 2125 3949; x_wconf 84' lang='lat' dir='ltr'><strong>ascendentium</strong></span> 
     </span>
    </p>
   </div>
   <div class='ocr_carea' id='block_1_71' title="bbox 2228 3237 3822 3307">
    <p class='ocr_par' dir='ltr' id='par_1_71' title="bbox 2228 3237 3822 3307">
     <span class='ocr_line' id='line_1_71' title="bbox 2228 3237 3822 3307; baseline -0.002 -14"><span class='ocrx_word' id='word_1_479' title='bbox 2228 3256 2417 3294; x_wconf 91' lang='lat' dir='ltr'><strong>verum</strong></span> <span class='ocrx_word' id='word_1_480' title='bbox 2445 3242 2611 3295; x_wconf 90' lang='lat' dir='ltr'><strong>etiam</strong></span> <span class='ocrx_word' id='word_1_481' title='bbox 2643 3240 2815 3307; x_wconf 79' lang='lat' dir='ltr'><strong>ipsum</strong></span> <span class='ocrx_word' id='word_1_482' title='bbox 2848 3238 3120 3307; x_wconf 88' lang='lat' dir='ltr'><strong>eloquium</strong></span> <span class='ocrx_word' id='word_1_483' title='bbox 3149 3237 3438 3306; x_wconf 82' lang='lat' dir='ltr'><strong>defecisse,</strong></span> <span class='ocrx_word' id='word_1_484' title='bbox 3487 3247 3550 3293; x_wconf 90' lang='lat' dir='ltr'><strong>ut</strong></span> <span class='ocrx_word' id='word_1_485' title='bbox 3597 3251 3708 3291; x_wconf 90' lang='lat' dir='ltr'><strong>non</strong></span> <span class='ocrx_word' id='word_1_486' title='bbox 3733 3237 3822 3291; x_wconf 86' lang='lat' dir='ltr'><strong>iu-</strong></span> 
     </span>
    </p>
   </div>
   <div class='ocr_carea' id='block_1_72' title="bbox 2228 3330 3822 3402">
    <p class='ocr_par' dir='ltr' id='par_1_72' title="bbox 2228 3330 3822 3402">
     <span class='ocr_line' id='line_1_72' title="bbox 2228 3330 3822 3402; baseline -0.002 -16"><span class='ocrx_word' id='word_1_487' title='bbox 2228 3333 2471 3387; x_wconf 89' lang='lat' dir='ltr'><strong>venirem</strong></span> <span class='ocrx_word' id='word_1_488' title='bbox 2502 3333 2957 3402; x_wconf 89' lang='lat' dir='ltr'><strong>quemadmodum</strong></span> <span class='ocrx_word' id='word_1_489' title='bbox 2988 3346 3104 3397; x_wconf 90' lang='lat' dir='ltr'><strong>eos,</strong></span> <span class='ocrx_word' id='word_1_490' title='bbox 3137 3331 3223 3385; x_wconf 90' lang='lat' dir='ltr'><strong>vel</strong></span> <span class='ocrx_word' id='word_1_491' title='bbox 3252 3346 3376 3385; x_wconf 89' lang='lat' dir='ltr'><strong>cum</strong></span> <span class='ocrx_word' id='word_1_492' title='bbox 3430 3330 3536 3385; x_wconf 85' lang='lat' dir='ltr'><strong>levi</strong></span> <span class='ocrx_word' id='word_1_493' title='bbox 3566 3330 3822 3385; x_wconf 86' lang='lat' dir='ltr'><strong>consola-</strong></span> 
     </span>
    </p>
   </div>
   <div class='ocr_carea' id='block_1_73' title="bbox 2229 3423 3820 3492">
    <p class='ocr_par' dir='ltr' id='par_1_73' title="bbox 2229 3423 3820 3492">
     <span class='ocr_line' id='line_1_73' title="bbox 2229 3423 3820 3492; baseline -0.003 -12"><span class='ocrx_word' id='word_1_494' title='bbox 2229 3427 2378 3480; x_wconf 92' lang='lat' dir='ltr'><strong>tione</strong></span> <span class='ocrx_word' id='word_1_495' title='bbox 2404 3425 2753 3480; x_wconf 81' lang='lat' dir='ltr'><strong>dimitterem.</strong></span> <span class='ocrx_word' id='word_1_496' title='bbox 2798 3425 3004 3491; x_wconf 79' lang='lat' dir='ltr'><strong>Quibus</strong></span> <span class='ocrx_word' id='word_1_497' title='bbox 3045 3423 3260 3479; x_wconf 91' lang='lat' dir='ltr'><strong>indiciis</strong></span> <span class='ocrx_word' id='word_1_498' title='bbox 3306 3423 3589 3479; x_wconf 88' lang='lat' dir='ltr'><strong>evidenter</strong></span> <span class='ocrx_word' id='word_1_499' title='bbox 3643 3434 3820 3492; x_wconf 84' lang='lat' dir='ltr'><strong>agno-</strong></span> 
     </span>
    </p>
   </div>
   <div class='ocr_carea' id='block_1_74' title="bbox 2229 3515 3822 3588">
    <p class='ocr_par' dir='ltr' id='par_1_74' title="bbox 2229 3515 3822 3588">
     <span class='ocr_line' id='line_1_74' title="bbox 2229 3515 3822 3588; baseline -0.004 -15"><span class='ocrx_word' id='word_1_500' title='bbox 2229 3519 2419 3583; x_wconf 87' lang='lat' dir='ltr'><strong>scitur,</strong></span> <span class='ocrx_word' id='word_1_501' title='bbox 2455 3517 2669 3573; x_wconf 89' lang='lat' dir='ltr'><strong>Domini</strong></span> <span class='ocrx_word' id='word_1_502' title='bbox 2697 3519 2927 3588; x_wconf 82' lang='lat' dir='ltr'><strong>gratiam</strong></span> <span class='ocrx_word' id='word_1_503' title='bbox 2972 3532 3066 3584; x_wconf 81' lang='lat' dir='ltr'><strong>pro</strong></span> <span class='ocrx_word' id='word_1_504' title='bbox 3101 3515 3293 3571; x_wconf 80' lang='lat' dir='ltr'><strong>merito</strong></span> <span class='ocrx_word' id='word_1_505' title='bbox 3324 3532 3389 3569; x_wconf 90' lang='lat' dir='ltr'><strong>ac</strong></span> <span class='ocrx_word' id='word_1_506' title='bbox 3416 3515 3687 3571; x_wconf 87' lang='lat' dir='ltr'><strong>desiderio</strong></span> <span class='ocrx_word' id='word_1_507' title='bbox 3715 3528 3822 3569; x_wconf 87' lang='lat' dir='ltr'><strong>au-</strong></span> 
     </span>
    </p>
   </div>
   <div class='ocr_carea' id='block_1_75' title="bbox 2230 3605 3820 3679">
    <p class='ocr_par' dir='ltr' id='par_1_75' title="bbox 2230 3605 3820 3679">
     <span class='ocr_line' id='line_1_75' title="bbox 2230 3605 3820 3679; baseline -0.003 -14"><span class='ocrx_word' id='word_1_508' title='bbox 2230 3610 2491 3665; x_wconf 88' lang='lat' dir='ltr'><strong>dientium</strong></span> <span class='ocrx_word' id='word_1_509' title='bbox 2527 3610 2929 3679; x_wconf 87' lang='lat' dir='ltr'><strong>disputautibus</strong></span> <span class='ocrx_word' id='word_1_510' title='bbox 2971 3609 3217 3678; x_wconf 86' lang='lat' dir='ltr'><strong>aspirare</strong></span> <span class='ocrx_word' id='word_1_511' title='bbox 3271 3622 3604 3664; x_wconf 86' lang='lat' dir='ltr'><strong>sermonem.</strong></span> <span class='ocrx_word' id='word_1_512' title='bbox 3647 3605 3820 3676; x_wconf 85' lang='lat' dir='ltr'><strong>Quem</strong></span> 
     </span>
    </p>
   </div>
   <div class='ocr_carea' id='block_1_76' title="bbox 2232 3700 3823 3774">
    <p class='ocr_par' dir='ltr' id='par_1_76' title="bbox 2232 3700 3823 3774">
     <span class='ocr_line' id='line_1_76' title="bbox 2232 3700 3823 3774; baseline -0.001 -17"><span class='ocrx_word' id='word_1_513' title='bbox 2232 3705 2356 3774; x_wconf 89' lang='lat' dir='ltr'><strong>quia</strong></span> <span class='ocrx_word' id='word_1_514' title='bbox 2400 3702 2777 3758; x_wconf 81' lang='lat' dir='ltr'><strong>brevissimum</strong></span> <span class='ocrx_word' id='word_1_515' title='bbox 2808 3701 2972 3764; x_wconf 87' lang='lat' dir='ltr'><strong>istud,</strong></span> <span class='ocrx_word' id='word_1_516' title='bbox 2999 3700 3141 3770; x_wconf 89' lang='lat' dir='ltr'><strong>quod</strong></span> <span class='ocrx_word' id='word_1_517' title='bbox 3172 3710 3443 3770; x_wconf 90' lang='lat' dir='ltr'><strong>superest.</strong></span> <span class='ocrx_word' id='word_1_518' title='bbox 3479 3701 3656 3755; x_wconf 89' lang='lat' dir='ltr'><strong>noctis</strong></span> <span class='ocrx_word' id='word_1_519' title='bbox 3700 3713 3823 3769; x_wconf 72' lang='lat' dir='ltr'><strong>spa-</strong></span> 
     </span>
    </p>
   </div>
   <div class='ocr_carea' id='block_1_77' title="bbox 2235 3792 3822 3863">
    <p class='ocr_par' dir='ltr' id='par_1_77' title="bbox 2235 3792 3822 3863">
     <span class='ocr_line' id='line_1_77' title="bbox 2235 3792 3822 3863; baseline 0 -14"><span class='ocrx_word' id='word_1_520' title='bbox 2235 3796 2371 3850; x_wconf 91' lang='lat' dir='ltr'><strong>tium</strong></span> <span class='ocrx_word' id='word_1_521' title='bbox 2405 3813 2511 3850; x_wconf 91' lang='lat' dir='ltr'><strong>non</strong></span> <span class='ocrx_word' id='word_1_522' title='bbox 2534 3795 2770 3850; x_wconf 84' lang='lat' dir='ltr'><strong>occurrit</strong></span> <span class='ocrx_word' id='word_1_523' title='bbox 2797 3793 3036 3861; x_wconf 81' lang='lat' dir='ltr'><strong>explere,</strong></span> <span class='ocrx_word' id='word_1_524' title='bbox 3087 3793 3427 3863; x_wconf 74' lang='lat' dir='ltr'><strong>indulgentes</strong></span> <span class='ocrx_word' id='word_1_525' title='bbox 3458 3793 3594 3848; x_wconf 91' lang='lat' dir='ltr'><strong>illud</strong></span> <span class='ocrx_word' id='word_1_526' title='bbox 3637 3792 3822 3863; x_wconf 79' lang='lat' dir='ltr'><strong>potius</strong></span> 
     </span>
    </p>
   </div>
   <div class='ocr_carea' id='block_1_78' title="bbox 2234 3887 3819 3961">
    <p class='ocr_par' dir='ltr' id='par_1_78' title="bbox 2234 3887 3819 3961">
     <span class='ocr_line' id='line_1_78' title="bbox 2234 3887 3819 3961; baseline -0.002 -16"><span class='ocrx_word' id='word_1_527' title='bbox 2234 3889 2398 3961; x_wconf 89' lang='lat' dir='ltr'><strong>quieti</strong></span> <span class='ocrx_word' id='word_1_528' title='bbox 2431 3905 2731 3960; x_wconf 67' lang='lat' dir='ltr'><strong>corporeae,</strong></span> <span class='ocrx_word' id='word_1_529' title='bbox 2758 3888 2843 3943; x_wconf 92' lang='lat' dir='ltr'><strong>cui</strong></span> <span class='ocrx_word' id='word_1_530' title='bbox 2870 3902 3094 3943; x_wconf 86' lang='lat' dir='ltr'><strong>necesse</strong></span> <span class='ocrx_word' id='word_1_531' title='bbox 3136 3898 3219 3943; x_wconf 89' lang='lat' dir='ltr'><strong>cst</strong></span> <span class='ocrx_word' id='word_1_532' title='bbox 3261 3897 3434 3943; x_wconf 91' lang='lat' dir='ltr'><strong>totum</strong></span> <span class='ocrx_word' id='word_1_533' title='bbox 3482 3888 3745 3959; x_wconf 87' lang='lat' dir='ltr'><strong>persolvi,</strong></span> <span class='ocrx_word' id='word_1_534' title='bbox 3773 3887 3819 3943; x_wconf 91' lang='lat' dir='ltr'><strong>si</strong></span> 
     </span>
    </p>
   </div>
   <div class='ocr_carea' id='block_1_79' title="bbox 1619 4048 2749 4110">
    <p class='ocr_par' dir='ltr' id='par_1_79' title="bbox 1619 4048 2749 4110">
     <span class='ocr_line' id='line_1_79' title="bbox 1619 4048 2749 4110; baseline -0.008 0"><span class='ocrx_word' id='word_1_535' title='bbox 1619 4052 1873 4110; x_wconf 75' lang='lat' dir='ltr'><strong>ALARDI</strong></span> <span class='ocrx_word' id='word_1_536' title='bbox 1915 4049 2145 4108; x_wconf 66' lang='lat' dir='ltr'><strong>GAZALI</strong></span> <span class='ocrx_word' id='word_1_537' title='bbox 2182 4050 2373 4106; x_wconf 80' lang='lat' dir='ltr'><strong>COMM</strong></span> <span class='ocrx_word' id='word_1_538' title='bbox 2386 4048 2749 4106; x_wconf 75' lang='lat' dir='ltr'><strong>ENTARIUS.</strong></span> 
     </span>
    </p>
   </div>
   <div class='ocr_carea' id='block_1_80' title="bbox 612 4184 1622 4255">
    <p class='ocr_par' dir='ltr' id='par_1_80' title="bbox 612 4184 1622 4255">
     <span class='ocr_line' id='line_1_80' title="bbox 612 4184 1622 4255; baseline -0.004 -12"><span class='ocrx_word' id='word_1_539' title='bbox 612 4198 637 4226; x_wconf 68' lang='grc' dir='ltr'><strong><em>κ</em></strong></span> <span class='ocrx_word' id='word_1_540' title='bbox 670 4185 1143 4255; x_wconf 69' lang='lat' dir='ltr'><strong>Anacephalreosis</strong></span> <span class='ocrx_word' id='word_1_541' title='bbox 1176 4184 1622 4252; x_wconf 72' lang='lat' dir='ltr'><strong>prtecedentium.</strong></span> 
     </span>
    </p>
   </div>
   <div class='ocr_carea' id='block_1_81' title="bbox 612 4253 2117 4326">
    <p class='ocr_par' dir='ltr' id='par_1_81' title="bbox 612 4253 2117 4326">
     <span class='ocr_line' id='line_1_81' title="bbox 612 4253 2117 4326; baseline -0.003 -15"><span class='ocrx_word' id='word_1_542' title='bbox 612 4257 639 4295; x_wconf 70' lang='grc' dir='ltr'>δ</span> <span class='ocrx_word' id='word_1_543' title='bbox 668 4260 817 4311; x_wconf 84' lang='lat' dir='ltr'><strong>Alias</strong></span> <span class='ocrx_word' id='word_1_544' title='bbox 842 4253 1153 4326; x_wconf 81' lang='lat' dir='ltr'><strong>congruere:</strong></span> <span class='ocrx_word' id='word_1_545' title='bbox 1184 4256 1275 4307; x_wconf 91' lang='lat' dir='ltr'><strong>ubi</strong></span> <span class='ocrx_word' id='word_1_546' title='bbox 1297 4255 1570 4326; x_wconf 83' lang='lat' dir='ltr'><strong>Cuycnius</strong></span> <span class='ocrx_word' id='word_1_547' title='bbox 1599 4271 1613 4308; x_wconf 89' lang='lat'>:</span> <span class='ocrx_word' id='word_1_548' title='bbox 1652 4253 1875 4323; x_wconf 79' lang='lat' dir='ltr'><strong>Exagio,</strong></span> <span class='ocrx_word' id='word_1_549' title='bbox 1925 4256 2117 4322; x_wconf 85' lang='lat' dir='ltr'><strong>inquit,</strong></span> 
     </span>
    </p>
   </div>
   <div class='ocr_carea' id='block_1_82' title="bbox 542 4325 2123 4395">
    <p class='ocr_par' dir='ltr' id='par_1_82' title="bbox 542 4325 2123 4395">
     <span class='ocr_line' id='line_1_82' title="bbox 542 4325 2123 4395; baseline -0.003 -13"><span class='ocrx_word' id='word_1_550' title='bbox 542 4328 815 4382; x_wconf 81' lang='lat' dir='ltr'><strong>seniorum</strong></span> <span class='ocrx_word' id='word_1_551' title='bbox 849 4325 1154 4395; x_wconf 88' lang='lat' dir='ltr'><strong>congruunt</strong></span> <span class='ocrx_word' id='word_1_552' title='bbox 1182 4340 1268 4389; x_wconf 89' lang='lat' dir='ltr'><strong>ea,</strong></span> <span class='ocrx_word' id='word_1_553' title='bbox 1302 4325 1420 4395; x_wconf 78' lang='lat' dir='ltr'><strong>qua:</strong></span> <span class='ocrx_word' id='word_1_554' title='bbox 1454 4327 1666 4380; x_wconf 88' lang='lat' dir='ltr'><strong>illorum</strong></span> <span class='ocrx_word' id='word_1_555' title='bbox 1694 4325 1898 4394; x_wconf 85' lang='lat' dir='ltr'><strong>judicio</strong></span> <span class='ocrx_word' id='word_1_556' title='bbox 1921 4326 2123 4379; x_wconf 69' lang='lat' dir='ltr'><strong>eratni-</strong></span> 
     </span>
    </p>
   </div>
   <div class='ocr_carea' id='block_1_83' title="bbox 542 4394 2118 4465">
    <p class='ocr_par' dir='ltr' id='par_1_83' title="bbox 542 4394 2118 4465">
     <span class='ocr_line' id='line_1_83' title="bbox 542 4394 2118 4465; baseline -0.002 -13"><span class='ocrx_word' id='word_1_557' title='bbox 542 4408 662 4452; x_wconf 89' lang='lat' dir='ltr'><strong>nata</strong></span> <span class='ocrx_word' id='word_1_558' title='bbox 724 4394 1041 4464; x_wconf 71' lang='lat' dir='ltr'><strong>probantur.</strong></span> <span class='ocrx_word' id='word_1_559' title='bbox 1075 4394 1300 4449; x_wconf 83' lang='lat' dir='ltr'><strong>Videtur</strong></span> <span class='ocrx_word' id='word_1_560' title='bbox 1324 4394 1493 4450; x_wconf 75' lang='lat' dir='ltr'><strong>cnim</strong></span> <span class='ocrx_word' id='word_1_561' title='bbox 1523 4399 1694 4465; x_wconf 70' lang='lat' dir='ltr'><strong>exngii</strong></span> <span class='ocrx_word' id='word_1_562' title='bbox 1737 4397 2056 4450; x_wconf 80' lang='lat' dir='ltr'><strong>voeabulqu</strong></span> <span class='ocrx_word' id='word_1_563' title='bbox 2089 4413 2118 4449; x_wconf 88' lang='lat' dir='ltr'><strong>a</strong></span> 
     </span>
    </p>
   </div>
   <div class='ocr_carea' id='block_1_84' title="bbox 540 4466 2119 4538">
    <p class='ocr_par' dir='ltr' id='par_1_84' title="bbox 540 4466 2119 4538">
     <span class='ocr_line' id='line_1_84' title="bbox 540 4466 2119 4538; baseline -0.001 -16"><span class='ocrx_word' id='word_1_564' title='bbox 540 4468 731 4522; x_wconf 69' lang='lat' dir='ltr'><strong>Graeco</strong></span> <span class='ocrx_word' id='word_1_565' title='bbox 758 4469 1022 4538; x_wconf 70' lang='grc' dir='ltr'><strong>ἕξαγέομαι</strong></span> <span class='ocrx_word' id='word_1_566' title='bbox 1049 4466 1335 4520; x_wconf 87' lang='lat' dir='ltr'><strong>deductum</strong></span> <span class='ocrx_word' id='word_1_567' title='bbox 1364 4481 1509 4529; x_wconf 72' lang='lat' dir='ltr'><strong>esse,</strong></span> <span class='ocrx_word' id='word_1_568' title='bbox 1554 4466 1721 4536; x_wconf 85' lang='lat' dir='ltr'><strong>quod.</strong></span> <span class='ocrx_word' id='word_1_569' title='bbox 1757 4479 1955 4536; x_wconf 77' lang='lat' dir='ltr'><strong>przeter</strong></span> <span class='ocrx_word' id='word_1_570' title='bbox 1990 4468 2119 4533; x_wconf 90' lang='lat' dir='ltr'><strong>alia,</strong></span> 
     </span>
    </p>
   </div>
   <div class='ocr_carea' id='block_1_85' title="bbox 541 4540 2119 4607">
    <p class='ocr_par' dir='ltr' id='par_1_85' title="bbox 541 4540 2119 4607">
     <span class='ocr_line' id='line_1_85' title="bbox 541 4540 2119 4607; baseline -0.003 -14"><span class='ocrx_word' id='word_1_571' title='bbox 541 4542 703 4594; x_wconf 85' lang='lat' dir='ltr'><strong>etiam</strong></span> <span class='ocrx_word' id='word_1_572' title='bbox 752 4540 1017 4607; x_wconf 80' lang='lat' dir='ltr'><strong>sigmticat</strong></span> <span class='ocrx_word' id='word_1_573' title='bbox 1059 4550 1303 4600; x_wconf 86' lang='lat' dir='ltr'><strong>narrare,</strong></span> <span class='ocrx_word' id='word_1_574' title='bbox 1352 4552 1645 4606; x_wconf 79' lang='lat' dir='ltr'><strong>exponere.</strong></span> <span class='ocrx_word' id='word_1_575' title='bbox 1705 4542 2016 4592; x_wconf 62' lang='lat' dir='ltr'><strong>examinare</strong></span> <span class='ocrx_word' id='word_1_576' title='bbox 2067 4550 2119 4592; x_wconf 92' lang='lat' dir='ltr'><strong>et</strong></span> 
     </span>
    </p>
   </div>
   <div class='ocr_carea' id='block_1_86' title="bbox 539 4594 2199 4675">
    <p class='ocr_par' dir='ltr' id='par_1_86' title="bbox 539 4594 2199 4675">
     <span class='ocr_line' id='line_1_86' title="bbox 539 4594 2199 4675; baseline 0 -12"><span class='ocrx_word' id='word_1_577' title='bbox 539 4594 913 4663; x_wconf 67' lang='lat' dir='ltr'><strong>commentari.</strong></span> <span class='ocrx_word' id='word_1_578' title='bbox 941 4610 1022 4662; x_wconf 85' lang='lat' dir='ltr'><strong>Ab</strong></span> <span class='ocrx_word' id='word_1_579' title='bbox 1055 4608 1154 4661; x_wconf 87' lang='lat' dir='ltr'><strong>hac</strong></span> <span class='ocrx_word' id='word_1_580' title='bbox 1184 4594 1446 4663; x_wconf 65' lang='lat' dir='ltr'><strong>senieotiz&#39;i</strong></span> <span class='ocrx_word' id='word_1_581' title='bbox 1482 4624 1588 4661; x_wconf 88' lang='lat' dir='ltr'><strong>non</strong></span> <span class='ocrx_word' id='word_1_582' title='bbox 1622 4594 1780 4675; x_wconf 53' lang='lat' dir='ltr'><strong>longe</strong></span> <span class='ocrx_word' id='word_1_583' title='bbox 1820 4610 2023 4663; x_wconf 82' lang='lat' dir='ltr'><strong>recedit</strong></span> <span class='ocrx_word' id='word_1_584' title='bbox 2056 4610 2118 4663; x_wconf 89' lang='lat' dir='ltr'><strong>D.</strong></span> <span class='ocrx_word' id='word_1_585' title='bbox 2153 4594 2199 4655; x_wconf 75' lang='grc' dir='ltr'><strong>ί)</strong></span> 
     </span>
    </p>
   </div>
   <div class='ocr_carea' id='block_1_87' title="bbox 540 4679 2118 4750">
    <p class='ocr_par' dir='ltr' id='par_1_87' title="bbox 540 4679 2118 4750">
     <span class='ocr_line' id='line_1_87' title="bbox 540 4679 2118 4750; baseline 0.001 -17"><span class='ocrx_word' id='word_1_586' title='bbox 540 4679 784 4750; x_wconf 59' lang='lat' dir='ltr'><strong>Dionysii</strong></span> <span class='ocrx_word' id='word_1_587' title='bbox 820 4680 1184 4750; x_wconf 77' lang='lat' dir='ltr'><strong>paraphrasis,</strong></span> <span class='ocrx_word' id='word_1_588' title='bbox 1225 4694 1344 4747; x_wconf 66' lang='lat' dir='ltr'><strong>qua:</strong></span> <span class='ocrx_word' id='word_1_589' title='bbox 1388 4679 1548 4733; x_wconf 83' lang='lat' dir='ltr'><strong>liabet</strong></span> <span class='ocrx_word' id='word_1_590' title='bbox 1576 4696 1588 4730; x_wconf 91' lang='lat'>:</span> <span class='ocrx_word' id='word_1_591' title='bbox 1620 4679 1883 4733; x_wconf 86' lang='lat' dir='ltr'><strong>seniorum</strong></span> <span class='ocrx_word' id='word_1_592' title='bbox 1924 4680 2118 4734; x_wconf 83' lang='lat' dir='ltr'><strong>actibus</strong></span> 
     </span>
    </p>
   </div>
   <div class='ocr_carea' id='block_1_88' title="bbox 539 4748 2121 4819">
    <p class='ocr_par' dir='ltr' id='par_1_88' title="bbox 539 4748 2121 4819">
     <span class='ocr_line' id='line_1_88' title="bbox 539 4748 2121 4819; baseline 0.001 -17"><span class='ocrx_word' id='word_1_593' title='bbox 539 4748 823 4817; x_wconf 70' lang='lat' dir='ltr'><strong>adtequart&#39;.</strong></span> <span class='ocrx_word' id='word_1_594' title='bbox 880 4749 951 4802; x_wconf 84' lang='lat' dir='ltr'><strong>Ita</strong></span> <span class='ocrx_word' id='word_1_595' title='bbox 983 4748 1277 4819; x_wconf 58' lang='grc' dir='ltr'><strong>(Σιιγοιιίιις.</strong></span> <span class='ocrx_word' id='word_1_596' title='bbox 1332 4750 1399 4802; x_wconf 82' lang='lat' dir='ltr'><strong>At</strong></span> <span class='ocrx_word' id='word_1_597' title='bbox 1439 4751 1598 4803; x_wconf 78' lang='lat' dir='ltr'><strong>aliter</strong></span> <span class='ocrx_word' id='word_1_598' title='bbox 1624 4750 1927 4803; x_wconf 77' lang='lat' dir='ltr'><strong>Ciaconius.</strong></span> <span class='ocrx_word' id='word_1_599' title='bbox 1978 4752 2121 4803; x_wconf 73' lang='lat' dir='ltr'><strong>Exa-</strong></span> 
     </span>
    </p>
   </div>
   <div class='ocr_carea' id='block_1_89' title="bbox 540 4819 2123 4890">
    <p class='ocr_par' dir='ltr' id='par_1_89' title="bbox 540 4819 2123 4890">
     <span class='ocr_line' id='line_1_89' title="bbox 540 4819 2123 4890; baseline 0.001 -17"><span class='ocrx_word' id='word_1_600' title='bbox 540 4819 711 4890; x_wconf 88' lang='lat' dir='ltr'><strong>gium,</strong></span> <span class='ocrx_word' id='word_1_601' title='bbox 734 4821 830 4882; x_wconf 87' lang='lat' dir='ltr'><strong>ait,</strong></span> <span class='ocrx_word' id='word_1_602' title='bbox 859 4819 984 4888; x_wconf 88' lang='lat' dir='ltr'><strong>quid</strong></span> <span class='ocrx_word' id='word_1_603' title='bbox 1011 4830 1177 4883; x_wconf 78' lang='lat' dir='ltr'><strong>eSset,</strong></span> <span class='ocrx_word' id='word_1_604' title='bbox 1209 4822 1558 4884; x_wconf 85' lang='lat' dir='ltr'><strong>nesciremus,</strong></span> <span class='ocrx_word' id='word_1_605' title='bbox 1588 4820 1688 4873; x_wconf 69' lang='lat' dir='ltr'><strong>ni~i</strong></span> <span class='ocrx_word' id='word_1_606' title='bbox 1724 4837 1820 4871; x_wconf 66' lang='lat' dir='ltr'><strong>nos</strong></span> <span class='ocrx_word' id='word_1_607' title='bbox 1850 4822 2123 4875; x_wconf 84' lang='lat' dir='ltr'><strong>docuisset</strong></span> 
     </span>
    </p>
   </div>
   <div class='ocr_carea' id='block_1_90' title="bbox 545 4890 2123 4959">
    <p class='ocr_par' dir='ltr' id='par_1_90' title="bbox 545 4890 2123 4959">
     <span class='ocr_line' id='line_1_90' title="bbox 545 4890 2123 4959; baseline -0.001 -14"><span class='ocrx_word' id='word_1_608' title='bbox 545 4906 847 4945; x_wconf 79' lang='lat' dir='ltr'><strong>marmorea</strong></span> <span class='ocrx_word' id='word_1_609' title='bbox 883 4891 1080 4951; x_wconf 86' lang='lat' dir='ltr'><strong>tabula,</strong></span> <span class='ocrx_word' id='word_1_610' title='bbox 1112 4906 1233 4959; x_wconf 80' lang='lat' dir='ltr'><strong>qua:</strong></span> <span class='ocrx_word' id='word_1_611' title='bbox 1277 4900 1357 4943; x_wconf 71' lang='lat' dir='ltr'><strong>est</strong></span> <span class='ocrx_word' id='word_1_612' title='bbox 1391 4890 1575 4943; x_wconf 56' lang='lat' dir='ltr'><strong>Romae</strong></span> <span class='ocrx_word' id='word_1_613' title='bbox 1605 4890 1658 4944; x_wconf 92' lang='lat' dir='ltr'><strong>in</strong></span> <span class='ocrx_word' id='word_1_614' title='bbox 1698 4890 1896 4955; x_wconf 82' lang='lat' dir='ltr'><strong>palatio</strong></span> <span class='ocrx_word' id='word_1_615' title='bbox 1943 4891 2123 4944; x_wconf 80' lang='lat' dir='ltr'><strong>Colu-</strong></span> 
     </span>
    </p>
   </div>
   <div class='ocr_carea' id='block_1_91' title="bbox 542 4961 2125 5030">
    <p class='ocr_par' dir='ltr' id='par_1_91' title="bbox 542 4961 2125 5030">
     <span class='ocr_line' id='line_1_91' title="bbox 542 4961 2125 5030; baseline 0 -16"><span class='ocrx_word' id='word_1_616' title='bbox 542 4962 871 5022; x_wconf 86' lang='lat' dir='ltr'><strong>mnensium,</strong></span> <span class='ocrx_word' id='word_1_617' title='bbox 906 4963 954 5014; x_wconf 92' lang='lat' dir='ltr'><strong>in</strong></span> <span class='ocrx_word' id='word_1_618' title='bbox 984 4976 1084 5030; x_wconf 85' lang='lat' dir='ltr'><strong>qua</strong></span> <span class='ocrx_word' id='word_1_619' title='bbox 1134 4962 1211 5013; x_wconf 75' lang='lat' dir='ltr'><strong>sic</strong></span> <span class='ocrx_word' id='word_1_620' title='bbox 1242 4972 1323 5014; x_wconf 83' lang='lat' dir='ltr'><strong>est</strong></span> <span class='ocrx_word' id='word_1_621' title='bbox 1364 4961 1653 5027; x_wconf 86' lang='lat' dir='ltr'><strong>scriptum:</strong></span> <span class='ocrx_word' id='word_1_622' title='bbox 1692 4961 1773 5015; x_wconf 77' lang='lat' dir='ltr'><strong>Ex</strong></span> <span class='ocrx_word' id='word_1_623' title='bbox 1822 4962 2125 5014; x_wconf 85' lang='lat' dir='ltr'><strong>auctoritate</strong></span> 
     </span>
    </p>
   </div>
   <div class='ocr_carea' id='block_1_92' title="bbox 543 5030 2120 5102">
    <p class='ocr_par' dir='ltr' id='par_1_92' title="bbox 543 5030 2120 5102">
     <span class='ocr_line' id='line_1_92' title="bbox 543 5030 2120 5102; baseline -0.001 -17"><span class='ocrx_word' id='word_1_624' title='bbox 543 5031 698 5085; x_wconf 84' lang='lat' dir='ltr'><strong>Turci</strong></span> <span class='ocrx_word' id='word_1_625' title='bbox 728 5032 1011 5102; x_wconf 81' lang='lat' dir='ltr'><strong>Aproniani</strong></span> <span class='ocrx_word' id='word_1_626' title='bbox 1052 5030 1115 5085; x_wconf 89' lang='lat' dir='ltr'><strong>V.</strong></span> <span class='ocrx_word' id='word_1_627' title='bbox 1160 5032 1219 5083; x_wconf 70' lang='grc' dir='ltr'><strong>(ἰ.</strong></span> <span class='ocrx_word' id='word_1_628' title='bbox 1254 5034 1482 5098; x_wconf 69' lang='grc' dir='ltr'><strong>ρνιινίεειὶ</strong></span> <span class='ocrx_word' id='word_1_629' title='bbox 1518 5031 1689 5095; x_wconf 84' lang='lat' dir='ltr'><strong>Urbis,</strong></span> <span class='ocrx_word' id='word_1_630' title='bbox 1747 5033 1879 5085; x_wconf 88' lang='lat' dir='ltr'><strong>ratio</strong></span> <span class='ocrx_word' id='word_1_631' title='bbox 1924 5033 2120 5095; x_wconf 82' lang='lat' dir='ltr'><strong>docuit,</strong></span> 
     </span>
    </p>
   </div>
   <div class='ocr_carea' id='block_1_93' title="bbox 543 5103 2121 5164">
    <p class='ocr_par' dir='ltr' id='par_1_93' title="bbox 543 5103 2121 5164">
     <span class='ocr_line' id='line_1_93' title="bbox 543 5103 2121 5164; baseline -0.001 -8"><span class='ocrx_word' id='word_1_632' title='bbox 543 5104 767 5157; x_wconf 86' lang='lat' dir='ltr'><strong>utilitate</strong></span> <span class='ocrx_word' id='word_1_633' title='bbox 796 5104 1060 5159; x_wconf 84' lang='lat' dir='ltr'><strong>suadente.</strong></span> <span class='ocrx_word' id='word_1_634' title='bbox 1086 5103 1459 5155; x_wconf 85' lang='lat' dir='ltr'><strong>consuetudine</strong></span> <span class='ocrx_word' id='word_1_635' title='bbox 1482 5105 1706 5156; x_wconf 78' lang='lat' dir='ltr'><strong>mirandi</strong></span> <span class='ocrx_word' id='word_1_636' title='bbox 1728 5117 2002 5164; x_wconf 86' lang='lat' dir='ltr'><strong>summota,</strong></span> <span class='ocrx_word' id='word_1_637' title='bbox 2028 5103 2121 5155; x_wconf 86' lang='lat' dir='ltr'><strong>sub</strong></span> 
     </span>
    </p>
   </div>
   <div class='ocr_carea' id='block_1_94' title="bbox 542 5175 2121 5245">
    <p class='ocr_par' dir='ltr' id='par_1_94' title="bbox 542 5175 2121 5245">
     <span class='ocr_line' id='line_1_94' title="bbox 542 5175 2121 5245; baseline -0.001 -19"><span class='ocrx_word' id='word_1_638' title='bbox 542 5176 724 5241; x_wconf 71' lang='lat' dir='ltr'><strong>exagio</strong></span> <span class='ocrx_word' id='word_1_639' title='bbox 748 5175 914 5242; x_wconf 84' lang='lat' dir='ltr'><strong>potius</strong></span> <span class='ocrx_word' id='word_1_640' title='bbox 941 5190 1126 5245; x_wconf 68' lang='lat' dir='ltr'><strong>pecora</strong></span> <span class='ocrx_word' id='word_1_641' title='bbox 1159 5178 1389 5233; x_wconf 83' lang='lat' dir='ltr'><strong>vendere,</strong></span> <span class='ocrx_word' id='word_1_642' title='bbox 1420 5190 1573 5242; x_wconf 87' lang='lat' dir='ltr'><strong>qnam</strong></span> <span class='ocrx_word' id='word_1_643' title='bbox 1601 5176 1778 5242; x_wconf 77' lang='lat' dir='ltr'><strong>digitis</strong></span> <span class='ocrx_word' id='word_1_644' title='bbox 1806 5176 2121 5227; x_wconf 86' lang='lat' dir='ltr'><strong>concluden-</strong></span> 
     </span>
    </p>
   </div>
   <div class='ocr_carea' id='block_1_95' title="bbox 544 5245 2121 5316">
    <p class='ocr_par' dir='ltr' id='par_1_95' title="bbox 544 5245 2121 5316">
     <span class='ocr_line' id='line_1_95' title="bbox 544 5245 2121 5316; baseline 0 -21"><span class='ocrx_word' id='word_1_645' title='bbox 544 5245 701 5308; x_wconf 82' lang='lat' dir='ltr'><strong>tibus,</strong></span> <span class='ocrx_word' id='word_1_646' title='bbox 734 5256 787 5298; x_wconf 87' lang='lat' dir='ltr'><strong>ut</strong></span> <span class='ocrx_word' id='word_1_647' title='bbox 809 5261 1033 5316; x_wconf 68' lang='lat' dir='ltr'><strong>appenso</strong></span> <span class='ocrx_word' id='word_1_648' title='bbox 1060 5259 1257 5316; x_wconf 82' lang='lat' dir='ltr'><strong>pecore,</strong></span> <span class='ocrx_word' id='word_1_649' title='bbox 1311 5248 1497 5312; x_wconf 85' lang='lat' dir='ltr'><strong>capite,</strong></span> <span class='ocrx_word' id='word_1_650' title='bbox 1541 5246 1753 5315; x_wconf 60' lang='lat' dir='ltr'><strong>pedibus</strong></span> <span class='ocrx_word' id='word_1_651' title='bbox 1798 5255 1847 5316; x_wconf 13' lang='lat' dir='ltr'><strong>et,</strong></span> <span class='ocrx_word' id='word_1_652' title='bbox 1882 5261 2013 5298; x_wconf 79' lang='grc' dir='ltr'><strong>διευο</strong></span> <span class='ocrx_word' id='word_1_653' title='bbox 2042 5250 2121 5296; x_wconf 89' lang='lat' dir='ltr'><strong>la-</strong></span> 
     </span>
    </p>
   </div>
   <div class='ocr_carea' id='block_1_96' title="bbox 544 5314 2119 5386">
    <p class='ocr_par' dir='ltr' id='par_1_96' title="bbox 544 5314 2119 5386">
     <span class='ocr_line' id='line_1_96' title="bbox 544 5314 2119 5386; baseline 0 -19"><span class='ocrx_word' id='word_1_654' title='bbox 544 5326 741 5378; x_wconf 71' lang='lat' dir='ltr'><strong>ctarno,</strong></span> <span class='ocrx_word' id='word_1_655' title='bbox 778 5325 822 5367; x_wconf 91' lang='lat' dir='ltr'><strong>et</strong></span> <span class='ocrx_word' id='word_1_656' title='bbox 845 5314 1189 5386; x_wconf 44' lang='lat' dir='ltr'><strong>&#39;aubjugttlari</strong></span> <span class='ocrx_word' id='word_1_657' title='bbox 1219 5314 1359 5367; x_wconf 79' lang='lat' dir='ltr'><strong>lanio</strong></span> <span class='ocrx_word' id='word_1_658' title='bbox 1389 5317 1705 5381; x_wconf 63' lang='lat' dir='ltr'><strong>colentibus,</strong></span> <span class='ocrx_word' id='word_1_659' title='bbox 1756 5315 1952 5382; x_wconf 88' lang='lat' dir='ltr'><strong>reliqua</strong></span> <span class='ocrx_word' id='word_1_660' title='bbox 1998 5331 2119 5367; x_wconf 86' lang='lat' dir='ltr'><strong>caro</strong></span> 
     </span>
    </p>
   </div>
   <div class='ocr_carea' id='block_1_97' title="bbox 543 5386 2124 5457">
    <p class='ocr_par' dir='ltr' id='par_1_97' title="bbox 543 5386 2124 5457">
     <span class='ocr_line' id='line_1_97' title="bbox 543 5386 2124 5457; baseline -0.001 -20"><span class='ocrx_word' id='word_1_661' title='bbox 543 5401 659 5437; x_wconf 87' lang='lat' dir='ltr'><strong>cum</strong></span> <span class='ocrx_word' id='word_1_662' title='bbox 682 5387 811 5457; x_wconf 86' lang='lat' dir='ltr'><strong>pelle</strong></span> <span class='ocrx_word' id='word_1_663' title='bbox 827 5396 871 5439; x_wconf 88' lang='lat' dir='ltr'><strong>et</strong></span> <span class='ocrx_word' id='word_1_664' title='bbox 888 5386 1162 5439; x_wconf 78' lang='lat' dir='ltr'><strong>mteraneis</strong></span> <span class='ocrx_word' id='word_1_665' title='bbox 1182 5386 1711 5457; x_wconf 10' lang='lat' dir='ltr'><strong>proﬁciativcnditori,</strong></span> <span class='ocrx_word' id='word_1_666' title='bbox 1738 5386 1831 5438; x_wconf 86' lang='lat' dir='ltr'><strong>sub</strong></span> <span class='ocrx_word' id='word_1_667' title='bbox 1854 5393 2124 5451; x_wconf 85' lang='lat' dir='ltr'><strong>conspectu</strong></span> 
     </span>
    </p>
   </div>
   <div class='ocr_carea' id='block_1_98' title="bbox 548 5456 2123 5526">
    <p class='ocr_par' dir='ltr' id='par_1_98' title="bbox 548 5456 2123 5526">
     <span class='ocr_line' id='line_1_98' title="bbox 548 5456 2123 5526; baseline 0.001 -20"><span class='ocrx_word' id='word_1_668' title='bbox 548 5456 757 5520; x_wconf 69' lang='lat' dir='ltr'><strong>publica</strong></span> <span class='ocrx_word' id='word_1_669' title='bbox 794 5458 896 5523; x_wconf 80' lang='lat' dir='ltr'><strong>[ide</strong></span> <span class='ocrx_word' id='word_1_670' title='bbox 919 5457 1162 5526; x_wconf 89' lang='lat' dir='ltr'><strong>ponderis</strong></span> <span class='ocrx_word' id='word_1_671' title='bbox 1210 5456 1571 5523; x_wconf 62' lang='lat' dir='ltr'><strong>comprobata;</strong></span> <span class='ocrx_word' id='word_1_672' title='bbox 1624 5465 1674 5508; x_wconf 86' lang='lat' dir='ltr'><strong>ut</strong></span> <span class='ocrx_word' id='word_1_673' title='bbox 1705 5465 1957 5524; x_wconf 81' lang='lat' dir='ltr'><strong>quantum</strong></span> <span class='ocrx_word' id='word_1_674' title='bbox 2003 5470 2123 5526; x_wconf 83' lang='lat' dir='ltr'><strong>caro</strong></span> 
     </span>
    </p>
   </div>
   <div class='ocr_carea' id='block_1_99' title="bbox 549 5525 2123 5593">
    <p class='ocr_par' dir='ltr' id='par_1_99' title="bbox 549 5525 2123 5593">
     <span class='ocr_line' id='line_1_99' title="bbox 549 5525 2123 5593; baseline 0 -18"><span class='ocrx_word' id='word_1_675' title='bbox 549 5527 701 5578; x_wconf 83' lang='lat' dir='ltr'><strong>occisi</strong></span> <span class='ocrx_word' id='word_1_676' title='bbox 733 5525 926 5593; x_wconf 76' lang='lat' dir='ltr'><strong>pecoris</strong></span> <span class='ocrx_word' id='word_1_677' title='bbox 965 5526 1242 5592; x_wconf 86' lang='lat' dir='ltr'><strong>appendat.</strong></span> <span class='ocrx_word' id='word_1_678' title='bbox 1279 5536 1323 5577; x_wconf 82' lang='lat' dir='ltr'><strong>et</strong></span> <span class='ocrx_word' id='word_1_679' title='bbox 1364 5539 1561 5592; x_wconf 87' lang='lat' dir='ltr'><strong>emptor</strong></span> <span class='ocrx_word' id='word_1_680' title='bbox 1600 5527 1753 5591; x_wconf 85' lang='lat' dir='ltr'><strong>norit,</strong></span> <span class='ocrx_word' id='word_1_681' title='bbox 1785 5534 1831 5577; x_wconf 85' lang='lat' dir='ltr'><strong>et</strong></span> <span class='ocrx_word' id='word_1_682' title='bbox 1868 5525 2123 5587; x_wconf 66' lang='lat' dir='ltr'><strong>venditor,</strong></span> 
     </span>
    </p>
   </div>
   <div class='ocr_carea' id='block_1_100' title="bbox 548 5594 2125 5664">
    <p class='ocr_par' dir='ltr' id='par_1_100' title="bbox 548 5594 2125 5664">
     <span class='ocr_line' id='line_1_100' title="bbox 548 5594 2125 5664; baseline -0.001 -15"><span class='ocrx_word' id='word_1_683' title='bbox 548 5605 652 5649; x_wconf 76' lang='lat' dir='ltr'><strong>etc.</strong></span> <span class='ocrx_word' id='word_1_684' title='bbox 689 5596 828 5664; x_wconf 77' lang='lat' dir='ltr'><strong>Ergo</strong></span> <span class='ocrx_word' id='word_1_685' title='bbox 859 5598 1049 5664; x_wconf 70' lang='lat' dir='ltr'><strong>esagin</strong></span> <span class='ocrx_word' id='word_1_686' title='bbox 1080 5597 1278 5662; x_wconf 84' lang='lat' dir='ltr'><strong>aliquid</strong></span> <span class='ocrx_word' id='word_1_687' title='bbox 1324 5599 1656 5664; x_wconf 68' lang='lat' dir='ltr'><strong>adsequatur,</strong></span> <span class='ocrx_word' id='word_1_688' title='bbox 1685 5612 1805 5649; x_wconf 89' lang='lat' dir='ltr'><strong>cum</strong></span> <span class='ocrx_word' id='word_1_689' title='bbox 1848 5596 1914 5647; x_wconf 88' lang='lat' dir='ltr'><strong>ad</strong></span> <span class='ocrx_word' id='word_1_690' title='bbox 1968 5594 2125 5649; x_wconf 85' lang='lat' dir='ltr'><strong>Iidem</strong></span> 
     </span>
    </p>
   </div>
   <div class='ocr_carea' id='block_1_101' title="bbox 548 5666 1741 5735">
    <p class='ocr_par' dir='ltr' id='par_1_101' title="bbox 548 5666 1741 5735">
     <span class='ocr_line' id='line_1_101' title="bbox 548 5666 1741 5735; baseline 0.003 -18"><span class='ocrx_word' id='word_1_691' title='bbox 548 5667 807 5731; x_wconf 87' lang='lat' dir='ltr'><strong>ponderis</strong></span> <span class='ocrx_word' id='word_1_692' title='bbox 830 5666 1021 5732; x_wconf 82' lang='lat' dir='ltr'><strong>publici</strong></span> <span class='ocrx_word' id='word_1_693' title='bbox 1051 5667 1279 5735; x_wconf 69' lang='lat' dir='ltr'><strong>exigitur</strong></span> <span class='ocrx_word' id='word_1_694' title='bbox 1308 5678 1361 5719; x_wconf 91' lang='lat' dir='ltr'><strong>et</strong></span> <span class='ocrx_word' id='word_1_695' title='bbox 1388 5666 1741 5721; x_wconf 79' lang='lat' dir='ltr'><strong>examinator.</strong></span> 
     </span>
    </p>
   </div>
   <div class='ocr_carea' id='block_1_102' title="bbox 620 5735 2123 5805">
    <p class='ocr_par' dir='ltr' id='par_1_102' title="bbox 620 5735 2123 5805">
     <span class='ocr_line' id='line_1_102' title="bbox 620 5735 2123 5805; baseline 0.003 -18"><span class='ocrx_word' id='word_1_696' title='bbox 620 5745 642 5772; x_wconf 73' lang='grc' dir='ltr'>ε</span> <span class='ocrx_word' id='word_1_697' title='bbox 674 5735 792 5800; x_wconf 83' lang='lat' dir='ltr'><strong>Qua</strong></span> <span class='ocrx_word' id='word_1_698' title='bbox 817 5735 1026 5788; x_wconf 85' lang='lat' dir='ltr'><strong>ratione</strong></span> <span class='ocrx_word' id='word_1_699' title='bbox 1067 5737 1371 5805; x_wconf 86' lang='lat' dir='ltr'><strong>prudentia,</strong></span> <span class='ocrx_word' id='word_1_700' title='bbox 1415 5752 1573 5805; x_wconf 85' lang='lat' dir='ltr'><strong>quam</strong></span> <span class='ocrx_word' id='word_1_701' title='bbox 1626 5737 1714 5793; x_wconf 89' lang='lat' dir='ltr'><strong>hic</strong></span> <span class='ocrx_word' id='word_1_702' title='bbox 1742 5736 2123 5801; x_wconf 82' lang='lat' dir='ltr'><strong>discretionem</strong></span> 
     </span>
    </p>
   </div>
   <div class='ocr_carea' id='block_1_103' title="bbox 2226 4185 3817 4254">
    <p class='ocr_par' dir='ltr' id='par_1_103' title="bbox 2226 4185 3817 4254">
     <span class='ocr_line' id='line_1_103' title="bbox 2226 4185 3817 4254; baseline 0.004 -17"><span class='ocrx_word' id='word_1_703' title='bbox 2226 4195 2408 4251; x_wconf 89' lang='lat' dir='ltr'><strong>vocat,</strong></span> <span class='ocrx_word' id='word_1_704' title='bbox 2444 4185 2585 4238; x_wconf 90' lang='lat' dir='ltr'><strong>inter</strong></span> <span class='ocrx_word' id='word_1_705' title='bbox 2610 4185 2859 4248; x_wconf 89' lang='lat' dir='ltr'><strong>virtutes,</strong></span> <span class='ocrx_word' id='word_1_706' title='bbox 2892 4200 3088 4254; x_wconf 89' lang='lat' dir='ltr'><strong>nempe</strong></span> <span class='ocrx_word' id='word_1_707' title='bbox 3126 4186 3471 4252; x_wconf 89' lang='lat' dir='ltr'><strong>cardinales,</strong></span> <span class='ocrx_word' id='word_1_708' title='bbox 3524 4188 3817 4254; x_wconf 89' lang='lat' dir='ltr'><strong>primatum</strong></span> 
     </span>
    </p>
   </div>
   <div class='ocr_carea' id='block_1_104' title="bbox 2228 4255 3819 4329">
    <p class='ocr_par' dir='ltr' id='par_1_104' title="bbox 2228 4255 3819 4329">
     <span class='ocr_line' id='line_1_104' title="bbox 2228 4255 3819 4329; baseline 0.005 -21"><span class='ocrx_word' id='word_1_709' title='bbox 2228 4265 2427 4329; x_wconf 86' lang='lat' dir='ltr'><strong>teneat,</strong></span> <span class='ocrx_word' id='word_1_710' title='bbox 2461 4255 2772 4329; x_wconf 80' lang='lat' dir='ltr'><strong>declaratur</strong></span> <span class='ocrx_word' id='word_1_711' title='bbox 2810 4256 2997 4329; x_wconf 77' lang='lat' dir='ltr'><strong>collat.</strong></span> <span class='ocrx_word' id='word_1_712' title='bbox 3024 4255 3455 4329; x_wconf 82' lang='lat' dir='ltr'><strong>sequenti(Cap.</strong></span> <span class='ocrx_word' id='word_1_713' title='bbox 3488 4258 3551 4329; x_wconf 74' lang='lat'><strong>9..)</strong></span> <span class='ocrx_word' id='word_1_714' title='bbox 3582 4274 3648 4314; x_wconf 78' lang='lat' dir='ltr'><strong>ex</strong></span> <span class='ocrx_word' id='word_1_715' title='bbox 3691 4276 3819 4315; x_wconf 76' lang='lat' dir='ltr'><strong>sen-</strong></span> 
     </span>
    </p>
   </div>
   <div class='ocr_carea' id='block_1_105' title="bbox 2228 4325 3818 4393">
    <p class='ocr_par' dir='ltr' id='par_1_105' title="bbox 2228 4325 3818 4393">
     <span class='ocr_line' id='line_1_105' title="bbox 2228 4325 3818 4393; baseline 0.004 -14"><span class='ocrx_word' id='word_1_716' title='bbox 2228 4328 2391 4379; x_wconf 85' lang='lat' dir='ltr'><strong>tentia</strong></span> <span class='ocrx_word' id='word_1_717' title='bbox 2422 4327 2597 4389; x_wconf 78' lang='lat' dir='ltr'><strong>magni</strong></span> <span class='ocrx_word' id='word_1_718' title='bbox 2627 4325 2874 4389; x_wconf 79' lang='lat' dir='ltr'><strong>Antonii,</strong></span> <span class='ocrx_word' id='word_1_719' title='bbox 2912 4328 2999 4391; x_wconf 89' lang='lat' dir='ltr'><strong>qui</strong></span> <span class='ocrx_word' id='word_1_720' title='bbox 3042 4328 3383 4393; x_wconf 88' lang='lat' dir='ltr'><strong>prudentiam</strong></span> <span class='ocrx_word' id='word_1_721' title='bbox 3427 4325 3610 4385; x_wconf 76' lang='lat' dir='ltr'><strong>docuit</strong></span> <span class='ocrx_word' id='word_1_722' title='bbox 3639 4332 3818 4386; x_wconf 87' lang='lat' dir='ltr'><strong>omni-</strong></span> 
     </span>
    </p>
   </div>
   <div class='ocr_carea' id='block_1_106' title="bbox 2227 4396 3820 4467">
    <p class='ocr_par' dir='ltr' id='par_1_106' title="bbox 2227 4396 3820 4467">
     <span class='ocr_line' id='line_1_106' title="bbox 2227 4396 3820 4467; baseline 0.004 -17"><span class='ocrx_word' id='word_1_723' title='bbox 2227 4397 2325 4450; x_wconf 89' lang='lat' dir='ltr'><strong>bus</strong></span> <span class='ocrx_word' id='word_1_724' title='bbox 2356 4396 2474 4449; x_wconf 84' lang='lat' dir='ltr'><strong>aliis</strong></span> <span class='ocrx_word' id='word_1_725' title='bbox 2505 4396 2792 4449; x_wconf 85' lang='lat' dir='ltr'><strong>virtutibus</strong></span> <span class='ocrx_word' id='word_1_726' title='bbox 2818 4396 3231 4466; x_wconf 60' lang='lat' dir='ltr'><strong>prmierendam,</strong></span> <span class='ocrx_word' id='word_1_727' title='bbox 3264 4410 3532 4467; x_wconf 86' lang='lat' dir='ltr'><strong>tamquam</strong></span> <span class='ocrx_word' id='word_1_728' title='bbox 3563 4402 3820 4456; x_wconf 84' lang='lat' dir='ltr'><strong>directri-</strong></span> 
     </span>
    </p>
   </div>
   <div class='ocr_carea' id='block_1_107' title="bbox 2224 4468 3821 4537">
    <p class='ocr_par' dir='ltr' id='par_1_107' title="bbox 2224 4468 3821 4537">
     <span class='ocr_line' id='line_1_107' title="bbox 2224 4468 3821 4537; baseline 0.005 -16"><span class='ocrx_word' id='word_1_729' title='bbox 2224 4483 2340 4521; x_wconf 91' lang='lat' dir='ltr'><strong>cem</strong></span> <span class='ocrx_word' id='word_1_730' title='bbox 2371 4478 2713 4527; x_wconf 76' lang='lat' dir='ltr'><strong>czeterarnm.</strong></span> <span class='ocrx_word' id='word_1_731' title='bbox 2749 4482 2871 4537; x_wconf 69' lang='lat' dir='ltr'><strong>quae</strong></span> <span class='ocrx_word' id='word_1_732' title='bbox 2903 4482 3007 4521; x_wconf 90' lang='lat' dir='ltr'><strong>non</strong></span> <span class='ocrx_word' id='word_1_733' title='bbox 3036 4468 3181 4524; x_wconf 86' lang='lat' dir='ltr'><strong>sinat</strong></span> <span class='ocrx_word' id='word_1_734' title='bbox 3223 4484 3317 4523; x_wconf 85' lang='lat' dir='ltr'><strong>eas</strong></span> <span class='ocrx_word' id='word_1_735' title='bbox 3354 4484 3383 4522; x_wconf 88' lang='lat' dir='ltr'><strong>a</strong></span> <span class='ocrx_word' id='word_1_736' title='bbox 3416 4482 3563 4523; x_wconf 84' lang='lat' dir='ltr'><strong>recto</strong></span> <span class='ocrx_word' id='word_1_737' title='bbox 3595 4479 3821 4529; x_wconf 79' lang='lat' dir='ltr'><strong>tramite</strong></span> 
     </span>
    </p>
   </div>
   <div class='ocr_carea' id='block_1_108' title="bbox 2224 4538 3815 4609">
    <p class='ocr_par' dir='ltr' id='par_1_108' title="bbox 2224 4538 3815 4609">
     <span class='ocr_line' id='line_1_108' title="bbox 2224 4538 3815 4609; baseline 0.005 -20"><span class='ocrx_word' id='word_1_738' title='bbox 2224 4539 2290 4609; x_wconf 85' lang='lat' dir='ltr'><strong>ad</strong></span> <span class='ocrx_word' id='word_1_739' title='bbox 2324 4538 2592 4601; x_wconf 77' lang='lat' dir='ltr'><strong>dextram,</strong></span> <span class='ocrx_word' id='word_1_740' title='bbox 2634 4538 2718 4591; x_wconf 88' lang='lat' dir='ltr'><strong>vel</strong></span> <span class='ocrx_word' id='word_1_741' title='bbox 2774 4540 2842 4592; x_wconf 90' lang='lat' dir='ltr'><strong>ad</strong></span> <span class='ocrx_word' id='word_1_742' title='bbox 2872 4538 3146 4592; x_wconf 88' lang='lat' dir='ltr'><strong>sinistram</strong></span> <span class='ocrx_word' id='word_1_743' title='bbox 3199 4539 3481 4594; x_wconf 82' lang='lat' dir='ltr'><strong>deﬂectere</strong></span> <span class='ocrx_word' id='word_1_744' title='bbox 3532 4538 3694 4609; x_wconf 83' lang='lat' dir='ltr'><strong>(Vide</strong></span> <span class='ocrx_word' id='word_1_745' title='bbox 3746 4542 3815 4597; x_wconf 92' lang='lat' dir='ltr'><strong>S.</strong></span> 
     </span>
    </p>
   </div>
   <div class='ocr_carea' id='block_1_109' title="bbox 2228 4608 3818 4678">
    <p class='ocr_par' dir='ltr' id='par_1_109' title="bbox 2228 4608 3818 4678">
     <span class='ocr_line' id='line_1_109' title="bbox 2228 4608 3818 4678; baseline 0.003 -15"><span class='ocrx_word' id='word_1_746' title='bbox 2228 4608 2412 4663; x_wconf 83' lang='lat' dir='ltr'><strong>Thom.</strong></span> <span class='ocrx_word' id='word_1_747' title='bbox 2449 4610 2563 4672; x_wconf 70' lang='grc'><strong>1-2,</strong></span> <span class='ocrx_word' id='word_1_748' title='bbox 2596 4625 2645 4678; x_wconf 90' lang='lat' dir='ltr'><strong>q.</strong></span> <span class='ocrx_word' id='word_1_749' title='bbox 2695 4609 2787 4672; x_wconf 86' lang='lat'><strong>66,</strong></span> <span class='ocrx_word' id='word_1_750' title='bbox 2834 4625 2885 4661; x_wconf 90' lang='lat' dir='ltr'><strong>a.</strong></span> <span class='ocrx_word' id='word_1_751' title='bbox 2930 4609 3009 4676; x_wconf 80' lang='grc'><strong>5).</strong></span> <span class='ocrx_word' id='word_1_752' title='bbox 3039 4610 3277 4665; x_wconf 71' lang='grc' dir='ltr'><strong>ϐωιενιιε</strong></span> <span class='ocrx_word' id='word_1_753' title='bbox 3316 4612 3458 4665; x_wconf 85' lang='lat' dir='ltr'><strong>enim</strong></span> <span class='ocrx_word' id='word_1_754' title='bbox 3484 4608 3737 4677; x_wconf 85' lang='lat' dir='ltr'><strong>virtutes,</strong></span> <span class='ocrx_word' id='word_1_755' title='bbox 3770 4613 3818 4667; x_wconf 89' lang='lat' dir='ltr'><strong>si</strong></span> 
     </span>
    </p>
   </div>
   <div class='ocr_carea' id='block_1_110' title="bbox 2224 4679 3817 4751">
    <p class='ocr_par' dir='ltr' id='par_1_110' title="bbox 2224 4679 3817 4751">
     <span class='ocr_line' id='line_1_110' title="bbox 2224 4679 3817 4751; baseline 0.003 -18"><span class='ocrx_word' id='word_1_756' title='bbox 2224 4679 2483 4734; x_wconf 89' lang='lat' dir='ltr'><strong>discretio</strong></span> <span class='ocrx_word' id='word_1_757' title='bbox 2511 4680 2671 4741; x_wconf 85' lang='lat' dir='ltr'><strong>absit,</strong></span> <span class='ocrx_word' id='word_1_758' title='bbox 2703 4683 3015 4734; x_wconf 87' lang='lat' dir='ltr'><strong>necessario</strong></span> <span class='ocrx_word' id='word_1_759' title='bbox 3046 4681 3367 4751; x_wconf 74' lang='lat' dir='ltr'><strong>impingere,</strong></span> <span class='ocrx_word' id='word_1_760' title='bbox 3399 4682 3482 4737; x_wconf 88' lang='lat' dir='ltr'><strong>vel</strong></span> <span class='ocrx_word' id='word_1_761' title='bbox 3512 4681 3681 4737; x_wconf 90' lang='lat' dir='ltr'><strong>nimio</strong></span> <span class='ocrx_word' id='word_1_762' title='bbox 3705 4684 3817 4738; x_wconf 81' lang='lat' dir='ltr'><strong>fer-</strong></span> 
     </span>
    </p>
   </div>
   <div class='ocr_carea' id='block_1_111' title="bbox 2225 4750 3817 4815">
    <p class='ocr_par' dir='ltr' id='par_1_111' title="bbox 2225 4750 3817 4815">
     <span class='ocr_line' id='line_1_111' title="bbox 2225 4750 3817 4815; baseline 0.003 -12"><span class='ocrx_word' id='word_1_763' title='bbox 2225 4765 2377 4814; x_wconf 74' lang='lat' dir='ltr'><strong>thl‘e,</strong></span> <span class='ocrx_word' id='word_1_764' title='bbox 2412 4752 2495 4804; x_wconf 86' lang='lat' dir='ltr'><strong>vel</strong></span> <span class='ocrx_word' id='word_1_765' title='bbox 2548 4760 2789 4815; x_wconf 87' lang='lat' dir='ltr'><strong>torpore,</strong></span> <span class='ocrx_word' id='word_1_766' title='bbox 2821 4760 2873 4804; x_wconf 91' lang='lat' dir='ltr'><strong>et</strong></span> <span class='ocrx_word' id='word_1_767' title='bbox 2908 4751 3233 4806; x_wconf 89' lang='lat' dir='ltr'><strong>remissione</strong></span> <span class='ocrx_word' id='word_1_768' title='bbox 3266 4769 3279 4804; x_wconf 87' lang='lat'><strong>:</strong></span> <span class='ocrx_word' id='word_1_769' title='bbox 3313 4750 3453 4806; x_wconf 85' lang='lat' dir='ltr'><strong>hanc</strong></span> <span class='ocrx_word' id='word_1_770' title='bbox 3482 4752 3650 4806; x_wconf 88' lang='lat' dir='ltr'><strong>solam</strong></span> <span class='ocrx_word' id='word_1_771' title='bbox 3699 4753 3817 4810; x_wconf 82' lang='lat' dir='ltr'><strong>elli-</strong></span> 
     </span>
    </p>
   </div>
   <div class='ocr_carea' id='block_1_112' title="bbox 2225 4821 3811 4888">
    <p class='ocr_par' dir='ltr' id='par_1_112' title="bbox 2225 4821 3811 4888">
     <span class='ocr_line' id='line_1_112' title="bbox 2225 4821 3811 4888; baseline 0.003 -14"><span class='ocrx_word' id='word_1_772' title='bbox 2225 4836 2372 4886; x_wconf 88' lang='lat' dir='ltr'><strong>cere,</strong></span> <span class='ocrx_word' id='word_1_773' title='bbox 2406 4832 2465 4874; x_wconf 90' lang='lat' dir='ltr'><strong>ut</strong></span> <span class='ocrx_word' id='word_1_774' title='bbox 2521 4821 2753 4874; x_wconf 85' lang='lat' dir='ltr'><strong>medium</strong></span> <span class='ocrx_word' id='word_1_775' title='bbox 2784 4830 3058 4885; x_wconf 88' lang='lat' dir='ltr'><strong>teneatur,</strong></span> <span class='ocrx_word' id='word_1_776' title='bbox 3100 4833 3155 4876; x_wconf 92' lang='lat' dir='ltr'><strong>et</strong></span> <span class='ocrx_word' id='word_1_777' title='bbox 3194 4823 3339 4888; x_wconf 79' lang='lat' dir='ltr'><strong>regia</strong></span> <span class='ocrx_word' id='word_1_778' title='bbox 3371 4824 3457 4876; x_wconf 87' lang='lat' dir='ltr'><strong>via</strong></span> <span class='ocrx_word' id='word_1_779' title='bbox 3503 4824 3811 4879; x_wconf 86' lang='lat' dir='ltr'><strong>incedatur.</strong></span> 
     </span>
    </p>
   </div>
   <div class='ocr_carea' id='block_1_113' title="bbox 2227 4891 3816 4962">
    <p class='ocr_par' dir='ltr' id='par_1_113' title="bbox 2227 4891 3816 4962">
     <span class='ocr_line' id='line_1_113' title="bbox 2227 4891 3816 4962; baseline 0.003 -18"><span class='ocrx_word' id='word_1_780' title='bbox 2227 4891 2473 4962; x_wconf 85' lang='lat' dir='ltr'><strong>Denique</strong></span> <span class='ocrx_word' id='word_1_781' title='bbox 2504 4893 2640 4945; x_wconf 85' lang='lat' dir='ltr'><strong>lianc</strong></span> <span class='ocrx_word' id='word_1_782' title='bbox 2669 4906 2812 4956; x_wconf 88' lang='lat' dir='ltr'><strong>esse,</strong></span> <span class='ocrx_word' id='word_1_783' title='bbox 2840 4907 2959 4958; x_wconf 68' lang='lat' dir='ltr'><strong>qua:</strong></span> <span class='ocrx_word' id='word_1_784' title='bbox 2985 4892 3037 4944; x_wconf 92' lang='lat' dir='ltr'><strong>in</strong></span> <span class='ocrx_word' id='word_1_785' title='bbox 3065 4892 3354 4962; x_wconf 77' lang='lat' dir='ltr'><strong>Evangelto</strong></span> <span class='ocrx_word' id='word_1_786' title='bbox 3382 4904 3605 4948; x_wconf 83' lang='lat' dir='ltr'><strong>vocatur</strong></span> <span class='ocrx_word' id='word_1_787' title='bbox 3634 4896 3816 4949; x_wconf 85' lang='lat' dir='ltr'><strong>oculus</strong></span> 
     </span>
    </p>
   </div>
   <div class='ocr_carea' id='block_1_114' title="bbox 2226 4961 3811 5032">
    <p class='ocr_par' dir='ltr' id='par_1_114' title="bbox 2226 4961 3811 5032">
     <span class='ocr_line' id='line_1_114' title="bbox 2226 4961 3811 5032; baseline 0.004 -19"><span class='ocrx_word' id='word_1_788' title='bbox 2226 4972 2272 5014; x_wconf 90' lang='lat' dir='ltr'><strong>et</strong></span> <span class='ocrx_word' id='word_1_789' title='bbox 2300 4961 2512 5013; x_wconf 86' lang='lat' dir='ltr'><strong>lucerna</strong></span> <span class='ocrx_word' id='word_1_790' title='bbox 2538 4963 2769 5029; x_wconf 88' lang='lat' dir='ltr'><strong>corporis</strong></span> <span class='ocrx_word' id='word_1_791' title='bbox 2796 4964 2958 5016; x_wconf 90' lang='lat' dir='ltr'><strong>nostri</strong></span> <span class='ocrx_word' id='word_1_792' title='bbox 2988 4978 3005 5014; x_wconf 91' lang='lat'><strong><em>:</em></strong></span> <span class='ocrx_word' id='word_1_793' title='bbox 3037 4977 3066 5015; x_wconf 88' lang='lat' dir='ltr'><strong>a</strong></span> <span class='ocrx_word' id='word_1_794' title='bbox 3104 4961 3235 5032; x_wconf 11' lang='lat' dir='ltr'><strong>qua,</strong></span> <span class='ocrx_word' id='word_1_795' title='bbox 3264 4972 3435 5019; x_wconf 88' lang='lat' dir='ltr'><strong>totum</strong></span> <span class='ocrx_word' id='word_1_796' title='bbox 3464 4966 3635 5019; x_wconf 81' lang='lat' dir='ltr'><strong>veluti</strong></span> <span class='ocrx_word' id='word_1_797' title='bbox 3691 4982 3811 5020; x_wconf 84' lang='lat' dir='ltr'><strong>cor-</strong></span> 
     </span>
    </p>
   </div>
   <div class='ocr_carea' id='block_1_115' title="bbox 2228 5033 3815 5100">
    <p class='ocr_par' dir='ltr' id='par_1_115' title="bbox 2228 5033 3815 5100">
     <span class='ocr_line' id='line_1_115' title="bbox 2228 5033 3815 5100; baseline 0.004 -18"><span class='ocrx_word' id='word_1_798' title='bbox 2228 5048 2325 5100; x_wconf 87' lang='lat' dir='ltr'><strong>pus</strong></span> <span class='ocrx_word' id='word_1_799' title='bbox 2372 5037 2628 5085; x_wconf 71' lang='lat' dir='ltr'><strong>virtutum</strong></span> <span class='ocrx_word' id='word_1_800' title='bbox 2658 5041 2728 5085; x_wconf 67' lang='lat' dir='ltr'><strong>sut</strong></span> <span class='ocrx_word' id='word_1_801' title='bbox 2759 5033 3155 5087; x_wconf 90' lang='lat' dir='ltr'><strong>illustrandum.</strong></span> <span class='ocrx_word' id='word_1_802' title='bbox 3193 5034 3254 5087; x_wconf 88' lang='lat' dir='ltr'><strong>D.</strong></span> <span class='ocrx_word' id='word_1_803' title='bbox 3307 5034 3630 5090; x_wconf 82' lang='lat' dir='ltr'><strong>Ambrosius</strong></span> <span class='ocrx_word' id='word_1_804' title='bbox 3677 5037 3769 5090; x_wconf 90' lang='lat' dir='ltr'><strong>lib.</strong></span> <span class='ocrx_word' id='word_1_805' title='bbox 3800 5051 3815 5089; x_wconf 92' lang='lat' dir='ltr'><strong>l</strong></span> 
     </span>
    </p>
   </div>
   <div class='ocr_carea' id='block_1_116' title="bbox 2226 5101 3816 5174">
    <p class='ocr_par' dir='ltr' id='par_1_116' title="bbox 2226 5101 3816 5174">
     <span class='ocr_line' id='line_1_116' title="bbox 2226 5101 3816 5174; baseline 0.003 -20"><span class='ocrx_word' id='word_1_806' title='bbox 2226 5104 2293 5155; x_wconf 91' lang='lat' dir='ltr'><strong>de</strong></span> <span class='ocrx_word' id='word_1_807' title='bbox 2323 5101 2479 5174; x_wconf 79' lang='lat' dir='ltr'><strong>Ollic.</strong></span> <span class='ocrx_word' id='word_1_808' title='bbox 2507 5116 2629 5169; x_wconf 87' lang='lat' dir='ltr'><strong>cap.</strong></span> <span class='ocrx_word' id='word_1_809' title='bbox 2658 5101 2725 5154; x_wconf 74' lang='lat'><strong>27</strong></span> <span class='ocrx_word' id='word_1_810' title='bbox 2750 5104 2881 5158; x_wconf 89' lang='lat' dir='ltr'><strong>dicit</strong></span> <span class='ocrx_word' id='word_1_811' title='bbox 2910 5103 3249 5174; x_wconf 83' lang='lat' dir='ltr'><strong>prudentiam</strong></span> <span class='ocrx_word' id='word_1_812' title='bbox 3271 5119 3396 5159; x_wconf 89' lang='lat' dir='ltr'><strong>esse</strong></span> <span class='ocrx_word' id='word_1_813' title='bbox 3424 5108 3655 5174; x_wconf 91' lang='lat' dir='ltr'><strong>primum</strong></span> <span class='ocrx_word' id='word_1_814' title='bbox 3698 5109 3816 5161; x_wconf 84' lang='lat' dir='ltr'><strong>otti-</strong></span> 
     </span>
    </p>
   </div>
   <div class='ocr_carea' id='block_1_117' title="bbox 2226 5173 3811 5247">
    <p class='ocr_par' dir='ltr' id='par_1_117' title="bbox 2226 5173 3811 5247">
     <span class='ocr_line' id='line_1_117' title="bbox 2226 5173 3811 5247; baseline 0.003 -22"><span class='ocrx_word' id='word_1_815' title='bbox 2226 5174 2293 5247; x_wconf 85' lang='lat' dir='ltr'><strong>cii</strong></span> <span class='ocrx_word' id='word_1_816' title='bbox 2327 5173 2376 5225; x_wconf 92' lang='lat' dir='ltr'><strong>id</strong></span> <span class='ocrx_word' id='word_1_817' title='bbox 2405 5184 2509 5247; x_wconf 82' lang='lat' dir='ltr'><strong>est,</strong></span> <span class='ocrx_word' id='word_1_818' title='bbox 2544 5174 2665 5247; x_wconf 84' lang='lat' dir='ltr'><strong>boni</strong></span> <span class='ocrx_word' id='word_1_819' title='bbox 2700 5175 2895 5247; x_wconf 70' lang='lat' dir='ltr'><strong>operis</strong></span> <span class='ocrx_word' id='word_1_820' title='bbox 2921 5173 3315 5247; x_wconf 68' lang='lat' dir='ltr'><strong>fontem._ldem</strong></span> <span class='ocrx_word' id='word_1_821' title='bbox 3347 5173 3507 5247; x_wconf 72' lang='lat' dir='ltr'><strong>docet</strong></span> <span class='ocrx_word' id='word_1_822' title='bbox 3532 5174 3592 5229; x_wconf 91' lang='lat' dir='ltr'><strong>D.</strong></span> <span class='ocrx_word' id='word_1_823' title='bbox 3624 5175 3811 5247; x_wconf 76' lang='lat' dir='ltr'><strong>Augu-</strong></span> 
     </span>
    </p>
   </div>
   <div class='ocr_carea' id='block_1_118' title="bbox 2226 5243 3809 5302">
    <p class='ocr_par' dir='ltr' id='par_1_118' title="bbox 2226 5243 3809 5302">
     <span class='ocr_line' id='line_1_118' title="bbox 2226 5243 3809 5302; baseline 0.002 -8"><span class='ocrx_word' id='word_1_824' title='bbox 2226 5244 2515 5296; x_wconf 87' lang='lat' dir='ltr'><strong>stiuuslib.</strong></span> <span class='ocrx_word' id='word_1_825' title='bbox 2556 5244 2665 5298; x_wconf 81' lang='lat' dir='ltr'><strong>ide</strong></span> <span class='ocrx_word' id='word_1_826' title='bbox 2695 5245 2931 5298; x_wconf 81' lang='lat' dir='ltr'><strong>Moribus</strong></span> <span class='ocrx_word' id='word_1_827' title='bbox 2964 5243 3219 5299; x_wconf 79' lang='lat' dir='ltr'><strong>Ecclesia:</strong></span> <span class='ocrx_word' id='word_1_828' title='bbox 3258 5260 3310 5300; x_wconf 93' lang='lat' dir='ltr'><strong>c.</strong></span> <span class='ocrx_word' id='word_1_829' title='bbox 3346 5244 3439 5299; x_wconf 72' lang='grc'><strong>24.</strong></span> <span class='ocrx_word' id='word_1_830' title='bbox 3477 5245 3641 5299; x_wconf 90' lang='lat' dir='ltr'><strong>Divus</strong></span> <span class='ocrx_word' id='word_1_831' title='bbox 3684 5243 3809 5302; x_wconf 71' lang='lat' dir='ltr'><strong>ne...</strong></span> 
     </span>
    </p>
   </div>
   <div class='ocr_carea' id='block_1_119' title="bbox 2228 5313 3809 5385">
    <p class='ocr_par' dir='ltr' id='par_1_119' title="bbox 2228 5313 3809 5385">
     <span class='ocr_line' id='line_1_119' title="bbox 2228 5313 3809 5385; baseline 0.002 -19"><span class='ocrx_word' id='word_1_832' title='bbox 2228 5313 2549 5385; x_wconf 79' lang='lat' dir='ltr'><strong>Benedictus</strong></span> <span class='ocrx_word' id='word_1_833' title='bbox 2575 5314 2963 5368; x_wconf 80' lang='lat' dir='ltr'><strong>discretionem</strong></span> <span class='ocrx_word' id='word_1_834' title='bbox 2988 5324 3216 5385; x_wconf 88' lang='lat' dir='ltr'><strong>matrem</strong></span> <span class='ocrx_word' id='word_1_835' title='bbox 3239 5316 3502 5371; x_wconf 88' lang='lat' dir='ltr'><strong>virtutum</strong></span> <span class='ocrx_word' id='word_1_836' title='bbox 3530 5318 3669 5372; x_wconf 91' lang='lat' dir='ltr'><strong>dicit</strong></span> <span class='ocrx_word' id='word_1_837' title='bbox 3694 5332 3809 5385; x_wconf 72' lang='lat' dir='ltr'><strong>Cap.</strong></span> 
     </span>
    </p>
   </div>
   <div class='ocr_carea' id='block_1_120' title="bbox 2230 5383 3809 5449">
    <p class='ocr_par' dir='ltr' id='par_1_120' title="bbox 2230 5383 3809 5449">
     <span class='ocr_line' id='line_1_120' title="bbox 2230 5383 3809 5449; baseline 0 -11"><span class='ocrx_word' id='word_1_838' title='bbox 2230 5384 2297 5438; x_wconf 70' lang='grc'><strong>64</strong></span> <span class='ocrx_word' id='word_1_839' title='bbox 2350 5383 2587 5449; x_wconf 67' lang='lat' dir='ltr'><strong>Regulae.</strong></span> <span class='ocrx_word' id='word_1_840' title='bbox 2645 5385 2703 5437; x_wconf 89' lang='grc' dir='ltr'><strong><em>υ.</em></strong></span> <span class='ocrx_word' id='word_1_841' title='bbox 2760 5384 3069 5439; x_wconf 80' lang='lat' dir='ltr'><strong>Bernardus</strong></span> <span class='ocrx_word' id='word_1_842' title='bbox 3118 5400 3283 5440; x_wconf 91' lang='lat' dir='ltr'><strong>serm.</strong></span> <span class='ocrx_word' id='word_1_843' title='bbox 3334 5386 3406 5440; x_wconf 73' lang='grc'><strong>49</strong></span> <span class='ocrx_word' id='word_1_844' title='bbox 3440 5387 3491 5440; x_wconf 87' lang='lat' dir='ltr'><strong>in</strong></span> <span class='ocrx_word' id='word_1_845' title='bbox 3542 5383 3809 5443; x_wconf 28' lang='lat' dir='ltr'><strong>Cantica—2</strong></span> 
     </span>
    </p>
   </div>
   <div class='ocr_carea' id='block_1_121' title="bbox 2230 5453 3808 5526">
    <p class='ocr_par' dir='ltr' id='par_1_121' title="bbox 2230 5453 3808 5526">
     <span class='ocr_line' id='line_1_121' title="bbox 2230 5453 3808 5526; baseline 0.001 -21"><span class='ocrx_word' id='word_1_846' title='bbox 2230 5453 2517 5526; x_wconf 81' lang='lat' dir='ltr'><strong>Discretio,</strong></span> <span class='ocrx_word' id='word_1_847' title='bbox 2549 5454 2645 5520; x_wconf 90' lang='lat' dir='ltr'><strong>ait,</strong></span> <span class='ocrx_word' id='word_1_848' title='bbox 2698 5456 2835 5507; x_wconf 87' lang='lat' dir='ltr'><strong>omni</strong></span> <span class='ocrx_word' id='word_1_849' title='bbox 2876 5454 3050 5508; x_wconf 80' lang='lat' dir='ltr'><strong>virtuti</strong></span> <span class='ocrx_word' id='word_1_850' title='bbox 3078 5457 3311 5510; x_wconf 82' lang='lat' dir='ltr'><strong>ordinem</strong></span> <span class='ocrx_word' id='word_1_851' title='bbox 3342 5458 3521 5526; x_wconf 86' lang='lat' dir='ltr'><strong>ponit;</strong></span> <span class='ocrx_word' id='word_1_852' title='bbox 3551 5459 3681 5511; x_wconf 85' lang='lat' dir='ltr'><strong>ordo</strong></span> <span class='ocrx_word' id='word_1_853' title='bbox 3711 5476 3808 5511; x_wconf 58' lang='lat' dir='ltr'><strong>mo»</strong></span> 
     </span>
    </p>
   </div>
   <div class='ocr_carea' id='block_1_122' title="bbox 2227 5525 3813 5595">
    <p class='ocr_par' dir='ltr' id='par_1_122' title="bbox 2227 5525 3813 5595">
     <span class='ocr_line' id='line_1_122' title="bbox 2227 5525 3813 5595; baseline 0.003 -19"><span class='ocrx_word' id='word_1_854' title='bbox 2227 5525 2351 5576; x_wconf 87' lang='lat' dir='ltr'><strong>dum</strong></span> <span class='ocrx_word' id='word_1_855' title='bbox 2377 5525 2575 5595; x_wconf 83' lang='lat' dir='ltr'><strong>tribuit,</strong></span> <span class='ocrx_word' id='word_1_856' title='bbox 2621 5536 2667 5577; x_wconf 92' lang='lat' dir='ltr'><strong>et</strong></span> <span class='ocrx_word' id='word_1_857' title='bbox 2714 5526 2951 5595; x_wconf 84' lang='lat' dir='ltr'><strong>decorem</strong></span> <span class='ocrx_word' id='word_1_858' title='bbox 2976 5534 3025 5579; x_wconf 90' lang='lat' dir='ltr'><strong>et</strong></span> <span class='ocrx_word' id='word_1_859' title='bbox 3072 5525 3498 5595; x_wconf 82' lang='lat' dir='ltr'><strong>perpetuitatem,</strong></span> <span class='ocrx_word' id='word_1_860' title='bbox 3549 5540 3659 5582; x_wconf 90' lang='lat' dir='ltr'><strong>etc.</strong></span> <span class='ocrx_word' id='word_1_861' title='bbox 3729 5528 3813 5581; x_wconf 57' lang='lat' dir='ltr'><strong>If»!</strong></span> 
     </span>
    </p>
   </div>
   <div class='ocr_carea' id='block_1_123' title="bbox 2228 5593 3811 5667">
    <p class='ocr_par' dir='ltr' id='par_1_123' title="bbox 2228 5593 3811 5667">
     <span class='ocr_line' id='line_1_123' title="bbox 2228 5593 3811 5667; baseline -0.001 -19"><span class='ocrx_word' id='word_1_862' title='bbox 2228 5610 2351 5664; x_wconf 89' lang='lat' dir='ltr'><strong>ergo</strong></span> <span class='ocrx_word' id='word_1_863' title='bbox 2371 5593 2614 5647; x_wconf 85' lang='lat' dir='ltr'><strong>discretio</strong></span> <span class='ocrx_word' id='word_1_864' title='bbox 2636 5610 2739 5667; x_wconf 88' lang='lat' dir='ltr'><strong>non</strong></span> <span class='ocrx_word' id='word_1_865' title='bbox 2770 5606 2877 5647; x_wconf 87' lang='lat' dir='ltr'><strong>tam</strong></span> <span class='ocrx_word' id='word_1_866' title='bbox 2903 5593 3248 5662; x_wconf 38' lang='lat' dir='ltr'><strong>virtus&#39;quam</strong></span> <span class='ocrx_word' id='word_1_867' title='bbox 3294 5598 3535 5667; x_wconf 71' lang='lat' dir='ltr'><strong>quedam</strong></span> <span class='ocrx_word' id='word_1_868' title='bbox 3577 5600 3811 5652; x_wconf 80' lang='lat' dir='ltr'><strong>modern-</strong></span> 
     </span>
    </p>
   </div>
   <div class='ocr_carea' id='block_1_124' title="bbox 2253 5666 3812 5738">
    <p class='ocr_par' dir='ltr' id='par_1_124' title="bbox 2253 5666 3812 5738">
     <span class='ocr_line' id='line_1_124' title="bbox 2253 5666 3812 5738; baseline 0.001 -21"><span class='ocrx_word' id='word_1_869' title='bbox 2253 5670 2335 5717; x_wconf 63' lang='grc' dir='ltr'><strong>ηπ</strong></span> <span class='ocrx_word' id='word_1_870' title='bbox 2377 5676 2422 5719; x_wconf 85' lang='lat' dir='ltr'><strong>et</strong></span> <span class='ocrx_word' id='word_1_871' title='bbox 2454 5667 2639 5738; x_wconf 82' lang='lat' dir='ltr'><strong>auriga</strong></span> <span class='ocrx_word' id='word_1_872' title='bbox 2692 5666 2959 5738; x_wconf 73' lang='lat' dir='ltr'><strong>virtutum,</strong></span> <span class='ocrx_word' id='word_1_873' title='bbox 3011 5666 3402 5738; x_wconf 74' lang='lat' dir='ltr'><strong>ordinatrixque</strong></span> <span class='ocrx_word' id='word_1_874' title='bbox 3430 5666 3743 5735; x_wconf 60' lang='lat' dir='ltr'><strong>aﬂectnum,</strong></span> <span class='ocrx_word' id='word_1_875' title='bbox 3770 5676 3812 5719; x_wconf 79' lang='lat' dir='ltr'><strong>et</strong></span> 
     </span>
    </p>
   </div>
   <div class='ocr_carea' id='block_1_125' title="bbox 2233 5734 3618 5801">
    <p class='ocr_par' dir='ltr' id='par_1_125' title="bbox 2233 5734 3618 5801">
     <span class='ocr_line' id='line_1_125' title="bbox 2233 5734 3618 5801; baseline 0.003 -12"><span class='ocrx_word' id='word_1_876' title='bbox 2233 5752 2429 5791; x_wconf 88' lang='lat' dir='ltr'><strong>morum</strong></span> <span class='ocrx_word' id='word_1_877' title='bbox 2456 5734 2699 5800; x_wconf 68' lang='lat' dir='ltr'><strong>duc-tris;</strong></span> <span class='ocrx_word' id='word_1_878' title='bbox 2734 5734 2857 5789; x_wconf 88' lang='lat' dir='ltr'><strong>tolle</strong></span> <span class='ocrx_word' id='word_1_879' title='bbox 2882 5735 3036 5801; x_wconf 81' lang='lat' dir='ltr'><strong>hanc,</strong></span> <span class='ocrx_word' id='word_1_880' title='bbox 3065 5746 3111 5792; x_wconf 84' lang='lat' dir='ltr'><strong>et</strong></span> <span class='ocrx_word' id='word_1_881' title='bbox 3141 5734 3503 5794; x_wconf 53' lang='lat' dir='ltr'><strong>virtus&#39;vitium</strong></span> <span class='ocrx_word' id='word_1_882' title='bbox 3523 5739 3618 5793; x_wconf 80' lang='lat' dir='ltr'><strong>erit</strong></span> 
     </span>
    </p>
   </div>
  </div>
