4004 6198
587 149 692 241 i323

1642 179 1923 238 JOANNIS
1959 180 2273 239 CASSIAN!
2311 180 2805 239 COLLATIONES.

591 300 675 356 vel
707 298 942 354 maxime
969 306 1273 370 opportuna
1321 298 1586 356 habentur
1631 309 1686 354 et
1731 314 1994 369 congrua,
2027 303 2169 369 quod
2198 303 2245 363 Α
2276 299 2442 356 fuerit
2478 300 2547 356 ad
2599 300 2928 357 movendum
2961 299 3158 356 habilis
3190 298 3431 356 materia
3475 297 3716 372 Iovlsqus
3753 317 3829 359 tia-

591 413 698 450 nou
753 396 925 450 solum
977 401 1088 452 sint
1130 398 1469 464 aliquatenus
1515 394 1738 457 mollia,
1801 409 2080 464 parvoque
2125 403 2179 448 et

595 507 758 560 opere
792 500 1164 561 praiparenttir
1203 497 1256 544 et
1287 489 1492 558 pretio,
1527 498 1713 557 utpote
1745 490 1943 558 passim
1979 502 2181 559 papyro

597 596 915 655 emergente
947 584 1198 654 peraNili
1221 583 1464 637 ﬂuminis
1489 584 1835 652 ripas,quam
1858 582 2054 652 cuique
2083 597 2182 637 vo-

596 679 727 736 lenti
759 681 811 733 in
859 694 1011 732 usum
1043 692 1324 732 assumere
1368 691 1526 731 nemo
1565 679 1852 746 prohibeat
1893 677 2182 744 desecare,

595 775 692 830 sed
735 773 898 829 etiam
925 771 1070 842 quod
1102 771 1169 826 ad
1201 772 1596 826 removendum
1617 815 1631 840 ,
1665 785 1760 825 seu
1796 786 1917 826 cum
1957 785 2184 826 necesse

1631 886 1889 942 ALARDI
1930 883 2165 940 eum
2203 879 2769 940 COMMENTARIUS.

558 900 573 946 ἡ

671 992 697 1021 ι
726 983 871 1037 Nilus
901 979 1117 1052 Eutypli
1151 980 1342 1036 ﬂuvius
1376 977 1604 1049 (Plinius
1627 979 1663 1032 l.
1687 995 1723 1052 7v
1747 996 1865 1049 cap.
1893 979 1961 1052 9;
1989 978 2177 1052 Strabo

521 1057 526 1067 '
594 1053 638 1124 ζ.
673 1069 820 1118 xvu;
850 1053 977 1107 Gen.
1007 1050 1097 1124 it).
1142 1063 1193 1107 et
1239 1067 1376 1124 unus
1417 1065 1446 1106 e
1479 1051 1782 1124 majoribus
1823 1051 1986 1103 totius
2026 1050 2178 1124 orbis

594 1123 776 1181 ﬂuviis
800 1165 814 1189 ,
844 1140 873 1178 a
905 1119 1223 1190 quibusdam
1254 1123 1426 1178 Gihuu
1461 1121 1640 1175 dictus
1661 1161 1676 1185 ,
1720 1131 1925 1184 septem
1973 1119 2178 1175 habens

601 1197 733 1250 Ostia
783 1196 979 1265 quibus
1021 1209 1080 1248 sc
1127 1203 1386 1246 exonerat
1431 1193 1487 1265 iit
1530 1191 2035 1265 mzire‘zﬁgyptiutn
2063 1232 2080 1265 ,_
2125 1201 2180 1244 et

599 1261 815 1334 partem
850 1264 1064 1335 Aiitypti
1110 1265 1416 1317 interiorem
1460 1261 1931 1335 dextra_l;evaque
1975 1261 2180 1314 divisus

597 1333 846 1403 amplexu
889 1333 986 1386 suo
1029 1337 1097 1388 ita
1142 1337 1501 1393 determinat.
1545 1345 1600 1386 ut
1639 1333 1976 1400 Triquetratn
2021 1342 2179 1386 terra:

604 1407 822 1473 ligurum
854 1406 1069 1460 ellieiat.
1117 1404 1267 1460 Unde
1295 1417 1346 1457 et
1382 1405 1586 1458 Dt-ltam
1617 1419 1645 1457 a
1677 1416 1714 1458 Δ
1742 1403 1944 1458 Οιηιιοω
1984 1403 2179 1457 litterie

602 1477 954 1546 similitudine
988 1485 1333 1530 vticaveruiit.
1365 1476 1532 1529 Porro
1557 1490 1808 1546 papyrus,
1837 1473 2022 1546 Plinio
2045 1483 2182 1546 teste

604 1545 982 1615 (Lib.xmcap.
1011 1546 1090 1614 Η)
1111 1589 1124 1610 ,
1155 1548 1434 1599 arbuscula
1465 1557 1547 1599 est
1583 1544 1850 1610 prziwipue
1878 1546 1927 1596 iii
1958 1544 2183 1614 ΕΠιηὶ

607 1618 936 1684 palustribus
982 1632 1243 1680 nascens,
1291 1627 1382 1670 aut
1421 1618 1823 1683 quiescentibus
1883 1615 1983 1669 Nili
2033 1616 2184 1684 aquis

606 1690 692 1758 ubi
726 1702 961 1758 evagatae
992 1697 1270 1755 stagnant,
1301 1701 1352 1741 et
1384 1688 1650 1756 gurgitum
1678 1687 1901 1740 altitudo
1929 1685 2037 1739 duo
2066 1688 2182 1738 bra-

606 1757 722 1812 cliia
753 1757 857 1813 non
889 1760 1114 1814 excedit.
1154 1758 1441 1814 [indicibus
1469 1758 1658 1813 incola:
1699 1774 1796 1828 pro
1837 1759 1982 1828 ligno
2023 1766 2182 1811 utun-

2284 405 2420 450 ειη-ω
2470 394 2600 449 sint.
2650 395 2827 465 Atque
2868 393 2937 448 ita
2987 401 3258 464 princepto
3301 392 3448 449 senis
3502 394 3711 450 tandem
3759 411 3830 452 su-

2280 503 2400 542 mus
2453 487 2520 540 ad
2573 486 3027 562 degustationent
3063 487 3238 542 somni
3291 501 3522 542 onerosa
3581 490 3830 557 compositi

2282 579 2495 648 quiete,
2542 585 2648 630 tam
2695 576 2918 644 digesta:
2961 577 3270 632 collationis
3299 577 3615 634 inﬂammati
3644 581 3829 650 gaudio,

2281 687 2446 743 quam
2480 669 2826 740 repromissae
2867 670 3252 741 disputationis
3290 671 3699 742 exspectatione
3736 687 3832 727 sus-

2286 781 2462 836 pensr.

2279 984 2404 1038 tur;
2454 991 2518 1029 ex
2567 977 2684 1044 ipso
2731 982 2923 1029 trunco
2965 973 3174 1045 navigia
3215 982 3438 1037 texunt,
3481 990 3546 1029 ex
3587 973 3723 1029 libro
3765 989 3843 1030 seu

2279 1048 2481 1101 cortice
2513 1048 2617 1098 tela
2639 1087 2653 1109 ,
2689 1055 2929 1115 tegetes,
2961 1057 3143 1100 vestes
3165 1087 3178 1107 ,
3209 1048 3444 1116 stragula
3467 1087 3483 1112 ,
3515 1045 3703 1111 funes,
3736 1048 3845 1100 alia-

2279 1134 2385 1188 que
2438 1116 2770 1188 liujusmodi.
2833 1117 2913 1172 Ex
2969 1116 3071 1171 hoc
3125 1118 3250 1170 item
3305 1117 3492 1174 iiutice
3550 1118 3851 1187 parabantur

2279 1187 2482 1242 chartae
2514 1204 2612 1240 ar-u
2653 1187 2836 1241 divisa!
2869 1189 2921 1241 iu
2954 1197 3258 1257 prietenues
3298 1199 3352 1243 et
3387 1189 3679 1242 latissimas
3719 1188 3853 1259 phyl-

2283 1259 2412 1313 liras
2443 1273 2558 1327 qua:
2589 1272 2656 1312 eo
2687 1259 2940 1330 meliores
2967 1266 3124 1330 erant
3162 1274 3269 1328 quo
3297 1260 3489 1313 medim
3520 1273 3722 1330 papyro
3751 1273 3853 1326 pro-

2284 1332 2617 1398 pinquiores.
2646 1345 2766 1399 quin
2793 1330 2862 1388 ab
2889 1329 3048 1397 hujus
3077 1329 3283 1383 fruticis
3311 1329 3675 1399 appellatione
3715 1331 3856 1384 etiam

2287 1402 2472 1472 papyri
2504 1416 2701 1455 nomen
2741 1410 3099 1466 accepetunt,
3140 1400 3330 1470 quibus
3376 1412 3588 1460 veteres
3630 1401 3697 1454 ad
3739 1400 3855 1456 scri-

2285 1471 2518 1527 bendutn
2567 1474 2642 1524 nsi
2684 1482 2830 1527 sunt.
2876 1473 3064 1526 Postea
3110 1487 3241 1542 vero
3275 1473 3322 1526 id
3352 1488 3522 1542 genus
3553 1471 3753 1526 charta:
3790 1472 3860 1524 in-

2288 1553 2504 1596 Ventum
2548 1554 2627 1596 est
2665 1558 2772 1612 quo
2813 1558 2953 1598 nunc
2987 1540 3181 1607 passim
3217 1540 3471 1597 mortales
3501 1553 3761 1606 utuntnr;
3791 1542 3862 1594 ﬂt-

2289 1629 2393 1684 que
2433 1629 2500 1668 ex
2542 1614 2777 1668 linteolis
2803 1614 3051 1669 contritis
3072 1655 3088 1681 ,
3119 1624 3172 1668 et
3204 1614 3559 1672 nihilominus
3589 1614 3858 1684 pristinum

2291 1686 2479 1756 papyri
2508 1700 2706 1740 nomen
2733 1687 2950 1741 retinet.

620 1898 3860 1924 mm

1449 2004 1959 2113 COLLﬂ
1972 2005 2243 2112 T10
2331 2004 2514 2112 SE
2529 2008 2618 2111 Ο
2632 2005 2744 2110 U'
2733 2006 2840 2112 Ν
2849 2009 3077 2116 ΒΑ

1642 2191 1796 2268 Qute
1829 2195 1927 2256 est
1973 2191 2254 2256 secunda
2289 2192 2536 2254 abbatis
2583 2192 2840 2274 Moysis,

1964 2314 2050 2367 DE
2091 2313 2529 2366 DISCRETIONE.

1121 2511 1349 2569 CAPUT
1391 2508 1678 2566 PRIMUM.

683 2613 973 2682 Degustato
1022 2608 1201 2677 itaque
1251 2607 1518 2661 matutino
1565 2618 1795 2674 sopore,
1846 2617 1967 2658 cum
2016 2611 2194 2658 ortum

607 2708 744 2763 lucis
784 2704 999 2760 tandem
1044 2703 1199 2757 nobis
1239 2701 1502 2757 claruisse
1544 2699 1872 2769 gaudentes,
1906 2698 2201 2767 repromis-

608 2818 723 2859 satn
768 2799 1131 2854 narrationem
1175 2809 1468 2865 reposcere
1515 2794 1902 2861 cmpissemus,
1939 2800 1965 2831 ι
2010 2793 2199 2847 beatus

608 2897 820 2965 Moyses
846 2893 920 2948 ita
947 2905 1171 2947 exorsus
1200 2898 1283 2944 est
1311 2905 1325 2942 :
1355 2888 1488 2942 Cum
1520 2886 1731 2941 videam
1762 2900 1859 2939 vos
1887 2884 2022 2938 tanti
2054 2884 2196 2936 desi-

609 2986 746 3043 derii
774 2984 968 3040 ardore
1008 2981 1345 3047 ﬂammatus,
1392 2989 1449 3033 ut
1490 2994 1557 3032 ne
1598 2981 1773 3045 ipsum
1815 2976 2032 3046 quidem
2075 2990 2199 3046 par-

609 3077 893 3134 vissimum
939 3073 1136 3144 quietis
1180 3080 1546 3130 momentum.
1583 3070 1723 3135 quod
1768 3068 2002 3137 spiritali
2033 3066 2199 3120 colla-

617 3169 754 3225 tioui
783 3168 1108 3222 subtrahens
1135 3205 1149 3230 ,
1180 3163 1461 3218 refectioni
1491 3163 1671 3216 carnis
1701 3160 1994 3214 malueram
2026 3159 2198 3227 depu-

609 3270 747 3326 tare,
780 3258 846 3312 ad
879 3259 1116 3326 requiem
1145 3259 1360 3309 oredatn
1391 3254 1553 3307 vestri
1577 3253 1822 3320 corporis
1864 3250 2194 3319 profecisse,

609 3352 742 3407 mihi
784 3364 1002 3419 quoque
1049 3349 1188 3401 ltnnc
1230 3355 1470 3401 Vestrum
1512 3343 1882 3399 consideranti
1920 3342 2192 3398 fervorem

608 3446 917 3502 sollicitudo
949 3443 1119 3512 major
1151 3442 1432 3496 incumbit.
1479 3439 1710 3493 Necesse
1739 3447 1824 3492 est
1853 3439 1995 3493 enim
2029 3440 2194 3492 etiam

611 3557 698 3598 me
727 3541 779 3595 in
811 3537 1168 3609 persolvendo
1195 3536 1399 3600 debito,
1428 3544 1578 3589 tanto
1604 3533 1865 3604 majorem
1891 3532 2195 3588 devotionis

608 3649 795 3690 curam
835 3647 1027 3701 gerere
1051 3673 1066 3695 ,
1095 3640 1300 3699 quanto
1329 3643 1424 3683 vos
1464 3628 1722 3683 attentius
1752 3625 1907 3682 video
1938 3625 2067 3680 illud
2102 3641 2197 3681 ex-

613 3741 838 3798 petere,
888 3724 1183 3779 secundum
1239 3723 1386 3778 illam
1436 3723 1804 3778 sententiam:
1836 3720 1863 3759 b
1892 3721 1954 3777 Si
1994 3721 2193 3775 sederis

611 3837 808 3874 coenare
848 3820 917 3871 ad
958 3834 1182 3872 mensam
1225 3818 1480 3888 potentis,
1513 3819 1772 3890 sapienter
1811 3816 2040 3888 intellige
2078 3831 2195 3887 qua:

2222 2516 2555 2578 agressus,
2617 2508 2783 2564 linem
2839 2516 3042 2565 nostra;
3097 2509 3456 2582 disputationi
3509 2513 3698 2583 dedit,
3755 2530 3874 2572 eon-

2302 2617 2495 2672 gruum
2546 2601 2817 2657 credimus
2864 2601 2985 2672 ejus
3026 2607 3400 2662 excellentiam
3445 2605 3664 2665 Patrum
3707 2615 3876 2681 primo

2301 2694 2623 2765 consignare
2652 2695 2936 2751 sententiis
2963 2739 2977 2761 ,
3012 2707 3068 2752 ut
3096 2714 3215 2754 cum
3260 2703 3492 2770 patuerit
3529 2704 3656 2773 quid
3694 2704 3762 2762 de
3791 2705 3875 2760 illa

2299 2789 2570 2845 senserint
2600 2789 2689 2844 vel
2719 2792 3193 2859 pronuntiaverint
3235 2793 3472 2864 majores
3509 2798 3724 2864 nostri,
3769 2806 3875 2852 tum

2300 2883 2529 2954 prolatis
2583 2895 2689 2938 tam
2739 2885 2976 2956 antiquis
3022 2888 3317 2943 multorum
3361 2905 3522 2959 quam
3571 2893 3878 2948 recentibus

2300 2975 2474 3031 ruinis
2503 2985 2554 3032 et
2587 2977 2800 3032 casibus
2829 2977 2919 3048 qui
2941 3022 2955 3046 ,
2992 2993 3090 3048 pro
3121 2994 3186 3034 eo
3211 2980 3356 3052 quod
3385 2981 3564 3039 minus
3604 3001 3729 3042 eam
3773 2984 3880 3040 lue-

2299 3077 2421 3124 rant
2466 3069 2736 3135 assecuti,
2794 3072 3098 3139 pernicioso
3147 3072 3342 3144 dejeeti
3397 3085 3524 3132 sunt
3576 3077 3772 3147 lapsu,
3824 3079 3874 3133 in

2299 3171 2560 3230 quantuni
2593 3178 2888 3234 possumus
2910 3209 2923 3232 ,
2958 3166 3218 3221 utilitates
3244 3167 3360 3236 ejus
3389 3177 3444 3223 et
3471 3174 3759 3227 commoda
3806 3184 3882 3228 re-

2301 3262 2622 3312 tractemus:
2648 3259 2845 3328 quibus
2866 3258 3130 3318 di~cussis
3151 3262 3605 3329 quemadmodum
3635 3268 3884 3322 excolere

2298 3363 2416 3404 eam
2445 3359 2606 3420 atque
2639 3363 2893 3422 expetere
2926 3353 3242 3420 debeamus,
3267 3358 3676 3415 considerantes
3707 3363 3887 3416 merlu

2297 3441 2416 3509 ejus
2453 3451 2508 3496 et
2550 3444 2738 3512 gratize
2781 3444 3029 3512 pondus,
3078 3443 3351 3502 eiﬂeacius
3393 3448 3749 3504 instruamur.
3792 3451 3886 3505 Est

2297 3537 2440 3606 enim
2473 3549 2576 3590 non
2610 3535 2902 3592 mediocris
2944 3538 3188 3609 quaedam
3239 3539 3444 3607 virtus,
3475 3555 3572 3596 nec
3615 3556 3741 3612 quae
3792 3542 3886 3596 hu-

2298 3644 2452 3683 mana
2507 3631 2707 3698 passim
2757 3632 2936 3685 valeat
2984 3631 3250 3687 industria
3299 3634 3690 3701 comprehendi
3721 3677 3737 3700 ,
3786 3635 3890 3690 nisi

2297 3723 2485 3778 divino
2533 3726 2696 3779 luerit
2744 3740 2970 3780 munere
3015 3727 3297 3798 gratiaque
3338 3729 3556 3784 collata.
3600 3729 3888 3800 Siquidem

2299 3815 2437 3870 inter
2479 3817 2812 3872 nobilissima
2857 3817 3094 3887 Spiritus
3135 3820 3306 3874 sancti
3351 3821 3526 3888 dona,
3571 3822 3713 3878 hanc
3758 3839 3894 3893 quo-

609 3921 946 3982 apponuntur
977 3911 1103 3976 tibi,
1137 3920 1182 3963 et
1215 3912 1426 3965 immitte
1453 3926 1662 3964 manum
1692 3921 1854 3973 tuam,
1888 3912 2050 3965 sciens
2076 3909 2195 3978 quia
2223 3919 2267 3982 (ς
2298 3923 2400 3977 que
2446 3907 2517 3960 ita
2566 3908 2790 3978 legimus
2833 3908 2899 3964 ab
2941 3908 3200 3978 Aposmlo
3231 3913 3504 3966 numerari
3533 3931 3544 3964 :
3574 3913 3680 3966 Alii
3726 3923 3894 3967 datur

610 4007 734 4058 talia
782 4011 976 4074 aportet
1020 4012 1065 4055 te
1108 4017 1402 4071 praeparare
1442 4000 1644 4072 (Prov.
1679 4015 1810 4054 xxut
1839 4016 1940 4054 sec.
1985 4000 2184 4071 LXX).

610 4097 971 4162 Quamobrem
1015 4093 1083 4147 de
1135 4093 1276 4147 bono
1325 4093 1674 4147 discretionis
1714 4094 1941 4161 ejmque
1987 4092 2186 4148 virtute

612 4189 842 4254 dicturi,
896 4188 950 4242 in
995 4201 1152 4256 quam
1197 4201 1376 4250 sermo
1415 4195 1696 4240 nocturnae
1747 4185 2052 4241 collationis
2101 4189 2180 4241 in-

2294 4020 2384 4073 per
2431 4003 2674 4069 spiritum
2720 4019 2891 4056 sermo
2936 4005 3242 4076 sapientiae;
3283 4005 3375 4059 alii
3421 4005 3549 4075 ﬁdes
3597 4007 3652 4060 in
3706 4011 3896 4062 eodem

2292 4095 2527 4162 spiritu;
2555 4096 2646 4150 alii
2674 4097 2841 4169 gratia
2880 4097 3160 4154 sanitatum
3202 4098 3254 4154 in
3296 4115 3397 4152 uno
3438 4101 3625 4172 spiritu
3664 4101 3727 4173 (Ι
3761 4101 3892 4156 Cor.

2295 4202 2370 4242 xu
2403 4186 2443 4256 ).
2505 4187 2571 4242 Et
2624 4197 2748 4257 post
2799 4205 2968 4259 pauca
3012 4207 3027 4246 :
3089 4200 3111 4230 ο
3159 4191 3264 4248 ΑΙὶί
3313 4193 3556 4249 discretio
3605 4196 3899 4265 spirituum

1677 4297 1932 4353 ALARDI
1969 4298 2200 4356 GAZAL‘I
2237 4299 2803 4358 COMMENTARIUS.

688 4429 712 4454 α
738 4417 861 4472 llaec
891 4415 1119 4488 secunda
1147 4413 1364 4488 collatio
1392 4413 1605 4488 abbatis
1647 4415 1844 4488 illoysis
1872 4436 1882 4469 :
1916 4417 2070 4486 cujus
2096 4419 2183 4473 iti-

610 4491 732 4544 dem
763 4503 1024 4543 summam
1061 4487 1284 4558 Photius
1314 4487 1498 4552 paucis
1528 4486 1704 4540 verbis
1737 4486 2061 4558 complexus
2102 4499 2184 4546 est

611 4561 854 4629 (l’ltotius
886 4557 1090 4612 Bibliot.
1125 4555 1192 4610 (ἕ.
1225 4558 1366 4626 197).

681 4631 706 4669 b
751 4634 822 4685 lta
854 4629 1147 4683 secundum
1177 4629 1476 4681 versionem
1513 4627 1652 4681 LXX
1685 4627 1890 4698 ltiterp.
1926 4629 2182 4694 Vulgatus

608 4719 735 4756 vero
767 4703 842 4755 sic
870 4717 881 4753 :
929 4700 1150 4762 Quando
1178 4699 1369 4752 sederis
1396 4707 1448 4772 ut
1479 4700 1716 4752 comedas
1758 4717 1874 4753 cum
1916 4703 2142 4772 principe
2164 4744 2176 4768 ,

532 4787 549 4806 ‘
605 4776 878 4845 diligenter
903 4772 1106 4845 attende
1131 4785 1242 4845 qua
1267 4771 1502 4840 apposita
1522 4779 1637 4822 sunt
1660 4779 1779 4845 ante
1806 4772 1988 4841 faciem
2014 4781 2176 4840 luant,

607 4856 653 4898 et
683 4841 847 4898 statue
877 4843 1097 4894 cultrum
1124 4843 1176 4894 in
1205 4848 1409 4912 gutture
1433 4851 1541 4900 tuo.
1574 4851 1678 4894 etc.
1708 4841 1875 4912 Cujus
1902 4846 2184 4899 sententia!

605 4919 751 4971 varia
779 4913 1044 4982 eXpositio
1076 4923 1184 4966 tum
1216 4911 1466 4985 ljrtteralis
1493 4925 1540 4965 et
1570 4911 1822 4980 germana
1845 4955 1860 4975 .
1894 4927 2004 4966 tuin
2035 4931 2178 4985 mys-

607 4992 706 5041 tica
742 4996 798 5041 ct
822 4985 1118 5050 spiritualis
1157 4999 1186 5036 a
1227 4981 1475 5036 Patribus
1515 4985 1833 5050 proponitur
1869 4985 2031 5050 (Vide
2060 4981 2181 5038 Del-

603 5061 737 5113 rinm
765 5060 816 5109 in
842 5055 1080 5122 Adagial.
1108 5074 1160 5119 ρ.
1185 5054 1219 5106 ‘2
1243 5054 1284 5124 ).
1318 5055 1574 5122 Myslicus
1605 5057 1743 5110 inter
1791 5056 1930 5111 alios
1970 5065 2048 5109 cst
2095 5057 2181 5111 hic

602 5145 794 5184 sensus
822 5142 979 5194 quem
1014 5124 1256 5193 sequitur
1286 5130 1507 5184 Auctor.
1538 5139 1646 5192 quo
1676 5128 1834 5181 docet
1863 5126 2176 5188 magistrum

603 5211 754 5254 tutuo
825 5197 1015 5264 majori
1069 5195 1431 5250 sollicitudine
1483 5197 1760 5262 discipulis
1817 5196 2173 5263 satisfacere,

599 5283 801 5341 quanto
831 5269 1108 5341 iniajorem
1155 5268 1366 5341 illorum
1414 5267 1683 5341 terrorem
1724 5277 1790 5341 et
1817 5269 2172 5341 attentionem

599 5336 721 5395 t§s~e
752 5339 1215 5394 animadverterit.
1253 5338 1340 5390 Sic
1371 5339 1529 5389 etiam
1563 5336 1728 5389 ferme
1763 5337 1822 5389 D-
1858 5340 2174 5392 Ambrosius

597 5413 691 5467 lib.
723 5428 738 5466 ι
765 5411 915 5464 Utlic.
949 5426 1071 5474 cap.
1099 5409 1169 5462 ‘2').
1193 5410 1314 5461 hinc
1344 5409 1530 5475 probat
1557 5407 1894 5461 referendam
1917 5411 2168 5477 gratiam,

595 5485 639 5537 si
674 5485 792 5551 quis
838 5486 903 5533 ab
944 5483 1125 5546 aliquo
1166 5479 1484 5533 benelltiutu
1526 5479 1816 5542 acceperit,
1865 5489 1920 5532 et
1958 5479 2173 5534 imitati-

595 5555 718 5606 dum
749 5553 905 5605 nobis
937 5559 1181 5602 naturam
1224 5558 1484 5603 terrarum
1510 5591 1524 5614 ,
1571 5565 1690 5617 qua:
1729 5562 2038 5615 susceptum
2078 5567 2169 5605 se-

593 5638 714 5678 men
746 5621 1167 5698 multiplicatiori
1198 5619 1338 5675 solet
1366 5636 1588 5693 numero
1618 5621 1851 5678 reddere
1885 5635 2043 5695 quam
2075 5635 2169 5677 ac-

594 5700 820 5748 ωυθηι.

2206 5237 2254 5297 ι)

2365 4417 2563 4493 °_Dnna
2594 4417 2830 4493 Spiritus
2869 4419 3079 4493 sancti,
3122 4435 3216 4475 seu
3257 4422 3462 4490 gratias
3503 4438 3637 4493 quas
3680 4441 3902 4486 vocant

2286 4491 2457 4558 gratis
2485 4489 2638 4543 datas
2658 4531 2672 4554 ,
2705 4491 2773 4543 ab
2799 4492 3057 4557 Apostnlo
3083 4501 3136 4545 et
3166 4507 3228 4546 ex
3263 4489 3635 4559 Apostolo'hic
3682 4515 3902 4556 κιο-(κω-

2287 4559 2417 4613 sitas
2445 4561 2658 4629 egregie
2686 4560 2918 4629 explicat
2951 4563 3010 4616 ι).
3040 4561 3273 4616 Thomas
3301 4574 3404 4615 tam
3446 4563 3497 4617 iii
3529 4578 3900 4627 commenta-

2285 4631 2400 4695 rio,
2432 4646 2592 4710 quam
2615 4637 2677 4710 _in
2709 4633 3442 4710 Summa_Tlieologirau(1-2
3469 4651 3520 4705 q.
3552 4636 3654 4690 ΗΞ
3682 4657 3746 4694 α.
3786 4643 3860 4710 4)
3882 4686 3898 4708 ,

2284 4716 2382 4770 per
2404 4703 2791 4775 itllsQl‘GllOllt’tllt
2825 4705 3111 4771 spirituum
3159 4705 3464 4775 intelligens
3483 4703 3488 4705 ⁷
3505 4703 3903 4775 οοκηξιιοιιεὶιί

2285 4774 2468 4848 cordis
2508 4773 2722 4848 humani
2765 4785 2818 4848 et
2854 4788 3186 4830 secretorum
3215 4773 3356 4844 ejus.
3386 4778 3534 4832 Sient
3565 4773 3720 4834 enim
3746 4827 3762 4848 ,
3809 4787 3902 4838 iu-

2286 4847 2434 4911 quii,
2467 4845 2746 4912 prophetia
2786 4845 2944 4900 datur
2988 4848 3053 4901 ad
3101 4853 3471 4912 cegnoscenda
3518 4858 3572 4903 et
3611 4845 3904 4911 manifes-

2287 4916 2446 4967 tatidt
2496 4912 2675 4969 futura
2725 4919 3086 4986 contingentia
3139 4933 3259 4982 qua:
3305 4920 3471 4973 solius
3515 4920 3604 4973 Dei
3646 4936 3740 4975 ρει
3803 4943 3910 4980 eo-

2283 5000 2583 5052 gnoscere,
2625 4987 2697 5041 ita
2737 4989 2994 5042 discretio
3033 4988 3320 5056 Spirituum
3368 4990 3434 5043 ad
3476 4992 3905 5049 manifestamla

2283 5059 2495 5129 oet-ulta
2521 5059 2760 5129 cordium
2790 5074 2910 5129 qua:
2936 5062 3081 5112 stilus
3131 5061 3270 5113 Dens
3308 5069 3580 5114 Scrutatur
3604 5081 3616 5092 ι
3665 5073 3738 5118 ut
3787 5083 3906 5121 sci-

2284 5125 2407 5181 licet
2436 5127 2596 5202 liomn
2625 5125 2932 5202 discernere
2964 5130 3133 5197 possit
3159 5145 3267 5198 quo
3295 5132 3485 5195 Spiritu
3527 5135 3737 5202 aliquis
3778 5153 3911 5192 nio-

2283 5208 2471 5252 veatur
2515 5197 2582 5252 ad
2629 5199 2944 5264 loquendum
2994 5208 3051 5254 et
3095 5197 3464 5268 operantium.
3509 5197 3636 5269 puta
3685 5217 3906 5261 utrum

2279 5271 2468 5338 spiritu
2513 5271 2820 5334 clutritat:s,
2847 5270 2929 5324 vel
2959 5271 3152 5325 invidia
3177 5313 3192 5336 ,
3215 5271 3361 5338 juxta
3401 5272 3532 5326 illud
3558 5271 3573 5324 Ι
3596 5273 3754 5329 Jmn
3809 5293 3908 5332 Iv:

2281 5337 2460 5413 Nolite
2486 5341 2625 5413 omni
2651 5341 2855 5413 spiritui
2881 5343 3113 5405 credere,
3139 5337 3229 5395 sed
3256 5342 3463 5413 probate
3489 5345 3717 5410 spiritus
3751 5351 3806 5401 si
3838 5365 3910 5402 ex

2282 5409 2386 5465 Deo
2415 5413 2538 5466 sint.
2584 5409 2748 5467 Potito
2783 5414 2942 5464 latins
2971 5427 3182 5466 sumere
3213 5412 3420 5466 Videtur
3452 5409 3525 5466 D.’
3545 5413 3908 5472 Ambrosius

2276 5481 2410 5558 dum
2430 5485 2504 5558 ait
2528 5501 2541 5558 :_
2579 5483 2822 5558 Discretio
2852 5485 3128 5558 spirituum
3147 5523 3162 5546 ,
3182 5494 3248 5558 _ut
3265 5481 3535 5558 intelligat
3563 5498 3612 5537 et
3639 5489 3908 5558 iudicet,

2273 5556 2411 5622 quod
2439 5554 2644 5616 dicitur,
2675 5570 2741 5606 an
2771 5551 2997 5624 Spiritus
3023 5555 3194 5608 sancti
3228 5555 3295 5608 sit
3336 5570 3404 5607 an
3444 5551 3731 5611 mundani.
3791 5551 3913 5615 La;

2276 5625 2481 5678 tissime
2501 5639 2626 5679 vero
2651 5624 2737 5678 hic
2757 5625 2950 5691 accipit
2971 5625 3138 5682 abbas
3166 5640 3264 5692 pro
3285 5625 3491 5694 judicio
3514 5627 3911 5686 discretionis

2273 5709 2433 5763 quam
2453 5695 2743 5766 Apostolus
2771 5694 2959 5766 (Hebr.
2988 5699 3042 5762 ν)
3072 5698 3630 5754 vocatdiscretionem
3652 5699 3818 5758 boni
3854 5716 3913 5761 et
