4014 6200
215 187 320 261 528

1263 196 1607 260 COLLATIO
1647 199 1712 256 11.
1744 228 1814 244 --
1845 200 1932 258 DE
1971 199 2455 258 DISCRETIONE.

3396 215 3503 274 536

214 319 255 389 (1
280 319 404 376 Cor.
433 317 560 393 xu).
585 317 792 376 Deinde
813 317 1093 388 completo
1109 317 1252 374 omni
1279 318 1521 389 catalogo
1543 316 1807 386 spiritua-
1834 321 1888 382 Α
1913 316 2102 373 dicens
2135 334 2150 372 :
2189 317 2392 384 Venite,
2423 317 2671 372 benedicti
2709 318 2872 389 patris
2911 320 3032 387 mei,
3054 323 3311 394 possidete
3348 345 3506 399 para-

213 411 340 466 lium
381 412 774 469 charismatum
798 455 814 480 ,
865 410 1028 467 infert
1058 429 1072 464 :
1126 412 1310 466 Omnia
1340 421 1510 466 autent
1537 412 1649 467 licet:
1678 427 1807 480 ope-

209 512 360 560 ratur
415 521 556 560 unus
610 512 762 573 atque
808 504 946 558 idem
996 501 1264 576 Spiritus,
1311 504 1537 558 dividens
1590 504 1808 578 singulis

211 604 367 664 prout
397 595 507 654 vult
535 591 712 667 (Ibid.
740 593 780 664 ).
816 593 1023 650 Videtis
1065 608 1201 663 ergo
1243 609 1353 649 non
1401 603 1674 650 terrenum
1707 611 1809 653 nec

213 701 441 756 parvum
475 701 598 744 esse
627 686 975 744 discretionis
1004 702 1231 752 munus,
1263 686 1364 743 sed
1391 685 1590 744 divina:
1620 688 1810 760 gratiae

211 782 512 838 maximum
565 780 896 854 praemium:
951 796 1116 852 quam
1162 781 1266 837 nisi
1315 781 1616 838 monachus
1661 781 1810 838 omni

215 872 525 930 intentione
575 874 738 930 fuerit
783 881 1075 932 assecutus
1113 917 1130 944 ,
1182 883 1239 930 et
1289 875 1702 932 ascendentium
1757 876 1812 932 in

213 980 339 1023 sese
387 965 675 1036 spirituum
731 966 1119 1023 discretionem
1161 974 1310 1023 certa
1360 967 1576 1024 ratione
1620 982 1812 1039 posse-
1851 979 1856 982 '

217 1057 395 1125 derit,
424 1073 655 1115 necesse
685 1067 767 1114 est
796 1074 922 1114 eum
951 1059 1104 1116 velut
1144 1059 1199 1116 in
1240 1068 1403 1130 nocte
1443 1074 1587 1116 caeca
1632 1060 1812 1118 tetris-

216 1167 323 1220 que
373 1150 612 1207 tenebris
656 1151 1028 1219 oberrantem,
1061 1160 1087 1189 ι
1115 1167 1226 1208 non
1270 1152 1452 1207 solum
1491 1152 1815 1223 perniciosis

218 1244 397 1302 foveis
427 1245 821 1316 praeruptisque
868 1245 1148 1315 Incidere,
1195 1245 1291 1302 sed
1333 1247 1496 1302 etiam
1545 1246 1598 1302 in
1641 1245 1815 1317 planis

215 1351 284 1398 ac
313 1335 536 1395 directis
565 1336 889 1410 frequenter
918 1336 1219 1394 offendere.

847 1427 1080 1485 CAPUT
1121 1427 1186 1484 ll.

216 1521 557 1580 Discretionis
603 1521 806 1579 utilitas
843 1536 909 1574 ea:
945 1521 1296 1591 disputatione
1348 1521 1550 1578 abbatis
1605 1521 1816 1578 Antonii

693 1621 695 1623 ι
829 1591 1230 1645 demonstratur.

1915 419 2025 462 tum
2077 409 2216 462 vobis
2268 425 2483 478 regnum
2532 425 2566 462 a
2620 410 2984 464 constitutione
3031 415 3258 467 mundi:
3313 421 3504 475 esuriui

1910 501 2080 567 enim,
2115 511 2162 554 et
2189 501 2405 554 dedistis
2435 501 2562 555 mihi
2591 503 2945 571 manducare;
2986 505 3123 560 silici
3143 547 3158 572 ,
3200 518 3246 563 et
3290 509 3506 567 dedistis

1910 593 2039 648 mihi
2067 593 2236 652 bibere
2254 635 2272 662 ,
2298 606 2402 650 etc.
2432 594 2653 667 (Matth.
2678 596 2828 668 xxv).
2859 595 3103 669 Cumque
3129 600 3185 655 in
3213 601 3357 660 hunc
3388 620 3506 660 mo-

1911 685 2040 742 dum
2070 685 2305 742 diversis
2330 687 2626 744 virtutibus
2653 689 2859 744 aditum
2891 693 3186 748 certiorem
3220 693 3286 750 ad
3328 695 3499 754 Deum

1915 778 2099 849 parari
2150 794 2314 850 posse
2357 780 2752 850 decernerent,
2798 792 3054 855 essetque
3099 788 3283 844 noctis
3331 791 3504 848 niaxi-

1914 887 2060 928 mum
2093 883 2307 942 tempus
2346 874 2448 932 hac
2488 877 2842 948 inquisitione
2883 887 3506 952 consumptum;intulit
3558 874 3563 880 ’

1913 965 2136 1021 demum
2165 966 2357 1022 beatus
2383 970 2650 1026 Antonius
2682 987 2696 1024 :
2722 968 2746 1006 ά
2773 970 2965 1026 Omnia
2993 974 3210 1043 quidem
3241 977 3356 1032 haec
3382 993 3506 1049 quae

1914 1057 2128 1114 dixistis
2170 1062 2481 1116 necessaria
2519 1070 2647 1118 sunt
2684 1073 2739 1118 et
2783 1065 2936 1120 utilia
2978 1067 3289 1126 sitientibus
3333 1070 3505 1128 Deum

1915 1160 2078 1222 atque
2108 1153 2176 1207 ad
2205 1168 2328 1208 eum
2360 1155 2702 1224 cupientibus
2732 1159 3017 1228 pervenire
3043 1177 3058 1226 ;
3087 1161 3185 1218 sed
3227 1162 3312 1218 liis
3353 1165 3508 1234 prin-

1917 1244 2146 1314 cipalem
2188 1246 2424 1302 tribuere
2467 1249 2696 1318 gratiam
2724 1265 3063 1323 nequaquam
3096 1271 3197 1310 nos
3229 1256 3508 1316 innumeri

1917 1335 2214 1390 multorum
2259 1351 2418 1393 casus
2464 1347 2521 1394 et
2567 1341 2938 1411 experimenta
2989 1348 3328 1415 permittunt.
3373 1349 3505 1406 Nam

1918 1427 2184 1492 quosdam
2229 1443 2604 1499 saepenumero
2645 1434 2910 1490 acerrime
2934 1435 3160 1507 jejuniis
3187 1455 3281 1495 seu
3309 1442 3508 1513 vigiliis

1918 1519 2275 1590 incubantes,
2331 1537 2396 1578 ac
2451 1523 2680 1580 mirifice
2720 1525 2774 1580 in
2816 1529 3107 1585 solitudine
3147 1534 3506 1606 secedentes,

1919 1609 2284 1679 privationem
2309 1628 2525 1684 quoque
2553 1615 2793 1670 omnium
2824 1616 3136 1675 facultatum
3181 1621 3253 1677 ita
3293 1634 3512 1682 sectan-

290 1706 513 1763 Memini
544 1707 716 1777 ίείωι-
744 1704 1020 1776 quondam
1051 1703 1108 1760 in
1150 1704 1309 1762 annis
1347 1704 1525 1760 adhuc
1565 1704 1814 1773 pueritia:
1844 1705 1894 1766 B
1920 1710 2022 1771 tes,
2049 1712 2108 1760 ut
2129 1719 2193 1758 ex
2225 1705 2357 1774 ipsis
2387 1721 2454 1760 ne
2486 1711 2644 1764 unius
2673 1708 2890 1780 quidem
2920 1712 3027 1768 diei
3055 1715 3260 1772 victum
3289 1718 3510 1777 sibimet

217 1799 556 1857 constitutus
582 1799 639 1854 in
670 1796 916 1869 partibus
944 1795 972 1836 δ
992 1796 1302 1864 Thebaidis,
1325 1797 1411 1852 ubi
1441 1796 1634 1852 beatus
1650 1797 1820 1854 Anto-

221 1893 354 1950 nius
381 1890 724 1958 morabatur,
760 1901 782 1929 ε
811 1888 1058 1946 seniores
1087 1889 1154 1944 ad
1186 1903 1313 1944 eum
1343 1888 1701 1962 perfectionis
1731 1880 1819 1945 in.-

224 1982 512 2054 quirendae
538 1985 716 2056 gratia
746 1983 1096 2038 convenisse.
1131 1981 1375 2052 Cumque
1416 1997 1447 2038 a
1491 1983 1822 2053 vespertinis

223 2076 377 2134 horis
443 2090 616 2144 usque
663 2076 730 2130 ad
782 2075 957 2130 lucem
1003 2077 1196 2142 luisset
1244 2083 1521 2146 protracta
1567 2075 1820 2144 collatio,

224 2169 583 2242 quaestionem
637 2169 775 2225 hanc
823 2169 1118 2224 maximum
1168 2169 1348 2226 noctis
1401 2171 1636 2242 spatium
1686 2183 1823 2225 con-

223 2263 553 2334 sumpsisse.
607 2261 738 2319 Nam
798 2261 1112 2320 diutissime
1163 2263 1523 2333 quaerebatur
1573 2280 1824 2335 quaenam

223 2353 403 2411 virtus
441 2354 527 2411 vel
567 2354 917 2411 observantia
954 2355 1283 2414 monachum
1331 2356 1505 2428 possit
1549 2371 1578 2412 a
1621 2356 1824 2418 diaboli

226 2446 439 2518 laqueis
464 2463 526 2504 ac
553 2448 968 2520 deceptionibus
998 2449 1278 2506 custodire
1306 2463 1526 2520 semper
1559 2449 1786 2504 illaesum
1804 2489 1822 2520 ,

223 2540 312 2597 vel
339 2549 493 2598 certe
534 2551 685 2598 recto
727 2543 944 2597 tramite
987 2538 1254 2614 ﬁrmaque
1295 2557 1493 2614 gressu
1532 2542 1600 2598 ad
1644 2543 1826 2612 perfe-

223 2633 426 2691 ctionis
458 2633 675 2690 culmen
708 2634 1026 2706 perducere.
1075 2633 1328 2708 Cumque
1356 2649 1456 2705 pro
1481 2645 1645 2706 captu
1675 2650 1830 2692 men-

222 2725 297 2782 tis
324 2739 440 2782 sua:
473 2727 849 2796 unusquisque
881 2725 1212 2784 sententiam
1244 2740 1400 2782 suam
1433 2724 1741 2795 proferret,
1773 2733 1831 2782 et

221 2819 319 2875 alii
352 2817 573 2890 quidem
604 2816 710 2879 hoc
739 2817 792 2872 in
820 2816 1154 2888 jejuniorum
1183 2817 1603 2890 vigiliarumque
1645 2818 1830 2876 studio

224 2911 603 2981 collocarent,
633 2911 781 2982 quod
814 2911 901 2967 his
932 2910 1192 2968 videlicet
1231 2919 1528 2968 extenuata
1571 2925 1730 2967 mens
1767 2925 1832 2967 ac

223 3007 526 3079 paritatem
569 3007 754 3064 cordis
779 3015 835 3062 et
860 3007 1109 3080 corporis
1136 3015 1388 3063 assecuta
1411 3047 1428 3072 ,
1463 3007 1575 3063 Deo
1613 3005 1831 3063 facilius

1923 1812 2198 1868 unumque
2223 1798 2506 1856 denarium
2550 1816 2837 1872 superesse
2878 1815 3212 1876 paterentur,
3257 1812 3512 1872 humani-

1923 1890 2051 1942 tatis
2073 1890 2233 1944 etiam
2259 1892 2435 1945 studia
2462 1901 2572 1946 tota
2595 1894 2887 1953 devotione
2910 1901 3248 1969 complentes
3272 1947 3286 1971 ,
3318 1907 3390 1961 ita
3425 1908 3510 1962 vi-

1922 1981 2100 2036 dimus
2140 1990 2366 2051 repente
2391 1983 2650 2052 deceptos
2673 2026 2690 2052 ,
2722 1995 2782 2042 ut
2807 2000 3085 2060 arreptum
3112 2008 3251 2062 Opus
3279 2013 3387 2053 non
3417 2013 3512 2068 po-

1924 2074 2126 2127 tuerint
2151 2088 2395 2143 congruo
2423 2078 2573 2130 exitu
2606 2079 2900 2135 terminare
2922 2122 2935 2146 ,
2979 2097 3360 2156 summumque
3402 2089 3512 2146 fer-

1922 2182 2108 2220 vorem
2141 2177 2194 2222 et
2223 2171 2694 2225 conversationem
2721 2171 3042 2227 laudabilem
3068 2176 3378 2234 detestabili
3407 2181 3511 2236 ﬁne

1924 2261 2237 2315 clauserint.
2272 2261 2638 2328 Quamobrem
2671 2263 2798 2334 quid
2828 2265 3200 2336 principaliter
3241 2269 3402 2325 ducat
3444 2275 3512 2329 ad

1925 2352 2094 2408 Deum
2131 2353 2420 2409 manifeste
2449 2356 2751 2424 poterimus
2781 2372 3115 2425 agnoscere,
3153 2359 3200 2413 si
3241 2361 3412 2416 ruinae
3451 2378 3515 2417 ac

1926 2445 2265 2516 deceptionis
2293 2447 2508 2502 illorum
2540 2463 2704 2504 causa
2731 2449 3045 2520 diligentius
3083 2467 3111 2506 a
3155 2453 3313 2508 nobis
3356 2453 3520 2512 fuerit

1929 2539 2202 2612 indagata.
2235 2541 2349 2596 illis
2378 2557 2612 2613 namque
2651 2558 2776 2598 cum
2816 2545 3183 2601 exuberarent
3224 2547 3518 2616 praedicta-

1928 2647 2050 2688 rum
2079 2647 2243 2703 opera
2271 2633 2528 2688 virtutum
2553 2675 2568 2701 ,
2600 2635 2859 2691 discretio
2903 2637 3019 2692 sola
3057 2637 3319 2694 deﬁciens
3346 2655 3520 2712 usque

1928 2726 1996 2781 ad
2041 2726 2203 2782 ﬁnem
2244 2741 2305 2781 ea
2349 2726 2548 2782 durare
2577 2742 2683 2783 non
2713 2728 2858 2783 sivit.
2890 2728 2998 2784 Nec
3023 2728 3170 2786 enim
3198 2732 3302 2787 alia
3335 2733 3520 2804 lapsus

1931 2833 2118 2875 eorum
2150 2832 2311 2873 causa
2344 2818 2793 2886 deprehenditur,
2828 2822 2930 2875 nisi
2977 2822 3126 2892 quod
3169 2825 3348 2880 minus
3377 2841 3406 2879 a
3437 2841 3523 2882 se-

1933 2911 2177 2966 niorihus
2202 2912 2476 2979 instituti,
2524 2929 2862 2983 nequaquam
2913 2924 3210 2983 potuerunt
3251 2919 3522 2975 rationem

1884 2998 1889 3004 ’
1934 3005 2279 3060 discretionis
2315 3005 2578 3075 adipisci,
2609 3022 2727 3076 qum
2763 3010 3192 3076 praetermittens
3237 3020 3524 3083 utramque

225 3102 479 3164 uoiretur
505 3119 518 3156 :
549 3101 646 3158 alii
691 3103 746 3159 in
796 3102 1044 3158 nuditate
1088 3108 1147 3156 et
1185 3109 1504 3171 contemptu
1549 3100 1829 3157 universa-
1857 3101 1904 3168 ο
1935 3097 2268 3152 nimietatem
2290 3139 2304 3164 ,
2338 3097 2422 3151 via
2455 3099 2598 3168 regia
2629 3097 2791 3154 docet
2832 3101 3158 3157 monachum
3200 3116 3414 3174 semper
3444 3105 3524 3159 in-

221 3211 351 3252 rum
385 3211 570 3252 rerum
602 3194 800 3267 quibus
825 3210 980 3251 mens
1011 3194 1058 3249 si
1090 3195 1316 3266 penitus
1343 3204 1659 3261 exueretur,
1691 3202 1829 3250 tam-

224 3306 396 3364 quam
428 3289 590 3346 nullis
619 3289 881 3360 deinceps
911 3287 1278 3344 retinentibus
1320 3288 1529 3357 laqueis
1558 3287 1625 3342 ad
1657 3287 1828 3343 Deum

226 3367 547 3452 expeditior
575 3382 924 3452 perveniret;
953 3383 1047 3438 alii
1075 3383 1417 3459 ἀναχώρησιν
1441 3381 1830 3448 necessariam,

229 3478 287 3534 id
317 3486 434 3543 est,
469 3478 828 3534 remotionem
855 3485 914 3532 et
937 3476 1111 3533 eremi
1152 3485 1364 3531 secreta
1407 3485 1728 3541 censerent,
1775 3474 1832 3533 in

227 3587 342 3644 qua
372 3585 728 3628 commanens
755 3569 878 3642 quis
910 3570 1235 3626 familiarius
1269 3569 1618 3638 interpellare
1659 3569 1830 3626 Deum

231 3666 404 3735 eique
456 3664 630 3735 possit
684 3663 1019 3734 peculiarius
1072 3661 1392 3718 inhaerere:
1445 3661 1691 3718 nonnulli
1749 3675 1838 3717 se-

228 3757 432 3814 ctanda
472 3755 796 3823 cltaritatis,
841 3754 894 3810 id
935 3763 1057 3824 est,
1093 3752 1446 3808 humanitatis
1475 3751 1652 3806 ofﬁcia
1700 3751 1838 3806 deﬁ-

231 3850 458 3916 nirent,
490 3847 638 3920 quod
675 3847 760 3902 his
803 3861 970 3918 regna
1018 3845 1288 3902 cmlorum
1331 3843 1581 3900 daturum
1627 3857 1688 3899 se
1729 3842 1837 3898 Do—

236 3941 429 3998 minus
470 3941 526 3997 in
571 3938 869 4012 Evangelio
919 3936 1072 3995 velut
1109 3935 1402 4008 specialius
1446 3934 1834 4004 repromittat,

1917 3188 2169 3260 cedere,
2199 3199 2254 3243 et
2297 3204 2397 3244 nec
2441 3190 2660 3246 dextera
2705 3191 2962 3247 virtutum
3007 3193 3270 3261 permittit
3293 3196 3524 3262 extolli,

1937 3281 1990 3336 id
2022 3289 2141 3349 est,
2173 3281 2405 3339 fervoris
2437 3298 2666 3338 excessu
2704 3285 3056 3340 continentia:
3094 3286 3259 3355 justas
3304 3289 3522 3344 modum

1938 3375 2120 3446 inepta
2151 3377 2577 3446 praesumptione
2609 3381 2998 3433 transcendere
3019 3418 3032 3441 ,
3066 3393 3168 3433 nec
3195 3380 3525 3438 oblectatum

1939 3469 2261 3524 remissione
2287 3469 2580 3526 deflectere
2608 3471 2676 3526 ad
2704 3473 2830 3526 vitia
2861 3473 3078 3527 sinistra
3105 3476 3390 3540 concedit,
3425 3476 3528 3530 hoc

1939 3570 2056 3624 est,
2107 3563 2210 3616 sub
2258 3571 2527 3631 praetextu
2575 3565 2908 3632 gubernandi
2954 3567 3204 3632 corporis
3249 3569 3528 3624 contrario

1939 3653 2162 3723 spiritus
2217 3664 2409 3723 tepore
2462 3657 2786 3711 lenteseere.
2839 3657 2962 3710 Hmc
3012 3673 3246 3726 namque
3289 3667 3373 3713 est
3420 3660 3522 3716 dis-

1939 3749 2148 3813 cretio,
2179 3763 2299 3817 qua:
2343 3749 2570 3814 oculus,
2616 3758 2671 3802 et
2712 3749 2929 3804 lucerna
2972 3750 3219 3816 corporis
3262 3752 3312 3805 in
3359 3752 3530 3806 Evan~

1939 3841 2083 3913 gelio
2113 3851 2473 3919 nuncupatur,
2498 3841 2794 3896 secundum
2817 3841 2960 3895 illam
2993 3842 3316 3898 sententiam
3345 3845 3531 3900 δεινα-

1941 3935 2073 3989 toris
2099 3951 2110 3987 :
2149 3941 2172 3970 ο
2201 3931 2437 3987 Lucerna
2465 3934 2698 4004 corporis
2730 3934 2804 3988 tui
2832 3941 2906 3988 est
2935 3934 3114 3989 oculus
3144 3943 3263 3990 tuus
3285 3953 3305 3991 .·
3332 3941 3465 4008 quod
3490 3939 3532 3993 si

1325 4048 1583 4105 ΑιΑιιῡι
1626 4047 1861 4105 ΕΑΖᾹΞΙ
1897 4047 2463 4104 COMMENTARIUS.

224 4145 408 4211 "mali,
440 4160 537 4202 seu
565 4144 820 4200 facultate
848 4141 1194 4199 discernendi
1226 4140 1369 4196 inter
1413 4155 1595 4194 verum
1645 4149 1698 4194 et
1742 4139 1844 4196 fal-

234 4234 401 4281 sum,
431 4218 625 4270 bonum
654 4224 708 4270 et
733 4215 931 4269 malum
952 4257 966 4278 ,
1002 4212 1362 4284 appetendum
1402 4221 1457 4284 et
1499 4212 1842 4284 fugiendum,

232 4303 373 4360 quae
400 4287 528 4360 nillil
555 4286 696 4341 aliud
720 4293 801 4341 est
827 4281 1133 4360 quautvera
1157 4292 1212 4360 et
1236 4281 1548 4360 Christiana
1565 4281 1844 4360 prudentia

233 4353 414 4429 quam
442 4357 596 4429 divus
629 4353 952 4428 Augustinus
980 4355 1073 4410 lib.
1109 4370 1125 4409 ι
1156 4354 1221 4408 de
1255 4353 1429 4429 libero
1459 4353 1692 4429 Arbitrio
1722 4368 1842 4429 cap.

240 4424 320 4486 l3
369 4428 559 4483 definit
602 4424 730 4483 esse
769 4442 948 4482 rerum
1007 4424 1529 4495 appetendarumiet
1571 4425 1846 4493 fugienda-

239 4514 372 4577 runt
404 4499 688 4556 scientiam
706 4516 729 4577 ;_
747 4508 799 4552 et
829 4499 923 4551 lib.
955 4494 1160 4577 Lxxsut
1184 4497 1294 4562 QQ.
1315 4510 1370 4564 q.
1403 4494 1632 4577 59,esse
1664 4509 1842 4549 rerum

243 4571 516 4627 bonarum
546 4581 600 4626 et
628 4573 889 4626 malarum
909 4609 922 4628 ,
955 4579 1007 4621 et
1037 4576 1355 4622 neuti-arum
1386 4571 1695 4618 scientiam.

267 4640 270 4641 ⁷
326 4651 354 4678 ει
387 4640 440 4695 1η
470 4642 708 4697 editione
746 4639 1091 4709 Lugduncnsi
1134 4639 1369 4709 legitur;
1415 4633 1538 4688 Non
1579 4635 1747 4689 solum
1787 4636 1841 4688 in

240 4713 557 4784 perniciosis
587 4712 746 4784 foveis
777 4708 1469 4784 prteruptisqueconcjdere.
1500 4774 1521 4784 _
1557 4745 1562 4750 .

321 4783 353 4821 ι’
383 4783 460 4838 De
479 4774 757 4838 Thebaide
777 4774 982 4834 dictum
1008 4774 1096 4851 est
1112 4780 1237 4834 alibi
1263 4778 1399 4851 (Lib.
1423 4774 1669 4851 tvlnstit.
1690 4793 1734 4851 c.
1759 4777 1840 4851 ὅ),

239 4856 404 4921 cujus
434 4856 596 4909 etiam
627 4855 818 4907 crebra
848 4851 1054 4906 mentio
1088 4850 1140 4905 in
1187 4849 1294 4904 vita
1341 4850 1482 4905 beati
1513 4849 1729 4902 Antonii
1774 4849 1842 4902 ab

241 4925 553 4982 Athanasio
581 4923 872 4992 descripta.

324 5007 350 5035 ε
396 4997 522 5051 Haec
568 4990 796 5048 formula
834 4992 1142 5049 collationis
1191 4992 1332 5046 inter
1381 4991 1505 5046 illos
1553 4990 1740 5044 Patres
1781 4998 1836 5044 et

240 5069 611 5123 anacltoretas
639 5065 825 5134 agitari
858 5065 1070 5129 solitae;
1111 5063 1197 5117 cui
1244 5077 1350 5116 non
1392 5063 1562 5114 solum
1612 5076 1836 5130 magnus

241 5141 524 5194 Antonius
569 5137 771 5206 saepius
815 5134 1000 5200 alluit;
1047 5148 1233 5206 verum
1262 5143 1317 5188 et
1361 5145 1688 5206 magnopere
1715 5146 1836 5184 eam

240 5200 678 5264 conmendavit.
708 5206 844 5261 Nam
875 5205 1204 5260 Athanasius
1227 5239 1242 5269 ,
1272 5200 1561 5273 quamdam
1594 5200 1709 5270 ejus
1740 5216 1836 5255 ex-

244 5281 618 5334 hortationem
648 5278 713 5332 ad
746 5278 944 5333 fratres
980 5276 1034 5330 in
1076 5274 1383 5342 hujnsmodi
1431 5283 1699 5325 conventu
1743 5286 1841 5342 seu

247 5350 553 5407 collatione
605 5349 844 5403 habitam
893 5341 1370 5406 commemorans,
1419 5344 1486 5397 ab
1535 5342 1616 5394 bis
1661 5341 1842 5396 verbis

245 5438 378 5477 eum
421 5436 677 5476 exorsum
719 5421 837 5474 ait:
871 5418 950 5471 At
993 5432 1192 5470 onmem
1234 5415 1443 5486 quidem
1481 5413 1844 5486 mandatorum

244 5493 592 5564 disciplinam
642 5492 950 5564 Scripturas
991 5481 1470 5564 posseAsu'fﬁcere:
1521 5483 1608 5535 sed
1651 5491 1701 5536 et
1740 5481 1846 5564 liae

243 5551 510 5635 Optimum
533 5565 671 5634 fore,
697 5551 960 5635 si_'m-utuis
984 5551 1038 5614 se
1067 5551 1285 5635 invicem
1315 5561 1503 5628 fratres
1530 5551 1847 5635 sermonibus

245 5621 672 5691 consolarentur:
715 5632 783 5688 Et
812 5648 895 5686 vos
936 5647 1076 5708 ergo,
1113 5621 1326 5708 inquit,
1357 5625 1586 5708 utpatri
1612 5665 1627 5689 ,
1669 5621 1851 5689 referte

245 5722 373 5764 aue
405 5708 566 5762 nostis
593 5721 610 5758 :
639 5715 686 5759 et
720 5721 833 5775 ego,
864 5719 976 5772 quae
993 5702 1091 5769 per
1115 5702 1329 5773 longam
1368 5705 1566 5752 wtatem
1609 5709 1850 5749 consecu-

1954 4150 2034 4194 tus
2063 4156 2198 4203 sum,
2229 4147 2376 4211 quasi
2406 4141 2530 4209 ﬁliis
2562 4140 2815 4196 indicabo.
2851 4142 3028 4198 llabcs
3050 4142 3194 4198 aliud
3219 4145 3400 4202 simile
3420 4151 3534 4204 eol-

1955 4211 2170 4280 lationis
2199 4211 2505 4280 exemplum
2539 4212 2675 4266 infra
2707 4214 2881 4280 capite
2914 4215 3000 4268 ll.

2027 4229 2170 4267 tonis
2199 4229 2505 4280 exemptum
2539 4229 2675 4266 Intra
2707 4229 2766 4267 ca
2813 4229 2881 4268 tte
2914 4229 3000 4268 1|.

2027 4277 2054 4318 ἀ
2086 4283 2643 4354 Praeclarasententia
2668 4284 2728 4338 Β.
2759 4229 2977 4338 Xntonii
3005 4285 3070 4338 de
3120 4287 3402 4354 prudentia
3440 4305 3534 4345 seu

1954 4352 2309 4408 discretione.
2345 4353 2440 4406 Cui
2472 4356 2696 4410 succinit
2734 4355 2790 4408 Β.
2826 4355 3059 4410 Basilius
3086 4352 3379 4413 Constituit.
3419 4362 3536 4415 Mn-

1954 4434 2096 4501 nast.
2144 4438 2264 4501 cap.
2314 4422 2385 4479 95
2412 4423 2494 4501 itis
2542 4426 2722 4501 verbis
2749 4425 2896 4501 :_In_
2927 4428 3064 4501 omni
3089 4446 3220 4501 Δ(μιω
3258 4433 3536 4501 suscipitur

1955 4496 2154 4548 actione
2193 4496 2508 4567 intercedere
2551 4496 2826 4565 prudentia
2864 4498 3027 4551 debet.
3080 4496 3214 4551 Nam
3265 4496 3538 4567 prudentia

1869 4557 1922 4617 D
1948 4575 2141 4641 remota
2172 4565 2302 4619 nihil
2321 4557 2780 4641 _t‘ujusvis'generis
2806 4578 2909 4628 est.
2938 4569 3074 4638 quod
3103 4570 3218 4623 licet
3245 4557 3431 4626 bonum
3461 4579 3536 4627 ri-

1946 4637 2152 4704 deatur,
2187 4653 2291 4713 non
2316 4637 2592 4713 inivitiunt'
2611 4642 2803 4713 recidat
2824 4682 2837 4701 ,
2866 4643 2909 4713 si
2940 4637 3028 4713 aut
3065 4642 3234 4694 alieno
3274 4654 3500 4713 tempore
3521 4690 3534 4712 ,

1946 4720 2036 4786 aut
2068 4724 2169 4786 non
2200 4708 2432 4786 adhibita
2465 4711 2815 4786 moderatione
2841 4712 2954 4780 ﬁat.
2988 4711 3141 4766 Ratio
3183 4729 3300 4768 t'ero
3331 4708 3386 4769 et.
3409 4708 3539 4786 prui-

1947 4779 2122 4832 dentia
2172 4779 2257 4832 ubi
2301 4781 2454 4834 rebus
2497 4781 2640 4834 bonis
2691 4779 2929 4834 idoneum
2969 4792 3166 4844 tempus
3213 4802 3274 4837 ac
3323 4779 3535 4839 modum

1946 4850 2197 4918 deﬁniunt
2217 4889 2234 4914 ,
2265 4849 2501 4904 mirabile
2526 4862 2596 4902 est
2624 4861 2872 4920 quantum
2901 4869 2966 4905 ea:
2995 4869 3177 4906 eorum
3209 4871 3322 4920 usu,
3349 4869 3454 4909 tum
3488 4860 3540 4910 in

1948 4901 2130 4993 iam
2159 4959 2180 4993 ,_
2203 4901 2310 4993 .1...
2340 4901 2402 4993 in
2421 4901 2730 4993 senatus.
2751 4901 2960 4993 rant;
2983 4901 3452 4993 ;.;a.;'.;'a:;(t;-J;‘
3473 4901 3536 4980 δί

1950 4988 2130 5065 Thom.
2160 4989 2260 5065 μὶ
2289 5005 2342 5065 q_.
2374 4988 2437 5042 6|
2473 4988 2579 5044 a._l
2618 5002 2663 5065 et
2692 4988 2764 5056 δέ
2787 5000 2837 5046 et
2860 4992 2956 5065 2-2
2983 5010 3032 5060 (Ι.
3070 4993 3172 5065 188
3198 5011 3251 5046 a.
3278 4988 3352 5065 ἱ7).

2018 5069 2041 5095 ε
2073 5058 2226 5123 Quod
2250 5060 2393 5110 enim
2418 5069 2499 5112 est
2520 5063 2708 5114 oculus
2733 5061 2971 5126 corpori,
2995 5058 3097 5116 hoc
3127 5058 3434 5116 intellectus
3463 5084 3536 5112 IN!

1943 5129 2138 5182 animai
2164 5170 2178 5194 ,
2221 5127 2771 5200 aitChrysostotnus.
2801 5131 2876 5195 _D.
2911 5133 3202 5200 Gregorius
3248 5135 3336 5186 lih.
3373 5151 3538 5192 xu-m

1945 5201 2130 5255 Moral.
2156 5213 2278 5268 cap.
2306 5199 2372 5253 13
2400 5217 2411 5251 :
2445 5201 2582 5264 Quid
2613 5218 2702 5266 per
2727 5201 2934 5273 oculum
2956 5248 2968 5268 τ
3002 5199 3170 5261 inquit
3195 5246 3207 5266 ,
3237 5207 3540 5273 exprimitur

1947 5273 2048 5326 nisi
2076 5287 2202 5338 Opus
2230 5286 2378 5352 suum
2409 5274 2721 5354 prteveniens
2764 5272 2932 5354 cortinis
2972 5273 3231 5325 intentio?
3254 5272 3368 5354 qua:
3393 5277 3536 5343 prius

1947 5360 2099 5413 quant
2138 5343 2284 5417 sein
2323 5342 2524 5417 actione
2561 5354 2829 5417 eagerceat“,
2874 5342 2971 5417 Itoc
3006 5346 3120 5413 jam
3163 5345 3303 5417 quod
3343 5342 3538 5417 app.:tit

1951 5414 2353 5488 contemplatur.
2407 5414 2466 5466 Et
2497 5413 2620 5483 quid
2649 5413 2994 5488 appellatione
3028 5415 3260 5488 corporis
3291 5413 3538 5488 designa-

1954 5496 2060 5550 tur,
2115 5485 2216 5538 nisi
2264 5501 2581 5555 unaqquue
2631 5485 2765 5538 actio
2814 5501 2928 5556 quae
2971 5485 3298 5556 intentionem
3357 5485 3536 5553 suam,

1953 5559 2103 5627 quasi
2130 5558 2405 5610 intuentem
2431 5558 2638 5610 oculum
2665 5555 2933 5626 sequitur?
2958 5555 3190 5608 Lucerna
3226 5558 3394 5623 itaque
3419 5574 3538 5610 cor-

1957 5629 2098 5697 poris
2123 5636 2195 5699 est
2219 5628 2424 5696 oculus,
2448 5629 2568 5697 quia
2595 5645 2682 5699 per
2708 5630 2852 5699 bona!
2882 5627 3177 5684 intentionis
3203 5628 3412 5680 radium
3436 5647 3538 5685 me.

1958 5696 2059 5752 rita
2086 5696 2415 5755 illustrantur
2439 5696 2673 5757 actionis.
2703 5698 2772 5755 Et
2799 5701 2839 5756 si
2869 5699 3047 5755 oculus
3084 5706 3200 5754 tuus
3219 5699 3376 5766 fuerit
3418 5699 3540 5754 sim-
