4004 6198
505 269 608 327 527

1563 259 1844 316 JOANNIS
1879 255 2198 315 CASSIANI
2233 258 2732 318 COLLATIONES.

3675 259 3782 319 5%

502 387 680 442 oculus
707 382 828 439 tuus
853 379 1075 453 simplex
1103 379 1298 451 fuerit,
1341 386 1502 431 totum
1540 393 1728 444 corpus
1770 385 1913 428 tuum
1956 375 2086 429 luci-
2112 379 2162 438 A
2191 378 2424 434 cundum
2480 377 2610 432 illud
2639 420 2654 441 ,
2712 377 2809 432 Sol
2863 393 2965 431 non
3011 377 3212 432 occidat
3255 394 3410 450 super
3447 379 3778 435 iracundiam

501 481 628 534 dum
657 478 794 544 erit;
825 477 868 530 si
899 486 1074 528 autem
1102 472 1278 526 oculus
1308 479 1427 522 tuus
1459 483 1677 536 nequam
1709 469 1899 536 fuerit,
1933 476 2091 520 totum

486 575 686 644 corpus
733 582 878 627 tuum
925 569 1242 622 tenebrosum
1296 562 1392 617 erit
1437 559 1654 631 (Matth.
1679 556 1796 630 vt):
1839 574 1907 614 eo
1948 558 2090 625 quod

487 648 655 736 ,ipsa,
705 661 1062 733 cogitationes
1105 655 1340 711 hominis
1384 653 1666 708 universas
1694 662 1952 720 actusque
1981 651 2091 706 dis-

467 746 731 832 ,‘rcernens
753 801 767 825 ,
799 762 990 813 cuncta
1017 767 1138 823 qua:
1168 748 1407 819 gerenda
1443 756 1572 804 sunt
1612 746 1895 817 pervitleat
1924 757 2090 815 atque

425 861 428 864 ’
461 827 814 927 ῗὶρθτιυειτει.
847 851 981 915 Quae
1006 845 1051 901 si
1077 845 1130 900 in
1163 845 1384 900 homine
1410 859 1638 913 nequam
1665 841 1823 897 fuerit
1845 883 1859 905 ,
1889 839 1941 896 id
1967 846 2088 905 est,

499 962 607 1003 non
637 959 768 1002 vero
792 940 1001 1013 judicio
1028 948 1083 995 et
1109 937 1333 994 scientia
1362 937 1698 992 communita
1721 949 1818 990 seu
1843 933 2091 1003 quolibet

499 1055 686 1098 errore
710 1053 774 1093 ac
802 1035 1228 1107 praesumptione
1251 1032 1499 1100 decepta,
1530 1040 1702 1086 totum
1734 1042 1932 1099 corpus
1959 1040 2088 1080 nos-

501 1142 643 1188 trum
691 1131 851 1186 faciet
897 1126 1285 1182 tenebrosum.
1340 1123 1444 1179 hoc
1487 1132 1605 1187 est,
1655 1135 1871 1174 omnem
1920 1118 2089 1172 aciem

496 1226 700 1283 mentis
738 1233 998 1291 actusque
1042 1230 1261 1274 nostros
1290 1215 1485 1271 reddet
1514 1218 1814 1277 obscuros,
1849 1213 2091 1266 caecitate

497 1319 710 1375 scilicet
735 1317 987 1371 vitiorum
1028 1322 1084 1368 et
1119 1308 1588 1381 perturbationum
1639 1306 1884 1362 tenebris
1927 1305 2088 1359 invo-

498 1413 666 1467 lutos.
701 1408 763 1464 Si
791 1409 926 1462 enim
948 1447 962 1470 ,
995 1404 1168 1474 Inquit
1191 1443 1206 1468 ,
1239 1400 1411 1455 lumen
1442 1399 1584 1471 quod
1614 1400 1666 1451 in
1697 1407 1746 1451 te
1770 1405 1840 1451 est
1869 1394 2093 1450 tenebrte

499 1513 659 1570 sunt,
692 1504 909 1558 tenebras
947 1501 1074 1570 ipsa:
1100 1507 1306 1570 quanta:
1335 1494 1528 1550 erunt!
1558 1493 1698 1548 Nulli
1731 1505 1962 1561 namque
1993 1490 2094 1542 du-

497 1601 648 1656 bium
690 1607 807 1663 est,
850 1604 1070 1651 errante
1107 1591 1311 1661 judicio
1353 1589 1535 1645 cordis
1577 1585 1747 1641 nostri
1785 1593 1841 1641 et
1879 1588 2092 1654 ignora-

497 1693 664 1748 tionis
692 1701 853 1746 nocte
879 1701 1156 1758 possessu,
1188 1684 1546 1754 cogitationes
1586 1693 1800 1749 quoque
1840 1689 1894 1732 et
1925 1689 2089 1744 opera

2196 483 2416 525 uestram
2449 469 2686 541 (Epltes.
2715 485 2765 524 tv
2797 467 2837 542 ).
2877 469 2999 523 llzrc
3047 471 3168 524 vita:
3215 483 3414 526 nosna:
3457 471 3782 540 gubernatio

2195 561 2392 617 dicitur
2421 561 2718 616 seettndum
2763 560 2894 614 illud
2922 601 2936 621 ,
2971 560 3167 626 Quibus
3214 579 3318 615 non
3342 571 3419 615 est
3446 562 3775 634 gubernatio,

2193 656 2387 709 cadunt
2427 664 2479 708 ut
2508 653 2658 725 folia.
2714 652 2841 708 [ire
2868 654 3157 707 consilium
3199 655 3510 708 rectissime
3533 655 3782 710 nomina-

2195 756 2305 811 tur,
2335 748 2453 801 sine
2475 761 2584 816 quo
2605 745 2739 799 nihil
2770 757 2934 815 agere
2965 744 3206 809 omnino,
3239 744 3541 813 Scriptura:
3590 755 3784 800 aucto-

2194 839 2370 904 ritate,
2393 836 2793 906 permittimor:
2825 838 2897 892 ita
2927 847 2981 890 ut
3004 851 3072 892 ne
3100 836 3275 905 ipsum
3291 837 3506 907 quidem
3531 836 3785 906 spiritale

2194 932 2405 996 vinum,
2429 930 2574 1001 quod
2602 930 2840 986 laztillcat
2862 945 2956 984 cor
2981 929 3220 984 hominis
3247 928 3267 1000 (
3290 927 3435 982 Psal.
3467 944 3561 984 cut
3588 927 3632 1000 ),
3668 931 3790 986 sine

2194 1024 2363 1094 ipsius
2417 1025 2662 1079 sinamur
2710 1023 3084 1078 moderatione
3131 1023 3434 1092 percipere,
3480 1023 3787 1078 secundum

2195 1116 2329 1171 illud
2365 1133 2378 1170 :
2409 1115 2540 1172 Cum
2565 1117 2781 1170 consilio
2827 1117 3000 1169 omnia
3037 1116 3143 1186 fac,
3193 1131 3312 1168 cum
3358 1116 3572 1169 consilio
3608 1115 3793 1168 uinum

2194 1209 2323 1262 bibe.
2355 1207 2418 1262 Et
2456 1210 2652 1263 iterum
2689 1225 2702 1262 :
2733 1205 2761 1246 ἀ
2792 1207 2941 1263 Sicut
2976 1208 3155 1260 civitas
3196 1207 3354 1260 muris
3400 1208 3579 1260 diruta
3607 1216 3656 1260 et
3685 1223 3791 1261 non

2195 1301 2536 1367 circumdata,
2567 1302 2642 1354 sic
2671 1311 2744 1354 est
2772 1301 2848 1354 uir
2873 1300 2962 1368 qui
3008 1317 3111 1353 non
3155 1316 3272 1353 cum
3325 1299 3540 1353 consilio
3581 1297 3792 1365 aliquid

2197 1396 2302 1465 agit
2334 1397 2351 1462 (
2381 1392 2630 1449 Proverb.
2667 1409 2793 1457 xxv,
2815 1409 2917 1447 sec.
2954 1409 3059 1448 Lxx
3085 1392 3126 1464 ).
3160 1390 3326 1461 Cujus
3356 1393 3590 1462 privatio
3621 1407 3793 1462 quam

2197 1487 2494 1556 perniciosa
2520 1485 2587 1540 sit
2613 1491 2902 1550 monacho,
2934 1484 3231 1538 testimonii
3265 1483 3420 1552 hujus
3473 1483 3794 1553 exemplum

2195 1593 2258 1633 ac
2286 1578 2454 1648 ﬁgura
2475 1578 2735 1639 declarat,
2759 1575 2956 1631 dirutae
2985 1591 3107 1631 eum
3129 1591 3194 1630 ac
3219 1575 3335 1631 sine
3359 1576 3528 1632 muris
3554 1591 3796 1646 compa-
3865 1646 3868 1648 I

2197 1689 2322 1728 rans
2348 1672 2576 1727 civitati.
2602 1673 2658 1728 In
2686 1671 2786 1726 hac
2805 1671 3091 1742 sapientia,
3117 1670 3169 1724 in
3196 1670 3296 1725 hac
3321 1670 3636 1726 intellectus
3660 1687 3797 1728 sen-

501 1794 684 1839 nostra
735 1798 855 1851 quae
901 1796 967 1836 ex
1015 1777 1364 1833 discretionis
1414 1773 1811 1828 deliberatione
1860 1770 2089 1824 descen-
2120 1763 3798 1834 BsuSqueconsistit,sinequihusnecinteriornostraazdili-

500 1877 671 1941 dunt,
704 1872 1002 1943 majoribus
1032 1879 1383 1940 peccatorum
1418 1865 1666 1922 tenebris
1699 1863 1986 1933 implicari.

501 2037 579 2092 De
604 2051 776 2091 errore
793 2034 970 2093 Saulis
992 2041 1038 2087 et
1053 1957 1492 2100 nagivia];
1520 2027 1846 2083 discretionis
1871 2023 2086 2093 imperi-

1033 2103 1155 2156 tiam
1193 2110 1310 2156 sunt
1337 2101 1555 2170 decepti.

576 2202 821 2269 Denique
871 2207 896 2234 ⁸
949 2196 1041 2252 ille
1066 2193 1157 2264 qui
1211 2193 1422 2263 primus
1465 2189 1671 2258 judicio
1712 2187 1806 2243 Dei
1864 2201 2086 2256 regnum

500 2293 687 2363 p0puli
757 2289 976 2345 lsraelis
1050 2285 1329 2349 emeruit,
1394 2282 1524 2352 quia
1595 2280 1738 2334 hunc
1803 2277 2092 2332 discretio-

499 2388 584 2440 nis
619 2384 838 2439 oculum
877 2392 1218 2449 nequaquam
1254 2374 1466 2438 habuit,
1517 2373 1664 2427 velut
1701 2379 1815 2426 toto
1861 2382 2091 2439 corpore

499 2479 825 2532 tenebrosus
853 2473 1100 2533 ellectus,
1126 2471 1289 2525 etiam
1315 2470 1430 2538 ipse
1459 2467 1705 2535 dejectus
1751 2476 1837 2520 est
1878 2479 2044 2531 regno
2071 2479 2087 2529 ;

497 2572 622 2626 dum
633 2612 647 2635 ,
663 2571 900 2624 lucerna:
914 2565 1073 2636 hujus
1087 2563 1326 2618 tenebris
1337 2571 1498 2632 atque
1508 2576 1694 2616 errore
1706 2559 1990 2628 deceptus,
2007 2571 2091 2611 ac-

496 2661 846 2731 ceptabiliora
866 2659 978 2714 Deo
1001 2654 1266 2711 sacriﬁcia
1291 2669 1386 2709 sua
1408 2668 1590 2724 quam,
1609 2667 1734 2722 erga
1761 2657 2090 2722 praeceptum

495 2751 768 2810 Samuelis
794 2748 1184 2815 obedientiam,
1218 2745 1450 2801 credidit
1473 2745 1791 2815 judicanda,
1824 2754 1988 2814 atque
2022 2757 2090 2798 ex

495 2845 587 2900 illa
620 2843 790 2914 magis
823 2856 975 2911 parte
996 2855 1215 2896 causam
1243 2839 1567 2896 oli‘ensionis
1599 2839 1850 2904 incurrit,
1883 2853 1952 2893 ex
1987 2852 2091 2906 qua

494 2937 956 3006 repr0pitiandam
980 2935 1084 2989 sibi
1114 2933 1350 2989 divinam
1379 2942 1695 3003 speraverat
1728 2932 2087 3001 majestatem.

493 3031 689 3100 Hujus,
724 3030 964 3099 inquam,
999 3026 1350 3081 discretionis
1404 3025 1670 3095 ignoratio
1698 3022 1726 3062 δ
1770 3023 1960 3079 Achab
2008 3037 2094 3078 re-

492 3140 614 3196 gem
647 3122 812 3178 lsrael
842 3127 964 3190 post
993 3120 1142 3174 illum
1172 3117 1573 3174 sublimissima:
1603 3117 1847 3172 victoria:
1900 3119 2090 3172 trium-

495 3216 684 3286 phum,
717 3215 806 3284 qui
840 3215 889 3268 ei
916 3213 1092 3266 fuerat
1139 3211 1233 3265 Dei
1265 3212 1452 3264 favore
1491 3225 1808 3277 concessus,
1861 3210 2089 3266 credere

496 3308 757 3379 compulit
793 3306 1074 3360 meliorem
1103 3317 1224 3375 esse
1260 3301 1692 3358 misericordiam
1719 3317 1894 3366 suam,
1925 3317 2085 3372 quam

497 3401 667 3457 divini
691 3397 1096 3455 exsecutionem
1116 3394 1516 3451 severissimam
1535 3389 1792 3466 praecepti
1814 3403 1887 3459 et,
1902 3411 2091 3466 quem-

497 3493 788 3551 admodum
837 3491 941 3561 ipsi
998 3490 1324 3556 videbatur,
1375 3489 1612 3545 crudelis
1659 3489 1900 3557 imperii.
1972 3491 2086 3556 Qua

495 3587 937 3645 consideratione
960 3584 1220 3651 mollitus,
1252 3582 1381 3638 dum
1430 3583 1636 3638 mavult
1689 3592 1973 3637 cruentam
2007 3582 2087 3636 vi-

493 3680 719 3739 ctoriam
750 3679 1040 3735 clementia
1084 3684 1417 3746 temperare,
1457 3676 1528 3731 ob
1553 3675 1899 3732 indiscretum
1924 3676 2090 3730 mise-

493 3773 784 3830 ricordiam
809 3772 956 3827 velut
985 3778 1101 3824 toto
1125 3783 1360 3840 corpore
1398 3769 1648 3825 redditus
1674 3769 1994 3825 tenebrosus
2020 3767 2092 3823 ir-

492 3866 785 3924 revocabili
818 3875 994 3920 morte
1029 3863 1338 3920 damnatur.

1131 3955 1362 4012 CAPUT
1394 3955 1483 4010 ιν.

496 4030 626 4099 Quae
665 4031 728 4085 de
771 4029 899 4083 bono
947 4026 1270 4080 discretionis
1318 4029 1371 4079 in
1405 4026 1688 4097 Scripturis
1736 4026 1928 4080 sanctis
1954 4026 2086 4096 refe-

1163 4107 1371 4150 rantur.

565 4195 694 4248 Haec
727 4202 810 4247 est
836 4191 1273 4259 discretio,quae
1319 4204 1426 4242 non
1469 4188 1645 4244 solum
1689 4189 1906 4242 lucerna
1955 4205 2080 4242 cor-

491 4287 658 4358 poris,
695 4283 792 4339 sed
822 4284 985 4339 etiam
1023 4293 1044 4320 ε
1073 4282 1155 4338 sol
1180 4281 1250 4336 ab
1280 4279 1542 4351 Apostolo
1573 4288 1939 4350 nuncupatur,
1988 4295 2080 4335 se-

2193 1859 2304 1913 Cari
2327 1858 2544 1922 domus,
2574 1873 2671 1912 nec
2720 1858 2992 1927 Spiritales
3023 1866 3279 1924 poterunt
3323 1857 3527 1912 divitiae
3555 1871 3798 1928 congre-

2191 1951 2326 2021 gari,
2353 1949 2651 2006 secundum
2675 1949 2806 2004 illud
2842 1966 2856 2006 :
2891 1959 2914 1986 °
2945 1949 3074 2004 Cum
3100 1951 3354 2022 sapientia
3378 1951 3678 2020 aediﬁcatur
3701 1951 3798 2007 do-

2193 2061 2326 2106 mus,
2356 2055 2405 2100 et
2444 2062 2560 2098 cum
2609 2045 2866 2098 intellectu
2906 2047 3088 2099 iterum
3135 2046 3350 2115 erigitur
3400 2063 3420 2111 ;
3467 2062 3583 2099 cum
3631 2063 3796 2101 sensu

2191 2139 2471 2210 implentur
2501 2139 2712 2194 cellaria
2749 2139 2979 2193 omnibus
3020 2139 3210 2192 divitiis
3261 2139 3493 2209 pretiosis
3539 2149 3589 2194 et
3640 2139 3794 2194 bonis

2194 2230 2483 2302 (Proverb.
2519 2247 2664 2298 xxtv,
2698 2247 2803 2286 sec.
2829 2247 2931 2286 cxx
2957 2237 2996 2302 ).
3031 2230 3178 2299 Haec,
3202 2231 3438 2302 inquam,
3467 2241 3551 2287 est
3576 2232 3795 2290 snlidus

2191 2323 2369 2394 cibus,
2403 2325 2493 2395 qui
2519 2325 2620 2379 nisi
2651 2340 2682 2379 a
2728 2324 2984 2394 perfectis
3018 2333 3225 2380 tantum
3256 2341 3319 2380 ac
3371 2326 3618 2383 robustis
3646 2328 3797 2384 sumi

2194 2430 2298 2470 non
2329 2417 2556 2482 poterit.
2590 2416 2887 2471 secundum
2914 2416 3042 2471 illud
3075 2434 3086 2469 :
3123 2416 3480 2488 Perfectorum
3509 2430 3686 2473 autent
3719 2430 3800 2476 est

2192 2508 2390 2562 solidus
2421 2509 2580 2575 cibus,
2603 2526 2778 2563 eorum
2804 2509 2893 2580 qui
2928 2526 3021 2579 pro
3057 2511 3426 2566 consuetudine
3480 2511 3799 2568 exercitatos

2194 2603 2382 2655 habent
2403 2619 2583 2657 sensus
2607 2604 2677 2656 ad
2698 2604 3060 2658 discretionem
3092 2603 3213 2658 boni
3236 2621 3298 2658 ac
3331 2605 3458 2659 mali
3484 2605 3504 2678 (
3531 2603 3660 2660 Heb.
3689 2621 3729 2662 ν
3751 2606 3795 2679 ).

2193 2693 2325 2761 Qute
2360 2695 2414 2748 in
2449 2704 2653 2749 tantum
2686 2696 2830 2750 utilis
2863 2695 3018 2750 nobis
3067 2711 3129 2751 ac
3187 2698 3496 2753 necessaria
3529 2713 3801 2768 compro-

2195 2784 2371 2850 batur,
2403 2795 2465 2841 ut
2485 2786 2647 2842 etiam
2672 2787 2838 2840 verbo
2864 2787 2957 2842 Dei
2990 2787 3220 2859 ejusque
3251 2789 3545 2844 virtutibus
3567 2801 3800 2861 coapteo

2195 2884 2298 2941 tur,
2332 2878 2629 2934 secundum
2668 2878 2835 2933 illud:
2869 2878 3030 2934 Vivus
3080 2890 3155 2934 est
3199 2881 3335 2934 enim
3384 2878 3485 2935 Dei
3526 2898 3702 2938 sermo
3747 2889 3801 2943 et

2195 2972 2391 3041 eﬂicax,
2433 2982 2480 3026 et
2507 2972 2870 3041 penetrabilior
2899 2973 3036 3027 omni
3067 2974 3245 3044 gladio
3283 2974 3519 3044 ancipiti,
3573 2984 3624 3029 et
3673 2993 3799 3049 per-

2197 3065 2397 3136 tingens
2417 3082 2576 3136 usque
2605 3066 2672 3119 ad
2698 3066 2996 3121 divisionem
3019 3068 3209 3145 anima;
3226 3085 3288 3122 ac
3313 3070 3545 3140 spiritus,
3575 3087 3798 3140 compa-

2114 3155 2159 3220 C
2192 3175 2312 3229 gum
2343 3175 2545 3229 quoque
2573 3175 2636 3212 ac
2659 3159 3030 3226 medullarum,
3065 3168 3111 3214 et
3138 3161 3390 3216 discretor
3412 3163 3798 3233 cogitationum

2193 3259 2239 3305 et
2264 3251 2614 3304 intentionum
2655 3251 2866 3316 cordis(
2907 3251 3033 3306 Heb.
3066 3269 3113 3307 tv
3144 3254 3189 3322 ).
3214 3254 3425 3320 Quibus
3451 3252 3799 3310 manilestls-

2191 3340 2329 3394 sime
2353 3339 2678 3406 declaratur,
2710 3341 2910 3397 nullam
2937 3343 3057 3397 sine
3078 3343 3420 3399 discretionis
3449 3346 3616 3415 gratia
3659 3360 3796 3414 per-

2190 3428 2332 3485 fecte
2355 3445 2512 3499 posse
2541 3433 2621 3487 vel
2650 3433 2857 3500 perlici,
2889 3433 2974 3488 vel
2998 3445 3140 3490 stare
3169 3437 3446 3492 virtutem.
3479 3437 3542 3491 Et
3565 3436 3640 3491 ita
3666 3445 3793 3494 tam

2192 3519 2587 3576 beatiAntonii
2618 3538 2779 3593 quam
2836 3525 3210 3581 universorum
3259 3527 3531 3582 sententia
3576 3526 3793 3585 deﬁni-

2195 3625 2307 3670 tum
2334 3621 2437 3684 e’st,
2469 3616 2856 3672 discretionem
2881 3633 3003 3675 esse
3031 3635 3148 3690 quae
3187 3619 3296 3674 llxo
3324 3621 3493 3692 gradu
3548 3619 3792 3692 intrepi-

2193 3709 2318 3766 dum
2347 3711 2670 3768 monachum
2701 3712 2967 3781 perducat
3021 3714 3090 3767 ad
3136 3713 3327 3779 Deum,
3385 3714 3796 3786 prmdictasque

2192 3804 2423 3860 virtutes
2442 3805 2644 3876 jugiter
2671 3813 2960 3861 conservet
2985 3805 3204 3872 illacsas,
3249 3794 3372 3861 cum
3397 3822 3504 3878 qua
3553 3805 3620 3861 ad
3647 3822 3800 3864 con-

2193 3898 2578 3951 summationis
2611 3898 2828 3952 excelsa
2861 3897 3069 3968 fastigia
3115 3898 3327 3954 minore
3359 3899 3529 3969 possit
3585 3897 3795 3969 fatiga-

2198 3989 2344 4044 tione
2393 3991 2722 4055 conscendi,
2766 4000 2820 4046 et
2860 3992 2978 4046 sine
3015 4006 3119 4061 qua
3156 3992 3308 4046 multi
3347 3992 3507 4047 etiam
3544 4006 3802 4062 propen-

2185 4090 2299 4146 sius
2323 4093 2636 4146 laborantes
2656 4133 2671 4159 ,
2701 4091 3047 4163 perfectionis
3087 4088 3430 4164 nequiverint
3457 4093 3670 4149 culmen
3702 4104 3798 4150 at-

2187 4193 2409 4259 tingere.
2443 4193 2693 4247 Omnium
2717 4209 2948 4265 namque
2961 4194 3219 4250 virtutum
3233 4196 3564 4266 generatrix,
3589 4206 3797 4254 custos

2186 4284 2628 4356 moderatrixque
2655 4285 2918 4343 discretio
2952 4295 3056 4344 est.

1559 4403 1819 4458 ALARDI
1857 4401 2089 4458 ΟΑΖᾹΞΙ
2127 4403 2696 4463 COMMENTARIUS.

487 4504 608 4576 plex
627 4507 839 4576 ,utotum
867 4514 1052 4566 corpus
1083 4507 1225 4576 tuum
1253 4496 1482 4576 lucidum
1511 4497 1609 4576 erit
1632 4539 1654 4576 ,_
1680 4497 1802 4576 quia
1826 4536 1843 4564 ,
1874 4498 1918 4552 si
1945 4509 2079 4552 recte
2110 4499 2156 4557 D
2183 4498 2523 4576 obedientiam
2544 4498 3051 4576 intentionefirtutis
3073 4499 3680 4576 colorare.m_on_stratur?

485 4567 800 4650 intendimus
816 4587 920 4650 _per
941 4570 1329 4650 sempltcitatent
1357 4567 1708 4650 cogitationis,
1734 4568 2078 4650 bonumppus

485 4643 735 4713 efﬁcitur,
759 4638 962 4694 etiamsi
990 4638 1159 4713 minus
1181 4639 1368 4692 bonum
1391 4655 1497 4692 esse
1518 4638 1771 4702 videatur.
1801 4639 1864 4692 Et
1879 4640 1936 4713 _si
1957 4638 2076 4693 ocu-

484 4711 567 4768 lus
589 4725 706 4768 tuus
728 4727 947 4782 nequam
977 4712 1166 4781 fuerit,
1191 4720 1351 4763 talum
1378 4719 1730 4782 corpustuum
1756 4711 2078 4763 tenebrosum

484 4787 579 4839 erit
601 4826 616 4851 ,
647 4785 767 4853 quia
792 4781 906 4836 cum
930 4797 1163 4844 perversa
1188 4783 1468 4835 intentione
1492 4781 1616 4847 quid
1644 4784 1718 4836 t'el
1742 4795 1937 4835 reatum
1963 4782 2077 4850 agi-

483 4867 591 4921 tur,
635 4858 726 4910 etsi
767 4853 1040 4922 splendere
1077 4868 1257 4906 coram
1295 4853 1593 4906 hominibus
1637 4856 1883 4915 cernitur,
1930 4853 2073 4915 apud

483 4943 699 4983 examen
745 4935 912 4978 tamen
952 4925 1146 4978 interni
1176 4923 1374 4994 judicis
1417 4923 1746 4979 obscuratur.
1778 4923 1906 4978 Haec
1935 4923 2070 4978 Gre-

522 5014 692 5055 οτιιιε.

610 5016 622 5050 1
680 5038 692 5050 .

486 5015 741 5127 ἓοξιὲῗιηι
765 5066 971 5138 primus
1003 5083 1034 5121 a
1061 5067 1169 5138 Deo
1190 5064 1399 5138 electus
1449 5064 1782 5138 et‘inunclus
1805 5065 1858 5121 in
1888 5081 2071 5137 regem

481 5135 779 5198 Israelitici’
795 5138 998 5208 populi.
1024 5137 1160 5193 Vide
1194 5135 1700 5208 historiam.lector,
1736 5138 1877 5192 unde
1899 5135 2076 5192 (Ιιὲαιε

481 5213 668 5284 quanti
698 5211 838 5282 apud
870 5207 1161 5284 ’Deumusit
1193 5207 1527 5284 obedientia,
1557 5217 1618 5284 ut
1643 5223 1761 5284 qua!
1793 5208 2076 5284 Sacriﬁciis

481 5277 538 5337 et
560 5277 893 5337 holocaustis
917 5280 1168 5334 omnibus
1191 5281 1525 5344 prtPl'cralttl‘.
1557 5277 1660 5332 Ubi
1689 5279 1843 5332 divus
1872 5279 2077 5342 Grego-

480 5355 594 5408 rius
624 5355 690 5408 ad
725 5353 868 5406 illam
893 5351 1070 5404 Saulis
1091 5353 1491 5404 excusationem
1522 5362 1929 5403 eumnteutans:
1963 5349 2075 5403 Hoc

481 5425 712 5493 quidem,
745 5423 932 5492 inquit,
959 5438 1094 5490 stepe
1125 5423 1176 5472 in
1210 5419 1534 5493 monasteriis
1552 5420 1769 5493 accidit,
1802 5421 2072 5488 cumqnis-

481 5490 581 5562 que
632 5490 833 5548 minus_
859 5493 1130 5562 religiosus
1161 5490 1396 5545 subditus
1433 5491 1786 5562 spiritualium
1831 5494 2074 5563 prwlato-

480 5580 595 5617 rum
624 5564 854 5630 imperiis
887 5565 1128 5635 adjicere
1184 5563 1468 5635 prwsumit,
1527 5578 1640 5635 cum
1695 5567 2073 5635 regularemet

479 5650 801 5690 communem
849 5633 1005 5686 vitam
1051 5633 1303 5703 despicit,
1356 5645 1401 5688 et
1438 5634 1658 5704 propria:
1686 5636 1914 5698 sequitur
1935 5633 2072 5688 arbi-

484 5707 642 5758 trium
666 5705 942 5778 voluntatis
973 5720 986 5765 ;
1020 5705 1148 5778 dum
1176 5705 1310 5778 enim
1333 5706 1601 5778 meliorare
1622 5706 1778 5758 vitam
1811 5704 2069 5778 eligendo,

480 5792 636 5837 quam
684 5773 964 5825 obediendo
996 5774 1198 5836 nititur,
1219 5775 1344 5839 quid
1373 5775 1518 5826 aliud
1546 5792 1699 5841 quam
1731 5773 1964 5843 apertam
1991 5778 2070 5832 in-

2254 4567 2280 4607 b
2317 4569 2606 4624 Historiam
2628 4569 2872 4624 habeslll
2898 4569 3030 4638 Reg.
3063 4587 3155 4637 xx,
3179 4571 3269 4626 ubi
3292 4568 3611 4624 Achaltdum
3639 4583 3801 4628 con-

2184 4649 2261 4694 Ira
2298 4641 2392 4696 Dei
2415 4651 2739 4709 pratceptttm
2770 4642 3045 4696 communi
3077 4643 3214 4696 hosti
3249 4642 3358 4710 regi
3389 4639 3558 4709 Syria:
3583 4640 3801 4698 incon-

2181 4711 2322 4764 sulta
2353 4721 2408 4768 et
2447 4712 2761 4766 inordinata
2791 4712 3082 4768 clementia
3133 4716 3397 4782 pepercit,
3429 4712 3799 4782 sententiam

2181 4784 2370 4855 mortis
2401 4801 2498 4849 pro
2526 4800 2594 4836 eo
2623 4786 2831 4849 act-epit
2851 4825 2871 4855 ,ί
2925 4781 3186 4855 pmpheta
3213 4781 3569 4840 denuntiante
3591 4823 3606 4849 ,
3658 4783 3801 4841 Erit

2179 4854 2354 4907 anima
2384 4863 2470 4906 tua
2501 4870 2592 4919 pro
2614 4855 2790 4907 aninta
2815 4854 2979 4908 illius.

2253 4935 2274 4963 ε
2303 4923 2393 4978 διο
2427 4927 2525 4978 iste
2552 4926 2719 4979 abbas
2749 4927 2918 4979 solem
2947 4941 3044 4989 pro
3072 4925 3440 4986 discretionis.
3473 4942 3569 4980 seu
3603 4929 3795 4981 ratio-

2179 4993 2266 5048 nis
2294 4995 2496 5048 Iuntinc
2525 4995 2913 5065 interpretatur
2943 5001 2992 5050 in
3015 4998 3122 5051 illis
3147 4999 3325 5052 verbis
3358 4999 3641 5064 Aposmli:
3678 5000 3799 5054 Sol

2179 5081 2280 5136 non
2326 5067 2526 5119 occidat
2577 5084 2725 5131 super
2757 5069 3076 5121 iracundiam
3120 5080 3337 5122 vestram
3365 5069 3383 5134 (
3415 5067 3609 5136 Epltes.
3640 5085 3694 5124 tv
3737 5068 3792 5136 ).

2178 5134 2642 5202 Quemadmodum
2664 5149 2712 5190 et
2738 5137 3142 5193 Cassiauuslib.
3177 5154 3270 5193 vm
3298 5134 3530 5193 Institut.
3557 5155 3679 5207 cap.
3716 5134 3789 5200 9.

2178 5207 2346 5273 Quam
2379 5208 2878 5273 interpre-aeionetn
2913 5213 3179 5277 placuisse
3215 5212 3377 5264 etiam
3419 5211 3543 5266 divo
3577 5211 3794 5267 Hiero-

2180 5293 2341 5348 nymo
2375 5282 2572 5334 ihitletu
2601 5282 2955 5334 o~tentlinms.

2252 5347 2277 5386 ά
2313 5350 2536 5416 Vulgata
2569 5351 2736 5405 editio
2763 5367 2776 5403 :
2813 5351 2964 5405 Sicut
2985 5351 3104 5404 urbs
3137 5361 3338 5418 patens,
3368 5361 3414 5405 et
3438 5353 3630 5422 absque
3647 5367 3784 5407 mst-

2179 5436 2355 5494 ratum
2386 5422 2578 5474 ambitu
2606 5439 2623 5486 ;
2653 5422 2727 5475 ita
2756 5423 2831 5476 rir
2853 5424 2941 5494 qui
2966 5440 3066 5476 non
3097 5432 3260 5491 potest
3297 5439 3350 5475 tn
3393 5423 3651 5494 loquendo
3682 5439 3793 5478 co-

2178 5489 2349 5564 hibere
2369 5494 2608 5564 spiritum
2635 5509 2793 5564 suurn
2812 5496 2828 5561 (
2848 5489 3106 5547 Prov-arb.
3127 5509 3232 5545 xxv
3263 5497 3297 5560 ).

2253 5573 2275 5598 ο
2305 5563 2509 5618 Textus
2540 5567 2684 5632 vulg.
2721 5584 2731 5616 :
2765 5563 3039 5634 Sapientia
3065 5565 3412 5625 wdiﬁcabilur
3460 5564 3651 5620 domus
3675 5606 3689 5630 ,
3727 5576 3794 5622 et

2177 5636 2452 5702 prudentia
2475 5636 2818 5690 roborabitur.
2852 5633 2920 5688 In
2951 5636 3187 5690 doctrina
3237 5636 3572 5706 replebuntur
3614 5636 3794 5692 cella-

2176 5707 2254 5776 ria
2299 5721 2317 5761 :
2373 5709 2608 5762 universa
2667 5707 2952 5762 substantia
3013 5708 3237 5776 ρνετῑοδα
3308 5717 3357 5761 ίέ
3413 5707 3790 5775 Ρ¹⁴¹⁶¹⁸εττδη⁸α

2174 5775 2441 5843 (Proverb.
2470 5795 2561 5834 XXI
2575 5779 2647 5844 ν).
