  <div class='ocr_page' id='page_1' title='image "/cluster/home/n/w/nwhite01/storage/ocr_20150623/49/uva.x000827093/272.png"; bbox 0 0 4004 6198; ppageno 0'>
   <div class='ocr_carea' id='block_1_1' title="bbox 178 272 270 330">
    <p class='ocr_par' dir='ltr' id='par_1_1' title="bbox 178 272 270 330">
     <span class='ocr_line' id='line_1_1' title="bbox 178 272 270 330; baseline -0.033 -1"><span class='ocrx_word' id='word_1_1' title='bbox 178 272 270 330; x_wconf 68' lang='lat'><strong>5‘29</strong></span> 
     </span>
    </p>
   </div>
   <div class='ocr_carea' id='block_1_2' title="bbox 750 386 1089 443">
    <p class='ocr_par' dir='ltr' id='par_1_2' title="bbox 750 386 1089 443">
     <span class='ocr_line' id='line_1_2' title="bbox 750 386 1089 443; baseline -0.006 0"><span class='ocrx_word' id='word_1_2' title='bbox 750 386 977 443; x_wconf 70' lang='lat' dir='ltr'><strong>CAPUT</strong></span> <span class='ocrx_word' id='word_1_3' title='bbox 1025 387 1089 441; x_wconf 86' lang='lat' dir='ltr'><strong>V.</strong></span> 
     </span>
    </p>
   </div>
   <div class='ocr_carea' id='block_1_3' title="bbox 550 478 1240 535">
    <p class='ocr_par' dir='ltr' id='par_1_3' title="bbox 550 478 1240 535">
     <span class='ocr_line' id='line_1_3' title="bbox 550 478 1240 535; baseline 0.001 -1"><span class='ocrx_word' id='word_1_4' title='bbox 550 478 628 535; x_wconf 87' lang='lat' dir='ltr'><strong>De</strong></span> <span class='ocrx_word' id='word_1_5' title='bbox 649 490 811 535; x_wconf 87' lang='lat' dir='ltr'><strong>morte</strong></span> <span class='ocrx_word' id='word_1_6' title='bbox 846 480 1063 535; x_wconf 81' lang='lat' dir='ltr'><strong>Heronis</strong></span> <span class='ocrx_word' id='word_1_7' title='bbox 1087 481 1240 535; x_wconf 78' lang='lat' dir='ltr'><strong>senis.</strong></span> 
     </span>
    </p>
   </div>
   <div class='ocr_carea' id='block_1_4' title="bbox 236 595 1736 665">
    <p class='ocr_par' dir='ltr' id='par_1_4' title="bbox 236 595 1736 665">
     <span class='ocr_line' id='line_1_4' title="bbox 236 595 1736 665; baseline 0.001 -15"><span class='ocrx_word' id='word_1_8' title='bbox 236 596 293 650; x_wconf 82' lang='lat' dir='ltr'><strong>Et</strong></span> <span class='ocrx_word' id='word_1_9' title='bbox 325 604 380 650; x_wconf 95' lang='grc' dir='ltr'><strong>ιιι</strong></span> <span class='ocrx_word' id='word_1_10' title='bbox 402 596 539 650; x_wconf 89' lang='lat' dir='ltr'><strong>hanc</strong></span> <span class='ocrx_word' id='word_1_11' title='bbox 568 596 814 651; x_wconf 85' lang='lat' dir='ltr'><strong>eamdem</strong></span> <span class='ocrx_word' id='word_1_12' title='bbox 846 596 1221 650; x_wconf 87' lang='lat' dir='ltr'><strong>deﬁnitionem</strong></span> <span class='ocrx_word' id='word_1_13' title='bbox 1271 595 1572 665; x_wconf 89' lang='lat' dir='ltr'><strong>antiquitus</strong></span> <span class='ocrx_word' id='word_1_14' title='bbox 1613 611 1641 650; x_wconf 89' lang='lat' dir='ltr'><strong>a</strong></span> <span class='ocrx_word' id='word_1_15' title='bbox 1677 596 1736 653; x_wconf 90' lang='lat' dir='ltr'><strong>S.</strong></span> 
     </span>
    </p>
   </div>
   <div class='ocr_carea' id='block_1_5' title="bbox 164 687 1740 757">
    <p class='ocr_par' dir='ltr' id='par_1_5' title="bbox 164 687 1740 757">
     <span class='ocr_line' id='line_1_5' title="bbox 164 687 1740 757; baseline 0 -14"><span class='ocrx_word' id='word_1_16' title='bbox 164 687 386 744; x_wconf 79' lang='lat' dir='ltr'><strong>Antonio</strong></span> <span class='ocrx_word' id='word_1_17' title='bbox 428 698 482 744; x_wconf 92' lang='lat' dir='ltr'><strong>et</strong></span> <span class='ocrx_word' id='word_1_18' title='bbox 527 690 741 744; x_wconf 67' lang='lat' dir='ltr'><strong>caeteris</strong></span> <span class='ocrx_word' id='word_1_19' title='bbox 774 690 1021 743; x_wconf 81' lang='lat' dir='ltr'><strong>Patribus</strong></span> <span class='ocrx_word' id='word_1_20' title='bbox 1063 688 1449 757; x_wconf 76' lang='lat' dir='ltr'><strong>promulgatam</strong></span> <span class='ocrx_word' id='word_1_21' title='bbox 1478 730 1492 751; x_wconf 88' lang='lat'><strong>,</strong></span> <span class='ocrx_word' id='word_1_22' title='bbox 1552 703 1740 743; x_wconf 85' lang='lat' dir='ltr'><strong>recens</strong></span> 
     </span>
    </p>
   </div>
   <div class='ocr_carea' id='block_1_6' title="bbox 164 780 1740 854">
    <p class='ocr_par' dir='ltr' id='par_1_6' title="bbox 164 780 1740 854">
     <span class='ocr_line' id='line_1_6' title="bbox 164 780 1740 854; baseline 0.001 -21"><span class='ocrx_word' id='word_1_23' title='bbox 164 797 388 853; x_wconf 81' lang='lat' dir='ltr'><strong>quoque,</strong></span> <span class='ocrx_word' id='word_1_24' title='bbox 421 782 559 837; x_wconf 86' lang='lat' dir='ltr'><strong>sicut</strong></span> <span class='ocrx_word' id='word_1_25' title='bbox 588 782 957 854; x_wconf 85' lang='lat' dir='ltr'><strong>promisimus,</strong></span> <span class='ocrx_word' id='word_1_26' title='bbox 983 783 1270 835; x_wconf 92' lang='lat' dir='ltr'><strong>conﬁrmet</strong></span> <span class='ocrx_word' id='word_1_27' title='bbox 1299 780 1627 849; x_wconf 84' lang='lat' dir='ltr'><strong>exemplum,</strong></span> <span class='ocrx_word' id='word_1_28' title='bbox 1656 796 1740 835; x_wconf 91' lang='lat' dir='ltr'><strong>rc-</strong></span> 
     </span>
    </p>
   </div>
   <div class='ocr_carea' id='block_1_7' title="bbox 161 871 1740 944">
    <p class='ocr_par' dir='ltr' id='par_1_7' title="bbox 161 871 1740 944">
     <span class='ocr_line' id='line_1_7' title="bbox 161 871 1740 944; baseline -0.002 -16"><span class='ocrx_word' id='word_1_29' title='bbox 161 873 317 928; x_wconf 89' lang='lat' dir='ltr'><strong>colite</strong></span> <span class='ocrx_word' id='word_1_30' title='bbox 345 874 395 927; x_wconf 89' lang='lat' dir='ltr'><strong>id</strong></span> <span class='ocrx_word' id='word_1_31' title='bbox 420 874 561 943; x_wconf 89' lang='lat' dir='ltr'><strong>quod</strong></span> <span class='ocrx_word' id='word_1_32' title='bbox 590 889 761 942; x_wconf 82' lang='lat' dir='ltr'><strong>nuper</strong></span> <span class='ocrx_word' id='word_1_33' title='bbox 780 882 992 944; x_wconf 89' lang='lat' dir='ltr'><strong>gestum</strong></span> <span class='ocrx_word' id='word_1_34' title='bbox 1022 871 1305 927; x_wconf 84' lang='lat' dir='ltr'><strong>oculorum</strong></span> <span class='ocrx_word' id='word_1_35' title='bbox 1325 880 1634 925; x_wconf 89' lang='lat' dir='ltr'><strong>vestrorum</strong></span> <span class='ocrx_word' id='word_1_36' title='bbox 1661 873 1740 925; x_wconf 86' lang='lat' dir='ltr'><strong>vi-</strong></span> 
     </span>
    </p>
   </div>
   <div class='ocr_carea' id='block_1_8' title="bbox 158 963 1740 1043">
    <p class='ocr_par' dir='ltr' id='par_1_8' title="bbox 158 963 1740 1043">
     <span class='ocr_line' id='line_1_8' title="bbox 158 963 1740 1043; baseline -0.002 -24"><span class='ocrx_word' id='word_1_37' title='bbox 158 965 304 1019; x_wconf 80' lang='lat' dir='ltr'><strong>distis</strong></span> <span class='ocrx_word' id='word_1_38' title='bbox 323 966 624 1031; x_wconf 88' lang='lat' dir='ltr'><strong>obtutibus,</strong></span> <span class='ocrx_word' id='word_1_39' title='bbox 642 975 667 1002; x_wconf 75' lang='grc'><strong>⁸</strong></span> <span class='ocrx_word' id='word_1_40' title='bbox 687 981 872 1043; x_wconf 83' lang='lat' dir='ltr'><strong>senem</strong></span> <span class='ocrx_word' id='word_1_41' title='bbox 900 964 1148 1018; x_wconf 88' lang='lat' dir='ltr'><strong>videlicet</strong></span> <span class='ocrx_word' id='word_1_42' title='bbox 1164 963 1433 1017; x_wconf 84' lang='lat' dir='ltr'><strong>Heronem</strong></span> <span class='ocrx_word' id='word_1_43' title='bbox 1459 971 1585 1016; x_wconf 90' lang='lat' dir='ltr'><strong>ante</strong></span> <span class='ocrx_word' id='word_1_44' title='bbox 1609 976 1740 1031; x_wconf 84' lang='lat' dir='ltr'><strong>pau-</strong></span> 
     </span>
    </p>
   </div>
   <div class='ocr_carea' id='block_1_9' title="bbox 159 1054 1736 1115">
    <p class='ocr_par' dir='ltr' id='par_1_9' title="bbox 159 1054 1736 1115">
     <span class='ocr_line' id='line_1_9' title="bbox 159 1054 1736 1115; baseline -0.001 -3"><span class='ocrx_word' id='word_1_45' title='bbox 159 1074 244 1113; x_wconf 86' lang='lat' dir='ltr'><strong>cos</strong></span> <span class='ocrx_word' id='word_1_46' title='bbox 266 1059 553 1114; x_wconf 89' lang='lat' dir='ltr'><strong>admodum</strong></span> <span class='ocrx_word' id='word_1_47' title='bbox 579 1059 694 1115; x_wconf 90' lang='lat' dir='ltr'><strong>dies</strong></span> <span class='ocrx_word' id='word_1_48' title='bbox 719 1059 969 1114; x_wconf 88' lang='lat' dir='ltr'><strong>illusione</strong></span> <span class='ocrx_word' id='word_1_49' title='bbox 995 1056 1266 1112; x_wconf 87' lang='lat' dir='ltr'><strong>diabolica</strong></span> <span class='ocrx_word' id='word_1_50' title='bbox 1303 1071 1331 1109; x_wconf 90' lang='lat' dir='ltr'><strong>a</strong></span> <span class='ocrx_word' id='word_1_51' title='bbox 1387 1056 1615 1109; x_wconf 88' lang='lat' dir='ltr'><strong>summis</strong></span> <span class='ocrx_word' id='word_1_52' title='bbox 1666 1054 1736 1111; x_wconf 88' lang='lat' dir='ltr'><strong>ad</strong></span> 
     </span>
    </p>
   </div>
   <div class='ocr_carea' id='block_1_10' title="bbox 159 1148 1738 1222">
    <p class='ocr_par' dir='ltr' id='par_1_10' title="bbox 159 1148 1738 1222">
     <span class='ocr_line' id='line_1_10' title="bbox 159 1148 1738 1222; baseline 0 -18"><span class='ocrx_word' id='word_1_53' title='bbox 159 1150 258 1205; x_wconf 84' lang='lat' dir='ltr'><strong>ima</strong></span> <span class='ocrx_word' id='word_1_54' title='bbox 289 1151 582 1219; x_wconf 85' lang='lat' dir='ltr'><strong>dejectum,</strong></span> <span class='ocrx_word' id='word_1_55' title='bbox 615 1167 774 1220; x_wconf 89' lang='lat' dir='ltr'><strong>quem</strong></span> <span class='ocrx_word' id='word_1_56' title='bbox 802 1149 1191 1222; x_wconf 85' lang='lat' dir='ltr'><strong>quinquaginta</strong></span> <span class='ocrx_word' id='word_1_57' title='bbox 1228 1148 1385 1204; x_wconf 88' lang='lat' dir='ltr'><strong>annis</strong></span> <span class='ocrx_word' id='word_1_58' title='bbox 1409 1149 1461 1202; x_wconf 94' lang='lat' dir='ltr'><strong>in</strong></span> <span class='ocrx_word' id='word_1_59' title='bbox 1493 1148 1593 1201; x_wconf 88' lang='lat' dir='ltr'><strong>hac</strong></span> <span class='ocrx_word' id='word_1_60' title='bbox 1618 1162 1738 1204; x_wconf 87' lang='lat' dir='ltr'><strong>ere-</strong></span> 
     </span>
    </p>
   </div>
   <div class='ocr_carea' id='block_1_11' title="bbox 152 1241 1737 1314">
    <p class='ocr_par' dir='ltr' id='par_1_11' title="bbox 152 1241 1737 1314">
     <span class='ocr_line' id='line_1_11' title="bbox 152 1241 1737 1314; baseline -0.003 -15"><span class='ocrx_word' id='word_1_61' title='bbox 152 1259 238 1299; x_wconf 88' lang='lat' dir='ltr'><strong>mo</strong></span> <span class='ocrx_word' id='word_1_62' title='bbox 261 1256 675 1310; x_wconf 89' lang='lat' dir='ltr'><strong>commoratum,</strong></span> <span class='ocrx_word' id='word_1_63' title='bbox 695 1244 957 1314; x_wconf 77' lang='lat' dir='ltr'><strong>singulari</strong></span> <span class='ocrx_word' id='word_1_64' title='bbox 980 1243 1323 1297; x_wconf 86' lang='lat' dir='ltr'><strong>districtione</strong></span> <span class='ocrx_word' id='word_1_65' title='bbox 1348 1241 1582 1311; x_wconf 85' lang='lat' dir='ltr'><strong>rigorem</strong></span> <span class='ocrx_word' id='word_1_66' title='bbox 1606 1256 1737 1296; x_wconf 90' lang='lat' dir='ltr'><strong>con-</strong></span> 
     </span>
    </p>
   </div>
   <div class='ocr_carea' id='block_1_12' title="bbox 150 1335 1733 1402">
    <p class='ocr_par' dir='ltr' id='par_1_12' title="bbox 150 1335 1733 1402">
     <span class='ocr_line' id='line_1_12' title="bbox 150 1335 1733 1402; baseline -0.001 -11"><span class='ocrx_word' id='word_1_67' title='bbox 150 1336 390 1391; x_wconf 77' lang='lat' dir='ltr'><strong>tinentia:</strong></span> <span class='ocrx_word' id='word_1_68' title='bbox 422 1340 658 1392; x_wconf 80' lang='lat' dir='ltr'><strong>tenuisse</strong></span> <span class='ocrx_word' id='word_1_69' title='bbox 680 1337 1054 1402; x_wconf 86' lang='lat' dir='ltr'><strong>meminimus,</strong></span> <span class='ocrx_word' id='word_1_70' title='bbox 1096 1345 1151 1391; x_wconf 91' lang='lat' dir='ltr'><strong>et</strong></span> <span class='ocrx_word' id='word_1_71' title='bbox 1180 1335 1491 1390; x_wconf 85' lang='lat' dir='ltr'><strong>solitudinis</strong></span> <span class='ocrx_word' id='word_1_72' title='bbox 1521 1346 1733 1391; x_wconf 90' lang='lat' dir='ltr'><strong>secreta</strong></span> 
     </span>
    </p>
   </div>
   <div class='ocr_carea' id='block_1_13' title="bbox 149 1431 1730 1487">
    <p class='ocr_par' dir='ltr' id='par_1_13' title="bbox 149 1431 1730 1487">
     <span class='ocr_line' id='line_1_13' title="bbox 149 1431 1730 1487; baseline 0.001 -3"><span class='ocrx_word' id='word_1_73' title='bbox 149 1431 281 1485; x_wconf 90' lang='lat' dir='ltr'><strong>ultra</strong></span> <span class='ocrx_word' id='word_1_74' title='bbox 309 1446 497 1487; x_wconf 92' lang='lat' dir='ltr'><strong>omnes</strong></span> <span class='ocrx_word' id='word_1_75' title='bbox 524 1432 610 1487; x_wconf 89' lang='lat' dir='ltr'><strong>hic</strong></span> <span class='ocrx_word' id='word_1_76' title='bbox 630 1441 1034 1487; x_wconf 89' lang='lat' dir='ltr'><strong>commorantes</strong></span> <span class='ocrx_word' id='word_1_77' title='bbox 1054 1431 1194 1485; x_wconf 91' lang='lat' dir='ltr'><strong>miro</strong></span> <span class='ocrx_word' id='word_1_78' title='bbox 1218 1431 1430 1485; x_wconf 79' lang='lat' dir='ltr'><strong>fervore</strong></span> <span class='ocrx_word' id='word_1_79' title='bbox 1446 1440 1730 1485; x_wconf 87' lang='lat' dir='ltr'><strong>seetatum.</strong></span> 
     </span>
    </p>
   </div>
   <div class='ocr_carea' id='block_1_14' title="bbox 144 1523 1733 1597">
    <p class='ocr_par' dir='ltr' id='par_1_14' title="bbox 144 1523 1733 1597">
     <span class='ocr_line' id='line_1_14' title="bbox 144 1523 1733 1597; baseline -0.003 -18"><span class='ocrx_word' id='word_1_80' title='bbox 144 1524 235 1579; x_wconf 80' lang='lat' dir='ltr'><strong>Hic</strong></span> <span class='ocrx_word' id='word_1_81' title='bbox 267 1526 453 1597; x_wconf 81' lang='lat' dir='ltr'><strong>igitur,</strong></span> <span class='ocrx_word' id='word_1_82' title='bbox 484 1541 591 1597; x_wconf 91' lang='lat' dir='ltr'><strong>quo</strong></span> <span class='ocrx_word' id='word_1_83' title='bbox 617 1536 791 1593; x_wconf 89' lang='lat' dir='ltr'><strong>pacto,</strong></span> <span class='ocrx_word' id='word_1_84' title='bbox 838 1540 1012 1595; x_wconf 83' lang='lat' dir='ltr'><strong>quave</strong></span> <span class='ocrx_word' id='word_1_85' title='bbox 1036 1524 1247 1578; x_wconf 88' lang='lat' dir='ltr'><strong>ratione</strong></span> <span class='ocrx_word' id='word_1_86' title='bbox 1277 1534 1398 1592; x_wconf 87' lang='lat' dir='ltr'><strong>post</strong></span> <span class='ocrx_word' id='word_1_87' title='bbox 1432 1532 1611 1576; x_wconf 92' lang='lat' dir='ltr'><strong>tantos</strong></span> <span class='ocrx_word' id='word_1_88' title='bbox 1650 1523 1733 1577; x_wconf 90' lang='lat' dir='ltr'><strong>la-</strong></span> 
     </span>
    </p>
   </div>
   <div class='ocr_carea' id='block_1_15' title="bbox 140 1616 1734 1687">
    <p class='ocr_par' dir='ltr' id='par_1_15' title="bbox 140 1616 1734 1687">
     <span class='ocr_line' id='line_1_15' title="bbox 140 1616 1734 1687; baseline -0.002 -13"><span class='ocrx_word' id='word_1_89' title='bbox 140 1617 297 1674; x_wconf 88' lang='lat' dir='ltr'><strong>bores</strong></span> <span class='ocrx_word' id='word_1_90' title='bbox 338 1621 411 1674; x_wconf 88' lang='lat' dir='ltr'><strong>ab</strong></span> <span class='ocrx_word' id='word_1_91' title='bbox 444 1619 760 1674; x_wconf 88' lang='lat' dir='ltr'><strong>insidiatore</strong></span> <span class='ocrx_word' id='word_1_92' title='bbox 798 1618 1057 1679; x_wconf 86' lang='lat' dir='ltr'><strong>delusus.</strong></span> <span class='ocrx_word' id='word_1_93' title='bbox 1091 1616 1416 1687; x_wconf 83' lang='lat' dir='ltr'><strong>gravissimo</strong></span> <span class='ocrx_word' id='word_1_94' title='bbox 1470 1630 1734 1671; x_wconf 85' lang='lat' dir='ltr'><strong>corruens</strong></span> 
     </span>
    </p>
   </div>
   <div class='ocr_carea' id='block_1_16' title="bbox 137 1698 1729 1778">
    <p class='ocr_par' dir='ltr' id='par_1_16' title="bbox 137 1698 1729 1778">
     <span class='ocr_line' id='line_1_16' title="bbox 137 1698 1729 1778; baseline -0.001 -15"><span class='ocrx_word' id='word_1_95' title='bbox 137 1709 316 1778; x_wconf 89' lang='lat' dir='ltr'><strong>lapsu,</strong></span> <span class='ocrx_word' id='word_1_96' title='bbox 349 1721 582 1766; x_wconf 89' lang='lat' dir='ltr'><strong>cunctos</strong></span> <span class='ocrx_word' id='word_1_97' title='bbox 623 1711 677 1764; x_wconf 94' lang='lat' dir='ltr'><strong>in</strong></span> <span class='ocrx_word' id='word_1_98' title='bbox 710 1712 813 1764; x_wconf 86' lang='lat' dir='ltr'><strong>hac</strong></span> <span class='ocrx_word' id='word_1_99' title='bbox 848 1723 1035 1763; x_wconf 82' lang='lat' dir='ltr'><strong>eremo</strong></span> <span class='ocrx_word' id='word_1_100' title='bbox 1069 1698 1428 1772; x_wconf 82' lang='lat' dir='ltr'><strong>constitutos,</strong></span> <span class='ocrx_word' id='word_1_101' title='bbox 1478 1708 1729 1762; x_wconf 88' lang='lat' dir='ltr'><strong>luctuoso</strong></span> 
     </span>
    </p>
   </div>
   <div class='ocr_carea' id='block_1_17' title="bbox 1209 273 2389 353">
    <p class='ocr_par' dir='ltr' id='par_1_17' title="bbox 1209 273 2389 353">
     <span class='ocr_line' id='line_1_17' title="bbox 1209 273 2389 353; baseline 0.006 -23"><span class='ocrx_word' id='word_1_102' title='bbox 1209 273 1561 353; x_wconf 80' lang='lat' dir='ltr'><strong>COLLATIO</strong></span> <span class='ocrx_word' id='word_1_103' title='bbox 1600 276 1663 331; x_wconf 89' lang='lat' dir='ltr'><strong>lI.</strong></span> <span class='ocrx_word' id='word_1_104' title='bbox 1698 308 1765 318; x_wconf 90' lang='lat'><strong>—-</strong></span> <span class='ocrx_word' id='word_1_105' title='bbox 1796 277 1878 333; x_wconf 86' lang='lat' dir='ltr'><strong>DE</strong></span> <span class='ocrx_word' id='word_1_106' title='bbox 1921 278 2389 337; x_wconf 79' lang='lat' dir='ltr'><strong>DISCRETIONE.</strong></span> 
     </span>
    </p>
   </div>
   <div class='ocr_carea' id='block_1_18' title="bbox 1774 393 3437 473">
    <p class='ocr_par' dir='ltr' id='par_1_18' title="bbox 1774 393 3437 473">
     <span class='ocr_line' id='line_1_18' title="bbox 1774 393 3437 473; baseline 0.01 -29"><span class='ocrx_word' id='word_1_107' title='bbox 1774 396 1828 455; x_wconf 77' lang='grc' dir='ltr'><strong>Α</strong></span> <span class='ocrx_word' id='word_1_108' title='bbox 1854 393 2025 461; x_wconf 90' lang='lat' dir='ltr'><strong>potuit</strong></span> <span class='ocrx_word' id='word_1_109' title='bbox 2055 395 2331 463; x_wconf 79' lang='lat' dir='ltr'><strong>aggregari</strong></span> <span class='ocrx_word' id='word_1_110' title='bbox 2354 438 2367 459; x_wconf 91' lang='lat'><strong>,</strong></span> <span class='ocrx_word' id='word_1_111' title='bbox 2404 410 2470 451; x_wconf 91' lang='lat' dir='ltr'><strong>ne</strong></span> <span class='ocrx_word' id='word_1_112' title='bbox 2494 398 3043 471; x_wconf 86' lang='lat' dir='ltr'><strong>quantulumcumque</strong></span> <span class='ocrx_word' id='word_1_113' title='bbox 3076 400 3437 473; x_wconf 72' lang='lat' dir='ltr'><strong>perceptione</strong></span> 
     </span>
    </p>
   </div>
   <div class='ocr_carea' id='block_1_19' title="bbox 3337 290 3440 349">
    <p class='ocr_par' dir='ltr' id='par_1_19' title="bbox 3337 290 3440 349">
     <span class='ocr_line' id='line_1_19' title="bbox 3337 290 3440 349; baseline 0.039 -4"><span class='ocrx_word' id='word_1_114' title='bbox 3337 290 3440 349; x_wconf 74' lang='lat'><strong>530</strong></span> 
     </span>
    </p>
   </div>
   <div class='ocr_carea' id='block_1_20' title="bbox 1845 483 3434 563">
    <p class='ocr_par' dir='ltr' id='par_1_20' title="bbox 1845 483 3434 563">
     <span class='ocr_line' id='line_1_20' title="bbox 1845 483 3434 563; baseline 0.009 -25"><span class='ocrx_word' id='word_1_115' title='bbox 1845 483 2133 553; x_wconf 83' lang='lat' dir='ltr'><strong>leguminis</strong></span> <span class='ocrx_word' id='word_1_116' title='bbox 2160 488 2333 555; x_wconf 89' lang='lat' dir='ltr'><strong>parvi,</strong></span> <span class='ocrx_word' id='word_1_117' title='bbox 2364 503 2391 540; x_wconf 87' lang='lat' dir='ltr'><strong>a</strong></span> <span class='ocrx_word' id='word_1_118' title='bbox 2415 501 2517 541; x_wconf 92' lang='lat' dir='ltr'><strong>suo</strong></span> <span class='ocrx_word' id='word_1_119' title='bbox 2536 488 2818 546; x_wconf 89' lang='lat' dir='ltr'><strong>videretur</strong></span> <span class='ocrx_word' id='word_1_120' title='bbox 2843 494 3122 563; x_wconf 90' lang='lat' dir='ltr'><strong>proposito</strong></span> <span class='ocrx_word' id='word_1_121' title='bbox 3137 496 3434 554; x_wconf 80' lang='lat' dir='ltr'><strong>relaxasse.</strong></span> 
     </span>
    </p>
   </div>
   <div class='ocr_carea' id='block_1_21' title="bbox 1844 573 3438 651">
    <p class='ocr_par' dir='ltr' id='par_1_21' title="bbox 1844 573 3438 651">
     <span class='ocr_line' id='line_1_21' title="bbox 1844 573 3438 651; baseline 0.014 -27"><span class='ocrx_word' id='word_1_122' title='bbox 1844 573 1959 641; x_wconf 85' lang='lat' dir='ltr'><strong>Qua</strong></span> <span class='ocrx_word' id='word_1_123' title='bbox 1986 578 2406 647; x_wconf 64' lang='lat' dir='ltr'><strong>praesumptione</strong></span> <span class='ocrx_word' id='word_1_124' title='bbox 2427 577 2708 648; x_wconf 89' lang='lat' dir='ltr'><strong>deceptus,</strong></span> <span class='ocrx_word' id='word_1_125' title='bbox 2764 584 3014 651; x_wconf 84' lang='lat' dir='ltr'><strong>angelum</strong></span> <span class='ocrx_word' id='word_1_126' title='bbox 3045 585 3259 643; x_wconf 72' lang='lat' dir='ltr'><strong>Satanae</strong></span> <span class='ocrx_word' id='word_1_127' title='bbox 3290 590 3438 646; x_wconf 89' lang='lat' dir='ltr'><strong>velut</strong></span> 
     </span>
    </p>
   </div>
   <div class='ocr_carea' id='block_1_22' title="bbox 1842 667 3431 748">
    <p class='ocr_par' dir='ltr' id='par_1_22' title="bbox 1842 667 3431 748">
     <span class='ocr_line' id='line_1_22' title="bbox 1842 667 3431 748; baseline 0.011 -29"><span class='ocrx_word' id='word_1_128' title='bbox 1842 667 2091 736; x_wconf 80' lang='lat' dir='ltr'><strong>angelum</strong></span> <span class='ocrx_word' id='word_1_129' title='bbox 2128 669 2263 724; x_wconf 92' lang='lat' dir='ltr'><strong>lucis</strong></span> <span class='ocrx_word' id='word_1_130' title='bbox 2294 684 2415 724; x_wconf 92' lang='lat' dir='ltr'><strong>cum</strong></span> <span class='ocrx_word' id='word_1_131' title='bbox 2452 685 2663 725; x_wconf 87' lang='lat' dir='ltr'><strong>summa</strong></span> <span class='ocrx_word' id='word_1_132' title='bbox 2700 675 3053 731; x_wconf 85' lang='lat' dir='ltr'><strong>veneratione</strong></span> <span class='ocrx_word' id='word_1_133' title='bbox 3082 680 3386 748; x_wconf 89' lang='lat' dir='ltr'><strong>suscipiens</strong></span> <span class='ocrx_word' id='word_1_134' title='bbox 3417 724 3431 746; x_wconf 95' lang='lat'><strong>,</strong></span> 
     </span>
    </p>
   </div>
   <div class='ocr_carea' id='block_1_23' title="bbox 1844 758 3435 834">
    <p class='ocr_par' dir='ltr' id='par_1_23' title="bbox 1844 758 3435 834">
     <span class='ocr_line' id='line_1_23' title="bbox 1844 758 3435 834; baseline 0.011 -24"><span class='ocrx_word' id='word_1_135' title='bbox 1844 758 2071 829; x_wconf 89' lang='lat' dir='ltr'><strong>ejusque</strong></span> <span class='ocrx_word' id='word_1_136' title='bbox 2109 762 2397 830; x_wconf 67' lang='lat' dir='ltr'><strong>praeceptis</strong></span> <span class='ocrx_word' id='word_1_137' title='bbox 2428 777 2602 830; x_wconf 88' lang='lat' dir='ltr'><strong>prono</strong></span> <span class='ocrx_word' id='word_1_138' title='bbox 2634 764 2895 820; x_wconf 90' lang='lat' dir='ltr'><strong>obediens</strong></span> <span class='ocrx_word' id='word_1_139' title='bbox 2925 766 3207 834; x_wconf 83' lang='lat' dir='ltr'><strong>famulatu,</strong></span> <span class='ocrx_word' id='word_1_140' title='bbox 3239 787 3435 829; x_wconf 82' lang='lat' dir='ltr'><strong>semet-</strong></span> 
     </span>
    </p>
   </div>
   <div class='ocr_carea' id='block_1_24' title="bbox 1842 850 3435 924">
    <p class='ocr_par' dir='ltr' id='par_1_24' title="bbox 1842 850 3435 924">
     <span class='ocr_line' id='line_1_24' title="bbox 1842 850 3435 924; baseline 0.01 -21"><span class='ocrx_word' id='word_1_141' title='bbox 1842 850 2016 920; x_wconf 88' lang='lat' dir='ltr'><strong>ipsum</strong></span> <span class='ocrx_word' id='word_1_142' title='bbox 2047 854 2100 905; x_wconf 92' lang='lat' dir='ltr'><strong>in</strong></span> <span class='ocrx_word' id='word_1_143' title='bbox 2124 862 2371 922; x_wconf 89' lang='lat' dir='ltr'><strong>puteum,</strong></span> <span class='ocrx_word' id='word_1_144' title='bbox 2390 853 2545 923; x_wconf 88' lang='lat' dir='ltr'><strong>cujus</strong></span> <span class='ocrx_word' id='word_1_145' title='bbox 2571 855 2995 924; x_wconf 83' lang='lat' dir='ltr'><strong>profunditatem</strong></span> <span class='ocrx_word' id='word_1_146' title='bbox 3024 861 3305 917; x_wconf 90' lang='lat' dir='ltr'><strong>oculorum</strong></span> <span class='ocrx_word' id='word_1_147' title='bbox 3327 881 3435 919; x_wconf 93' lang='lat' dir='ltr'><strong>non</strong></span> 
     </span>
    </p>
   </div>
   <div class='ocr_carea' id='block_1_25' title="bbox 1842 942 3435 1021">
    <p class='ocr_par' dir='ltr' id='par_1_25' title="bbox 1842 942 3435 1021">
     <span class='ocr_line' id='line_1_25' title="bbox 1842 942 3435 1021; baseline 0.01 -26"><span class='ocrx_word' id='word_1_148' title='bbox 1842 942 2059 1013; x_wconf 86' lang='lat' dir='ltr'><strong>attingit</strong></span> <span class='ocrx_word' id='word_1_149' title='bbox 2080 945 2325 1012; x_wconf 89' lang='lat' dir='ltr'><strong>intuitus,</strong></span> <span class='ocrx_word' id='word_1_150' title='bbox 2354 947 2693 1016; x_wconf 77' lang='lat' dir='ltr'><strong>przecipitem</strong></span> <span class='ocrx_word' id='word_1_151' title='bbox 2721 948 2903 1017; x_wconf 87' lang='lat' dir='ltr'><strong>dedit,</strong></span> <span class='ocrx_word' id='word_1_152' title='bbox 2933 949 3000 1004; x_wconf 90' lang='lat' dir='ltr'><strong>de</strong></span> <span class='ocrx_word' id='word_1_153' title='bbox 3026 953 3209 1021; x_wconf 83' lang='lat' dir='ltr'><strong>angeli</strong></span> <span class='ocrx_word' id='word_1_154' title='bbox 3243 954 3435 1010; x_wconf 88' lang='lat' dir='ltr'><strong>videli-</strong></span> 
     </span>
    </p>
   </div>
   <div class='ocr_carea' id='block_1_26' title="bbox 1842 1037 3431 1112">
    <p class='ocr_par' dir='ltr' id='par_1_26' title="bbox 1842 1037 3431 1112">
     <span class='ocr_line' id='line_1_26' title="bbox 1842 1037 3431 1112; baseline 0.008 -24"><span class='ocrx_word' id='word_1_155' title='bbox 1842 1043 1927 1088; x_wconf 87' lang='lat' dir='ltr'><strong>cet</strong></span> <span class='ocrx_word' id='word_1_156' title='bbox 1947 1037 2028 1089; x_wconf 90' lang='lat' dir='ltr'><strong>sui</strong></span> <span class='ocrx_word' id='word_1_157' title='bbox 2051 1037 2345 1105; x_wconf 79' lang='lat' dir='ltr'><strong>sponsione</strong></span> <span class='ocrx_word' id='word_1_158' title='bbox 2366 1053 2473 1091; x_wconf 90' lang='lat' dir='ltr'><strong>non</strong></span> <span class='ocrx_word' id='word_1_159' title='bbox 2504 1037 2782 1107; x_wconf 89' lang='lat' dir='ltr'><strong>dubitans,</strong></span> <span class='ocrx_word' id='word_1_160' title='bbox 2808 1041 2900 1110; x_wconf 92' lang='lat' dir='ltr'><strong>qui</strong></span> <span class='ocrx_word' id='word_1_161' title='bbox 2924 1056 3046 1095; x_wconf 86' lang='lat' dir='ltr'><strong>eum</strong></span> <span class='ocrx_word' id='word_1_162' title='bbox 3097 1058 3201 1112; x_wconf 91' lang='lat' dir='ltr'><strong>pro</strong></span> <span class='ocrx_word' id='word_1_163' title='bbox 3232 1047 3431 1101; x_wconf 90' lang='lat' dir='ltr'><strong>merito</strong></span> 
     </span>
    </p>
   </div>
   <div class='ocr_carea' id='block_1_27' title="bbox 1842 1128 3435 1205">
    <p class='ocr_par' dir='ltr' id='par_1_27' title="bbox 1842 1128 3435 1205">
     <span class='ocr_line' id='line_1_27' title="bbox 1842 1128 3435 1205; baseline 0.009 -25"><span class='ocrx_word' id='word_1_164' title='bbox 1842 1128 2099 1182; x_wconf 87' lang='lat' dir='ltr'><strong>virtutum</strong></span> <span class='ocrx_word' id='word_1_165' title='bbox 2132 1144 2196 1183; x_wconf 92' lang='lat' dir='ltr'><strong>ac</strong></span> <span class='ocrx_word' id='word_1_166' title='bbox 2225 1130 2471 1186; x_wconf 86' lang='lat' dir='ltr'><strong>laborum</strong></span> <span class='ocrx_word' id='word_1_167' title='bbox 2505 1146 2729 1188; x_wconf 90' lang='lat' dir='ltr'><strong>suorum</strong></span> <span class='ocrx_word' id='word_1_168' title='bbox 2771 1149 3111 1205; x_wconf 87' lang='lat' dir='ltr'><strong>nequaquam</strong></span> <span class='ocrx_word' id='word_1_169' title='bbox 3147 1151 3309 1205; x_wconf 87' lang='lat' dir='ltr'><strong>posse</strong></span> <span class='ocrx_word' id='word_1_170' title='bbox 3340 1140 3435 1194; x_wconf 80' lang='lat' dir='ltr'><strong>fir-</strong></span> 
     </span>
    </p>
   </div>
   <div class='ocr_carea' id='block_1_28' title="bbox 1841 1221 3434 1299">
    <p class='ocr_par' dir='ltr' id='par_1_28' title="bbox 1841 1221 3434 1299">
     <span class='ocr_line' id='line_1_28' title="bbox 1841 1221 3434 1299; baseline 0.01 -25"><span class='ocrx_word' id='word_1_171' title='bbox 1841 1229 2087 1275; x_wconf 88' lang='lat' dir='ltr'><strong>maverat</strong></span> <span class='ocrx_word' id='word_1_172' title='bbox 2144 1221 2240 1275; x_wconf 91' lang='lat' dir='ltr'><strong>ulli</strong></span> <span class='ocrx_word' id='word_1_173' title='bbox 2290 1222 2402 1291; x_wconf 90' lang='lat' dir='ltr'><strong>jam</strong></span> <span class='ocrx_word' id='word_1_174' title='bbox 2455 1223 2757 1280; x_wconf 90' lang='lat' dir='ltr'><strong>discrimini</strong></span> <span class='ocrx_word' id='word_1_175' title='bbox 2810 1227 3112 1296; x_wconf 89' lang='lat' dir='ltr'><strong>subjacere.</strong></span> <span class='ocrx_word' id='word_1_176' title='bbox 3137 1229 3304 1299; x_wconf 91' lang='lat' dir='ltr'><strong>Cujus</strong></span> <span class='ocrx_word' id='word_1_177' title='bbox 3351 1234 3434 1290; x_wconf 88' lang='lat' dir='ltr'><strong>rei</strong></span> 
     </span>
    </p>
   </div>
   <div class='ocr_carea' id='block_1_29' title="bbox 1840 1312 3433 1389">
    <p class='ocr_par' dir='ltr' id='par_1_29' title="bbox 1840 1312 3433 1389">
     <span class='ocr_line' id='line_1_29' title="bbox 1840 1312 3433 1389; baseline 0.009 -22"><span class='ocrx_word' id='word_1_178' title='bbox 1840 1312 2025 1379; x_wconf 87' lang='lat' dir='ltr'><strong>ﬁdem,</strong></span> <span class='ocrx_word' id='word_1_179' title='bbox 2068 1324 2125 1368; x_wconf 92' lang='lat' dir='ltr'><strong>ut</strong></span> <span class='ocrx_word' id='word_1_180' title='bbox 2147 1315 2527 1386; x_wconf 84' lang='lat' dir='ltr'><strong>experimento</strong></span> <span class='ocrx_word' id='word_1_181' title='bbox 2559 1333 2673 1373; x_wconf 84' lang='lat' dir='ltr'><strong>suae</strong></span> <span class='ocrx_word' id='word_1_182' title='bbox 2711 1319 2996 1389; x_wconf 86' lang='lat' dir='ltr'><strong>sospitatis</strong></span> <span class='ocrx_word' id='word_1_183' title='bbox 3021 1321 3433 1381; x_wconf 79' lang='lat' dir='ltr'><strong>evidentissima</strong></span> 
     </span>
    </p>
   </div>
   <div class='ocr_carea' id='block_1_30' title="bbox 1838 1408 3431 1485">
    <p class='ocr_par' dir='ltr' id='par_1_30' title="bbox 1838 1408 3431 1485">
     <span class='ocr_line' id='line_1_30' title="bbox 1838 1408 3431 1485; baseline 0.007 -24"><span class='ocrx_word' id='word_1_184' title='bbox 1838 1408 2239 1477; x_wconf 86' lang='lat' dir='ltr'><strong>comprobaret,</strong></span> <span class='ocrx_word' id='word_1_185' title='bbox 2264 1409 2575 1480; x_wconf 85' lang='lat' dir='ltr'><strong>supradicto</strong></span> <span class='ocrx_word' id='word_1_186' title='bbox 2614 1425 2674 1467; x_wconf 89' lang='lat' dir='ltr'><strong>se</strong></span> <span class='ocrx_word' id='word_1_187' title='bbox 2702 1421 2866 1481; x_wconf 88' lang='lat' dir='ltr'><strong>puteo</strong></span> <span class='ocrx_word' id='word_1_188' title='bbox 2898 1423 3057 1469; x_wconf 87' lang='lat' dir='ltr'><strong>nocte</strong></span> <span class='ocrx_word' id='word_1_189' title='bbox 3101 1415 3431 1485; x_wconf 85' lang='lat' dir='ltr'><strong>intempesta</strong></span> 
     </span>
    </p>
   </div>
   <div class='ocr_carea' id='block_1_31' title="bbox 1837 1496 3429 1571">
    <p class='ocr_par' dir='ltr' id='par_1_31' title="bbox 1837 1496 3429 1571">
     <span class='ocr_line' id='line_1_31' title="bbox 1837 1496 3429 1571; baseline 0.006 -18"><span class='ocrx_word' id='word_1_190' title='bbox 1837 1496 2026 1553; x_wconf 88' lang='lat' dir='ltr'><strong>illusus</strong></span> <span class='ocrx_word' id='word_1_191' title='bbox 2055 1499 2257 1568; x_wconf 89' lang='lat' dir='ltr'><strong>injecit,</strong></span> <span class='ocrx_word' id='word_1_192' title='bbox 2288 1516 2540 1571; x_wconf 87' lang='lat' dir='ltr'><strong>magnum</strong></span> <span class='ocrx_word' id='word_1_193' title='bbox 2556 1503 2767 1559; x_wconf 88' lang='lat' dir='ltr'><strong>scilicet</strong></span> <span class='ocrx_word' id='word_1_194' title='bbox 2788 1504 3013 1560; x_wconf 90' lang='lat' dir='ltr'><strong>virtutis</strong></span> <span class='ocrx_word' id='word_1_195' title='bbox 3032 1520 3145 1561; x_wconf 68' lang='lat' dir='ltr'><strong>sua:</strong></span> <span class='ocrx_word' id='word_1_196' title='bbox 3171 1506 3429 1563; x_wconf 90' lang='lat' dir='ltr'><strong>meritum</strong></span> 
     </span>
    </p>
   </div>
   <div class='ocr_carea' id='block_1_32' title="bbox 1840 1589 3431 1667">
    <p class='ocr_par' dir='ltr' id='par_1_32' title="bbox 1840 1589 3431 1667">
     <span class='ocr_line' id='line_1_32' title="bbox 1840 1589 3431 1667; baseline 0.004 -23"><span class='ocrx_word' id='word_1_197' title='bbox 1840 1589 2181 1658; x_wconf 85' lang='lat' dir='ltr'><strong>probaturus,</strong></span> <span class='ocrx_word' id='word_1_198' title='bbox 2208 1606 2331 1645; x_wconf 90' lang='lat' dir='ltr'><strong>cum</strong></span> <span class='ocrx_word' id='word_1_199' title='bbox 2356 1592 2481 1648; x_wconf 91' lang='lat' dir='ltr'><strong>inde</strong></span> <span class='ocrx_word' id='word_1_200' title='bbox 2502 1594 2703 1649; x_wconf 76' lang='lat' dir='ltr'><strong>exisset</strong></span> <span class='ocrx_word' id='word_1_201' title='bbox 2724 1594 2948 1650; x_wconf 75' lang='lat' dir='ltr'><strong>illzesns.</strong></span> <span class='ocrx_word' id='word_1_202' title='bbox 2972 1596 3047 1650; x_wconf 90' lang='lat' dir='ltr'><strong>De</strong></span> <span class='ocrx_word' id='word_1_203' title='bbox 3073 1611 3201 1666; x_wconf 88' lang='lat' dir='ltr'><strong>quo.</strong></span> <span class='ocrx_word' id='word_1_204' title='bbox 3226 1596 3431 1667; x_wconf 84' lang='lat' dir='ltr'><strong>ingenti</strong></span> 
     </span>
    </p>
   </div>
   <div class='ocr_carea' id='block_1_33' title="bbox 1836 1682 3428 1757">
    <p class='ocr_par' dir='ltr' id='par_1_33' title="bbox 1836 1682 3428 1757">
     <span class='ocr_line' id='line_1_33' title="bbox 1836 1682 3428 1757; baseline 0.005 -20"><span class='ocrx_word' id='word_1_205' title='bbox 1836 1682 2060 1738; x_wconf 78' lang='lat' dir='ltr'><strong>fratrum</strong></span> <span class='ocrx_word' id='word_1_206' title='bbox 2079 1683 2261 1739; x_wconf 88' lang='lat' dir='ltr'><strong>labore</strong></span> <span class='ocrx_word' id='word_1_207' title='bbox 2285 1699 2405 1739; x_wconf 90' lang='lat' dir='ltr'><strong>cum</strong></span> <span class='ocrx_word' id='word_1_208' title='bbox 2432 1701 2570 1755; x_wconf 89' lang='lat' dir='ltr'><strong>pene</strong></span> <span class='ocrx_word' id='word_1_209' title='bbox 2587 1686 2697 1754; x_wconf 84' lang='lat' dir='ltr'><strong>jam</strong></span> <span class='ocrx_word' id='word_1_210' title='bbox 2717 1687 3009 1757; x_wconf 81' lang='lat' dir='ltr'><strong>exsanguis</strong></span> <span class='ocrx_word' id='word_1_211' title='bbox 3033 1688 3225 1743; x_wconf 85' lang='lat' dir='ltr'><strong>fuisset</strong></span> <span class='ocrx_word' id='word_1_212' title='bbox 3247 1700 3428 1745; x_wconf 49' lang='lat' dir='ltr'><strong>extra:</strong></span> 
     </span>
    </p>
   </div>
   <div class='ocr_carea' id='block_1_34' title="bbox 136 1777 1732 1871">
    <p class='ocr_par' dir='ltr' id='par_1_34' title="bbox 136 1799 1726 1871">
     <span class='ocr_line' id='line_1_34' title="bbox 136 1799 1726 1871; baseline -0.003 -16"><span class='ocrx_word' id='word_1_213' title='bbox 136 1800 329 1856; x_wconf 90' lang='lat' dir='ltr'><strong>dolore</strong></span> <span class='ocrx_word' id='word_1_214' title='bbox 357 1802 637 1871; x_wconf 87' lang='lat' dir='ltr'><strong>perculit?</strong></span> <span class='ocrx_word' id='word_1_215' title='bbox 668 1800 857 1855; x_wconf 81' lang='lat' dir='ltr'><strong>Nonne</strong></span> <span class='ocrx_word' id='word_1_216' title='bbox 878 1802 1004 1869; x_wconf 83' lang='lat' dir='ltr'><strong>quia</strong></span> <span class='ocrx_word' id='word_1_217' title='bbox 1044 1801 1219 1855; x_wconf 91' lang='lat' dir='ltr'><strong>minus</strong></span> <span class='ocrx_word' id='word_1_218' title='bbox 1240 1799 1588 1853; x_wconf 90' lang='lat' dir='ltr'><strong>discretionis</strong></span> <span class='ocrx_word' id='word_1_219' title='bbox 1618 1799 1726 1852; x_wconf 55' lang='lat' dir='ltr'><strong>vir¢</strong></span> 
     </span>
    </p>
   </div>
   <div class='ocr_carea' id='block_1_35' title="bbox 1838 1777 3426 1871">
    <p class='ocr_par' dir='ltr' id='par_1_35' title="bbox 1838 1777 3426 1859">
     <span class='ocr_line' id='line_1_35' title="bbox 1838 1777 3426 1859; baseline 0.004 -28"><span class='ocrx_word' id='word_1_220' title='bbox 1838 1786 1973 1844; x_wconf 84' lang='lat' dir='ltr'><strong>ctus,</strong></span> <span class='ocrx_word' id='word_1_221' title='bbox 2000 1777 2165 1831; x_wconf 88' lang='lat' dir='ltr'><strong>vitam</strong></span> <span class='ocrx_word' id='word_1_222' title='bbox 2191 1778 2279 1832; x_wconf 89' lang='lat' dir='ltr'><strong>die</strong></span> <span class='ocrx_word' id='word_1_223' title='bbox 2296 1777 2456 1833; x_wconf 88' lang='lat' dir='ltr'><strong>tertia</strong></span> <span class='ocrx_word' id='word_1_224' title='bbox 2481 1779 2754 1845; x_wconf 87' lang='lat' dir='ltr'><strong>ﬁniturus,</strong></span> <span class='ocrx_word' id='word_1_225' title='bbox 2782 1779 2924 1848; x_wconf 92' lang='lat' dir='ltr'><strong>quod</strong></span> <span class='ocrx_word' id='word_1_226' title='bbox 2951 1779 3037 1835; x_wconf 89' lang='lat' dir='ltr'><strong>bis</strong></span> <span class='ocrx_word' id='word_1_227' title='bbox 3053 1781 3294 1859; x_wconf 85' lang='lat' dir='ltr'><strong>deterius</strong></span> <span class='ocrx_word' id='word_1_228' title='bbox 3317 1792 3426 1851; x_wconf 89' lang='lat' dir='ltr'><strong>est,</strong></span> 
     </span>
    </p>
   </div>
   <div class='ocr_carea' id='block_1_36' title="bbox 134 1892 1732 1963">
    <p class='ocr_par' dir='ltr' id='par_1_36' title="bbox 134 1892 1732 1963">
     <span class='ocr_line' id='line_1_36' title="bbox 134 1892 1732 1963; baseline -0.001 -16"><span class='ocrx_word' id='word_1_229' title='bbox 134 1903 247 1950; x_wconf 90' lang='lat' dir='ltr'><strong>tute</strong></span> <span class='ocrx_word' id='word_1_230' title='bbox 272 1910 556 1963; x_wconf 82' lang='lat' dir='ltr'><strong>possessa,</strong></span> <span class='ocrx_word' id='word_1_231' title='bbox 584 1896 696 1950; x_wconf 85' lang='lat' dir='ltr'><strong>suis</strong></span> <span class='ocrx_word' id='word_1_232' title='bbox 721 1894 1125 1949; x_wconf 90' lang='lat' dir='ltr'><strong>deﬁnitionibus</strong></span> <span class='ocrx_word' id='word_1_233' title='bbox 1171 1895 1305 1963; x_wconf 89' lang='lat' dir='ltr'><strong>regi,</strong></span> <span class='ocrx_word' id='word_1_234' title='bbox 1339 1908 1499 1963; x_wconf 89' lang='lat' dir='ltr'><strong>quam</strong></span> <span class='ocrx_word' id='word_1_235' title='bbox 1543 1892 1732 1947; x_wconf 88' lang='lat' dir='ltr'><strong>consi-</strong></span> 
     </span>
    </p>
   </div>
   <div class='ocr_carea' id='block_1_37' title="bbox 135 1984 1729 2057">
    <p class='ocr_par' dir='ltr' id='par_1_37' title="bbox 135 1984 1729 2057">
     <span class='ocr_line' id='line_1_37' title="bbox 135 1984 1729 2057; baseline -0.001 -15"><span class='ocrx_word' id='word_1_236' title='bbox 135 1988 216 2042; x_wconf 90' lang='lat' dir='ltr'><strong>liis</strong></span> <span class='ocrx_word' id='word_1_237' title='bbox 243 1990 331 2042; x_wconf 90' lang='lat' dir='ltr'><strong>vel</strong></span> <span class='ocrx_word' id='word_1_238' title='bbox 356 1989 745 2043; x_wconf 76' lang='lat' dir='ltr'><strong>collationibus</strong></span> <span class='ocrx_word' id='word_1_239' title='bbox 766 1987 1019 2054; x_wconf 83' lang='lat' dir='ltr'><strong>fratrum,</strong></span> <span class='ocrx_word' id='word_1_240' title='bbox 1065 1994 1227 2057; x_wconf 89' lang='lat' dir='ltr'><strong>atque</strong></span> <span class='ocrx_word' id='word_1_241' title='bbox 1256 1984 1525 2042; x_wconf 79' lang='lat' dir='ltr'><strong>institutis</strong></span> <span class='ocrx_word' id='word_1_242' title='bbox 1563 1988 1729 2054; x_wconf 86' lang='lat' dir='ltr'><strong>majo-</strong></span> 
     </span>
    </p>
   </div>
   <div class='ocr_carea' id='block_1_38' title="bbox 140 2078 1731 2151">
    <p class='ocr_par' dir='ltr' id='par_1_38' title="bbox 140 2078 1731 2151">
     <span class='ocr_line' id='line_1_38' title="bbox 140 2078 1731 2151; baseline -0.002 -17"><span class='ocrx_word' id='word_1_243' title='bbox 140 2098 275 2147; x_wconf 88' lang='lat' dir='ltr'><strong>rum,</strong></span> <span class='ocrx_word' id='word_1_244' title='bbox 304 2082 500 2135; x_wconf 91' lang='lat' dir='ltr'><strong>maluit</strong></span> <span class='ocrx_word' id='word_1_245' title='bbox 527 2082 795 2136; x_wconf 84' lang='lat' dir='ltr'><strong>obedire?</strong></span> <span class='ocrx_word' id='word_1_246' title='bbox 826 2080 1105 2151; x_wconf 89' lang='lat' dir='ltr'><strong>Siquidem</strong></span> <span class='ocrx_word' id='word_1_247' title='bbox 1133 2087 1281 2133; x_wconf 90' lang='lat' dir='ltr'><strong>tanto</strong></span> <span class='ocrx_word' id='word_1_248' title='bbox 1312 2080 1495 2148; x_wconf 89' lang='lat' dir='ltr'><strong>rigore</strong></span> <span class='ocrx_word' id='word_1_249' title='bbox 1536 2078 1731 2132; x_wconf 92' lang='lat' dir='ltr'><strong>immu-</strong></span> 
     </span>
    </p>
   </div>
   <div class='ocr_carea' id='block_1_39' title="bbox 140 2171 1730 2241">
    <p class='ocr_par' dir='ltr' id='par_1_39' title="bbox 140 2171 1730 2241">
     <span class='ocr_line' id='line_1_39' title="bbox 140 2171 1730 2241; baseline -0.001 -15"><span class='ocrx_word' id='word_1_250' title='bbox 140 2172 353 2227; x_wconf 87' lang='lat' dir='ltr'><strong>tabilem</strong></span> <span class='ocrx_word' id='word_1_251' title='bbox 375 2171 573 2241; x_wconf 90' lang='lat' dir='ltr'><strong>jejunii</strong></span> <span class='ocrx_word' id='word_1_252' title='bbox 601 2172 991 2227; x_wconf 90' lang='lat' dir='ltr'><strong>continentiam</strong></span> <span class='ocrx_word' id='word_1_253' title='bbox 1022 2186 1239 2241; x_wconf 89' lang='lat' dir='ltr'><strong>semper</strong></span> <span class='ocrx_word' id='word_1_254' title='bbox 1260 2171 1539 2236; x_wconf 83' lang='lat' dir='ltr'><strong>exercuit,</strong></span> <span class='ocrx_word' id='word_1_255' title='bbox 1564 2180 1618 2225; x_wconf 90' lang='lat' dir='ltr'><strong>et</strong></span> <span class='ocrx_word' id='word_1_256' title='bbox 1641 2186 1730 2225; x_wconf 86' lang='lat' dir='ltr'><strong>so-</strong></span> 
     </span>
    </p>
   </div>
   <div class='ocr_carea' id='block_1_40' title="bbox 139 2262 1731 2335">
    <p class='ocr_par' dir='ltr' id='par_1_40' title="bbox 139 2262 1731 2335">
     <span class='ocr_line' id='line_1_40' title="bbox 139 2262 1731 2335; baseline 0.002 -18"><span class='ocrx_word' id='word_1_257' title='bbox 139 2262 387 2318; x_wconf 88' lang='lat' dir='ltr'><strong>litudinis</strong></span> <span class='ocrx_word' id='word_1_258' title='bbox 428 2263 686 2332; x_wconf 65' lang='lat' dir='ltr'><strong>cellaeque</strong></span> <span class='ocrx_word' id='word_1_259' title='bbox 711 2264 785 2318; x_wconf 90' lang='lat' dir='ltr'><strong>ita</strong></span> <span class='ocrx_word' id='word_1_260' title='bbox 805 2263 1009 2335; x_wconf 88' lang='lat' dir='ltr'><strong>jugiter</strong></span> <span class='ocrx_word' id='word_1_261' title='bbox 1037 2274 1250 2319; x_wconf 88' lang='lat' dir='ltr'><strong>secreta</strong></span> <span class='ocrx_word' id='word_1_262' title='bbox 1275 2274 1510 2318; x_wconf 85' lang='lat' dir='ltr'><strong>sectatus</strong></span> <span class='ocrx_word' id='word_1_263' title='bbox 1534 2275 1639 2331; x_wconf 90' lang='lat' dir='ltr'><strong>est,</strong></span> <span class='ocrx_word' id='word_1_264' title='bbox 1674 2273 1731 2320; x_wconf 92' lang='lat' dir='ltr'><strong>ut</strong></span> 
     </span>
    </p>
   </div>
   <div class='ocr_carea' id='block_1_41' title="bbox 140 2355 1728 2427">
    <p class='ocr_par' dir='ltr' id='par_1_41' title="bbox 140 2355 1728 2427">
     <span class='ocr_line' id='line_1_41' title="bbox 140 2355 1728 2427; baseline 0.002 -18"><span class='ocrx_word' id='word_1_265' title='bbox 140 2355 203 2410; x_wconf 87' lang='lat' dir='ltr'><strong>ab</strong></span> <span class='ocrx_word' id='word_1_266' title='bbox 232 2372 300 2411; x_wconf 91' lang='lat' dir='ltr'><strong>eo</strong></span> <span class='ocrx_word' id='word_1_267' title='bbox 324 2356 795 2427; x_wconf 82' lang='lat' dir='ltr'><strong>participationem</strong></span> <span class='ocrx_word' id='word_1_268' title='bbox 828 2356 1049 2412; x_wconf 90' lang='lat' dir='ltr'><strong>ineundi</strong></span> <span class='ocrx_word' id='word_1_269' title='bbox 1070 2372 1192 2412; x_wconf 93' lang='lat' dir='ltr'><strong>cum</strong></span> <span class='ocrx_word' id='word_1_270' title='bbox 1218 2359 1562 2412; x_wconf 87' lang='lat' dir='ltr'><strong>fraternitate</strong></span> <span class='ocrx_word' id='word_1_271' title='bbox 1592 2372 1728 2412; x_wconf 87' lang='lat' dir='ltr'><strong>con-</strong></span> 
     </span>
    </p>
   </div>
   <div class='ocr_carea' id='block_1_42' title="bbox 138 2449 1730 2522">
    <p class='ocr_par' dir='ltr' id='par_1_42' title="bbox 138 2449 1730 2522">
     <span class='ocr_line' id='line_1_42' title="bbox 138 2449 1730 2522; baseline 0.004 -21"><span class='ocrx_word' id='word_1_272' title='bbox 138 2449 280 2515; x_wconf 88' lang='lat' dir='ltr'><strong>vivii,</strong></span> <span class='ocrx_word' id='word_1_273' title='bbox 313 2464 419 2504; x_wconf 90' lang='lat' dir='ltr'><strong>nec</strong></span> <span class='ocrx_word' id='word_1_274' title='bbox 448 2450 726 2505; x_wconf 86' lang='lat' dir='ltr'><strong>veneratio</strong></span> <span class='ocrx_word' id='word_1_275' title='bbox 774 2451 988 2521; x_wconf 89' lang='lat' dir='ltr'><strong>quidem</strong></span> <span class='ocrx_word' id='word_1_276' title='bbox 1019 2451 1126 2507; x_wconf 90' lang='lat' dir='ltr'><strong>diei</strong></span> <span class='ocrx_word' id='word_1_277' title='bbox 1156 2451 1383 2521; x_wconf 89' lang='lat' dir='ltr'><strong>pascalis</strong></span> <span class='ocrx_word' id='word_1_278' title='bbox 1433 2451 1730 2522; x_wconf 88' lang='lat' dir='ltr'><strong>aliquando</strong></span> 
     </span>
    </p>
   </div>
   <div class='ocr_carea' id='block_1_43' title="bbox 141 2542 1727 2613">
    <p class='ocr_par' dir='ltr' id='par_1_43' title="bbox 141 2542 1727 2613">
     <span class='ocr_line' id='line_1_43' title="bbox 141 2542 1727 2613; baseline 0.003 -18"><span class='ocrx_word' id='word_1_279' title='bbox 141 2542 372 2609; x_wconf 89' lang='lat' dir='ltr'><strong>potuerit</strong></span> <span class='ocrx_word' id='word_1_280' title='bbox 393 2542 668 2599; x_wconf 90' lang='lat' dir='ltr'><strong>obtinere.</strong></span> <span class='ocrx_word' id='word_1_281' title='bbox 694 2542 751 2597; x_wconf 93' lang='lat' dir='ltr'><strong>In</strong></span> <span class='ocrx_word' id='word_1_282' title='bbox 780 2559 879 2611; x_wconf 86' lang='lat' dir='ltr'><strong>qua</strong></span> <span class='ocrx_word' id='word_1_283' title='bbox 910 2543 1169 2598; x_wconf 78' lang='lat' dir='ltr'><strong>fratribus</strong></span> <span class='ocrx_word' id='word_1_284' title='bbox 1191 2544 1406 2598; x_wconf 88' lang='lat' dir='ltr'><strong>cunctis</strong></span> <span class='ocrx_word' id='word_1_285' title='bbox 1435 2560 1534 2613; x_wconf 90' lang='lat' dir='ltr'><strong>pro</strong></span> <span class='ocrx_word' id='word_1_286' title='bbox 1567 2544 1727 2599; x_wconf 88' lang='lat' dir='ltr'><strong>anni-</strong></span> 
     </span>
    </p>
   </div>
   <div class='ocr_carea' id='block_1_44' title="bbox 137 2635 1726 2708">
    <p class='ocr_par' dir='ltr' id='par_1_44' title="bbox 137 2635 1726 2708">
     <span class='ocr_line' id='line_1_44' title="bbox 137 2635 1726 2708; baseline 0.003 -20"><span class='ocrx_word' id='word_1_287' title='bbox 137 2635 372 2708; x_wconf 82' lang='lat' dir='ltr'><strong>versaria</strong></span> <span class='ocrx_word' id='word_1_288' title='bbox 393 2636 749 2693; x_wconf 89' lang='lat' dir='ltr'><strong>solemnitate</strong></span> <span class='ocrx_word' id='word_1_289' title='bbox 777 2636 829 2691; x_wconf 93' lang='lat' dir='ltr'><strong>in</strong></span> <span class='ocrx_word' id='word_1_290' title='bbox 856 2636 1095 2691; x_wconf 89' lang='lat' dir='ltr'><strong>Ecclesia</strong></span> <span class='ocrx_word' id='word_1_291' title='bbox 1118 2637 1426 2706; x_wconf 88' lang='lat' dir='ltr'><strong>retentatis,</strong></span> <span class='ocrx_word' id='word_1_292' title='bbox 1444 2636 1593 2692; x_wconf 90' lang='lat' dir='ltr'><strong>solus</strong></span> <span class='ocrx_word' id='word_1_293' title='bbox 1620 2652 1726 2692; x_wconf 90' lang='lat' dir='ltr'><strong>non</strong></span> 
     </span>
    </p>
   </div>
   <div class='ocr_carea' id='block_1_45' title="bbox 1833 1869 3430 1942">
    <p class='ocr_par' dir='ltr' id='par_1_45' title="bbox 1833 1869 3430 1942">
     <span class='ocr_line' id='line_1_45' title="bbox 1833 1869 3430 1942; baseline 0.004 -19"><span class='ocrx_word' id='word_1_294' title='bbox 1833 1869 1907 1923; x_wconf 87' lang='lat' dir='ltr'><strong>ita</strong></span> <span class='ocrx_word' id='word_1_295' title='bbox 1940 1871 1989 1922; x_wconf 91' lang='lat' dir='ltr'><strong>in</strong></span> <span class='ocrx_word' id='word_1_296' title='bbox 2015 1869 2353 1939; x_wconf 87' lang='lat' dir='ltr'><strong>deceptionis</strong></span> <span class='ocrx_word' id='word_1_297' title='bbox 2385 1883 2497 1924; x_wconf 66' lang='lat' dir='ltr'><strong>sua:</strong></span> <span class='ocrx_word' id='word_1_298' title='bbox 2528 1870 2897 1926; x_wconf 76' lang='lat' dir='ltr'><strong>obstinatione</strong></span> <span class='ocrx_word' id='word_1_299' title='bbox 2948 1874 3270 1942; x_wconf 86' lang='lat' dir='ltr'><strong>permansit,</strong></span> <span class='ocrx_word' id='word_1_300' title='bbox 3295 1881 3354 1928; x_wconf 92' lang='lat' dir='ltr'><strong>ut</strong></span> <span class='ocrx_word' id='word_1_301' title='bbox 3376 1875 3430 1929; x_wconf 90' lang='lat' dir='ltr'><strong>ei</strong></span> 
     </span>
    </p>
   </div>
   <div class='ocr_carea' id='block_1_46' title="bbox 1836 1961 3430 2036">
    <p class='ocr_par' dir='ltr' id='par_1_46' title="bbox 1836 1961 3430 2036">
     <span class='ocr_line' id='line_1_46' title="bbox 1836 1961 3430 2036; baseline 0.003 -21"><span class='ocrx_word' id='word_1_302' title='bbox 1836 1975 1905 2015; x_wconf 90' lang='lat' dir='ltr'><strong>ne</strong></span> <span class='ocrx_word' id='word_1_303' title='bbox 1936 1962 2318 2030; x_wconf 80' lang='lat' dir='ltr'><strong>experimento</strong></span> <span class='ocrx_word' id='word_1_304' title='bbox 2347 1961 2565 2030; x_wconf 89' lang='lat' dir='ltr'><strong>quidem</strong></span> <span class='ocrx_word' id='word_1_305' title='bbox 2600 1963 2789 2017; x_wconf 87' lang='lat' dir='ltr'><strong>mortis</strong></span> <span class='ocrx_word' id='word_1_306' title='bbox 2813 1978 2929 2018; x_wconf 84' lang='lat' dir='ltr'><strong>suae</strong></span> <span class='ocrx_word' id='word_1_307' title='bbox 2948 1966 3186 2032; x_wconf 90' lang='lat' dir='ltr'><strong>potuerit</strong></span> <span class='ocrx_word' id='word_1_308' title='bbox 3206 1979 3430 2036; x_wconf 89' lang='lat' dir='ltr'><strong>persua-</strong></span> 
     </span>
    </p>
   </div>
   <div class='ocr_carea' id='block_1_47' title="bbox 1836 2052 3424 2123">
    <p class='ocr_par' dir='ltr' id='par_1_47' title="bbox 1836 2052 3424 2123">
     <span class='ocr_line' id='line_1_47' title="bbox 1836 2052 3424 2123; baseline 0.004 -16"><span class='ocrx_word' id='word_1_309' title='bbox 1836 2052 1987 2120; x_wconf 85' lang='lat' dir='ltr'><strong>deri,</strong></span> <span class='ocrx_word' id='word_1_310' title='bbox 2035 2053 2177 2123; x_wconf 89' lang='lat' dir='ltr'><strong>quod</strong></span> <span class='ocrx_word' id='word_1_311' title='bbox 2222 2052 2413 2108; x_wconf 89' lang='lat' dir='ltr'><strong>fuisset</strong></span> <span class='ocrx_word' id='word_1_312' title='bbox 2457 2055 2765 2110; x_wconf 65' lang='lat' dir='ltr'><strong>dmmonum</strong></span> <span class='ocrx_word' id='word_1_313' title='bbox 2808 2056 3109 2113; x_wconf 89' lang='lat' dir='ltr'><strong>calliditate</strong></span> <span class='ocrx_word' id='word_1_314' title='bbox 3177 2059 3424 2115; x_wconf 88' lang='lat' dir='ltr'><strong>delusus.</strong></span> 
     </span>
    </p>
   </div>
   <div class='ocr_carea' id='block_1_48' title="bbox 1836 2144 3429 2215">
    <p class='ocr_par' dir='ltr' id='par_1_48' title="bbox 1836 2144 3429 2215">
     <span class='ocr_line' id='line_1_48' title="bbox 1836 2144 3429 2215; baseline 0.006 -17"><span class='ocrx_word' id='word_1_315' title='bbox 1836 2144 2196 2213; x_wconf 87' lang='lat' dir='ltr'><strong>Quamobrem</strong></span> <span class='ocrx_word' id='word_1_316' title='bbox 2265 2160 2362 2215; x_wconf 91' lang='lat' dir='ltr'><strong>pro</strong></span> <span class='ocrx_word' id='word_1_317' title='bbox 2442 2146 2652 2202; x_wconf 90' lang='lat' dir='ltr'><strong>meritis</strong></span> <span class='ocrx_word' id='word_1_318' title='bbox 2710 2148 2954 2202; x_wconf 87' lang='lat' dir='ltr'><strong>laborum</strong></span> <span class='ocrx_word' id='word_1_319' title='bbox 3032 2158 3305 2205; x_wconf 89' lang='lat' dir='ltr'><strong>tantorum</strong></span> <span class='ocrx_word' id='word_1_320' title='bbox 3377 2160 3429 2207; x_wconf 83' lang='lat' dir='ltr'><strong>et</strong></span> 
     </span>
    </p>
   </div>
   <div class='ocr_carea' id='block_1_49' title="bbox 1837 2239 3427 2312">
    <p class='ocr_par' dir='ltr' id='par_1_49' title="bbox 1837 2239 3427 2312">
     <span class='ocr_line' id='line_1_49' title="bbox 1837 2239 3427 2312; baseline 0.006 -22"><span class='ocrx_word' id='word_1_321' title='bbox 1837 2251 2101 2293; x_wconf 84' lang='lat' dir='ltr'><strong>annorum</strong></span> <span class='ocrx_word' id='word_1_322' title='bbox 2144 2239 2568 2305; x_wconf 83' lang='lat' dir='ltr'><strong>numerositate,</strong></span> <span class='ocrx_word' id='word_1_323' title='bbox 2624 2254 2726 2310; x_wconf 92' lang='lat' dir='ltr'><strong>qua</strong></span> <span class='ocrx_word' id='word_1_324' title='bbox 2774 2242 2826 2295; x_wconf 94' lang='lat' dir='ltr'><strong>in</strong></span> <span class='ocrx_word' id='word_1_325' title='bbox 2874 2256 3058 2296; x_wconf 88' lang='lat' dir='ltr'><strong>eremo</strong></span> <span class='ocrx_word' id='word_1_326' title='bbox 3091 2243 3427 2312; x_wconf 82' lang='lat' dir='ltr'><strong>perduravit,</strong></span> 
     </span>
    </p>
   </div>
   <div class='ocr_carea' id='block_1_50' title="bbox 1836 2328 3428 2401">
    <p class='ocr_par' dir='ltr' id='par_1_50' title="bbox 1836 2328 3428 2401">
     <span class='ocr_line' id='line_1_50' title="bbox 1836 2328 3428 2401; baseline 0.006 -18"><span class='ocrx_word' id='word_1_327' title='bbox 1836 2328 1938 2384; x_wconf 86' lang='lat' dir='ltr'><strong>hac</strong></span> <span class='ocrx_word' id='word_1_328' title='bbox 2016 2331 2364 2387; x_wconf 85' lang='lat' dir='ltr'><strong>miseratione</strong></span> <span class='ocrx_word' id='word_1_329' title='bbox 2430 2340 2486 2386; x_wconf 91' lang='lat' dir='ltr'><strong>et</strong></span> <span class='ocrx_word' id='word_1_330' title='bbox 2539 2332 2844 2390; x_wconf 85' lang='lat' dir='ltr'><strong>humilitate</strong></span> <span class='ocrx_word' id='word_1_331' title='bbox 2916 2350 3170 2401; x_wconf 87' lang='lat' dir='ltr'><strong>summa,</strong></span> <span class='ocrx_word' id='word_1_332' title='bbox 3224 2336 3292 2390; x_wconf 90' lang='lat' dir='ltr'><strong>ab</strong></span> <span class='ocrx_word' id='word_1_333' title='bbox 3344 2336 3428 2392; x_wconf 89' lang='lat' dir='ltr'><strong>his</strong></span> 
     </span>
    </p>
   </div>
   <div class='ocr_carea' id='block_1_51' title="bbox 1835 2434 3427 2509">
    <p class='ocr_par' dir='ltr' id='par_1_51' title="bbox 1835 2434 3427 2509">
     <span class='ocr_line' id='line_1_51' title="bbox 1835 2434 3427 2509; baseline 0.003 -22"><span class='ocrx_word' id='word_1_334' title='bbox 1835 2434 1924 2503; x_wconf 89' lang='lat' dir='ltr'><strong>qui</strong></span> <span class='ocrx_word' id='word_1_335' title='bbox 1981 2434 2099 2503; x_wconf 87' lang='lat' dir='ltr'><strong>ejus</strong></span> <span class='ocrx_word' id='word_1_336' title='bbox 2171 2434 2638 2504; x_wconf 80' lang='lat' dir='ltr'><strong>compatiebantur</strong></span> <span class='ocrx_word' id='word_1_337' title='bbox 2686 2437 2900 2503; x_wconf 80' lang='lat' dir='ltr'><strong>exitio,</strong></span> <span class='ocrx_word' id='word_1_338' title='bbox 2955 2438 3044 2491; x_wconf 82' lang='lat' dir='ltr'><strong>vix</strong></span> <span class='ocrx_word' id='word_1_339' title='bbox 3105 2452 3135 2491; x_wconf 91' lang='lat' dir='ltr'><strong>a</strong></span> <span class='ocrx_word' id='word_1_340' title='bbox 3203 2436 3427 2509; x_wconf 83' lang='lat' dir='ltr'><strong>presby-</strong></span> 
     </span>
    </p>
   </div>
   <div class='ocr_carea' id='block_1_52' title="bbox 1836 2534 3426 2608">
    <p class='ocr_par' dir='ltr' id='par_1_52' title="bbox 1836 2534 3426 2608">
     <span class='ocr_line' id='line_1_52' title="bbox 1836 2534 3426 2608; baseline 0.005 -22"><span class='ocrx_word' id='word_1_341' title='bbox 1836 2544 1953 2590; x_wconf 92' lang='lat' dir='ltr'><strong>tero</strong></span> <span class='ocrx_word' id='word_1_342' title='bbox 2004 2535 2199 2590; x_wconf 88' lang='lat' dir='ltr'><strong>abbate</strong></span> <span class='ocrx_word' id='word_1_343' title='bbox 2240 2534 2268 2575; x_wconf 70' lang='grc' dir='ltr'>δ</span> <span class='ocrx_word' id='word_1_344' title='bbox 2304 2535 2607 2606; x_wconf 89' lang='lat' dir='ltr'><strong>Paphnutio</strong></span> <span class='ocrx_word' id='word_1_345' title='bbox 2661 2539 2837 2608; x_wconf 89' lang='lat' dir='ltr'><strong>potuit</strong></span> <span class='ocrx_word' id='word_1_346' title='bbox 2887 2539 3154 2605; x_wconf 91' lang='lat' dir='ltr'><strong>obtineri,</strong></span> <span class='ocrx_word' id='word_1_347' title='bbox 3209 2549 3268 2594; x_wconf 90' lang='lat' dir='ltr'><strong>ut</strong></span> <span class='ocrx_word' id='word_1_348' title='bbox 3318 2548 3426 2594; x_wconf 79' lang='lat' dir='ltr'><strong>non</strong></span> 
     </span>
    </p>
   </div>
   <div class='ocr_carea' id='block_1_53' title="bbox 1834 2637 3426 2712">
    <p class='ocr_par' dir='ltr' id='par_1_53' title="bbox 1834 2637 3426 2712">
     <span class='ocr_line' id='line_1_53' title="bbox 1834 2637 3426 2712; baseline 0.004 -20"><span class='ocrx_word' id='word_1_349' title='bbox 1834 2637 1976 2695; x_wconf 91' lang='lat' dir='ltr'><strong>inter</strong></span> <span class='ocrx_word' id='word_1_350' title='bbox 2030 2650 2051 2678; x_wconf 78' lang='grc' dir='ltr'><strong>ο</strong></span> <span class='ocrx_word' id='word_1_351' title='bbox 2098 2640 2443 2695; x_wconf 87' lang='lat' dir='ltr'><strong>biothanatos</strong></span> <span class='ocrx_word' id='word_1_352' title='bbox 2496 2650 2811 2712; x_wconf 89' lang='lat' dir='ltr'><strong>reputatus,</strong></span> <span class='ocrx_word' id='word_1_353' title='bbox 2867 2642 3028 2697; x_wconf 89' lang='lat' dir='ltr'><strong>etiam</strong></span> <span class='ocrx_word' id='word_1_354' title='bbox 3088 2640 3114 2678; x_wconf 77' lang='grc' dir='ltr'>ά</span> <span class='ocrx_word' id='word_1_355' title='bbox 3168 2641 3426 2698; x_wconf 89' lang='lat' dir='ltr'><strong>memoria</strong></span> 
     </span>
    </p>
   </div>
   <div class='ocr_carea' id='block_1_54' title="bbox 1214 2771 2345 2833">
    <p class='ocr_par' dir='ltr' id='par_1_54' title="bbox 1214 2771 2345 2833">
     <span class='ocr_line' id='line_1_54' title="bbox 1214 2771 2345 2833; baseline 0.003 -6"><span class='ocrx_word' id='word_1_356' title='bbox 1214 2771 1470 2827; x_wconf 77' lang='lat' dir='ltr'><strong>ALABDI</strong></span> <span class='ocrx_word' id='word_1_357' title='bbox 1507 2771 1742 2829; x_wconf 67' lang='lat' dir='ltr'><strong>GAZIEI</strong></span> <span class='ocrx_word' id='word_1_358' title='bbox 1780 2772 2345 2833; x_wconf 81' lang='lat' dir='ltr'><strong>COMMENTARIUS.</strong></span> 
     </span>
    </p>
   </div>
   <div class='ocr_carea' id='block_1_55' title="bbox 202 2864 1737 2938">
    <p class='ocr_par' dir='ltr' id='par_1_55' title="bbox 202 2864 1737 2938">
     <span class='ocr_line' id='line_1_55' title="bbox 202 2864 1737 2938; baseline 0.002 -18"><span class='ocrx_word' id='word_1_359' title='bbox 202 2874 229 2902; x_wconf 78' lang='grc'>⁸</span> <span class='ocrx_word' id='word_1_360' title='bbox 258 2865 532 2938; x_wconf 78' lang='lat' dir='ltr'><strong>Memorat</strong></span> <span class='ocrx_word' id='word_1_361' title='bbox 550 2864 822 2938; x_wconf 82' lang='lat' dir='ltr'><strong>Palladius</strong></span> <span class='ocrx_word' id='word_1_362' title='bbox 851 2864 870 2938; x_wconf 93' lang='lat'>(</span> <span class='ocrx_word' id='word_1_363' title='bbox 897 2864 1227 2938; x_wconf 8' lang='lat' dir='ltr'><strong>Lausia.g32)</strong></span> <span class='ocrx_word' id='word_1_364' title='bbox 1251 2865 1521 2921; x_wconf 85' lang='lat' dir='ltr'><strong>Ileronem</strong></span> <span class='ocrx_word' id='word_1_365' title='bbox 1545 2883 1737 2937; x_wconf 88' lang='lat' dir='ltr'><strong>quem-</strong></span> 
     </span>
    </p>
   </div>
   <div class='ocr_carea' id='block_1_56' title="bbox 135 2934 1725 3005">
    <p class='ocr_par' dir='ltr' id='par_1_56' title="bbox 135 2934 1725 3005">
     <span class='ocr_line' id='line_1_56' title="bbox 135 2934 1725 3005; baseline 0.003 -17"><span class='ocrx_word' id='word_1_366' title='bbox 135 2934 254 2991; x_wconf 88' lang='lat' dir='ltr'><strong>dam</strong></span> <span class='ocrx_word' id='word_1_367' title='bbox 283 2937 622 2992; x_wconf 84' lang='lat' dir='ltr'><strong>monachum</strong></span> <span class='ocrx_word' id='word_1_368' title='bbox 654 2937 754 2991; x_wconf 85' lang='lat' dir='ltr'><strong>sibi</strong></span> <span class='ocrx_word' id='word_1_369' title='bbox 784 2934 994 2998; x_wconf 84' lang='lat' dir='ltr'><strong>notum,</strong></span> <span class='ocrx_word' id='word_1_370' title='bbox 1045 2936 1134 3005; x_wconf 91' lang='lat' dir='ltr'><strong>qui</strong></span> <span class='ocrx_word' id='word_1_371' title='bbox 1166 2946 1288 3004; x_wconf 90' lang='lat' dir='ltr'><strong>post</strong></span> <span class='ocrx_word' id='word_1_372' title='bbox 1319 2952 1542 3005; x_wconf 83' lang='lat' dir='ltr'><strong>magnos</strong></span> <span class='ocrx_word' id='word_1_373' title='bbox 1564 2934 1725 2993; x_wconf 78' lang='lat' dir='ltr'><strong>labo-</strong></span> 
     </span>
    </p>
   </div>
   <div class='ocr_carea' id='block_1_57' title="bbox 133 3007 1736 3078">
    <p class='ocr_par' dir='ltr' id='par_1_57' title="bbox 133 3007 1736 3078">
     <span class='ocr_line' id='line_1_57' title="bbox 133 3007 1736 3078; baseline 0.002 -18"><span class='ocrx_word' id='word_1_374' title='bbox 133 3022 215 3062; x_wconf 87' lang='lat' dir='ltr'><strong>res</strong></span> <span class='ocrx_word' id='word_1_375' title='bbox 242 3020 294 3063; x_wconf 92' lang='lat' dir='ltr'><strong>et</strong></span> <span class='ocrx_word' id='word_1_376' title='bbox 326 3009 635 3078; x_wconf 65' lang='lat' dir='ltr'><strong>praeclaros</strong></span> <span class='ocrx_word' id='word_1_377' title='bbox 665 3007 917 3071; x_wconf 82' lang='lat' dir='ltr'><strong>sudores,</strong></span> <span class='ocrx_word' id='word_1_378' title='bbox 954 3018 1010 3063; x_wconf 93' lang='lat' dir='ltr'><strong>ut</strong></span> <span class='ocrx_word' id='word_1_379' title='bbox 1030 3007 1150 3075; x_wconf 92' lang='lat' dir='ltr'><strong>ipse</strong></span> <span class='ocrx_word' id='word_1_380' title='bbox 1188 3007 1449 3075; x_wconf 86' lang='lat' dir='ltr'><strong>loquitur.</strong></span> <span class='ocrx_word' id='word_1_381' title='bbox 1481 3008 1550 3063; x_wconf 83' lang='lat' dir='ltr'><strong>ab</strong></span> <span class='ocrx_word' id='word_1_382' title='bbox 1578 3024 1736 3064; x_wconf 82' lang='lat' dir='ltr'><strong>arro-</strong></span> 
     </span>
    </p>
   </div>
   <div class='ocr_carea' id='block_1_58' title="bbox 134 3078 1732 3151">
    <p class='ocr_par' dir='ltr' id='par_1_58' title="bbox 134 3078 1732 3151">
     <span class='ocr_line' id='line_1_58' title="bbox 134 3078 1732 3151; baseline 0.003 -20"><span class='ocrx_word' id='word_1_383' title='bbox 134 3082 303 3151; x_wconf 71' lang='lat' dir='ltr'><strong>gantia</strong></span> <span class='ocrx_word' id='word_1_384' title='bbox 338 3089 604 3151; x_wconf 89' lang='lat' dir='ltr'><strong>arreptus</strong></span> <span class='ocrx_word' id='word_1_385' title='bbox 649 3078 982 3151; x_wconf 79' lang='lat' dir='ltr'><strong>etelatione,</strong></span> <span class='ocrx_word' id='word_1_386' title='bbox 1026 3080 1400 3151; x_wconf 71' lang='lat' dir='ltr'><strong>praecipitavit.</strong></span> <span class='ocrx_word' id='word_1_387' title='bbox 1432 3078 1637 3151; x_wconf 70' lang='lat' dir='ltr'><strong>Verum</strong></span> <span class='ocrx_word' id='word_1_388' title='bbox 1666 3096 1732 3149; x_wconf 75' lang='lat' dir='ltr'><strong>an</strong></span> 
     </span>
    </p>
   </div>
   <div class='ocr_carea' id='block_1_59' title="bbox 134 3148 1728 3221">
    <p class='ocr_par' dir='ltr' id='par_1_59' title="bbox 134 3148 1728 3221">
     <span class='ocr_line' id='line_1_59' title="bbox 134 3148 1728 3221; baseline 0.002 -19"><span class='ocrx_word' id='word_1_389' title='bbox 134 3148 219 3204; x_wconf 90' lang='lat' dir='ltr'><strong>ille</strong></span> <span class='ocrx_word' id='word_1_390' title='bbox 248 3150 392 3206; x_wconf 89' lang='lat' dir='ltr'><strong>idem</strong></span> <span class='ocrx_word' id='word_1_391' title='bbox 426 3148 505 3206; x_wconf 74' lang='lat' dir='ltr'><strong>sit</strong></span> <span class='ocrx_word' id='word_1_392' title='bbox 536 3164 658 3205; x_wconf 88' lang='lat' dir='ltr'><strong>cum</strong></span> <span class='ocrx_word' id='word_1_393' title='bbox 705 3150 811 3221; x_wconf 85' lang='lat' dir='ltr'><strong>hoc</strong></span> <span class='ocrx_word' id='word_1_394' title='bbox 844 3150 1081 3213; x_wconf 86' lang='lat' dir='ltr'><strong>IIerone,</strong></span> <span class='ocrx_word' id='word_1_395' title='bbox 1108 3220 1111 3221; x_wconf 16' lang='grc' dir='ltr'><em>ν</em></span> <span class='ocrx_word' id='word_1_396' title='bbox 1138 3149 1205 3221; x_wconf 90' lang='lat' dir='ltr'><strong>de</strong></span> <span class='ocrx_word' id='word_1_397' title='bbox 1248 3166 1354 3217; x_wconf 89' lang='lat' dir='ltr'><strong>quo</strong></span> <span class='ocrx_word' id='word_1_398' title='bbox 1386 3149 1474 3204; x_wconf 89' lang='lat' dir='ltr'><strong>hic</strong></span> <span class='ocrx_word' id='word_1_399' title='bbox 1531 3148 1728 3221; x_wconf 88' lang='lat' dir='ltr'><strong>agitur,</strong></span> 
     </span>
    </p>
   </div>
   <div class='ocr_carea' id='block_1_60' title="bbox 134 3220 1730 3291">
    <p class='ocr_par' dir='ltr' id='par_1_60' title="bbox 134 3220 1730 3291">
     <span class='ocr_line' id='line_1_60' title="bbox 134 3220 1730 3291; baseline 0.003 -18"><span class='ocrx_word' id='word_1_400' title='bbox 134 3236 233 3274; x_wconf 91' lang='lat' dir='ltr'><strong>non</strong></span> <span class='ocrx_word' id='word_1_401' title='bbox 257 3224 391 3277; x_wconf 86' lang='lat' dir='ltr'><strong>satis</strong></span> <span class='ocrx_word' id='word_1_402' title='bbox 429 3223 693 3288; x_wconf 70' lang='lat' dir='ltr'><strong>exitedio.</strong></span> <span class='ocrx_word' id='word_1_403' title='bbox 727 3220 857 3277; x_wconf 85' lang='lat' dir='ltr'><strong>Nam</strong></span> <span class='ocrx_word' id='word_1_404' title='bbox 902 3222 993 3275; x_wconf 89' lang='lat' dir='ltr'><strong>ille</strong></span> <span class='ocrx_word' id='word_1_405' title='bbox 1026 3220 1246 3290; x_wconf 76' lang='lat' dir='ltr'><strong>quidem</strong></span> <span class='ocrx_word' id='word_1_406' title='bbox 1281 3223 1496 3291; x_wconf 83' lang='lat' dir='ltr'><strong>ingenio</strong></span> <span class='ocrx_word' id='word_1_407' title='bbox 1526 3220 1588 3277; x_wconf 77' lang='lat' dir='ltr'><strong>et</strong></span> <span class='ocrx_word' id='word_1_408' title='bbox 1611 3220 1730 3277; x_wconf 51' lang='lat' dir='ltr'><strong>nio;</strong></span> 
     </span>
    </p>
   </div>
   <div class='ocr_carea' id='block_1_61' title="bbox 135 3278 1805 3357">
    <p class='ocr_par' dir='ltr' id='par_1_61' title="bbox 135 3278 1805 3357">
     <span class='ocr_line' id='line_1_61' title="bbox 135 3278 1805 3357; baseline 0.004 -13"><span class='ocrx_word' id='word_1_409' title='bbox 135 3291 298 3357; x_wconf 82' lang='lat' dir='ltr'><strong>ribus.</strong></span> <span class='ocrx_word' id='word_1_410' title='bbox 328 3304 385 3348; x_wconf 87' lang='lat' dir='ltr'><strong>et</strong></span> <span class='ocrx_word' id='word_1_411' title='bbox 410 3278 549 3348; x_wconf 70' lang='lat' dir='ltr'><strong>vitae</strong></span> <span class='ocrx_word' id='word_1_412' title='bbox 580 3293 742 3348; x_wconf 89' lang='lat' dir='ltr'><strong>etiam</strong></span> <span class='ocrx_word' id='word_1_413' title='bbox 774 3278 1091 3346; x_wconf 69' lang='lat' dir='ltr'><strong>austeritate</strong></span> <span class='ocrx_word' id='word_1_414' title='bbox 1120 3292 1243 3347; x_wconf 88' lang='lat' dir='ltr'><strong>huic</strong></span> <span class='ocrx_word' id='word_1_415' title='bbox 1280 3278 1386 3346; x_wconf 52' lang='lat' dir='ltr'><strong>nti&#39;n</strong></span> <span class='ocrx_word' id='word_1_416' title='bbox 1441 3293 1728 3350; x_wconf 87' lang='lat' dir='ltr'><strong>dissimilis</strong></span> <span class='ocrx_word' id='word_1_417' title='bbox 1761 3278 1805 3342; x_wconf 83' lang='lat' dir='ltr'><strong>C</strong></span> 
     </span>
    </p>
   </div>
   <div class='ocr_carea' id='block_1_62' title="bbox 134 3360 1734 3434">
    <p class='ocr_par' dir='ltr' id='par_1_62' title="bbox 134 3360 1734 3434">
     <span class='ocr_line' id='line_1_62' title="bbox 134 3360 1734 3434; baseline 0.004 -20"><span class='ocrx_word' id='word_1_418' title='bbox 134 3360 294 3419; x_wconf 85' lang='lat' dir='ltr'><strong>fuisse</strong></span> <span class='ocrx_word' id='word_1_419' title='bbox 316 3364 596 3427; x_wconf 82' lang='lat' dir='ltr'><strong>videtur;</strong></span> <span class='ocrx_word' id='word_1_420' title='bbox 642 3372 698 3416; x_wconf 92' lang='lat' dir='ltr'><strong>at</strong></span> <span class='ocrx_word' id='word_1_421' title='bbox 735 3364 839 3417; x_wconf 91' lang='lat' dir='ltr'><strong>ﬁne</strong></span> <span class='ocrx_word' id='word_1_422' title='bbox 872 3378 975 3416; x_wconf 91' lang='lat' dir='ltr'><strong>non</strong></span> <span class='ocrx_word' id='word_1_423' title='bbox 1013 3365 1163 3417; x_wconf 90' lang='lat' dir='ltr'><strong>item.</strong></span> <span class='ocrx_word' id='word_1_424' title='bbox 1198 3362 1312 3417; x_wconf 85' lang='lat' dir='ltr'><strong>Non</strong></span> <span class='ocrx_word' id='word_1_425' title='bbox 1353 3365 1497 3417; x_wconf 92' lang='lat' dir='ltr'><strong>enim</strong></span> <span class='ocrx_word' id='word_1_426' title='bbox 1550 3365 1601 3419; x_wconf 94' lang='lat' dir='ltr'><strong>in</strong></span> <span class='ocrx_word' id='word_1_427' title='bbox 1633 3381 1734 3434; x_wconf 79' lang='lat' dir='ltr'><strong>pu-</strong></span> 
     </span>
    </p>
   </div>
   <div class='ocr_carea' id='block_1_63' title="bbox 137 3434 1735 3506">
    <p class='ocr_par' dir='ltr' id='par_1_63' title="bbox 137 3434 1735 3506">
     <span class='ocr_line' id='line_1_63' title="bbox 137 3434 1735 3506; baseline 0.003 -20"><span class='ocrx_word' id='word_1_428' title='bbox 137 3442 272 3506; x_wconf 78' lang='lat' dir='ltr'><strong>teum</strong></span> <span class='ocrx_word' id='word_1_429' title='bbox 301 3451 363 3491; x_wconf 89' lang='lat' dir='ltr'><strong>se</strong></span> <span class='ocrx_word' id='word_1_430' title='bbox 412 3436 717 3506; x_wconf 88' lang='lat' dir='ltr'><strong>dejecisse,</strong></span> <span class='ocrx_word' id='word_1_431' title='bbox 760 3435 866 3489; x_wconf 79' lang='lat' dir='ltr'><strong>sed</strong></span> <span class='ocrx_word' id='word_1_432' title='bbox 895 3449 959 3489; x_wconf 82' lang='lat' dir='ltr'><strong>ex</strong></span> <span class='ocrx_word' id='word_1_433' title='bbox 991 3436 1139 3503; x_wconf 87' lang='lat' dir='ltr'><strong>gravi</strong></span> <span class='ocrx_word' id='word_1_434' title='bbox 1193 3434 1505 3490; x_wconf 77' lang='lat' dir='ltr'><strong>ittﬁl‘tttitttte</strong></span> <span class='ocrx_word' id='word_1_435' title='bbox 1537 3451 1735 3491; x_wconf 85' lang='lat' dir='ltr'><strong>conva-</strong></span> 
     </span>
    </p>
   </div>
   <div class='ocr_carea' id='block_1_64' title="bbox 135 3502 1731 3578">
    <p class='ocr_par' dir='ltr' id='par_1_64' title="bbox 135 3502 1731 3578">
     <span class='ocr_line' id='line_1_64' title="bbox 135 3502 1731 3578; baseline 0.004 -22"><span class='ocrx_word' id='word_1_436' title='bbox 135 3502 315 3578; x_wconf 78' lang='lat' dir='ltr'><strong>luisse,</strong></span> <span class='ocrx_word' id='word_1_437' title='bbox 340 3523 405 3563; x_wconf 83' lang='lat' dir='ltr'><strong>ac</strong></span> <span class='ocrx_word' id='word_1_438' title='bbox 438 3502 790 3578; x_wconf 70' lang='lat' dir='ltr'><strong>postmodum</strong></span> <span class='ocrx_word' id='word_1_439' title='bbox 813 3516 931 3574; x_wconf 91' lang='lat' dir='ltr'><strong>post</strong></span> <span class='ocrx_word' id='word_1_440' title='bbox 957 3502 1300 3575; x_wconf 83' lang='lat' dir='ltr'><strong>peccatorum</strong></span> <span class='ocrx_word' id='word_1_441' title='bbox 1330 3506 1731 3563; x_wconf 85' lang='lat' dir='ltr'><strong>confessionem</strong></span> 
     </span>
    </p>
   </div>
   <div class='ocr_carea' id='block_1_65' title="bbox 135 3576 881 3644">
    <p class='ocr_par' dir='ltr' id='par_1_65' title="bbox 135 3576 881 3644">
     <span class='ocr_line' id='line_1_65' title="bbox 135 3576 881 3644; baseline 0 -16"><span class='ocrx_word' id='word_1_442' title='bbox 135 3576 507 3634; x_wconf 77' lang='lat' dir='ltr'><strong>obdormiisse</strong></span> <span class='ocrx_word' id='word_1_443' title='bbox 546 3578 881 3644; x_wconf 88' lang='lat' dir='ltr'><strong>perhibetur.</strong></span> 
     </span>
    </p>
   </div>
   <div class='ocr_carea' id='block_1_66' title="bbox 198 3646 1737 3716">
    <p class='ocr_par' dir='ltr' id='par_1_66' title="bbox 198 3646 1737 3716">
     <span class='ocr_line' id='line_1_66' title="bbox 198 3646 1737 3716; baseline 0.002 -15"><span class='ocrx_word' id='word_1_444' title='bbox 198 3646 227 3684; x_wconf 70' lang='grc' dir='ltr'>δ</span> <span class='ocrx_word' id='word_1_445' title='bbox 261 3650 335 3704; x_wconf 90' lang='lat' dir='ltr'><strong>De</strong></span> <span class='ocrx_word' id='word_1_446' title='bbox 384 3652 591 3705; x_wconf 82' lang='lat' dir='ltr'><strong>eodem</strong></span> <span class='ocrx_word' id='word_1_447' title='bbox 630 3647 920 3701; x_wconf 85' lang='lat' dir='ltr'><strong>Cassianus</strong></span> <span class='ocrx_word' id='word_1_448' title='bbox 970 3647 1067 3701; x_wconf 92' lang='lat' dir='ltr'><strong>lib.</strong></span> <span class='ocrx_word' id='word_1_449' title='bbox 1109 3663 1145 3701; x_wconf 92' lang='lat' dir='ltr'><strong>v</strong></span> <span class='ocrx_word' id='word_1_450' title='bbox 1182 3647 1315 3703; x_wconf 86' lang='lat' dir='ltr'><strong>Inst.</strong></span> <span class='ocrx_word' id='word_1_451' title='bbox 1366 3663 1486 3716; x_wconf 88' lang='lat' dir='ltr'><strong>cap.</strong></span> <span class='ocrx_word' id='word_1_452' title='bbox 1512 3649 1581 3703; x_wconf 70' lang='grc' dir='ltr'><strong>ΔΟ</strong></span> <span class='ocrx_word' id='word_1_453' title='bbox 1612 3690 1626 3714; x_wconf 91' lang='grc'><strong><em>,</em></strong></span> <span class='ocrx_word' id='word_1_454' title='bbox 1680 3657 1737 3704; x_wconf 85' lang='lat' dir='ltr'><strong>et</strong></span> 
     </span>
    </p>
   </div>
   <div class='ocr_carea' id='block_1_67' title="bbox 137 3718 1731 3786">
    <p class='ocr_par' dir='ltr' id='par_1_67' title="bbox 137 3718 1731 3786">
     <span class='ocr_line' id='line_1_67' title="bbox 137 3718 1731 3786; baseline 0.003 -17"><span class='ocrx_word' id='word_1_455' title='bbox 137 3730 316 3774; x_wconf 84' lang='lat' dir='ltr'><strong>rursus</strong></span> <span class='ocrx_word' id='word_1_456' title='bbox 346 3723 557 3775; x_wconf 75' lang='lat' dir='ltr'><strong>collnt.</strong></span> <span class='ocrx_word' id='word_1_457' title='bbox 582 3721 635 3780; x_wconf 78' lang='grc'><strong>5,</strong></span> <span class='ocrx_word' id='word_1_458' title='bbox 666 3733 784 3786; x_wconf 66' lang='lat' dir='ltr'><strong>quae</strong></span> <span class='ocrx_word' id='word_1_459' title='bbox 814 3726 869 3772; x_wconf 88' lang='lat' dir='ltr'><strong>et</strong></span> <span class='ocrx_word' id='word_1_460' title='bbox 900 3718 1001 3785; x_wconf 87' lang='lat' dir='ltr'><strong>ipsi</strong></span> <span class='ocrx_word' id='word_1_461' title='bbox 1051 3718 1376 3773; x_wconf 86' lang='lat' dir='ltr'><strong>adscribitur</strong></span> <span class='ocrx_word' id='word_1_462' title='bbox 1403 3762 1417 3785; x_wconf 94' lang='lat'><strong>,</strong></span> <span class='ocrx_word' id='word_1_463' title='bbox 1447 3730 1500 3773; x_wconf 91' lang='lat' dir='ltr'><strong>et</strong></span> <span class='ocrx_word' id='word_1_464' title='bbox 1547 3720 1731 3773; x_wconf 91' lang='lat' dir='ltr'><strong>collat.</strong></span> 
     </span>
    </p>
   </div>
   <div class='ocr_carea' id='block_1_68' title="bbox 138 3789 1730 3857">
    <p class='ocr_par' dir='ltr' id='par_1_68' title="bbox 138 3789 1730 3857">
     <span class='ocr_line' id='line_1_68' title="bbox 138 3789 1730 3857; baseline 0.003 -15"><span class='ocrx_word' id='word_1_465' title='bbox 138 3789 196 3857; x_wconf 69' lang='grc'><strong>18</strong></span> <span class='ocrx_word' id='word_1_466' title='bbox 224 3805 346 3857; x_wconf 85' lang='lat' dir='ltr'><strong>cap.</strong></span> <span class='ocrx_word' id='word_1_467' title='bbox 392 3792 486 3855; x_wconf 77' lang='lat' dir='ltr'><strong>l5,</strong></span> <span class='ocrx_word' id='word_1_468' title='bbox 528 3790 619 3843; x_wconf 85' lang='lat' dir='ltr'><strong>tibi</strong></span> <span class='ocrx_word' id='word_1_469' title='bbox 650 3791 765 3855; x_wconf 90' lang='lat' dir='ltr'><strong>ejus</strong></span> <span class='ocrx_word' id='word_1_470' title='bbox 823 3789 1135 3857; x_wconf 85' lang='lat' dir='ltr'><strong>patientiam</strong></span> <span class='ocrx_word' id='word_1_471' title='bbox 1191 3790 1490 3844; x_wconf 79' lang='lat' dir='ltr'><strong>mirabilem</strong></span> <span class='ocrx_word' id='word_1_472' title='bbox 1543 3790 1730 3846; x_wconf 88' lang='lat' dir='ltr'><strong>refert.</strong></span> 
     </span>
    </p>
   </div>
   <div class='ocr_carea' id='block_1_69' title="bbox 137 3856 1733 3931">
    <p class='ocr_par' dir='ltr' id='par_1_69' title="bbox 137 3856 1733 3931">
     <span class='ocr_line' id='line_1_69' title="bbox 137 3856 1733 3931; baseline 0.003 -21"><span class='ocrx_word' id='word_1_473' title='bbox 137 3856 405 3916; x_wconf 85' lang='lat' dir='ltr'><strong>Palladius</strong></span> <span class='ocrx_word' id='word_1_474' title='bbox 439 3865 496 3917; x_wconf 92' lang='lat' dir='ltr'><strong>in</strong></span> <span class='ocrx_word' id='word_1_475' title='bbox 532 3856 850 3931; x_wconf 83' lang='lat' dir='ltr'><strong>L:tttsiaris(</strong></span> <span class='ocrx_word' id='word_1_476' title='bbox 882 3859 1000 3915; x_wconf 81' lang='lat' dir='ltr'><strong>Sec.</strong></span> <span class='ocrx_word' id='word_1_477' title='bbox 1035 3861 1126 3922; x_wconf 80' lang='grc'><strong>57.</strong></span> <span class='ocrx_word' id='word_1_478' title='bbox 1156 3862 1250 3921; x_wconf 78' lang='lat'><strong>38.</strong></span> <span class='ocrx_word' id='word_1_479' title='bbox 1277 3861 1345 3915; x_wconf 85' lang='lat'><strong>78</strong></span> <span class='ocrx_word' id='word_1_480' title='bbox 1373 3870 1410 3930; x_wconf 81' lang='lat'><strong>),</strong></span> <span class='ocrx_word' id='word_1_481' title='bbox 1467 3860 1733 3928; x_wconf 82' lang='lat' dir='ltr'><strong>Nicepho-</strong></span> 
     </span>
    </p>
   </div>
   <div class='ocr_carea' id='block_1_70' title="bbox 136 3931 1735 4003">
    <p class='ocr_par' dir='ltr' id='par_1_70' title="bbox 136 3931 1735 4003">
     <span class='ocr_line' id='line_1_70' title="bbox 136 3931 1735 4003; baseline 0.002 -21"><span class='ocrx_word' id='word_1_482' title='bbox 136 3943 220 3983; x_wconf 86' lang='lat' dir='ltr'><strong>rus</strong></span> <span class='ocrx_word' id='word_1_483' title='bbox 244 3934 339 3987; x_wconf 87' lang='lat' dir='ltr'><strong>lib.</strong></span> <span class='ocrx_word' id='word_1_484' title='bbox 375 3950 429 3988; x_wconf 79' lang='lat' dir='ltr'><strong>ix</strong></span> <span class='ocrx_word' id='word_1_485' title='bbox 465 3948 598 3995; x_wconf 77' lang='lat' dir='ltr'><strong>cap.</strong></span> <span class='ocrx_word' id='word_1_486' title='bbox 629 3932 716 3995; x_wconf 75' lang='lat' dir='ltr'><strong>M,</strong></span> <span class='ocrx_word' id='word_1_487' title='bbox 748 3931 929 3986; x_wconf 92' lang='lat' dir='ltr'><strong>etalii.</strong></span> <span class='ocrx_word' id='word_1_488' title='bbox 964 3932 1251 4003; x_wconf 81' lang='lat' dir='ltr'><strong>Presbyter</strong></span> <span class='ocrx_word' id='word_1_489' title='bbox 1291 3942 1470 3986; x_wconf 91' lang='lat' dir='ltr'><strong>autem</strong></span> <span class='ocrx_word' id='word_1_490' title='bbox 1500 3932 1735 3987; x_wconf 89' lang='lat' dir='ltr'><strong>etabbas</strong></span> 
     </span>
    </p>
   </div>
   <div class='ocr_carea' id='block_1_71' title="bbox 137 4003 1736 4071">
    <p class='ocr_par' dir='ltr' id='par_1_71' title="bbox 137 4003 1736 4071">
     <span class='ocr_line' id='line_1_71' title="bbox 137 4003 1736 4071; baseline 0.003 -20"><span class='ocrx_word' id='word_1_491' title='bbox 137 4003 327 4065; x_wconf 85' lang='lat' dir='ltr'><strong>passim</strong></span> <span class='ocrx_word' id='word_1_492' title='bbox 361 4006 711 4067; x_wconf 86' lang='lat' dir='ltr'><strong>nominatur,</strong></span> <span class='ocrx_word' id='word_1_493' title='bbox 743 4019 810 4056; x_wconf 89' lang='lat' dir='ltr'><strong>ne</strong></span> <span class='ocrx_word' id='word_1_494' title='bbox 839 4003 959 4071; x_wconf 91' lang='lat' dir='ltr'><strong>quis</strong></span> <span class='ocrx_word' id='word_1_495' title='bbox 982 4012 1133 4071; x_wconf 89' lang='lat' dir='ltr'><strong>putet</strong></span> <span class='ocrx_word' id='word_1_496' title='bbox 1163 4004 1305 4057; x_wconf 89' lang='lat' dir='ltr'><strong>hunc</strong></span> <span class='ocrx_word' id='word_1_497' title='bbox 1333 4017 1456 4058; x_wconf 88' lang='lat' dir='ltr'><strong>esse</strong></span> <span class='ocrx_word' id='word_1_498' title='bbox 1486 4003 1736 4064; x_wconf 84' lang='lat' dir='ltr'><strong>Paphnu-</strong></span> 
     </span>
    </p>
   </div>
   <div class='ocr_carea' id='block_1_72' title="bbox 140 4072 1737 4144">
    <p class='ocr_par' dir='ltr' id='par_1_72' title="bbox 140 4072 1737 4144">
     <span class='ocr_line' id='line_1_72' title="bbox 140 4072 1737 4144; baseline 0.002 -22"><span class='ocrx_word' id='word_1_499' title='bbox 140 4072 262 4144; x_wconf 82' lang='lat' dir='ltr'><strong>tium</strong></span> <span class='ocrx_word' id='word_1_500' title='bbox 290 4075 448 4129; x_wconf 88' lang='lat' dir='ltr'><strong>illum</strong></span> <span class='ocrx_word' id='word_1_501' title='bbox 484 4074 794 4144; x_wconf 80' lang='lat' dir='ltr'><strong>superioris</strong></span> <span class='ocrx_word' id='word_1_502' title='bbox 818 4073 1110 4127; x_wconf 83' lang='lat' dir='ltr'><strong>Thebaidis</strong></span> <span class='ocrx_word' id='word_1_503' title='bbox 1141 4076 1452 4144; x_wconf 81' lang='lat' dir='ltr'><strong>episcOpum</strong></span> <span class='ocrx_word' id='word_1_504' title='bbox 1476 4076 1529 4128; x_wconf 89' lang='lat' dir='ltr'><strong>in</strong></span> <span class='ocrx_word' id='word_1_505' title='bbox 1557 4074 1737 4128; x_wconf 89' lang='lat' dir='ltr'><strong>Ilisto—</strong></span> 
     </span>
    </p>
   </div>
   <div class='ocr_carea' id='block_1_73' title="bbox 136 4140 1728 4216">
    <p class='ocr_par' dir='ltr' id='par_1_73' title="bbox 136 4140 1728 4216">
     <span class='ocr_line' id='line_1_73' title="bbox 136 4140 1728 4216; baseline 0.001 -18"><span class='ocrx_word' id='word_1_506' title='bbox 136 4142 204 4195; x_wconf 71' lang='lat' dir='ltr'><strong>ria</strong></span> <span class='ocrx_word' id='word_1_507' title='bbox 233 4140 636 4216; x_wconf 64' lang='lat' dir='ltr'><strong>Ecclesiastica</strong></span> <span class='ocrx_word' id='word_1_508' title='bbox 662 4140 1104 4210; x_wconf 82' lang='lat' dir='ltr'><strong>celeberrimum,</strong></span> <span class='ocrx_word' id='word_1_509' title='bbox 1129 4140 1215 4211; x_wconf 85' lang='lat' dir='ltr'><strong>qui</strong></span> <span class='ocrx_word' id='word_1_510' title='bbox 1244 4140 1490 4199; x_wconf 84' lang='lat' dir='ltr'><strong>Cassiani</strong></span> <span class='ocrx_word' id='word_1_511' title='bbox 1518 4155 1728 4216; x_wconf 89' lang='lat' dir='ltr'><strong>tempo-</strong></span> 
     </span>
    </p>
   </div>
   <div class='ocr_carea' id='block_1_74' title="bbox 136 4215 1303 4277">
    <p class='ocr_par' dir='ltr' id='par_1_74' title="bbox 136 4215 1303 4277">
     <span class='ocr_line' id='line_1_74' title="bbox 136 4215 1303 4277; baseline 0.005 -14"><span class='ocrx_word' id='word_1_512' title='bbox 136 4227 187 4265; x_wconf 85' lang='lat' dir='ltr'><strong>ia</strong></span> <span class='ocrx_word' id='word_1_513' title='bbox 214 4215 302 4269; x_wconf 87' lang='lat' dir='ltr'><strong>diu</strong></span> <span class='ocrx_word' id='word_1_514' title='bbox 336 4216 684 4277; x_wconf 79' lang='lat' dir='ltr'><strong>antecessit.</strong></span> <span class='ocrx_word' id='word_1_515' title='bbox 713 4224 771 4269; x_wconf 92' lang='lat' dir='ltr'><strong>ut</strong></span> <span class='ocrx_word' id='word_1_516' title='bbox 799 4216 934 4269; x_wconf 88' lang='lat' dir='ltr'><strong>alias</strong></span> <span class='ocrx_word' id='word_1_517' title='bbox 978 4217 1303 4270; x_wconf 88' lang='lat' dir='ltr'><strong>notavimus.</strong></span> 
     </span>
    </p>
   </div>
   <div class='ocr_carea' id='block_1_75' title="bbox 205 4286 1729 4356">
    <p class='ocr_par' dir='ltr' id='par_1_75' title="bbox 205 4286 1729 4356">
     <span class='ocr_line' id='line_1_75' title="bbox 205 4286 1729 4356; baseline 0.001 -16"><span class='ocrx_word' id='word_1_518' title='bbox 205 4295 225 4322; x_wconf 74' lang='grc' dir='ltr'>ο</span> <span class='ocrx_word' id='word_1_519' title='bbox 258 4286 609 4351; x_wconf 85' lang='lat' dir='ltr'><strong>Biothanati,</strong></span> <span class='ocrx_word' id='word_1_520' title='bbox 639 4287 847 4339; x_wconf 89' lang='lat' dir='ltr'><strong>utalias</strong></span> <span class='ocrx_word' id='word_1_521' title='bbox 870 4289 1177 4340; x_wconf 63' lang='lat' dir='ltr'><strong>monuimus</strong></span> <span class='ocrx_word' id='word_1_522' title='bbox 1203 4286 1346 4351; x_wconf 87' lang='lat' dir='ltr'><strong>(Lib.</strong></span> <span class='ocrx_word' id='word_1_523' title='bbox 1373 4301 1443 4341; x_wconf 88' lang='lat' dir='ltr'><strong>vlt</strong></span> <span class='ocrx_word' id='word_1_524' title='bbox 1462 4286 1593 4341; x_wconf 83' lang='lat' dir='ltr'><strong>Inst.</strong></span> <span class='ocrx_word' id='word_1_525' title='bbox 1612 4302 1729 4356; x_wconf 85' lang='lat' dir='ltr'><strong>cap.</strong></span> 
     </span>
    </p>
   </div>
   <div class='ocr_carea' id='block_1_76' title="bbox 135 4356 1736 4427">
    <p class='ocr_par' dir='ltr' id='par_1_76' title="bbox 135 4356 1736 4427">
     <span class='ocr_line' id='line_1_76' title="bbox 135 4356 1736 4427; baseline 0.002 -18"><span class='ocrx_word' id='word_1_526' title='bbox 135 4368 217 4409; x_wconf 78' lang='lat' dir='ltr'><strong>xw</strong></span> <span class='ocrx_word' id='word_1_527' title='bbox 244 4356 287 4427; x_wconf 88' lang='lat'><strong>),</strong></span> <span class='ocrx_word' id='word_1_528' title='bbox 341 4359 485 4412; x_wconf 90' lang='lat' dir='ltr'><strong>olim</strong></span> <span class='ocrx_word' id='word_1_529' title='bbox 545 4373 573 4409; x_wconf 91' lang='lat' dir='ltr'><strong>a</strong></span> <span class='ocrx_word' id='word_1_530' title='bbox 603 4357 891 4427; x_wconf 78' lang='lat' dir='ltr'><strong>gentilibus</strong></span> <span class='ocrx_word' id='word_1_531' title='bbox 926 4372 1021 4426; x_wconf 93' lang='lat' dir='ltr'><strong>per</strong></span> <span class='ocrx_word' id='word_1_532' title='bbox 1044 4358 1423 4411; x_wconf 82' lang='lat' dir='ltr'><strong>contumeliam</strong></span> <span class='ocrx_word' id='word_1_533' title='bbox 1454 4358 1580 4412; x_wconf 86' lang='lat' dir='ltr'><strong>dicti</strong></span> <span class='ocrx_word' id='word_1_534' title='bbox 1611 4368 1736 4412; x_wconf 79' lang='lat' dir='ltr'><strong>sunt</strong></span> 
     </span>
    </p>
   </div>
   <div class='ocr_carea' id='block_1_77' title="bbox 136 4427 1729 4500">
    <p class='ocr_par' dir='ltr' id='par_1_77' title="bbox 136 4427 1729 4500">
     <span class='ocr_line' id='line_1_77' title="bbox 136 4427 1729 4500; baseline 0.001 -21"><span class='ocrx_word' id='word_1_535' title='bbox 136 4439 424 4500; x_wconf 70' lang='lat' dir='ltr'><strong>martyres.</strong></span> <span class='ocrx_word' id='word_1_536' title='bbox 459 4427 604 4500; x_wconf 77' lang='lat' dir='ltr'><strong>quia</strong></span> <span class='ocrx_word' id='word_1_537' title='bbox 628 4430 865 4482; x_wconf 86' lang='lat' dir='ltr'><strong>violenta</strong></span> <span class='ocrx_word' id='word_1_538' title='bbox 902 4440 1075 4482; x_wconf 90' lang='lat' dir='ltr'><strong>morte</strong></span> <span class='ocrx_word' id='word_1_539' title='bbox 1125 4429 1324 4492; x_wconf 84' lang='lat' dir='ltr'><strong>necati,</strong></span> <span class='ocrx_word' id='word_1_540' title='bbox 1358 4430 1439 4482; x_wconf 87' lang='lat' dir='ltr'><strong>vel</strong></span> <span class='ocrx_word' id='word_1_541' title='bbox 1483 4430 1729 4483; x_wconf 74' lang='lat' dir='ltr'><strong>necandi.</strong></span> 
     </span>
    </p>
   </div>
   <div class='ocr_carea' id='block_1_78' title="bbox 134 4493 1729 4568">
    <p class='ocr_par' dir='ltr' id='par_1_78' title="bbox 134 4493 1729 4568">
     <span class='ocr_line' id='line_1_78' title="bbox 134 4493 1729 4568; baseline 0.002 -19"><span class='ocrx_word' id='word_1_542' title='bbox 134 4493 198 4549; x_wconf 83' lang='lat' dir='ltr'><strong>At</strong></span> <span class='ocrx_word' id='word_1_543' title='bbox 219 4493 359 4553; x_wconf 73' lang='lat' dir='ltr'><strong>inter</strong></span> <span class='ocrx_word' id='word_1_544' title='bbox 387 4493 747 4554; x_wconf 74' lang='lat' dir='ltr'><strong>Christianos</strong></span> <span class='ocrx_word' id='word_1_545' title='bbox 772 4500 1068 4553; x_wconf 84' lang='lat' dir='ltr'><strong>biothanati</strong></span> <span class='ocrx_word' id='word_1_546' title='bbox 1093 4502 1309 4568; x_wconf 89' lang='lat' dir='ltr'><strong>pr0prie</strong></span> <span class='ocrx_word' id='word_1_547' title='bbox 1328 4500 1558 4567; x_wconf 89' lang='lat' dir='ltr'><strong>reputati</strong></span> <span class='ocrx_word' id='word_1_548' title='bbox 1581 4508 1729 4568; x_wconf 90' lang='lat' dir='ltr'><strong>sunt,</strong></span> 
     </span>
    </p>
   </div>
   <div class='ocr_carea' id='block_1_79' title="bbox 134 4570 1734 4633">
    <p class='ocr_par' dir='ltr' id='par_1_79' title="bbox 134 4570 1734 4633">
     <span class='ocr_line' id='line_1_79' title="bbox 134 4570 1734 4633; baseline 0.003 -15"><span class='ocrx_word' id='word_1_549' title='bbox 134 4570 219 4633; x_wconf 82' lang='lat' dir='ltr'><strong>qui</strong></span> <span class='ocrx_word' id='word_1_550' title='bbox 245 4571 351 4624; x_wconf 87' lang='lat' dir='ltr'><strong>sibi</strong></span> <span class='ocrx_word' id='word_1_551' title='bbox 386 4586 636 4626; x_wconf 85' lang='lat' dir='ltr'><strong>mortem</strong></span> <span class='ocrx_word' id='word_1_552' title='bbox 677 4574 819 4624; x_wconf 90' lang='lat' dir='ltr'><strong>ultro</strong></span> <span class='ocrx_word' id='word_1_553' title='bbox 876 4570 1295 4631; x_wconf 68' lang='lat' dir='ltr'><strong>conscivissent,</strong></span> <span class='ocrx_word' id='word_1_554' title='bbox 1340 4582 1433 4624; x_wconf 91' lang='lat' dir='ltr'><strong>aut</strong></span> <span class='ocrx_word' id='word_1_555' title='bbox 1472 4572 1734 4623; x_wconf 82' lang='lat' dir='ltr'><strong>violentas</strong></span> 
     </span>
    </p>
   </div>
   <div class='ocr_carea' id='block_1_80' title="bbox 1840 2868 3425 2945">
    <p class='ocr_par' dir='ltr' id='par_1_80' title="bbox 1840 2868 3425 2945">
     <span class='ocr_line' id='line_1_80' title="bbox 1840 2868 3425 2945; baseline 0.007 -23"><span class='ocrx_word' id='word_1_556' title='bbox 1840 2868 1965 2945; x_wconf 81' lang='lat' dir='ltr'><strong>inde</strong></span> <span class='ocrx_word' id='word_1_557' title='bbox 1997 2884 2027 2945; x_wconf 83' lang='lat' dir='ltr'><strong>a</strong></span> <span class='ocrx_word' id='word_1_558' title='bbox 2062 2870 2251 2945; x_wconf 79' lang='lat' dir='ltr'><strong>primis</strong></span> <span class='ocrx_word' id='word_1_559' title='bbox 2281 2869 2900 2945; x_wconf 70' lang='lat' dir='ltr'><strong>Ecclesiretemporibus</strong></span> <span class='ocrx_word' id='word_1_560' title='bbox 2932 2890 3026 2945; x_wconf 93' lang='lat' dir='ltr'><strong>pro</strong></span> <span class='ocrx_word' id='word_1_561' title='bbox 3044 2876 3311 2933; x_wconf 88' lang='lat' dir='ltr'><strong>defunctis</strong></span> <span class='ocrx_word' id='word_1_562' title='bbox 3331 2892 3425 2932; x_wconf 82' lang='lat' dir='ltr'><strong>ex-</strong></span> 
     </span>
    </p>
   </div>
   <div class='ocr_carea' id='block_1_81' title="bbox 1841 2940 3425 3017">
    <p class='ocr_par' dir='ltr' id='par_1_81' title="bbox 1841 2940 3425 3017">
     <span class='ocr_line' id='line_1_81' title="bbox 1841 2940 3425 3017; baseline 0.007 -24"><span class='ocrx_word' id='word_1_563' title='bbox 1841 2940 2014 3017; x_wconf 79' lang='lat' dir='ltr'><strong>hiberi</strong></span> <span class='ocrx_word' id='word_1_564' title='bbox 2039 2941 2220 3006; x_wconf 85' lang='lat' dir='ltr'><strong>solita,</strong></span> <span class='ocrx_word' id='word_1_565' title='bbox 2247 2956 2445 3017; x_wconf 86' lang='lat' dir='ltr'><strong>nempe</strong></span> <span class='ocrx_word' id='word_1_566' title='bbox 2469 2940 2699 3017; x_wconf 59' lang='lat' dir='ltr'><strong>oblatio,</strong></span> <span class='ocrx_word' id='word_1_567' title='bbox 2728 2945 2842 2999; x_wconf 80' lang='lat' dir='ltr'><strong>sive</strong></span> <span class='ocrx_word' id='word_1_568' title='bbox 2870 2940 3197 3001; x_wconf 82' lang='lat' dir='ltr'><strong>sacriﬁcium</strong></span> <span class='ocrx_word' id='word_1_569' title='bbox 3226 2963 3322 3017; x_wconf 92' lang='lat' dir='ltr'><strong>pro</strong></span> <span class='ocrx_word' id='word_1_570' title='bbox 3346 2953 3425 3004; x_wconf 87' lang='lat' dir='ltr'><strong>eis</strong></span> 
     </span>
    </p>
   </div>
   <div class='ocr_carea' id='block_1_82' title="bbox 1837 3011 3422 3077">
    <p class='ocr_par' dir='ltr' id='par_1_82' title="bbox 1837 3011 3422 3077">
     <span class='ocr_line' id='line_1_82' title="bbox 1837 3011 3422 3077; baseline 0.006 -13"><span class='ocrx_word' id='word_1_571' title='bbox 1837 3011 2104 3077; x_wconf 83' lang='lat' dir='ltr'><strong>oblatum,</strong></span> <span class='ocrx_word' id='word_1_572' title='bbox 2126 3021 2182 3065; x_wconf 89' lang='lat' dir='ltr'><strong>et</strong></span> <span class='ocrx_word' id='word_1_573' title='bbox 2212 3013 2492 3076; x_wconf 87' lang='lat' dir='ltr'><strong>memoria,</strong></span> <span class='ocrx_word' id='word_1_574' title='bbox 2526 3015 2641 3070; x_wconf 84' lang='lat' dir='ltr'><strong>sive</strong></span> <span class='ocrx_word' id='word_1_575' title='bbox 2667 3020 3114 3072; x_wconf 88' lang='lat' dir='ltr'><strong>commemoratio</strong></span> <span class='ocrx_word' id='word_1_576' title='bbox 3146 3011 3332 3073; x_wconf 78' lang='lat' dir='ltr'><strong>eorum</strong></span> <span class='ocrx_word' id='word_1_577' title='bbox 3366 3019 3422 3074; x_wconf 91' lang='lat' dir='ltr'><strong>in</strong></span> 
     </span>
    </p>
   </div>
   <div class='ocr_carea' id='block_1_83' title="bbox 1837 3082 3424 3154">
    <p class='ocr_par' dir='ltr' id='par_1_83' title="bbox 1837 3082 3424 3154">
     <span class='ocr_line' id='line_1_83' title="bbox 1837 3082 3424 3154; baseline 0.007 -18"><span class='ocrx_word' id='word_1_578' title='bbox 1837 3083 2127 3154; x_wconf 85' lang='lat' dir='ltr'><strong>sacriﬁcio.</strong></span> <span class='ocrx_word' id='word_1_579' title='bbox 2164 3082 2240 3137; x_wconf 91' lang='lat' dir='ltr'><strong>De</strong></span> <span class='ocrx_word' id='word_1_580' title='bbox 2271 3092 2502 3154; x_wconf 90' lang='lat' dir='ltr'><strong>utroque</strong></span> <span class='ocrx_word' id='word_1_581' title='bbox 2550 3086 2615 3140; x_wconf 86' lang='lat' dir='ltr'><strong>ad</strong></span> <span class='ocrx_word' id='word_1_582' title='bbox 2652 3086 2797 3143; x_wconf 85' lang='lat' dir='ltr'><strong>hunc</strong></span> <span class='ocrx_word' id='word_1_583' title='bbox 2839 3088 3015 3143; x_wconf 87' lang='lat' dir='ltr'><strong>locum</strong></span> <span class='ocrx_word' id='word_1_584' title='bbox 3050 3090 3424 3147; x_wconf 74' lang='lat' dir='ltr'><strong>illustrandum</strong></span> 
     </span>
    </p>
   </div>
   <div class='ocr_carea' id='block_1_84' title="bbox 1832 3152 3424 3229">
    <p class='ocr_par' dir='ltr' id='par_1_84' title="bbox 1832 3152 3424 3229">
     <span class='ocr_line' id='line_1_84' title="bbox 1832 3152 3424 3229; baseline 0.004 -21"><span class='ocrx_word' id='word_1_585' title='bbox 1832 3152 2034 3229; x_wconf 82' lang='lat' dir='ltr'><strong>juverit</strong></span> <span class='ocrx_word' id='word_1_586' title='bbox 2067 3154 2154 3229; x_wconf 86' lang='lat' dir='ltr'><strong>hic</strong></span> <span class='ocrx_word' id='word_1_587' title='bbox 2188 3152 2442 3229; x_wconf 59' lang='lat' dir='ltr'><strong>nonnulla</strong></span> <span class='ocrx_word' id='word_1_588' title='bbox 2476 3158 2817 3229; x_wconf 79' lang='lat' dir='ltr'><strong>antiquitatis</strong></span> <span class='ocrx_word' id='word_1_589' title='bbox 2858 3161 3161 3215; x_wconf 77' lang='lat' dir='ltr'><strong>testimOIIia</strong></span> <span class='ocrx_word' id='word_1_590' title='bbox 3196 3172 3424 3215; x_wconf 80' lang='lat' dir='ltr'><strong>annota-</strong></span> 
     </span>
    </p>
   </div>
   <div class='ocr_carea' id='block_1_85' title="bbox 1838 3225 3422 3297">
    <p class='ocr_par' dir='ltr' id='par_1_85' title="bbox 1838 3225 3422 3297">
     <span class='ocr_line' id='line_1_85' title="bbox 1838 3225 3422 3297; baseline 0.006 -20"><span class='ocrx_word' id='word_1_591' title='bbox 1838 3240 1917 3297; x_wconf 85' lang='lat' dir='ltr'><strong>re.</strong></span> <span class='ocrx_word' id='word_1_592' title='bbox 1949 3225 2029 3280; x_wconf 83' lang='lat' dir='ltr'><strong>Ac</strong></span> <span class='ocrx_word' id='word_1_593' title='bbox 2057 3228 2127 3280; x_wconf 90' lang='lat' dir='ltr'><strong>de</strong></span> <span class='ocrx_word' id='word_1_594' title='bbox 2154 3225 2424 3281; x_wconf 84' lang='lat' dir='ltr'><strong>sacriﬁcio</strong></span> <span class='ocrx_word' id='word_1_595' title='bbox 2447 3225 2663 3297; x_wconf 76' lang='lat' dir='ltr'><strong>quidem</strong></span> <span class='ocrx_word' id='word_1_596' title='bbox 2701 3231 2749 3282; x_wconf 91' lang='lat' dir='ltr'><strong>in</strong></span> <span class='ocrx_word' id='word_1_597' title='bbox 2783 3231 2967 3297; x_wconf 84' lang='lat' dir='ltr'><strong>primis</strong></span> <span class='ocrx_word' id='word_1_598' title='bbox 3024 3232 3422 3288; x_wconf 76' lang='lat' dir='ltr'><strong>observandum</strong></span> 
     </span>
    </p>
   </div>
   <div class='ocr_carea' id='block_1_86' title="bbox 1840 3296 3422 3368">
    <p class='ocr_par' dir='ltr' id='par_1_86' title="bbox 1840 3296 3422 3368">
     <span class='ocr_line' id='line_1_86' title="bbox 1840 3296 3422 3368; baseline 0.006 -21"><span class='ocrx_word' id='word_1_599' title='bbox 1840 3296 2185 3368; x_wconf 32' lang='lat' dir='ltr'><strong>illuilkcertis</strong></span> <span class='ocrx_word' id='word_1_600' title='bbox 2233 3312 2296 3351; x_wconf 85' lang='lat' dir='ltr'><strong>ac</strong></span> <span class='ocrx_word' id='word_1_601' title='bbox 2316 3296 2473 3353; x_wconf 88' lang='lat' dir='ltr'><strong>statis</strong></span> <span class='ocrx_word' id='word_1_602' title='bbox 2527 3299 2718 3353; x_wconf 88' lang='lat' dir='ltr'><strong>diebus</strong></span> <span class='ocrx_word' id='word_1_603' title='bbox 2746 3303 3084 3368; x_wconf 78' lang='lat' dir='ltr'><strong>potiSsimnm</strong></span> <span class='ocrx_word' id='word_1_604' title='bbox 3128 3303 3311 3357; x_wconf 71' lang='lat' dir='ltr'><strong>offerri</strong></span> <span class='ocrx_word' id='word_1_605' title='bbox 3337 3318 3422 3356; x_wconf 87' lang='lat' dir='ltr'><strong>so-</strong></span> 
     </span>
    </p>
   </div>
   <div class='ocr_carea' id='block_1_87' title="bbox 1839 3366 3421 3442">
    <p class='ocr_par' dir='ltr' id='par_1_87' title="bbox 1839 3366 3421 3442">
     <span class='ocr_line' id='line_1_87' title="bbox 1839 3366 3421 3442; baseline 0.005 -22"><span class='ocrx_word' id='word_1_606' title='bbox 1839 3366 1973 3442; x_wconf 78' lang='lat' dir='ltr'><strong>lere.</strong></span> <span class='ocrx_word' id='word_1_607' title='bbox 2000 3366 2237 3422; x_wconf 85' lang='lat' dir='ltr'><strong>Primum</strong></span> <span class='ocrx_word' id='word_1_608' title='bbox 2278 3368 2330 3421; x_wconf 93' lang='lat' dir='ltr'><strong>in</strong></span> <span class='ocrx_word' id='word_1_609' title='bbox 2348 3370 2453 3442; x_wconf 82' lang='lat' dir='ltr'><strong>_ilie</strong></span> <span class='ocrx_word' id='word_1_610' title='bbox 2483 3371 2685 3442; x_wconf 86' lang='lat' dir='ltr'><strong>obitus,</strong></span> <span class='ocrx_word' id='word_1_611' title='bbox 2724 3366 2817 3426; x_wconf 82' lang='lat' dir='ltr'><strong>aut</strong></span> <span class='ocrx_word' id='word_1_612' title='bbox 2856 3375 3169 3438; x_wconf 43' lang='lat' dir='ltr'><strong>sepulturam</strong></span> <span class='ocrx_word' id='word_1_613' title='bbox 3220 3374 3288 3427; x_wconf 91' lang='lat' dir='ltr'><strong>de</strong></span> <span class='ocrx_word' id='word_1_614' title='bbox 3314 3389 3421 3442; x_wconf 88' lang='lat' dir='ltr'><strong>quo</strong></span> 
     </span>
    </p>
   </div>
   <div class='ocr_carea' id='block_1_88' title="bbox 1838 3438 3421 3513">
    <p class='ocr_par' dir='ltr' id='par_1_88' title="bbox 1838 3438 3421 3513">
     <span class='ocr_line' id='line_1_88' title="bbox 1838 3438 3421 3513; baseline 0.004 -23"><span class='ocrx_word' id='word_1_615' title='bbox 1838 3438 1999 3513; x_wconf 77' lang='lat' dir='ltr'><strong>etiam</strong></span> <span class='ocrx_word' id='word_1_616' title='bbox 2031 3442 2302 3507; x_wconf 68' lang='lat' dir='ltr'><strong>przrcipue</strong></span> <span class='ocrx_word' id='word_1_617' title='bbox 2348 3438 2433 3513; x_wconf 82' lang='lat' dir='ltr'><strong>hic</strong></span> <span class='ocrx_word' id='word_1_618' title='bbox 2465 3440 2675 3513; x_wconf 82' lang='lat' dir='ltr'><strong>agitur;</strong></span> <span class='ocrx_word' id='word_1_619' title='bbox 2710 3444 2852 3501; x_wconf 75' lang='lat' dir='ltr'><strong>quod</strong></span> <span class='ocrx_word' id='word_1_620' title='bbox 2887 3460 2950 3497; x_wconf 80' lang='lat' dir='ltr'><strong>ex</strong></span> <span class='ocrx_word' id='word_1_621' title='bbox 2985 3446 3282 3513; x_wconf 88' lang='lat' dir='ltr'><strong>apostolica</strong></span> <span class='ocrx_word' id='word_1_622' title='bbox 3310 3438 3421 3497; x_wconf 78' lang='lat' dir='ltr'><strong>tra-</strong></span> 
     </span>
    </p>
   </div>
   <div class='ocr_carea' id='block_1_89' title="bbox 1838 3507 3420 3577">
    <p class='ocr_par' dir='ltr' id='par_1_89' title="bbox 1838 3507 3420 3577">
     <span class='ocr_line' id='line_1_89' title="bbox 1838 3507 3420 3577; baseline 0.005 -17"><span class='ocrx_word' id='word_1_623' title='bbox 1838 3507 2044 3563; x_wconf 92' lang='lat' dir='ltr'><strong>ditione</strong></span> <span class='ocrx_word' id='word_1_624' title='bbox 2069 3513 2325 3564; x_wconf 88' lang='lat' dir='ltr'><strong>manavit.</strong></span> <span class='ocrx_word' id='word_1_625' title='bbox 2357 3507 2584 3566; x_wconf 28' lang='lat' dir='ltr'><strong>Nam&#39;D.</strong></span> <span class='ocrx_word' id='word_1_626' title='bbox 2626 3512 2877 3567; x_wconf 87' lang='lat' dir='ltr'><strong>Clemens</strong></span> <span class='ocrx_word' id='word_1_627' title='bbox 2931 3507 3092 3577; x_wconf 62' lang='lat' dir='ltr'><strong>epist.</strong></span> <span class='ocrx_word' id='word_1_628' title='bbox 3129 3522 3147 3566; x_wconf 81' lang='grc' dir='ltr'><strong>ι</strong></span> <span class='ocrx_word' id='word_1_629' title='bbox 3191 3524 3420 3568; x_wconf 65' lang='lat' dir='ltr'><strong>testatur</strong></span> 
     </span>
    </p>
   </div>
   <div class='ocr_carea' id='block_1_90' title="bbox 1837 3580 3417 3648">
    <p class='ocr_par' dir='ltr' id='par_1_90' title="bbox 1837 3580 3417 3648">
     <span class='ocr_line' id='line_1_90' title="bbox 1837 3580 3417 3648; baseline 0.003 -16"><span class='ocrx_word' id='word_1_630' title='bbox 1837 3580 2143 3645; x_wconf 72' lang='grc' dir='ltr'>ειμιι-ιοίιιιιι</span> <span class='ocrx_word' id='word_1_631' title='bbox 2199 3582 2411 3635; x_wconf 88' lang='lat' dir='ltr'><strong>Petrum</strong></span> <span class='ocrx_word' id='word_1_632' title='bbox 2446 3585 2767 3648; x_wconf 68' lang='lat' dir='ltr'><strong>praecepisse</strong></span> <span class='ocrx_word' id='word_1_633' title='bbox 2796 3596 2846 3636; x_wconf 92' lang='lat' dir='ltr'><strong>ul</strong></span> <span class='ocrx_word' id='word_1_634' title='bbox 2886 3584 3230 3637; x_wconf 86' lang='lat' dir='ltr'><strong>celebrentur</strong></span> <span class='ocrx_word' id='word_1_635' title='bbox 3260 3598 3417 3637; x_wconf 81' lang='lat' dir='ltr'><strong>exse-</strong></span> 
     </span>
    </p>
   </div>
   <div class='ocr_carea' id='block_1_91' title="bbox 1836 3650 3414 3720">
    <p class='ocr_par' dir='ltr' id='par_1_91' title="bbox 1836 3650 3414 3720">
     <span class='ocr_line' id='line_1_91' title="bbox 1836 3650 3414 3720; baseline 0.003 -19"><span class='ocrx_word' id='word_1_636' title='bbox 1836 3650 1978 3720; x_wconf 66' lang='lat' dir='ltr'><strong>quiae</strong></span> <span class='ocrx_word' id='word_1_637' title='bbox 2007 3661 2338 3704; x_wconf 90' lang='lat' dir='ltr'><strong>mortuorum</strong></span> <span class='ocrx_word' id='word_1_638' title='bbox 2392 3650 2607 3719; x_wconf 86' lang='lat' dir='ltr'><strong>hymnis</strong></span> <span class='ocrx_word' id='word_1_639' title='bbox 2631 3694 2645 3713; x_wconf 89' lang='lat'><strong>,</strong></span> <span class='ocrx_word' id='word_1_640' title='bbox 2678 3653 2933 3719; x_wconf 87' lang='lat' dir='ltr'><strong>precibus</strong></span> <span class='ocrx_word' id='word_1_641' title='bbox 2972 3664 3027 3706; x_wconf 86' lang='lat' dir='ltr'><strong>et</strong></span> <span class='ocrx_word' id='word_1_642' title='bbox 3067 3653 3414 3720; x_wconf 82' lang='lat' dir='ltr'><strong>lectionibus,</strong></span> 
     </span>
    </p>
   </div>
   <div class='ocr_carea' id='block_1_92' title="bbox 1841 3719 3414 3809">
    <p class='ocr_par' dir='ltr' id='par_1_92' title="bbox 1841 3719 3414 3809">
     <span class='ocr_line' id='line_1_92' title="bbox 1841 3719 3414 3809; baseline 0.003 -38"><span class='ocrx_word' id='word_1_643' title='bbox 1841 3719 2092 3809; x_wconf 62' lang='lat' dir='ltr'><strong>Idemque</strong></span> <span class='ocrx_word' id='word_1_644' title='bbox 2122 3720 2499 3809; x_wconf 36' lang='lat' dir='ltr'><strong>eonﬁr&#39;i-uath.</strong></span> <span class='ocrx_word' id='word_1_645' title='bbox 2530 3722 2817 3809; x_wconf 39' lang='lat' dir='ltr'><strong>Dionysius</strong></span> <span class='ocrx_word' id='word_1_646' title='bbox 2847 3719 3414 3809; x_wconf 54' lang='lat' dir='ltr'><strong>AreOpagitambIccles.</strong></span> 
     </span>
    </p>
   </div>
   <div class='ocr_carea' id='block_1_93' title="bbox 1840 3788 3418 3861">
    <p class='ocr_par' dir='ltr' id='par_1_93' title="bbox 1840 3788 3418 3861">
     <span class='ocr_line' id='line_1_93' title="bbox 1840 3788 3418 3861; baseline 0.004 -18"><span class='ocrx_word' id='word_1_647' title='bbox 1840 3788 2118 3844; x_wconf 80' lang='lat' dir='ltr'><strong>Hierzircli.</strong></span> <span class='ocrx_word' id='word_1_648' title='bbox 2153 3791 2346 3861; x_wconf 80' lang='lat' dir='ltr'><strong>cap.7.</strong></span> <span class='ocrx_word' id='word_1_649' title='bbox 2383 3793 2514 3843; x_wconf 87' lang='lat' dir='ltr'><strong>llinc</strong></span> <span class='ocrx_word' id='word_1_650' title='bbox 2552 3792 2612 3845; x_wconf 91' lang='lat' dir='ltr'><strong>D.</strong></span> <span class='ocrx_word' id='word_1_651' title='bbox 2646 3788 2948 3861; x_wconf 87' lang='lat' dir='ltr'><strong>Cyprianus</strong></span> <span class='ocrx_word' id='word_1_652' title='bbox 2965 3788 3124 3861; x_wconf 81' lang='lat' dir='ltr'><strong>epist.</strong></span> <span class='ocrx_word' id='word_1_653' title='bbox 3154 3792 3223 3848; x_wconf 89' lang='lat'><strong>60</strong></span> <span class='ocrx_word' id='word_1_654' title='bbox 3254 3799 3418 3849; x_wconf 86' lang='lat' dir='ltr'><strong>refert</strong></span> 
     </span>
    </p>
   </div>
   <div class='ocr_carea' id='block_1_94' title="bbox 1840 3858 3416 3934">
    <p class='ocr_par' dir='ltr' id='par_1_94' title="bbox 1840 3858 3416 3934">
     <span class='ocr_line' id='line_1_94' title="bbox 1840 3858 3416 3934; baseline 0.003 -20"><span class='ocrx_word' id='word_1_655' title='bbox 1840 3860 1894 3914; x_wconf 90' lang='lat' dir='ltr'><strong>in</strong></span> <span class='ocrx_word' id='word_1_656' title='bbox 1917 3861 2147 3934; x_wconf 80' lang='lat' dir='ltr'><strong>concilio</strong></span> <span class='ocrx_word' id='word_1_657' title='bbox 2171 3858 2581 3934; x_wconf 60' lang='lat' dir='ltr'><strong>Carthaginensi</strong></span> <span class='ocrx_word' id='word_1_658' title='bbox 2612 3858 2872 3934; x_wconf 72' lang='lat' dir='ltr'><strong>statutum</strong></span> <span class='ocrx_word' id='word_1_659' title='bbox 2907 3858 3108 3929; x_wconf 75' lang='lat' dir='ltr'><strong>fuisse,</strong></span> <span class='ocrx_word' id='word_1_660' title='bbox 3140 3875 3193 3917; x_wconf 88' lang='lat' dir='ltr'><strong>ut</strong></span> <span class='ocrx_word' id='word_1_661' title='bbox 3222 3864 3266 3918; x_wconf 96' lang='lat' dir='ltr'><strong>si</strong></span> <span class='ocrx_word' id='word_1_662' title='bbox 3294 3865 3416 3934; x_wconf 80' lang='lat' dir='ltr'><strong>quis</strong></span> 
     </span>
    </p>
   </div>
   <div class='ocr_carea' id='block_1_95' title="bbox 1839 3931 3402 4004">
    <p class='ocr_par' dir='ltr' id='par_1_95' title="bbox 1839 3931 3402 4004">
     <span class='ocr_line' id='line_1_95' title="bbox 1839 3931 3402 4004; baseline 0.002 -21"><span class='ocrx_word' id='word_1_663' title='bbox 1839 3933 2041 4002; x_wconf 58' lang='grc' dir='ltr'><strong>παίει(</strong></span> <span class='ocrx_word' id='word_1_664' title='bbox 2072 3931 2125 3985; x_wconf 90' lang='lat' dir='ltr'><strong>id</strong></span> <span class='ocrx_word' id='word_1_665' title='bbox 2154 3931 2641 4004; x_wconf 69' lang='lat' dir='ltr'><strong>est_Christianus)</strong></span> <span class='ocrx_word' id='word_1_666' title='bbox 2685 3931 2929 3987; x_wconf 81' lang='lat' dir='ltr'><strong>clericum</strong></span> <span class='ocrx_word' id='word_1_667' title='bbox 2971 3945 3192 3989; x_wconf 82' lang='lat' dir='ltr'><strong>tutorem</strong></span> <span class='ocrx_word' id='word_1_668' title='bbox 3242 3931 3402 3988; x_wconf 54' lang='lat' dir='ltr'><strong>no&#39;mi.</strong></span> 
     </span>
    </p>
   </div>
   <div class='ocr_carea' id='block_1_96' title="bbox 1837 4001 3419 4077">
    <p class='ocr_par' dir='ltr' id='par_1_96' title="bbox 1837 4001 3419 4077">
     <span class='ocr_line' id='line_1_96' title="bbox 1837 4001 3419 4077; baseline 0.004 -23"><span class='ocrx_word' id='word_1_669' title='bbox 1837 4001 2039 4077; x_wconf 71' lang='lat' dir='ltr'><strong>nosset,</strong></span> <span class='ocrx_word' id='word_1_670' title='bbox 2060 4020 2153 4056; x_wconf 87' lang='lat' dir='ltr'><strong>nec</strong></span> <span class='ocrx_word' id='word_1_671' title='bbox 2181 4001 2451 4077; x_wconf 63' lang='lat' dir='ltr'><strong>olferretur</strong></span> <span class='ocrx_word' id='word_1_672' title='bbox 2475 4020 2567 4073; x_wconf 88' lang='lat' dir='ltr'><strong>pro</strong></span> <span class='ocrx_word' id='word_1_673' title='bbox 2584 4001 2674 4077; x_wconf 73' lang='lat' dir='ltr'><strong>eo,</strong></span> <span class='ocrx_word' id='word_1_674' title='bbox 2701 4020 2793 4058; x_wconf 84' lang='lat' dir='ltr'><strong>nec</strong></span> <span class='ocrx_word' id='word_1_675' title='bbox 2823 4005 3135 4077; x_wconf 76' lang='lat' dir='ltr'><strong>sacri/ieiuni</strong></span> <span class='ocrx_word' id='word_1_676' title='bbox 3182 4023 3274 4073; x_wconf 86' lang='lat' dir='ltr'><strong>pro</strong></span> <span class='ocrx_word' id='word_1_677' title='bbox 3303 4009 3419 4077; x_wconf 88' lang='lat' dir='ltr'><strong>ejus</strong></span> 
     </span>
    </p>
   </div>
   <div class='ocr_carea' id='block_1_97' title="bbox 1837 4072 3419 4146">
    <p class='ocr_par' dir='ltr' id='par_1_97' title="bbox 1837 4072 3419 4146">
     <span class='ocr_line' id='line_1_97' title="bbox 1837 4072 3419 4146; baseline 0.003 -19"><span class='ocrx_word' id='word_1_678' title='bbox 1837 4072 2149 4128; x_wconf 78' lang='lat' dir='ltr'><strong>dormitione</strong></span> <span class='ocrx_word' id='word_1_679' title='bbox 2175 4072 2537 4146; x_wconf 80' lang='lat' dir='ltr'><strong>celebraretur.</strong></span> <span class='ocrx_word' id='word_1_680' title='bbox 2581 4076 2644 4129; x_wconf 87' lang='grc' dir='ltr'><strong>ι).</strong></span> <span class='ocrx_word' id='word_1_681' title='bbox 2685 4077 3019 4146; x_wconf 73' lang='lat' dir='ltr'><strong>Augustinus</strong></span> <span class='ocrx_word' id='word_1_682' title='bbox 3068 4072 3244 4131; x_wconf 60' lang='grc' dir='ltr'><strong>ΙὼΛχ</strong></span> <span class='ocrx_word' id='word_1_683' title='bbox 3276 4072 3419 4131; x_wconf 67' lang='lat' dir='ltr'><strong>(Jon-</strong></span> 
     </span>
    </p>
   </div>
   <div class='ocr_carea' id='block_1_98' title="bbox 1836 4144 3416 4215">
    <p class='ocr_par' dir='ltr' id='par_1_98' title="bbox 1836 4144 3416 4215">
     <span class='ocr_line' id='line_1_98' title="bbox 1836 4144 3416 4215; baseline 0.004 -18"><span class='ocrx_word' id='word_1_684' title='bbox 1836 4146 2115 4215; x_wconf 76' lang='lat' dir='ltr'><strong>fess._cap.</strong></span> <span class='ocrx_word' id='word_1_685' title='bbox 2148 4145 2205 4199; x_wconf 77' lang='lat' dir='ltr'><strong>lt</strong></span> <span class='ocrx_word' id='word_1_686' title='bbox 2240 4146 2309 4199; x_wconf 83' lang='lat' dir='ltr'><strong>de.</strong></span> <span class='ocrx_word' id='word_1_687' title='bbox 2338 4148 2523 4200; x_wconf 91' lang='lat' dir='ltr'><strong>funere</strong></span> <span class='ocrx_word' id='word_1_688' title='bbox 2553 4144 2742 4200; x_wconf 88' lang='lat' dir='ltr'><strong>matris</strong></span> <span class='ocrx_word' id='word_1_689' title='bbox 2772 4144 2885 4201; x_wconf 65' lang='lat' dir='ltr'><strong>Sua:</strong></span> <span class='ocrx_word' id='word_1_690' title='bbox 2911 4148 2967 4201; x_wconf 88' lang='lat' dir='ltr'><strong>S.</strong></span> <span class='ocrx_word' id='word_1_691' title='bbox 2996 4147 3215 4202; x_wconf 80' lang='lat' dir='ltr'><strong>Monicze</strong></span> <span class='ocrx_word' id='word_1_692' title='bbox 3248 4162 3416 4215; x_wconf 89' lang='lat' dir='ltr'><strong>agens</strong></span> 
     </span>
    </p>
   </div>
   <div class='ocr_carea' id='block_1_99' title="bbox 1836 4213 3413 4287">
    <p class='ocr_par' dir='ltr' id='par_1_99' title="bbox 1836 4213 3413 4287">
     <span class='ocr_line' id='line_1_99' title="bbox 1836 4213 3413 4287; baseline 0.001 -18"><span class='ocrx_word' id='word_1_693' title='bbox 1836 4216 1943 4270; x_wconf 85' lang='lat' dir='ltr'><strong>ait:</strong></span> <span class='ocrx_word' id='word_1_694' title='bbox 1970 4213 2033 4268; x_wconf 83' lang='lat' dir='ltr'><strong>In</strong></span> <span class='ocrx_word' id='word_1_695' title='bbox 2060 4217 2130 4269; x_wconf 85' lang='lat' dir='ltr'><strong>eis</strong></span> <span class='ocrx_word' id='word_1_696' title='bbox 2155 4216 2412 4283; x_wconf 78' lang='lat' dir='ltr'><strong>precibus,</strong></span> <span class='ocrx_word' id='word_1_697' title='bbox 2441 4233 2570 4287; x_wconf 84' lang='lat' dir='ltr'><strong>quas</strong></span> <span class='ocrx_word' id='word_1_698' title='bbox 2594 4217 2683 4271; x_wconf 88' lang='lat' dir='ltr'><strong>tibi</strong></span> <span class='ocrx_word' id='word_1_699' title='bbox 2712 4218 2967 4287; x_wconf 76' lang='lat' dir='ltr'><strong>fudimus,</strong></span> <span class='ocrx_word' id='word_1_700' title='bbox 2994 4234 3110 4271; x_wconf 85' lang='lat' dir='ltr'><strong>cum</strong></span> <span class='ocrx_word' id='word_1_701' title='bbox 3138 4213 3413 4284; x_wconf 73' lang='lat' dir='ltr'><strong>oﬂ&#39;erretur</strong></span> 
     </span>
    </p>
   </div>
   <div class='ocr_carea' id='block_1_100' title="bbox 1838 4288 3414 4361">
    <p class='ocr_par' dir='ltr' id='par_1_100' title="bbox 1838 4288 3414 4361">
     <span class='ocr_line' id='line_1_100' title="bbox 1838 4288 3414 4361; baseline 0.004 -24"><span class='ocrx_word' id='word_1_702' title='bbox 1838 4303 2017 4361; x_wconf 29' lang='lat' dir='ltr'><strong>pro‘ea</strong></span> <span class='ocrx_word' id='word_1_703' title='bbox 2037 4288 2348 4361; x_wconf 81' lang='lat' dir='ltr'><strong>sacriﬁcium</strong></span> <span class='ocrx_word' id='word_1_704' title='bbox 2377 4288 2889 4361; x_wconf 40' lang='grc' dir='ltr'><strong>ριέιὶἱῙιοεινὶυῇαηι⁸</strong></span> <span class='ocrx_word' id='word_1_705' title='bbox 2917 4292 3077 4361; x_wconf 76' lang='lat' dir='ltr'><strong>juxta</strong></span> <span class='ocrx_word' id='word_1_706' title='bbox 3104 4290 3414 4361; x_wconf 75' lang='lat' dir='ltr'><strong>sepulcrum</strong></span> 
     </span>
    </p>
   </div>
   <div class='ocr_carea' id='block_1_101' title="bbox 1836 4357 3410 4425">
    <p class='ocr_par' dir='ltr' id='par_1_101' title="bbox 1836 4357 3410 4425">
     <span class='ocr_line' id='line_1_101' title="bbox 1836 4357 3410 4425; baseline 0.003 -16"><span class='ocrx_word' id='word_1_707' title='bbox 1836 4357 2004 4425; x_wconf 84' lang='lat' dir='ltr'><strong>posito</strong></span> <span class='ocrx_word' id='word_1_708' title='bbox 2052 4359 2302 4412; x_wconf 82' lang='lat' dir='ltr'><strong>cadavere</strong></span> <span class='ocrx_word' id='word_1_709' title='bbox 2326 4400 2341 4425; x_wconf 90' lang='lat'><strong>,</strong></span> <span class='ocrx_word' id='word_1_710' title='bbox 2386 4368 2494 4412; x_wconf 89' lang='lat' dir='ltr'><strong>etc.</strong></span> <span class='ocrx_word' id='word_1_711' title='bbox 2537 4357 2787 4415; x_wconf 80' lang='lat' dir='ltr'><strong>Secundo</strong></span> <span class='ocrx_word' id='word_1_712' title='bbox 2811 4357 2997 4413; x_wconf 74' lang='lat' dir='ltr'><strong>oﬂ&#39;erri</strong></span> <span class='ocrx_word' id='word_1_713' title='bbox 3032 4357 3185 4413; x_wconf 77' lang='lat' dir='ltr'><strong>solet</strong></span> <span class='ocrx_word' id='word_1_714' title='bbox 3204 4360 3410 4414; x_wconf 89' lang='lat' dir='ltr'><strong>sacriﬁ-</strong></span> 
     </span>
    </p>
   </div>
   <div class='ocr_carea' id='block_1_102' title="bbox 1836 4428 3414 4497">
    <p class='ocr_par' dir='ltr' id='par_1_102' title="bbox 1836 4428 3414 4497">
     <span class='ocr_line' id='line_1_102' title="bbox 1836 4428 3414 4497; baseline 0.001 -16"><span class='ocrx_word' id='word_1_715' title='bbox 1836 4430 1999 4494; x_wconf 90' lang='lat' dir='ltr'><strong>cium,</strong></span> <span class='ocrx_word' id='word_1_716' title='bbox 2025 4438 2079 4481; x_wconf 89' lang='lat' dir='ltr'><strong>et</strong></span> <span class='ocrx_word' id='word_1_717' title='bbox 2104 4444 2295 4497; x_wconf 88' lang='lat' dir='ltr'><strong>preces</strong></span> <span class='ocrx_word' id='word_1_718' title='bbox 2321 4444 2418 4495; x_wconf 84' lang='lat' dir='ltr'><strong>pio</strong></span> <span class='ocrx_word' id='word_1_719' title='bbox 2448 4428 2714 4484; x_wconf 83' lang='lat' dir='ltr'><strong>defunctis</strong></span> <span class='ocrx_word' id='word_1_720' title='bbox 2762 4430 2910 4483; x_wconf 89' lang='lat' dir='ltr'><strong>fundi</strong></span> <span class='ocrx_word' id='word_1_721' title='bbox 2945 4431 2995 4483; x_wconf 91' lang='lat' dir='ltr'><strong>in</strong></span> <span class='ocrx_word' id='word_1_722' title='bbox 3028 4429 3114 4483; x_wconf 89' lang='lat' dir='ltr'><strong>die</strong></span> <span class='ocrx_word' id='word_1_723' title='bbox 3161 4431 3414 4485; x_wconf 84' lang='lat' dir='ltr'><strong>anniver-</strong></span> 
     </span>
    </p>
   </div>
   <div class='ocr_carea' id='block_1_103' title="bbox 1835 4499 3413 4555">
    <p class='ocr_par' dir='ltr' id='par_1_103' title="bbox 1835 4499 3413 4555">
     <span class='ocr_line' id='line_1_103' title="bbox 1835 4499 3413 4555; baseline 0.002 -4"><span class='ocrx_word' id='word_1_724' title='bbox 1835 4500 1973 4552; x_wconf 78' lang='lat' dir='ltr'><strong>Saria</strong></span> <span class='ocrx_word' id='word_1_725' title='bbox 2000 4516 2014 4552; x_wconf 77' lang='grc' dir='ltr'><strong>ι</strong></span> <span class='ocrx_word' id='word_1_726' title='bbox 2046 4499 2188 4553; x_wconf 89' lang='lat' dir='ltr'><strong>unde</strong></span> <span class='ocrx_word' id='word_1_727' title='bbox 2217 4500 2709 4553; x_wconf 81' lang='lat' dir='ltr'><strong>anniversariorum</strong></span> <span class='ocrx_word' id='word_1_728' title='bbox 2755 4514 2885 4553; x_wconf 90' lang='lat' dir='ltr'><strong>usus</strong></span> <span class='ocrx_word' id='word_1_729' title='bbox 2924 4500 2975 4553; x_wconf 89' lang='lat' dir='ltr'><strong>in</strong></span> <span class='ocrx_word' id='word_1_730' title='bbox 3031 4499 3270 4553; x_wconf 64' lang='lat' dir='ltr'><strong>Ecclesia</strong></span> <span class='ocrx_word' id='word_1_731' title='bbox 3322 4516 3413 4555; x_wconf 85' lang='lat' dir='ltr'><strong>re-</strong></span> 
     </span>
    </p>
   </div>
   <div class='ocr_carea' id='block_1_104' title="bbox 1837 4568 3406 4640">
    <p class='ocr_par' dir='ltr' id='par_1_104' title="bbox 1837 4568 3406 4640">
     <span class='ocr_line' id='line_1_104' title="bbox 1837 4568 3406 4640; baseline 0.004 -23"><span class='ocrx_word' id='word_1_732' title='bbox 1837 4583 2044 4640; x_wconf 69' lang='lat' dir='ltr'><strong>ceptus.</strong></span> <span class='ocrx_word' id='word_1_733' title='bbox 2074 4569 2435 4625; x_wconf 81' lang='lat' dir='ltr'><strong>Tertulliattns</strong></span> <span class='ocrx_word' id='word_1_734' title='bbox 2463 4572 2553 4623; x_wconf 90' lang='lat' dir='ltr'><strong>lib.</strong></span> <span class='ocrx_word' id='word_1_735' title='bbox 2578 4570 2646 4624; x_wconf 90' lang='lat' dir='ltr'><strong>de</strong></span> <span class='ocrx_word' id='word_1_736' title='bbox 2671 4569 2881 4624; x_wconf 87' lang='lat' dir='ltr'><strong>Corona</strong></span> <span class='ocrx_word' id='word_1_737' title='bbox 2908 4571 3088 4623; x_wconf 77' lang='lat' dir='ltr'><strong>Militis</strong></span> <span class='ocrx_word' id='word_1_738' title='bbox 3116 4568 3268 4640; x_wconf 86' lang='lat' dir='ltr'><strong>(Cap.</strong></span> <span class='ocrx_word' id='word_1_739' title='bbox 3298 4571 3353 4640; x_wconf 81' lang='lat'><strong>5)</strong></span> <span class='ocrx_word' id='word_1_740' title='bbox 3391 4589 3406 4624; x_wconf 89' lang='lat'><strong>:</strong></span> 
     </span>
    </p>
   </div>
   <div class='ocr_carea' id='block_1_105' title="bbox 136 4638 3405 4718">
    <p class='ocr_par' dir='ltr' id='par_1_105' title="bbox 136 4638 3405 4718">
     <span class='ocr_line' id='line_1_105' title="bbox 136 4638 3405 4718; baseline 0.002 -30"><span class='ocrx_word' id='word_1_741' title='bbox 136 4650 320 4718; x_wconf 71' lang='lat' dir='ltr'><strong>manus</strong></span> <span class='ocrx_word' id='word_1_742' title='bbox 353 4643 711 4708; x_wconf 83' lang='lat' dir='ltr'><strong>intulissent,</strong></span> <span class='ocrx_word' id='word_1_743' title='bbox 739 4656 967 4718; x_wconf 58' lang='lat' dir='ltr'><strong>quorum]</strong></span> <span class='ocrx_word' id='word_1_744' title='bbox 1002 4641 1315 4718; x_wconf 70' lang='lat' dir='ltr'><strong>meritoriam</strong></span> <span class='ocrx_word' id='word_1_745' title='bbox 1343 4644 1393 4693; x_wconf 93' lang='lat' dir='ltr'><strong>in</strong></span> <span class='ocrx_word' id='word_1_746' title='bbox 1422 4640 1597 4718; x_wconf 80' lang='lat' dir='ltr'><strong>sacris</strong></span> <span class='ocrx_word' id='word_1_747' title='bbox 1624 4642 1729 4718; x_wconf 79' lang='lat' dir='ltr'><strong>agi,</strong></span> <span class='ocrx_word' id='word_1_748' title='bbox 1764 4658 1814 4718; x_wconf 74' lang='grc' dir='ltr'>ι)</span> <span class='ocrx_word' id='word_1_749' title='bbox 1841 4638 2383 4718; x_wconf 68' lang='lat' dir='ltr'><strong>leationes,_inqiiit,</strong></span> <span class='ocrx_word' id='word_1_750' title='bbox 2417 4657 2509 4718; x_wconf 86' lang='lat' dir='ltr'><strong>pro</strong></span> <span class='ocrx_word' id='word_1_751' title='bbox 2556 4641 2809 4718; x_wconf 71' lang='lat' dir='ltr'><strong>defunctis</strong></span> <span class='ocrx_word' id='word_1_752' title='bbox 2836 4658 3007 4718; x_wconf 78' lang='lat' dir='ltr'><strong>annua</strong></span> <span class='ocrx_word' id='word_1_753' title='bbox 3036 4638 3131 4695; x_wconf 81' lang='lat' dir='ltr'><strong>die</strong></span> <span class='ocrx_word' id='word_1_754' title='bbox 3168 4638 3405 4718; x_wconf 65' lang='lat' dir='ltr'><strong>facimus.</strong></span> 
     </span>
    </p>
   </div>
   <div class='ocr_carea' id='block_1_106' title="bbox 132 4711 1736 4781">
    <p class='ocr_par' dir='ltr' id='par_1_106' title="bbox 132 4711 1736 4781">
     <span class='ocr_line' id='line_1_106' title="bbox 132 4711 1736 4781; baseline 0.004 -22"><span class='ocrx_word' id='word_1_755' title='bbox 132 4720 217 4763; x_wconf 91' lang='lat' dir='ltr'><strong>aut</strong></span> <span class='ocrx_word' id='word_1_756' title='bbox 242 4713 574 4767; x_wconf 79' lang='lat' dir='ltr'><strong>oblationes</strong></span> <span class='ocrx_word' id='word_1_757' title='bbox 605 4712 799 4781; x_wconf 78' lang='lat' dir='ltr'><strong>procis</strong></span> <span class='ocrx_word' id='word_1_758' title='bbox 827 4712 962 4777; x_wconf 90' lang='lat' dir='ltr'><strong>ﬁeri,</strong></span> <span class='ocrx_word' id='word_1_759' title='bbox 990 4723 1233 4767; x_wconf 85' lang='lat' dir='ltr'><strong>veterum</strong></span> <span class='ocrx_word' id='word_1_760' title='bbox 1265 4711 1481 4765; x_wconf 89' lang='lat' dir='ltr'><strong>Patrum</strong></span> <span class='ocrx_word' id='word_1_761' title='bbox 1524 4713 1736 4765; x_wconf 89' lang='lat' dir='ltr'><strong>institu-</strong></span> 
     </span>
    </p>
   </div>
   <div class='ocr_carea' id='block_1_107' title="bbox 134 4782 1731 4851">
    <p class='ocr_par' dir='ltr' id='par_1_107' title="bbox 134 4782 1731 4851">
     <span class='ocr_line' id='line_1_107' title="bbox 134 4782 1731 4851; baseline 0.001 -15"><span class='ocrx_word' id='word_1_762' title='bbox 134 4787 205 4851; x_wconf 51' lang='grc' dir='ltr'><strong>ἕο,</strong></span> <span class='ocrx_word' id='word_1_763' title='bbox 239 4793 293 4836; x_wconf 90' lang='lat' dir='ltr'><strong>et</strong></span> <span class='ocrx_word' id='word_1_764' title='bbox 322 4784 715 4838; x_wconf 73' lang='lat' dir='ltr'><strong>ecclesiastici</strong></span> <span class='ocrx_word' id='word_1_765' title='bbox 750 4784 1055 4851; x_wconf 86' lang='lat' dir='ltr'><strong>disciplina.</strong></span> <span class='ocrx_word' id='word_1_766' title='bbox 1099 4786 1323 4835; x_wconf 88' lang='lat' dir='ltr'><strong>vetitum</strong></span> <span class='ocrx_word' id='word_1_767' title='bbox 1348 4783 1529 4847; x_wconf 86' lang='lat' dir='ltr'><strong>fuisse,</strong></span> <span class='ocrx_word' id='word_1_768' title='bbox 1559 4782 1643 4837; x_wconf 78' lang='lat' dir='ltr'><strong>vel</strong></span> <span class='ocrx_word' id='word_1_769' title='bbox 1667 4799 1731 4837; x_wconf 78' lang='lat' dir='ltr'><strong>ex</strong></span> 
     </span>
    </p>
   </div>
   <div class='ocr_carea' id='block_1_108' title="bbox 136 4846 1732 4921">
    <p class='ocr_par' dir='ltr' id='par_1_108' title="bbox 136 4846 1732 4921">
     <span class='ocr_line' id='line_1_108' title="bbox 136 4846 1732 4921; baseline 0.004 -20"><span class='ocrx_word' id='word_1_770' title='bbox 136 4846 230 4906; x_wconf 87' lang='lat' dir='ltr'><strong>hoc</strong></span> <span class='ocrx_word' id='word_1_771' title='bbox 265 4857 391 4909; x_wconf 90' lang='lat' dir='ltr'><strong>loco</strong></span> <span class='ocrx_word' id='word_1_772' title='bbox 422 4854 718 4908; x_wconf 75' lang='lat' dir='ltr'><strong>discimus.</strong></span> <span class='ocrx_word' id='word_1_773' title='bbox 751 4855 863 4921; x_wconf 87' lang='lat' dir='ltr'><strong>Qua</strong></span> <span class='ocrx_word' id='word_1_774' title='bbox 881 4846 949 4907; x_wconf 81' lang='lat' dir='ltr'><strong>de</strong></span> <span class='ocrx_word' id='word_1_775' title='bbox 981 4871 1039 4908; x_wconf 90' lang='lat' dir='ltr'><strong>re</strong></span> <span class='ocrx_word' id='word_1_776' title='bbox 1061 4856 1221 4907; x_wconf 86' lang='lat' dir='ltr'><strong>etiam</strong></span> <span class='ocrx_word' id='word_1_777' title='bbox 1253 4863 1467 4907; x_wconf 64' lang='lat' dir='ltr'><strong>exstant</strong></span> <span class='ocrx_word' id='word_1_778' title='bbox 1497 4846 1732 4908; x_wconf 83' lang='lat' dir='ltr'><strong>canones</strong></span> 
     </span>
    </p>
   </div>
   <div class='ocr_carea' id='block_1_109' title="bbox 134 4925 1732 4993">
    <p class='ocr_par' dir='ltr' id='par_1_109' title="bbox 134 4925 1732 4993">
     <span class='ocr_line' id='line_1_109' title="bbox 134 4925 1732 4993; baseline 0.002 -18"><span class='ocrx_word' id='word_1_779' title='bbox 134 4925 524 4993; x_wconf 67' lang='lat' dir='ltr'><strong>ecclesiastici,</strong></span> <span class='ocrx_word' id='word_1_780' title='bbox 553 4926 744 4993; x_wconf 85' lang='lat' dir='ltr'><strong>quibus</strong></span> <span class='ocrx_word' id='word_1_781' title='bbox 770 4926 845 4977; x_wconf 92' lang='lat' dir='ltr'><strong>illi</strong></span> <span class='ocrx_word' id='word_1_782' title='bbox 869 4930 1126 4979; x_wconf 87' lang='lat' dir='ltr'><strong>memoria</strong></span> <span class='ocrx_word' id='word_1_783' title='bbox 1148 4933 1203 4978; x_wconf 90' lang='lat' dir='ltr'><strong>et</strong></span> <span class='ocrx_word' id='word_1_784' title='bbox 1222 4925 1498 4979; x_wconf 77' lang='lat' dir='ltr'><strong>oblatione</strong></span> <span class='ocrx_word' id='word_1_785' title='bbox 1525 4940 1620 4989; x_wconf 83' lang='lat' dir='ltr'><strong>pro</strong></span> <span class='ocrx_word' id='word_1_786' title='bbox 1639 4926 1732 4978; x_wconf 81' lang='lat' dir='ltr'><strong>tle-</strong></span> 
     </span>
    </p>
   </div>
   <div class='ocr_carea' id='block_1_110' title="bbox 135 4990 1729 5065">
    <p class='ocr_par' dir='ltr' id='par_1_110' title="bbox 135 4990 1729 5065">
     <span class='ocr_line' id='line_1_110' title="bbox 135 4990 1729 5065; baseline 0.005 -24"><span class='ocrx_word' id='word_1_787' title='bbox 135 4990 328 5049; x_wconf 89' lang='lat' dir='ltr'><strong>l&#39;unctis</strong></span> <span class='ocrx_word' id='word_1_788' title='bbox 393 4997 526 5049; x_wconf 86' lang='lat' dir='ltr'><strong>ﬁeri</strong></span> <span class='ocrx_word' id='word_1_789' title='bbox 574 4990 742 5048; x_wconf 75' lang='lat' dir='ltr'><strong>solita</strong></span> <span class='ocrx_word' id='word_1_790' title='bbox 787 4996 1093 5064; x_wconf 68' lang='lat' dir='ltr'><strong>indic-antur</strong></span> <span class='ocrx_word' id='word_1_791' title='bbox 1126 4996 1347 5065; x_wconf 85' lang='lat' dir='ltr'><strong>imligni.</strong></span> <span class='ocrx_word' id='word_1_792' title='bbox 1391 4994 1483 5051; x_wconf 91' lang='lat' dir='ltr'><strong>Sic</strong></span> <span class='ocrx_word' id='word_1_793' title='bbox 1509 4998 1651 5050; x_wconf 91' lang='lat' dir='ltr'><strong>enim</strong></span> <span class='ocrx_word' id='word_1_794' title='bbox 1678 4997 1729 5049; x_wconf 93' lang='lat' dir='ltr'><strong>in</strong></span> 
     </span>
    </p>
   </div>
   <div class='ocr_carea' id='block_1_111' title="bbox 132 5065 1731 5135">
    <p class='ocr_par' dir='ltr' id='par_1_111' title="bbox 132 5065 1731 5135">
     <span class='ocr_line' id='line_1_111' title="bbox 132 5065 1731 5135; baseline 0.003 -20"><span class='ocrx_word' id='word_1_795' title='bbox 132 5069 357 5135; x_wconf 77' lang='lat' dir='ltr'><strong>consilio</strong></span> <span class='ocrx_word' id='word_1_796' title='bbox 383 5065 760 5120; x_wconf 79' lang='lat' dir='ltr'><strong>Brach-rensi</strong></span> <span class='ocrx_word' id='word_1_797' title='bbox 786 5082 801 5119; x_wconf 86' lang='grc' dir='ltr'><strong>ι</strong></span> <span class='ocrx_word' id='word_1_798' title='bbox 836 5082 954 5134; x_wconf 84' lang='lat' dir='ltr'><strong>cap.</strong></span> <span class='ocrx_word' id='word_1_799' title='bbox 981 5068 1048 5121; x_wconf 55' lang='grc' dir='ltr'><strong>ιιι</strong></span> <span class='ocrx_word' id='word_1_800' title='bbox 1074 5067 1258 5135; x_wconf 81' lang='lat' dir='ltr'><strong>(Apud</strong></span> <span class='ocrx_word' id='word_1_801' title='bbox 1290 5067 1526 5120; x_wconf 81' lang='lat' dir='ltr'><strong>Gratian.</strong></span> <span class='ocrx_word' id='word_1_802' title='bbox 1559 5066 1655 5133; x_wconf 70' lang='grc'><strong>25,</strong></span> <span class='ocrx_word' id='word_1_803' title='bbox 1678 5082 1731 5135; x_wconf 85' lang='lat' dir='ltr'><strong>q.</strong></span> 
     </span>
    </p>
   </div>
   <div class='ocr_carea' id='block_1_112' title="bbox 133 5132 1734 5207">
    <p class='ocr_par' dir='ltr' id='par_1_112' title="bbox 133 5132 1734 5207">
     <span class='ocr_line' id='line_1_112' title="bbox 133 5132 1734 5207; baseline 0 -20"><span class='ocrx_word' id='word_1_804' title='bbox 133 5132 188 5191; x_wconf 75' lang='grc'><strong>5.</strong></span> <span class='ocrx_word' id='word_1_805' title='bbox 220 5153 268 5198; x_wconf 89' lang='lat' dir='ltr'><strong>c,</strong></span> <span class='ocrx_word' id='word_1_806' title='bbox 308 5137 539 5190; x_wconf 79' lang='lat' dir='ltr'><strong>Placuit</strong></span> <span class='ocrx_word' id='word_1_807' title='bbox 568 5140 608 5203; x_wconf 90' lang='lat'><strong>).</strong></span> <span class='ocrx_word' id='word_1_808' title='bbox 645 5135 851 5190; x_wconf 84' lang='lat' dir='ltr'><strong>Placuit</strong></span> <span class='ocrx_word' id='word_1_809' title='bbox 875 5132 926 5190; x_wconf 80' lang='lat' dir='ltr'><strong>ut</strong></span> <span class='ocrx_word' id='word_1_810' title='bbox 953 5138 1038 5201; x_wconf 82' lang='lat' dir='ltr'><strong>qui</strong></span> <span class='ocrx_word' id='word_1_811' title='bbox 1065 5132 1157 5190; x_wconf 81' lang='lat' dir='ltr'><strong>sibi</strong></span> <span class='ocrx_word' id='word_1_812' title='bbox 1186 5138 1309 5207; x_wconf 85' lang='lat' dir='ltr'><strong>ipsis</strong></span> <span class='ocrx_word' id='word_1_813' title='bbox 1336 5139 1619 5189; x_wconf 79' lang='lat' dir='ltr'><strong>voluntarie</strong></span> <span class='ocrx_word' id='word_1_814' title='bbox 1648 5132 1734 5188; x_wconf 83' lang='lat' dir='ltr'><strong>aut</strong></span> 
     </span>
    </p>
   </div>
   <div class='ocr_carea' id='block_1_113' title="bbox 132 5208 1733 5278">
    <p class='ocr_par' dir='ltr' id='par_1_113' title="bbox 132 5208 1733 5278">
     <span class='ocr_line' id='line_1_113' title="bbox 132 5208 1733 5278; baseline 0.002 -22"><span class='ocrx_word' id='word_1_815' title='bbox 132 5219 217 5270; x_wconf 84' lang='lat' dir='ltr'><strong>per</strong></span> <span class='ocrx_word' id='word_1_816' title='bbox 239 5208 472 5275; x_wconf 78' lang='lat' dir='ltr'><strong>ferrum,</strong></span> <span class='ocrx_word' id='word_1_817' title='bbox 507 5218 603 5259; x_wconf 82' lang='lat' dir='ltr'><strong>aut</strong></span> <span class='ocrx_word' id='word_1_818' title='bbox 629 5224 718 5278; x_wconf 88' lang='lat' dir='ltr'><strong>per</strong></span> <span class='ocrx_word' id='word_1_819' title='bbox 736 5224 1003 5275; x_wconf 81' lang='lat' dir='ltr'><strong>venenum,</strong></span> <span class='ocrx_word' id='word_1_820' title='bbox 1028 5219 1112 5259; x_wconf 89' lang='lat' dir='ltr'><strong>aut</strong></span> <span class='ocrx_word' id='word_1_821' title='bbox 1140 5224 1229 5276; x_wconf 84' lang='lat' dir='ltr'><strong>per</strong></span> <span class='ocrx_word' id='word_1_822' title='bbox 1256 5208 1617 5278; x_wconf 72' lang='lat' dir='ltr'><strong>pi&#39;mcipitium,</strong></span> <span class='ocrx_word' id='word_1_823' title='bbox 1644 5216 1733 5259; x_wconf 85' lang='lat' dir='ltr'><strong>aut</strong></span> 
     </span>
    </p>
   </div>
   <div class='ocr_carea' id='block_1_114' title="bbox 130 5276 1732 5349">
    <p class='ocr_par' dir='ltr' id='par_1_114' title="bbox 130 5276 1732 5349">
     <span class='ocr_line' id='line_1_114' title="bbox 130 5276 1732 5349; baseline -0.001 -18"><span class='ocrx_word' id='word_1_824' title='bbox 130 5291 213 5342; x_wconf 59' lang='lat' dir='ltr'><strong>per</strong></span> <span class='ocrx_word' id='word_1_825' title='bbox 239 5276 638 5349; x_wconf 68' lang='lat' dir='ltr'><strong>suspendium,</strong></span> <span class='ocrx_word' id='word_1_826' title='bbox 655 5280 730 5331; x_wconf 79' lang='lat' dir='ltr'><strong>rel</strong></span> <span class='ocrx_word' id='word_1_827' title='bbox 756 5281 978 5346; x_wconf 83' lang='lat' dir='ltr'><strong>quolibet</strong></span> <span class='ocrx_word' id='word_1_828' title='bbox 1014 5281 1164 5330; x_wconf 85' lang='lat' dir='ltr'><strong>modo</strong></span> <span class='ocrx_word' id='word_1_829' title='bbox 1193 5276 1468 5349; x_wconf 74' lang='lat' dir='ltr'><strong>uiolentum</strong></span> <span class='ocrx_word' id='word_1_830' title='bbox 1504 5280 1732 5347; x_wconf 71' lang='lat' dir='ltr'><strong>inferunt</strong></span> 
     </span>
    </p>
   </div>
   <div class='ocr_carea' id='block_1_115' title="bbox 132 5347 1731 5421">
    <p class='ocr_par' dir='ltr' id='par_1_115' title="bbox 132 5347 1731 5421">
     <span class='ocr_line' id='line_1_115' title="bbox 132 5347 1731 5421; baseline 0.004 -28"><span class='ocrx_word' id='word_1_831' title='bbox 132 5347 363 5415; x_wconf 55' lang='lat' dir='ltr'><strong>mortem,</strong></span> <span class='ocrx_word' id='word_1_832' title='bbox 398 5351 563 5401; x_wconf 85' lang='lat' dir='ltr'><strong>nulla</strong></span> <span class='ocrx_word' id='word_1_833' title='bbox 587 5365 792 5418; x_wconf 81' lang='lat' dir='ltr'><strong>prorsus</strong></span> <span class='ocrx_word' id='word_1_834' title='bbox 809 5365 901 5421; x_wconf 88' lang='lat' dir='ltr'><strong>pro</strong></span> <span class='ocrx_word' id='word_1_835' title='bbox 928 5349 1031 5402; x_wconf 84' lang='lat' dir='ltr'><strong>illis</strong></span> <span class='ocrx_word' id='word_1_836' title='bbox 1063 5351 1111 5401; x_wconf 87' lang='lat' dir='ltr'><strong>in</strong></span> <span class='ocrx_word' id='word_1_837' title='bbox 1140 5347 1396 5421; x_wconf 80' lang='lat' dir='ltr'><strong>oblatione</strong></span> <span class='ocrx_word' id='word_1_838' title='bbox 1425 5364 1731 5402; x_wconf 85' lang='lat' dir='ltr'><strong>commemo-</strong></span> 
     </span>
    </p>
   </div>
   <div class='ocr_carea' id='block_1_116' title="bbox 131 5419 1733 5491">
    <p class='ocr_par' dir='ltr' id='par_1_116' title="bbox 131 5419 1733 5491">
     <span class='ocr_line' id='line_1_116' title="bbox 131 5419 1733 5491; baseline 0.002 -24"><span class='ocrx_word' id='word_1_839' title='bbox 131 5427 255 5491; x_wconf 71' lang='lat' dir='ltr'><strong>ratio</strong></span> <span class='ocrx_word' id='word_1_840' title='bbox 280 5421 404 5489; x_wconf 76' lang='lat' dir='ltr'><strong>ﬁat,</strong></span> <span class='ocrx_word' id='word_1_841' title='bbox 434 5434 615 5487; x_wconf 83' lang='lat' dir='ltr'><strong>neque</strong></span> <span class='ocrx_word' id='word_1_842' title='bbox 634 5436 746 5472; x_wconf 89' lang='lat' dir='ltr'><strong>cum</strong></span> <span class='ocrx_word' id='word_1_843' title='bbox 772 5419 984 5491; x_wconf 78' lang='lat' dir='ltr'><strong>psalmis</strong></span> <span class='ocrx_word' id='word_1_844' title='bbox 1013 5422 1080 5471; x_wconf 87' lang='lat' dir='ltr'><strong>ad</strong></span> <span class='ocrx_word' id='word_1_845' title='bbox 1108 5419 1419 5490; x_wconf 74' lang='lat' dir='ltr'><strong>sepulturam</strong></span> <span class='ocrx_word' id='word_1_846' title='bbox 1456 5434 1733 5491; x_wconf 63' lang='lat' dir='ltr'><strong>earumea-</strong></span> 
     </span>
    </p>
   </div>
   <div class='ocr_carea' id='block_1_117' title="bbox 130 5487 1727 5551">
    <p class='ocr_par' dir='ltr' id='par_1_117' title="bbox 130 5487 1727 5551">
     <span class='ocr_line' id='line_1_117' title="bbox 130 5487 1727 5551; baseline 0.001 -11"><span class='ocrx_word' id='word_1_847' title='bbox 130 5487 312 5541; x_wconf 75' lang='lat' dir='ltr'><strong>duueru</strong></span> <span class='ocrx_word' id='word_1_848' title='bbox 331 5487 707 5546; x_wconf 81' lang='lat' dir='ltr'><strong>deducantur.</strong></span> <span class='ocrx_word' id='word_1_849' title='bbox 730 5487 790 5544; x_wconf 72' lang='lat' dir='ltr'><strong>tit</strong></span> <span class='ocrx_word' id='word_1_850' title='bbox 811 5493 1041 5544; x_wconf 89' lang='lat' dir='ltr'><strong>concilio</strong></span> <span class='ocrx_word' id='word_1_851' title='bbox 1060 5487 1401 5543; x_wconf 53' lang='lat' dir='ltr'><strong>Aurelianum.</strong></span> <span class='ocrx_word' id='word_1_852' title='bbox 1424 5503 1457 5541; x_wconf 87' lang='lat' dir='ltr'><strong>tt</strong></span> <span class='ocrx_word' id='word_1_853' title='bbox 1483 5504 1600 5551; x_wconf 81' lang='lat' dir='ltr'><strong>cap.</strong></span> <span class='ocrx_word' id='word_1_854' title='bbox 1633 5490 1686 5544; x_wconf 75' lang='grc'><strong>14</strong></span> <span class='ocrx_word' id='word_1_855' title='bbox 1717 5508 1727 5541; x_wconf 88' lang='lat'><strong>:</strong></span> 
     </span>
    </p>
   </div>
   <div class='ocr_carea' id='block_1_118' title="bbox 134 5558 1732 5630">
    <p class='ocr_par' dir='ltr' id='par_1_118' title="bbox 134 5558 1732 5630">
     <span class='ocr_line' id='line_1_118' title="bbox 134 5558 1732 5630; baseline 0.004 -24"><span class='ocrx_word' id='word_1_856' title='bbox 134 5558 466 5614; x_wconf 81' lang='lat' dir='ltr'><strong>()blutionem</strong></span> <span class='ocrx_word' id='word_1_857' title='bbox 494 5561 879 5626; x_wconf 76' lang='lat' dir='ltr'><strong>defunctorum.</strong></span> <span class='ocrx_word' id='word_1_858' title='bbox 903 5564 991 5629; x_wconf 86' lang='lat' dir='ltr'><strong>qui</strong></span> <span class='ocrx_word' id='word_1_859' title='bbox 1017 5565 1068 5614; x_wconf 86' lang='lat' dir='ltr'><strong>in</strong></span> <span class='ocrx_word' id='word_1_860' title='bbox 1091 5562 1266 5630; x_wconf 77' lang='lat' dir='ltr'><strong>aliquo</strong></span> <span class='ocrx_word' id='word_1_861' title='bbox 1288 5562 1499 5611; x_wconf 81' lang='lat' dir='ltr'><strong>crimine</strong></span> <span class='ocrx_word' id='word_1_862' title='bbox 1524 5562 1732 5629; x_wconf 73' lang='lat' dir='ltr'><strong>fuerunt</strong></span> 
     </span>
    </p>
   </div>
   <div class='ocr_carea' id='block_1_119' title="bbox 130 5630 1732 5705">
    <p class='ocr_par' dir='ltr' id='par_1_119' title="bbox 130 5630 1732 5705">
     <span class='ocr_line' id='line_1_119' title="bbox 130 5630 1732 5705; baseline 0.002 -24"><span class='ocrx_word' id='word_1_863' title='bbox 130 5630 447 5705; x_wconf 73' lang='lat' dir='ltr'><strong>interempti,</strong></span> <span class='ocrx_word' id='word_1_864' title='bbox 486 5631 655 5701; x_wconf 81' lang='lat' dir='ltr'><strong>recipi</strong></span> <span class='ocrx_word' id='word_1_865' title='bbox 685 5634 859 5687; x_wconf 68' lang='lat' dir='ltr'><strong>debere</strong></span> <span class='ocrx_word' id='word_1_866' title='bbox 905 5651 1162 5687; x_wconf 71' lang='lat' dir='ltr'><strong>censemus</strong></span> <span class='ocrx_word' id='word_1_867' title='bbox 1194 5675 1206 5695; x_wconf 89' lang='lat'><strong>,</strong></span> <span class='ocrx_word' id='word_1_868' title='bbox 1247 5634 1288 5683; x_wconf 79' lang='lat' dir='ltr'><strong>si</strong></span> <span class='ocrx_word' id='word_1_869' title='bbox 1317 5642 1607 5705; x_wconf 54' lang='lat' dir='ltr'><strong>latuerrwn</strong></span> <span class='ocrx_word' id='word_1_870' title='bbox 1636 5633 1732 5701; x_wconf 76' lang='grc' dir='ltr'><strong>,ριιὶ</strong></span> 
     </span>
    </p>
   </div>
   <div class='ocr_carea' id='block_1_120' title="bbox 129 5700 1620 5776">
    <p class='ocr_par' dir='ltr' id='par_1_120' title="bbox 129 5700 1620 5776">
     <span class='ocr_line' id='line_1_120' title="bbox 129 5700 1620 5776; baseline 0.001 -25"><span class='ocrx_word' id='word_1_871' title='bbox 129 5704 223 5776; x_wconf 64' lang='lat' dir='ltr'><strong>sibi</strong></span> <span class='ocrx_word' id='word_1_872' title='bbox 268 5700 501 5776; x_wconf 72' lang='lat' dir='ltr'><strong>mortem</strong></span> <span class='ocrx_word' id='word_1_873' title='bbox 532 5700 815 5772; x_wconf 68' lang='lat' dir='ltr'><strong>probentur</strong></span> <span class='ocrx_word' id='word_1_874' title='bbox 862 5706 1081 5776; x_wconf 82' lang='lat' dir='ltr'><strong>propriis</strong></span> <span class='ocrx_word' id='word_1_875' title='bbox 1108 5704 1341 5776; x_wconf 82' lang='lat' dir='ltr'><strong>manibus</strong></span> <span class='ocrx_word' id='word_1_876' title='bbox 1370 5700 1620 5776; x_wconf 71' lang='lat' dir='ltr'><strong>intulisse.</strong></span> 
     </span>
    </p>
   </div>
   <div class='ocr_carea' id='block_1_121' title="bbox 200 5771 1727 5837">
    <p class='ocr_par' dir='ltr' id='par_1_121' title="bbox 200 5771 1727 5837">
     <span class='ocr_line' id='line_1_121' title="bbox 200 5771 1727 5837; baseline -0.003 -7"><span class='ocrx_word' id='word_1_877' title='bbox 200 5771 228 5811; x_wconf 73' lang='grc' dir='ltr'><strong><em>ἀ</em></strong></span> <span class='ocrx_word' id='word_1_878' title='bbox 262 5775 385 5831; x_wconf 89' lang='lat' dir='ltr'><strong>Duo</strong></span> <span class='ocrx_word' id='word_1_879' title='bbox 411 5771 726 5834; x_wconf 67' lang='lat' dir='ltr'><strong>tanguntur</strong></span> <span class='ocrx_word' id='word_1_880' title='bbox 757 5771 1084 5837; x_wconf 50' lang='lat' dir='ltr'><strong>hic&#39;an&#39;tiqni</strong></span> <span class='ocrx_word' id='word_1_881' title='bbox 1146 5775 1296 5836; x_wconf 73' lang='lat' dir='ltr'><strong>ritus,</strong></span> <span class='ocrx_word' id='word_1_882' title='bbox 1328 5782 1382 5827; x_wconf 76' lang='lat' dir='ltr'><strong>et</strong></span> <span class='ocrx_word' id='word_1_883' title='bbox 1408 5774 1579 5827; x_wconf 74' lang='grc' dir='ltr'>ιιΠῑιιὶτι</span> <span class='ocrx_word' id='word_1_884' title='bbox 1622 5775 1727 5835; x_wconf 79' lang='lat' dir='ltr'><strong>jam</strong></span> 
     </span>
    </p>
   </div>
   <div class='ocr_carea' id='block_1_122' title="bbox 1843 4710 3411 4782">
    <p class='ocr_par' dir='ltr' id='par_1_122' title="bbox 1843 4710 3411 4782">
     <span class='ocr_line' id='line_1_122' title="bbox 1843 4710 3411 4782; baseline -0.001 -17"><span class='ocrx_word' id='word_1_885' title='bbox 1843 4710 1912 4765; x_wconf 85' lang='lat' dir='ltr'><strong>Et</strong></span> <span class='ocrx_word' id='word_1_886' title='bbox 1937 4712 2027 4763; x_wconf 88' lang='lat' dir='ltr'><strong>lib.</strong></span> <span class='ocrx_word' id='word_1_887' title='bbox 2050 4712 2118 4764; x_wconf 87' lang='lat' dir='ltr'><strong>de</strong></span> <span class='ocrx_word' id='word_1_888' title='bbox 2148 4710 2476 4780; x_wconf 75' lang='lat' dir='ltr'><strong>Monogantin</strong></span> <span class='ocrx_word' id='word_1_889' title='bbox 2505 4730 2516 4763; x_wconf 93' lang='lat'>:</span> <span class='ocrx_word' id='word_1_890' title='bbox 2570 4710 2676 4764; x_wconf 86' lang='lat' dir='ltr'><strong>Pro</strong></span> <span class='ocrx_word' id='word_1_891' title='bbox 2704 4713 2878 4782; x_wconf 87' lang='lat' dir='ltr'><strong>anima</strong></span> <span class='ocrx_word' id='word_1_892' title='bbox 2907 4714 3016 4782; x_wconf 84' lang='lat' dir='ltr'><strong>ejus</strong></span> <span class='ocrx_word' id='word_1_893' title='bbox 3058 4710 3191 4766; x_wconf 80' lang='lat' dir='ltr'><strong>oret.</strong></span> <span class='ocrx_word' id='word_1_894' title='bbox 3226 4711 3411 4777; x_wconf 74' lang='lat' dir='ltr'><strong>offerat</strong></span> 
     </span>
    </p>
   </div>
   <div class='ocr_carea' id='block_1_123' title="bbox 1841 4781 3411 4853">
    <p class='ocr_par' dir='ltr' id='par_1_123' title="bbox 1841 4781 3411 4853">
     <span class='ocr_line' id='line_1_123' title="bbox 1841 4781 3411 4853; baseline 0 -18"><span class='ocrx_word' id='word_1_895' title='bbox 1841 4784 2030 4835; x_wconf 81' lang='lat' dir='ltr'><strong>annuis</strong></span> <span class='ocrx_word' id='word_1_896' title='bbox 2059 4784 2236 4836; x_wconf 78' lang='lat' dir='ltr'><strong>diebus</strong></span> <span class='ocrx_word' id='word_1_897' title='bbox 2262 4783 2584 4836; x_wconf 83' lang='lat' dir='ltr'><strong>dormitionis</strong></span> <span class='ocrx_word' id='word_1_898' title='bbox 2611 4786 2745 4853; x_wconf 87' lang='lat' dir='ltr'><strong>ejus.</strong></span> <span class='ocrx_word' id='word_1_899' title='bbox 2780 4781 2844 4835; x_wconf 91' lang='lat' dir='ltr'><strong>D.</strong></span> <span class='ocrx_word' id='word_1_900' title='bbox 2869 4781 3162 4853; x_wconf 66' lang='lat' dir='ltr'><strong>Gri-gorius</strong></span> <span class='ocrx_word' id='word_1_901' title='bbox 3184 4783 3411 4837; x_wconf 82' lang='lat' dir='ltr'><strong>Nazian-</strong></span> 
     </span>
    </p>
   </div>
   <div class='ocr_carea' id='block_1_124' title="bbox 1836 4853 3409 4908">
    <p class='ocr_par' dir='ltr' id='par_1_124' title="bbox 1836 4853 3409 4908">
     <span class='ocr_line' id='line_1_124' title="bbox 1836 4853 3409 4908; baseline -0.001 -1"><span class='ocrx_word' id='word_1_902' title='bbox 1836 4868 2000 4907; x_wconf 82' lang='lat' dir='ltr'><strong>zenus</strong></span> <span class='ocrx_word' id='word_1_903' title='bbox 2028 4854 2283 4907; x_wconf 85' lang='lat' dir='ltr'><strong>Oratione</strong></span> <span class='ocrx_word' id='word_1_904' title='bbox 2312 4857 2364 4906; x_wconf 89' lang='lat' dir='ltr'><strong>in</strong></span> <span class='ocrx_word' id='word_1_905' title='bbox 2396 4854 2687 4906; x_wconf 65' lang='lat' dir='ltr'><strong>Caesarium</strong></span> <span class='ocrx_word' id='word_1_906' title='bbox 2720 4853 2937 4908; x_wconf 77' lang='lat' dir='ltr'><strong>fratrem</strong></span> <span class='ocrx_word' id='word_1_907' title='bbox 2964 4870 2983 4908; x_wconf 89' lang='lat'><strong><em>:</em></strong></span> <span class='ocrx_word' id='word_1_908' title='bbox 3015 4854 3409 4908; x_wconf 81' lang='lat' dir='ltr'><strong>Anniversurios</strong></span> 
     </span>
    </p>
   </div>
   <div class='ocr_carea' id='block_1_125' title="bbox 1836 4922 3410 4991">
    <p class='ocr_par' dir='ltr' id='par_1_125' title="bbox 1836 4922 3410 4991">
     <span class='ocr_line' id='line_1_125' title="bbox 1836 4922 3410 4991; baseline 0.001 -15"><span class='ocrx_word' id='word_1_909' title='bbox 1836 4922 2056 4977; x_wconf 80' lang='lat' dir='ltr'><strong>honores</strong></span> <span class='ocrx_word' id='word_1_910' title='bbox 2105 4934 2155 4977; x_wconf 84' lang='lat' dir='ltr'><strong>et</strong></span> <span class='ocrx_word' id='word_1_911' title='bbox 2199 4925 2699 4979; x_wconf 80' lang='lat' dir='ltr'><strong>comntemorutiones</strong></span> <span class='ocrx_word' id='word_1_912' title='bbox 2739 4923 3026 4990; x_wconf 71' lang='lat' dir='ltr'><strong>offerentes.</strong></span> <span class='ocrx_word' id='word_1_913' title='bbox 3079 4928 3137 4979; x_wconf 72' lang='lat' dir='ltr'><strong>Si.</strong></span> <span class='ocrx_word' id='word_1_914' title='bbox 3176 4927 3410 4991; x_wconf 86' lang='lat' dir='ltr'><strong>denique</strong></span> 
     </span>
    </p>
   </div>
   <div class='ocr_carea' id='block_1_126' title="bbox 1836 4993 3401 5065">
    <p class='ocr_par' dir='ltr' id='par_1_126' title="bbox 1836 4993 3401 5065">
     <span class='ocr_line' id='line_1_126' title="bbox 1836 4993 3401 5065; baseline -0.001 -17"><span class='ocrx_word' id='word_1_915' title='bbox 1836 4993 2069 5048; x_wconf 85' lang='lat' dir='ltr'><strong>Isidorus</strong></span> <span class='ocrx_word' id='word_1_916' title='bbox 2100 4995 2434 5057; x_wconf 70' lang='lat' dir='ltr'><strong>Hisitalensis</strong></span> <span class='ocrx_word' id='word_1_917' title='bbox 2461 5012 2587 5049; x_wconf 89' lang='lat' dir='ltr'><strong>ante</strong></span> <span class='ocrx_word' id='word_1_918' title='bbox 2608 5011 2780 5049; x_wconf 89' lang='lat' dir='ltr'><strong>annos</strong></span> <span class='ocrx_word' id='word_1_919' title='bbox 2804 5004 3105 5065; x_wconf 89' lang='lat' dir='ltr'><strong>nongentos</strong></span> <span class='ocrx_word' id='word_1_920' title='bbox 3156 4996 3300 5047; x_wconf 90' lang='lat' dir='ltr'><strong>hunc</strong></span> <span class='ocrx_word' id='word_1_921' title='bbox 3330 4995 3401 5047; x_wconf 89' lang='lat' dir='ltr'><strong>ri-</strong></span> 
     </span>
    </p>
   </div>
   <div class='ocr_carea' id='block_1_127' title="bbox 1838 5068 3411 5133">
    <p class='ocr_par' dir='ltr' id='par_1_127' title="bbox 1838 5068 3411 5133">
     <span class='ocr_line' id='line_1_127' title="bbox 1838 5068 3411 5133; baseline -0.003 -14"><span class='ocrx_word' id='word_1_922' title='bbox 1838 5073 1948 5119; x_wconf 87' lang='lat' dir='ltr'><strong>tum</strong></span> <span class='ocrx_word' id='word_1_923' title='bbox 1980 5068 2475 5120; x_wconf 84' lang='lat' dir='ltr'><strong>anniversariurnin</strong></span> <span class='ocrx_word' id='word_1_924' title='bbox 2508 5081 2603 5133; x_wconf 91' lang='lat' dir='ltr'><strong>pro</strong></span> <span class='ocrx_word' id='word_1_925' title='bbox 2623 5068 2893 5120; x_wconf 81' lang='lat' dir='ltr'><strong>defunctis</strong></span> <span class='ocrx_word' id='word_1_926' title='bbox 2921 5069 2971 5119; x_wconf 91' lang='lat' dir='ltr'><strong>in</strong></span> <span class='ocrx_word' id='word_1_927' title='bbox 2999 5078 3114 5133; x_wconf 80' lang='lat' dir='ltr'><strong>sms</strong></span> <span class='ocrx_word' id='word_1_928' title='bbox 3134 5074 3411 5116; x_wconf 84' lang='lat' dir='ltr'><strong>monaste-</strong></span> 
     </span>
    </p>
   </div>
   <div class='ocr_carea' id='block_1_128' title="bbox 1836 5132 3405 5204">
    <p class='ocr_par' dir='ltr' id='par_1_128' title="bbox 1836 5132 3405 5204">
     <span class='ocr_line' id='line_1_128' title="bbox 1836 5132 3405 5204; baseline -0.001 -16"><span class='ocrx_word' id='word_1_929' title='bbox 1836 5138 1929 5188; x_wconf 75' lang='lat' dir='ltr'><strong>riis</strong></span> <span class='ocrx_word' id='word_1_930' title='bbox 1952 5136 2342 5191; x_wconf 76' lang='lat' dir='ltr'><strong>obsct-Vandum</strong></span> <span class='ocrx_word' id='word_1_931' title='bbox 2377 5132 2605 5192; x_wconf 83' lang='lat' dir='ltr'><strong>instituit</strong></span> <span class='ocrx_word' id='word_1_932' title='bbox 2672 5138 2753 5189; x_wconf 87' lang='lat' dir='ltr'><strong>his</strong></span> <span class='ocrx_word' id='word_1_933' title='bbox 2798 5138 2980 5190; x_wconf 89' lang='lat' dir='ltr'><strong>verbis</strong></span> <span class='ocrx_word' id='word_1_934' title='bbox 3029 5132 3199 5204; x_wconf 84' lang='lat' dir='ltr'><strong>(Cap.</strong></span> <span class='ocrx_word' id='word_1_935' title='bbox 3222 5132 3405 5204; x_wconf 60' lang='grc' dir='ltr'><strong>Διιιιὶηι.</strong></span> 
     </span>
    </p>
   </div>
   <div class='ocr_carea' id='block_1_129' title="bbox 1842 5202 3406 5282">
    <p class='ocr_par' dir='ltr' id='par_1_129' title="bbox 1842 5202 3406 5282">
     <span class='ocr_line' id='line_1_129' title="bbox 1842 5202 3406 5282; baseline -0.003 -24"><span class='ocrx_word' id='word_1_936' title='bbox 1842 5205 2087 5282; x_wconf 56' lang='lat' dir='ltr'><strong>ﬁegulm)</strong></span> <span class='ocrx_word' id='word_1_937' title='bbox 2120 5225 2133 5261; x_wconf 92' lang='lat'>:</span> <span class='ocrx_word' id='word_1_938' title='bbox 2170 5208 2274 5261; x_wconf 88' lang='lat' dir='ltr'><strong>Pro</strong></span> <span class='ocrx_word' id='word_1_939' title='bbox 2297 5208 2953 5282; x_wconf 71' lang='lat' dir='ltr'><strong>spiritibus_defunctorum</strong></span> <span class='ocrx_word' id='word_1_940' title='bbox 2985 5202 3150 5282; x_wconf 73' lang='lat' dir='ltr'><strong>altera</strong></span> <span class='ocrx_word' id='word_1_941' title='bbox 3177 5202 3263 5255; x_wconf 85' lang='lat' dir='ltr'><strong>die</strong></span> <span class='ocrx_word' id='word_1_942' title='bbox 3293 5210 3406 5282; x_wconf 76' lang='lat' dir='ltr'><strong>post</strong></span> 
     </span>
    </p>
   </div>
   <div class='ocr_carea' id='block_1_130' title="bbox 1837 5274 3408 5344">
    <p class='ocr_par' dir='ltr' id='par_1_130' title="bbox 1837 5274 3408 5344">
     <span class='ocr_line' id='line_1_130' title="bbox 1837 5274 3408 5344; baseline -0.004 -15"><span class='ocrx_word' id='word_1_943' title='bbox 1837 5274 2169 5331; x_wconf 75' lang='lat' dir='ltr'><strong>Pentec08teu</strong></span> <span class='ocrx_word' id='word_1_944' title='bbox 2185 5274 2495 5344; x_wconf 67' lang='lat' dir='ltr'><strong>sacrificium</strong></span> <span class='ocrx_word' id='word_1_945' title='bbox 2522 5277 2789 5344; x_wconf 74' lang='lat' dir='ltr'><strong>o/Ierutur,</strong></span> <span class='ocrx_word' id='word_1_946' title='bbox 2821 5286 2875 5329; x_wconf 88' lang='lat' dir='ltr'><strong>ut</strong></span> <span class='ocrx_word' id='word_1_947' title='bbox 2899 5277 3058 5327; x_wconf 79' lang='lat' dir='ltr'><strong>beata:</strong></span> <span class='ocrx_word' id='word_1_948' title='bbox 3096 5274 3212 5325; x_wconf 74' lang='lat' dir='ltr'><strong>vitw</strong></span> <span class='ocrx_word' id='word_1_949' title='bbox 3246 5274 3408 5339; x_wconf 81' lang='lat' dir='ltr'><strong>parti-</strong></span> 
     </span>
    </p>
   </div>
   <div class='ocr_carea' id='block_1_131' title="bbox 1836 5345 3410 5419">
    <p class='ocr_par' dir='ltr' id='par_1_131' title="bbox 1836 5345 3410 5419">
     <span class='ocr_line' id='line_1_131' title="bbox 1836 5345 3410 5419; baseline -0.004 -18"><span class='ocrx_word' id='word_1_950' title='bbox 1836 5348 1976 5415; x_wconf 81' lang='lat' dir='ltr'><strong>cipes</strong></span> <span class='ocrx_word' id='word_1_951' title='bbox 2003 5350 2128 5417; x_wconf 81' lang='lat' dir='ltr'><strong>[acti</strong></span> <span class='ocrx_word' id='word_1_952' title='bbox 2157 5352 2499 5419; x_wconf 69' lang='lat' dir='ltr'><strong>purgatiores,</strong></span> <span class='ocrx_word' id='word_1_953' title='bbox 2523 5365 2740 5419; x_wconf 85' lang='lat' dir='ltr'><strong>corpora</strong></span> <span class='ocrx_word' id='word_1_954' title='bbox 2761 5365 2856 5400; x_wconf 87' lang='lat' dir='ltr'><strong>sua</strong></span> <span class='ocrx_word' id='word_1_955' title='bbox 2881 5345 3410 5419; x_wconf 74' lang='lat' dir='ltr'><strong>in_die_rc._surrec_tio-</strong></span> 
     </span>
    </p>
   </div>
   <div class='ocr_carea' id='block_1_132' title="bbox 1837 5411 3405 5491">
    <p class='ocr_par' dir='ltr' id='par_1_132' title="bbox 1837 5411 3405 5491">
     <span class='ocr_line' id='line_1_132' title="bbox 1837 5411 3405 5491; baseline -0.003 -20"><span class='ocrx_word' id='word_1_956' title='bbox 1837 5411 1914 5472; x_wconf 85' lang='lat' dir='ltr'><strong>nis</strong></span> <span class='ocrx_word' id='word_1_957' title='bbox 1950 5411 2223 5491; x_wconf 72' lang='lat' dir='ltr'><strong>accipiant.</strong></span> <span class='ocrx_word' id='word_1_958' title='bbox 2257 5411 2357 5473; x_wconf 80' lang='lat' dir='ltr'><strong>Ubi</strong></span> <span class='ocrx_word' id='word_1_959' title='bbox 2379 5411 2669 5491; x_wconf 78' lang='lat' dir='ltr'><strong>notandum</strong></span> <span class='ocrx_word' id='word_1_960' title='bbox 2702 5425 2860 5491; x_wconf 72' lang='lat' dir='ltr'><strong>actate</strong></span> <span class='ocrx_word' id='word_1_961' title='bbox 2919 5415 2976 5469; x_wconf 90' lang='lat' dir='ltr'><strong>S.</strong></span> <span class='ocrx_word' id='word_1_962' title='bbox 3007 5411 3252 5491; x_wconf 71' lang='lat' dir='ltr'><strong>_Isi_t_lo_r_i,</strong></span> <span class='ocrx_word' id='word_1_963' title='bbox 3307 5412 3405 5467; x_wconf 85' lang='lat' dir='ltr'><strong>hoc</strong></span> 
     </span>
    </p>
   </div>
   <div class='ocr_carea' id='block_1_133' title="bbox 1837 5484 3400 5560">
    <p class='ocr_par' dir='ltr' id='par_1_133' title="bbox 1837 5484 3400 5560">
     <span class='ocr_line' id='line_1_133' title="bbox 1837 5484 3400 5560; baseline -0.008 -16"><span class='ocrx_word' id='word_1_964' title='bbox 1837 5500 1952 5544; x_wconf 88' lang='lat' dir='ltr'><strong>est.</strong></span> <span class='ocrx_word' id='word_1_965' title='bbox 1984 5484 2389 5560; x_wconf 79' lang='lat' dir='ltr'><strong>quadringentis</strong></span> <span class='ocrx_word' id='word_1_966' title='bbox 2416 5489 2633 5560; x_wconf 80' lang='lat' dir='ltr'><strong>circiter</strong></span> <span class='ocrx_word' id='word_1_967' title='bbox 2661 5486 2817 5560; x_wconf 79' lang='lat' dir='ltr'><strong>annis</strong></span> <span class='ocrx_word' id='word_1_968' title='bbox 2850 5496 2976 5560; x_wconf 74' lang='lat' dir='ltr'><strong>ante</strong></span> <span class='ocrx_word' id='word_1_969' title='bbox 3006 5484 3063 5537; x_wconf 88' lang='lat' dir='ltr'><strong>S.</strong></span> <span class='ocrx_word' id='word_1_970' title='bbox 3093 5485 3400 5547; x_wconf 85' lang='lat' dir='ltr'><strong>0diloncm,</strong></span> 
     </span>
    </p>
   </div>
   <div class='ocr_carea' id='block_1_134' title="bbox 1835 5553 3401 5630">
    <p class='ocr_par' dir='ltr' id='par_1_134' title="bbox 1835 5553 3401 5630">
     <span class='ocr_line' id='line_1_134' title="bbox 1835 5553 3401 5630; baseline -0.003 -19"><span class='ocrx_word' id='word_1_971' title='bbox 1835 5562 1924 5628; x_wconf 88' lang='lat' dir='ltr'><strong>qui</strong></span> <span class='ocrx_word' id='word_1_972' title='bbox 1957 5553 2266 5630; x_wconf 61' lang='lat' dir='ltr'><strong>gener-alet“</strong></span> <span class='ocrx_word' id='word_1_973' title='bbox 2299 5559 2535 5630; x_wconf 82' lang='lat' dir='ltr'><strong>omnium</strong></span> <span class='ocrx_word' id='word_1_974' title='bbox 2576 5557 2810 5611; x_wconf 85' lang='lat' dir='ltr'><strong>fidelium</strong></span> <span class='ocrx_word' id='word_1_975' title='bbox 2861 5553 3239 5609; x_wconf 81' lang='lat' dir='ltr'><strong>defunctorutti</strong></span> <span class='ocrx_word' id='word_1_976' title='bbox 3287 5574 3401 5630; x_wconf 72' lang='lat' dir='ltr'><strong>tne-</strong></span> 
     </span>
    </p>
   </div>
   <div class='ocr_carea' id='block_1_135' title="bbox 1838 5628 3403 5699">
    <p class='ocr_par' dir='ltr' id='par_1_135' title="bbox 1838 5628 3403 5699">
     <span class='ocr_line' id='line_1_135' title="bbox 1838 5628 3403 5699; baseline -0.006 -14"><span class='ocrx_word' id='word_1_977' title='bbox 1838 5628 2062 5685; x_wconf 73' lang='lat' dir='ltr'><strong>lllllI‘Iatn</strong></span> <span class='ocrx_word' id='word_1_978' title='bbox 2114 5634 2314 5699; x_wconf 90' lang='lat' dir='ltr'><strong>primus</strong></span> <span class='ocrx_word' id='word_1_979' title='bbox 2366 5628 2597 5680; x_wconf 65' lang='lat' dir='ltr'><strong>instituit</strong></span> <span class='ocrx_word' id='word_1_980' title='bbox 2627 5639 2789 5699; x_wconf 89' lang='lat' dir='ltr'><strong>,_non</strong></span> <span class='ocrx_word' id='word_1_981' title='bbox 2839 5635 3247 5699; x_wconf 12' lang='lat' dir='ltr'><strong>qttartoinonas</strong></span> <span class='ocrx_word' id='word_1_982' title='bbox 3301 5628 3403 5681; x_wconf 81' lang='lat' dir='ltr'><strong>No-</strong></span> 
     </span>
    </p>
   </div>
   <div class='ocr_carea' id='block_1_136' title="bbox 1836 5697 3402 5767">
    <p class='ocr_par' dir='ltr' id='par_1_136' title="bbox 1836 5697 3402 5767">
     <span class='ocr_line' id='line_1_136' title="bbox 1836 5697 3402 5767; baseline 0.003 -16"><span class='ocrx_word' id='word_1_983' title='bbox 1836 5704 2094 5765; x_wconf 73' lang='lat' dir='ltr'><strong>vembris,</strong></span> <span class='ocrx_word' id='word_1_984' title='bbox 2117 5697 2216 5754; x_wconf 82' lang='lat' dir='ltr'><strong>sed</strong></span> <span class='ocrx_word' id='word_1_985' title='bbox 2246 5698 2483 5765; x_wconf 81' lang='lat' dir='ltr'><strong>proxima</strong></span> <span class='ocrx_word' id='word_1_986' title='bbox 2513 5710 2634 5767; x_wconf 89' lang='lat' dir='ltr'><strong>post</strong></span> <span class='ocrx_word' id='word_1_987' title='bbox 2658 5697 3013 5753; x_wconf 88' lang='lat' dir='ltr'><strong>Pentecosten</strong></span> <span class='ocrx_word' id='word_1_988' title='bbox 3035 5698 3122 5755; x_wconf 84' lang='lat' dir='ltr'><strong>die</strong></span> <span class='ocrx_word' id='word_1_989' title='bbox 3154 5701 3402 5755; x_wconf 80' lang='lat' dir='ltr'><strong>anniver—</strong></span> 
     </span>
    </p>
   </div>
   <div class='ocr_carea' id='block_1_137' title="bbox 1835 5768 3404 5848">
    <p class='ocr_par' dir='ltr' id='par_1_137' title="bbox 1835 5768 3404 5848">
     <span class='ocr_line' id='line_1_137' title="bbox 1835 5768 3404 5848; baseline 0.001 -21"><span class='ocrx_word' id='word_1_990' title='bbox 1835 5778 2280 5848; x_wconf 41' lang='lat' dir='ltr'><strong>sariam‘tmtrum</strong></span> <span class='ocrx_word' id='word_1_991' title='bbox 2311 5768 2681 5825; x_wconf 85' lang='lat' dir='ltr'><strong>defunctorum</strong></span> <span class='ocrx_word' id='word_1_992' title='bbox 2716 5770 3087 5828; x_wconf 87' lang='lat' dir='ltr'><strong>celebritatem</strong></span> <span class='ocrx_word' id='word_1_993' title='bbox 3115 5768 3231 5827; x_wconf 80' lang='lat' dir='ltr'><strong>fieri</strong></span> <span class='ocrx_word' id='word_1_994' title='bbox 3272 5788 3404 5830; x_wconf 82' lang='lat' dir='ltr'><strong>con-</strong></span> 
     </span>
    </p>
   </div>
  </div>
