4014 6200
169 347 312 414 ’555
1275 306 1617 410 COLLATIO
1655 351 1722 408 ιι.
1763 380 1811 393 -

1919 347 1954 406 s
1994 337 2472 404 DlSCRETlONE.
3413 347 3517 406 εει

209 484 362 543 runt,
395 474 503 531 nisi
533 490 696 548 quam
723 488 813 544 per
861 474 1215 543 semetipsum
1246 469 1502 526 Dominus
1546 469 1649 524 illis
1677 481 1815 539 prte-
1841 471 2035 532 Arus,
2080 473 2308 520 mortem
2353 479 2511 535 quam
2564 463 2822 518 Dominus
2870 467 3118 517 avertere
3169 462 3360 531 voluit,
3404 463 3514 522 sibi

212 569 467 626 stitisset.
504 568 747 638 Cumque
789 577 1042 624 errantes
1085 580 1179 622 eos
1207 581 1303 636 per
1338 564 1547 620 deserta
1591 573 1643 619 et
1681 562 1815 618 deli-

213 664 428 717 cientes
449 662 563 730 jam
615 660 754 718 fame
797 660 1210 730 conspexissent
1258 674 1291 713 a
1339 658 1546 728 longe‘
1583 655 1813 713 Mazices

216 754 389 827 [ιιρε.
421 757 474 810 in
517 772 684 829 marg.
722 755 978 810 Marzites
1006 754 1090 810 vel
1113 749 1388 824 Marzitos]
1421 751 1634 822 quidam
1668 750 1811 822 (qua:

215 863 349 919 gens
391 850 602 904 cunctis
651 865 786 919 pene
835 848 1148 902 nationibus
1180 845 1311 903 leris
1341 847 1628 918 immanior
1654 858 1813 916 atque

218 939 492 995 crudelior
519 949 633 1006 est;
663 955 768 996 non
789 941 935 996 enim
963 955 1058 996 eos
1083 939 1149 995 ad
1170 937 1492 995 elfusionem
1514 937 1811 1008 sanguinis,

219 1041 280 1084 ut
307 1030 596 1086 nonnullas
617 1039 828 1101 gentes,
856 1029 1182 1086 desiderium
1217 1029 1436 1100 praedm,
1465 1027 1563 1084 sed
1596 1028 1708 1083 sola
1737 1026 1815 1084 fe-

220 1125 419 1179 rocitas
463 1125 656 1179 mentis
683 1123 949 1195 instigat),
981 1125 1171 1194 eisque
1197 1133 1384 1178 contra
1415 1133 1660 1179 naturam
1691 1110 1816 1180 leri-

219 1217 344 1270 tatis
385 1232 497 1271 sum
537 1233 656 1272 cum
705 1219 934 1287 panibus
971 1215 1360 1282 Occurrissent,
1408 1234 1550 1272 unus
1603 1233 1670 1274 ex
1715 1220 1814 1287 eis,

222 1307 578 1364 subveniente
618 1309 944 1365 discretione
986 1312 1136 1363 velut
1175 1325 1203 1362 a
1241 1309 1468 1364 Domino
1497 1309 1599 1364 sibi
1635 1325 1819 1379 porre-

218 1407 360 1466 ctos,
393 1412 510 1452 cum
552 1399 750 1469 gaudio
794 1407 850 1454 et
873 1402 1170 1470 gratiarum
1199 1399 1414 1454 actione
1443 1404 1700 1471 suscepit,
1732 1417 1816 1458 re-

216 1497 414 1559 putans
436 1505 618 1546 esczim
647 1490 751 1544 sibi
780 1490 1042 1546 divinitus
1068 1491 1390 1561 ministrari,
1423 1507 1522 1548 nec
1546 1494 1666 1548 sine
1706 1495 1816 1549 Deo

213 1580 442 1649 factum,
490 1590 550 1636 ut
595 1580 648 1635 bi
680 1582 773 1650 qui
802 1597 1019 1652 semper
1063 1582 1341 1638 hominum
1383 1597 1574 1639 cruore
1611 1584 1818 1653 gaude-

216 1683 363 1741 rent,
406 1672 790 1728 delicientibus
816 1673 928 1744 jam
974 1689 1040 1730 ac
1092 1675 1488 1731 tabescentibus
1529 1677 1650 1731 vitae
1691 1679 1816 1734 sub~

215 1767 479 1821 stantiam
521 1766 882 1837 largirentur;
931 1767 1070 1824 alius
1116 1783 1249 1824 vero
1304 1784 1560 1825 recusans
1606 1769 1810 1840 cibum,

1919 560 2021 631 ipsi
2063 557 2347 624 conscivit,
2399 572 2738 629 nequaquam
2787 557 3016 612 credens
3047 556 3230 611 divino
3259 557 3518 614 instinctu

1920 656 2141 720 factum,
2161 651 2306 721 quod
2332 651 2565 706 immites
2582 652 2742 704 barba
2753 651 2816 712 ri,
2838 650 3068 720 pr0priae
3087 649 3315 706 feritatis
3335 649 3513 718 obliti,

1923 763 2090 819 panes
2119 748 2199 802 eis
2229 764 2327 818 pro
2352 746 2545 817 gladiis
2576 745 2912 803 obtulissent.

2533 857 2760 914 CAPUT
2794 856 2883 911 \lll

1919 953 1999 1009 De
2023 954 2240 1008 alterius
2266 952 2508 1007 illusione
2534 968 2689 1022 quam
2730 966 2818 1020 per
2845 949 3156 1019 imperitiam
3190 949 3517 1004 discretionis

2588 1023 2831 1076 incurrit.

1989 1115 2128 1184 Quid
2159 1116 2322 1172 etiam
2349 1115 2416 1170 de
2461 1115 2552 1170 illo
2582 1127 3006 1169 commemorem
3038 1113 3213 1187 (cujus
3255 1113 3511 1173 nominis,

1918 1211 2042 1281 quia
2096 1209 2276 1264 adhuc
2315 1218 2587 1278 superest.
2642 1209 2894 1262 nolumus
2939 1208 3118 1262 facere
3155 1209 3513 1272 mentionem)

1920 1303 2010 1374 qui
2042 1303 2168 1356 dum
2195 1301 2356 1371 longo
2386 1308 2627 1370 tempore
2656 1299 2684 1338 δ
2703 1300 3004 1354 du-monem
3037 1300 3088 1353 in
3122 1299 3299 1368 angeli
3329 1313 3514 1353 susce-

1920 1399 1998 1469 pit
2023 1395 2296 1464 claritate,
2323 1396 2747 1450 revelationibus
2771 1394 2890 1463 ejus
2922 1393 3224 1447 innumeris
3255 1406 3399 1460 saepe
3421 1391 3517 1444 de-

1921 1502 2134 1559 ceptus,
2177 1489 2408 1543 credidit
2453 1488 2846 1542 internuntium
2909 1502 3029 1541 esse
3066 1485 3329 1556 jus-tiliae?
3378 1483 3514 1540 Nam

1920 1582 2160 1652 exceptis
2195 1583 2302 1647 bis,
2343 1583 2504 1637 etiam
2541 1598 2635 1650 per
2665 1596 2856 1635 omnes
2898 1589 3082 1634 noctes
3123 1579 3176 1634 in
3217 1579 3352 1634 cella
3397 1579 3516 1649 ejus

1919 1675 2099 1729 lumen
2142 1674 2345 1742 absque
2390 1674 2550 1728 ullius
2583 1675 2819 1729 lucernae
2868 1665 3144 1742 prurbeliat
3188 1674 3385 1728 nt'licio.
3431 1671 3512 1727 Ad

1920 1774 2226 1822 extremum
2254 1767 2474 1835 jubetur
2502 1767 2570 1821 ab
2600 1769 2736 1835 ipso,
2760 1778 2820 1821 ut
2863 1769 2971 1822 Deo
3007 1767 3173 1822 lilium
3208 1783 3385 1833 suum,
3420 1765 3514 1836 qui

212 1859 364 1912 velut
399 1857 469 1912 ab
490 1855 711 1914 homine
733 1858 833 1913 sibi
855 1859 1114 1928 oblatum,
1149 1860 1339 1916 inedia:
1360 1860 1660 1918 defectione
1681 1879 1811 1919 con-
1844 1865 1892 1925 B
1919 1875 2040 1914 cum
2060 1876 2126 1914 eo
2155 1859 2354 1928 pariter
2387 1861 2438 1915 in
2463 1861 2794 1916 monasterio
2820 1863 3225 1922 commonebat,
3253 1859 3510 1915 offerret:

210 1957 474 2018 sumptus
509 1958 612 2004 est.
659 1949 892 2017 Quorum
936 1947 1062 2006 licet
1093 1951 1241 2006 initia
1287 1968 1356 2006 ex
1400 1955 1810 2020 repreliensibili

208 2039 574 2110 persuasione
612 2035 1009 2108 descenderint,
1043 2058 1181 2097 unus
1226 2051 1427 2112 tamen,
1455 2045 1812 2103 subvenieute

206 2133 566 2201 discretione,
598 2133 650 2189 id
678 2133 822 2204 quod
860 2144 1064 2192 temere
1107 2138 1427 2209 incauteque
1455 2150 1809 2210 conceperat,

204 2227 534 2283 emendasse
577 2228 920 2299 agnoscitur;
964 2229 1100 2284 alius
1144 2237 1324 2286 autem
1368 2233 1422 2287 in
1472 2234 1639 2288 stulta
1672 2249 1811 2304 prae-

203 2318 522 2389 sumptione
569 2317 893 2390 perdurans,
935 2335 998 2376 ac
1027 2323 1242 2391 penitus
1271 2321 1616 2380 discretionis
1659 2327 1812 2396 igna-

1917 1963 1974 2004 ιιι
2010 1961 2030 1988 ο
2069 1952 2169 2006 hoc
2197 1951 2408 2006 scilicet
2434 1953 2700 2008 s'crilicio
2732 1953 2962 2008 Abrahae
2995 1952 3316 2022 patriarchae
3351 1952 3514 2010 meri-

1917 2047 1987 2102 tis
2015 2045 2068 2101 in
2094 2048 2242 2101 nullo
2271 2046 2609 2103 inveniretur
2639 2048 2880 2103 inferior.
2909 2048 3072 2117 Cujus
3107 2049 3159 2102 in
3194 2055 3402 2102 tantum
3429 2057 3513 2103 cst

1917 2141 2271 2209 persuasione
2319 2140 2612 2206 seductus,
2665 2152 2725 2196 ut
2771 2142 2872 2195 hoc
2915 2140 3200 2194 confestim
3231 2138 3257 2177 ά
3288 2141 3513 2210 parrici-

1914 2235 2061 2291 dium
2107 2251 2271 2307 opere
2305 2237 2641 2305 perfecisset,
2694 2234 2796 2289 nisi
2837 2250 2958 2288 eum
2988 2234 3176 2288 videns
3209 2249 3346 2304 puer
3395 2235 3512 2288 cnl-

1913 2337 2054 2383 trum
2096 2341 2248 2384 extra
2300 2329 2747 2384 consuetudinem
2796 2326 3040 2382 acuendo
3093 2339 3420 2395 praeparare,
3456 2335 3512 2381 et

1281 2485 1536 2541 ALARDI
1576 2485 1804 2543 GAZA‘ZI
1841 2487 2406 2546 COMMENTARlUS.

205 2597 464 2666 Quando,
491 2595 688 2670 inquit,
720 2595 933 2670 propter
958 2597 1192 2669 aliquam
1217 2602 1570 2656 necessitatem
1595 2618 1687 2656 seu
1713 2601 1816 2656 uti-

203 2671 411 2744 litatem
437 2669 706 2744 committit
724 2669 1004 2744 secl-iouis
1033 2670 1211 2744 diuino
1239 2673 1438 2727 auxilio
1467 2675 1522 2726 in
1546 2674 1654 2744 suis
1686 2675 1814 2744 peti-

205 2737 443 2797 tionibus
480 2740 555 2794 vel
583 2739 752 2809 (actis,
788 2737 1015 2797 hoc'non
1049 2753 1121 2796 est
1145 2737 1313 2798 Deum
1352 2753 1570 2799 tentare.
1607 2737 1815 2799 Dicitur

203 2813 352 2869 enim
393 2813 452 2866 in
474 2811 1007 2886 _secundo_Paralip.
1053 2829 1167 2886 xx_:
1198 2813 1326 2870 Cum
1362 2816 1654 2885 ignoremus
1687 2816 1816 2886 quid

205 2900 370 2955 agere
399 2881 697 2955 debeamus,
722 2884 817 2938 hoc
839 2881 1009 2938 solum
1040 2884 1287 2940 habemus
1311 2881 1530 2948 residui,
1556 2895 1610 2940 ut
1641 2881 1814 2942 oculos

202 2953 428 3026 nostros
451 2953 738 3026 dirigamus
761 2957 828 3009 ad
860 2964 927 3010 te.
970 2955 1195 3026 Quando
1225 2974 1340 3012 vero
1370 2958 1468 3011 hoc
1497 2957 1668 3023 agitur
1692 2958 1812 3012 abs-

202 3044 315 3101 que
354 3025 798 3101 ulla_necessitate
832 3036 880 3081 et
918 3025 1158 3101 utilitate,
1194 3031 1290 3101 hoc
1321 3039 1397 3083 est
1433 3030 1813 3101 interpretatiue

203 3046 315 3101 que
354 3046 466 3082 una
496 3046 798 3080 ηεεεδδιιαιε
832 3046 880 3081 ιι
918 3046 1158 3093 ιιιιιιιαιε,
1194 3046 1290 3083 noc
1321 3046 1397 3083 est
1433 3046 1565 3083 mter
1604 3046 1811 3084 retauue

203 3109 417 3154 tentare
451 3095 632 3150 Deum.
669 3089 818 3152 Unde
847 3114 1002 3167 super
1023 3097 1158 3154 illud
1188 3099 1398 3154 Denter.
1427 3116 1476 3154 vr
1511 3117 1526 3155 ι
1552 3046 1674 3152 icon
1702 3110 1811 3154 ten-

205 3171 350 3225 tabis
381 3168 661 3223 Dominum
690 3167 858 3222 Deum
893 3179 1058 3235 tuum,
1089 3170 1214 3225 dicit
1245 3169 1430 3226 Glossa
1451 3187 1470 3224 :
1503 3171 1666 3224 Deum
1704 3181 1814 3226 teu-

205 3251 308 3304 tat.
342 3242 433 3308 qui
463 3238 655 3293 habens
682 3240 820 3308 quod
850 3237 1034 3308 faciat,
1075 3243 1186 3297 sine
1223 3245 1425 3296 ratione
1449 3245 1721 3297 committit
1759 3259 1814 3298 se

206 3312 484 3386 periculo,
516 3312 783 3386 empericus
820 3323 1205 3386 utrumbposset
1241 3313 1449 3368 liberari
1475 3331 1507 3366 a
1539 3311 1668 3369 Deo.
1711 3314 1810 3369 Ve-

208 3381 343 3440 rum
371 3385 461 3437 bic
487 3381 647 3449 objici
672 3395 855 3451 posset
887 3381 1065 3439 simile
1085 3386 1393 3449 exemplum
1423 3387 1652 3441 duorum
1677 3387 1808 3440 ado—

210 3441 573 3512 lescentium'
607 3441 995 3509 monachorum
1021 3495 1035 3517 ,
1086 3441 1262 3522 quod'
1289 3464 1474 3512 narrat
1520 3455 1814 3512 Cassianus
1841 3441 1886 3505 C

210 3527 309 3582 lib.
341 3543 374 3579 v
419 3524 655 3580 lnstitut.
681 3540 800 3594 cap.
833 3525 927 3585 40.
965 3525 1056 3594 qui
1087 3527 1214 3581 dum
1257 3523 1466 3582 fructus
1498 3527 1599 3582 sibi
1641 3542 1670 3580 a
1713 3543 1813 3583 suo

209 3599 419 3652 abbate
451 3594 682 3667 traditos
705 3593 992 3652 deferrent,
1010 3593 1077 3653 ad
1110 3599 1401 3667 quemdam
1431 3613 1617 3653 senem
1649 3599 1700 3652 in
1727 3613 1811 3652 so-

212 3667 456 3723 litudine
494 3666 855 3730 laborantem,
892 3683 1009 3738 nec
1056 3666 1176 3738 ejus
1227 3671 1419 3723 cellam
1474 3667 1808 3734 invenirent,

212 3739 538 3795 maluerunt
573 3738 628 3792 in
659 3739 852 3792 itinere
881 3735 1024 3795 fame
1055 3735 1231 3809 perire
1257 3754 1416 3808 quam
1449 3740 1656 3792 fructus
1683 3754 1813 3794 con-

214 3812 460 3881 tingere.
495 3814 563 3881 At
592 3823 794 3881 magna
835 3809 1130 3865 diversitas
1169 3821 1254 3864 est
1282 3813 1335 3864 in
1373 3819 1604 3877 utroque
1628 3825 1812 3881 exem-

215 3879 348 3950 plo';
375 3896 500 3935 nam
527 3879 608 3934 illi
638 3879 853 3949 quidem
879 3881 1011 3949 jussi
1045 3883 1284 3944 fuerant,
1311 3889 1367 3936 et
1412 3881 1598 3935 stricte
1628 3879 1813 3933 admoa

215 3954 346 4020 niti,
383 3962 444 4006 ut
468 3951 679 4006 fructus
705 3953 962 4021 integros,
987 3954 1108 4022 quia
1158 3967 1309 4007 raros
1339 3963 1393 4007 et
1421 3951 1728 4021 exquisitos
1757 3950 1810 4005 in

215 4038 280 4080 ea
306 4022 562 4089 regione,
589 4022 656 4076 ad
679 4038 865 4078 senem
891 4023 1040 4078 illum
1061 4026 1414 4091 deportarent
1444 4041 1456 4076 :
1488 4035 1538 4078 et
1567 4022 1812 4089 quamvis

217 4106 446 4162 possent
474 4093 608 4148 illud
641 4102 966 4162 pra-ceptum
999 4112 1092 4165 per
1120 4097 1389 4152 ἐπιεικείαν
1418 4095 1705 4150 commode
1731 4091 1812 4165 in-

219 4175 539 4236 terpretari,
571 4180 637 4220 ac
678 4175 933 4234 reputare
962 4164 1023 4221 se
1070 4166 1123 4220 in
1170 4180 1316 4220 tanta
1360 4168 1686 4222 necessitate
1718 4164 1812 4220 illo

220 4234 328 4292 non
372 4234 642 4308 obligari;
673 4245 852 4291 tamen
893 4236 958 4291 ad
1006 4237 1108 4292 hoc
1139 4253 1248 4292 non
1291 4239 1634 4304 tenebantur,
1665 4253 1811 4308 pras-

220 4308 557 4378 sertimAcum
587 4307 848 4378 haberent
872 4309 1072 4378 justam
1101 4324 1318 4363 causam
1349 4312 1508 4363 aliter
1529 4307 1808 4377 opinandi,

221 4388 388 4432 :etate
418 4375 664 4444 juvenili,
709 4392 797 4433 aut
843 4375 993 4434 certe
1036 4381 1387 4449 postponeudi
1445 4375 1610 4434 vitam
1656 4395 1811 4433 suam

221 4449 429 4503 merito
458 4449 776 4520 obedientite
821 4460 874 4504 et
905 4449 1030 4504 lidei
1062 4450 1317 4520 depasiti,
1363 4450 1478 4506 sive
1506 4452 1808 4516 commissi,

219 4529 279 4574 ut
327 4520 402 4573 ibi
439 4519 657 4575 dicitur.
705 4523 774 4574 At
813 4521 866 4575 lii
916 4521 1067 4575 nullo
1095 4519 1387 4592 pra'cc-ptn,
1431 4523 1573 4576 nulla
1618 4522 1811 4592 idonea

223 4591 438 4645 ratione
466 4593 842 4658 movebantur,
877 4608 945 4647 ne
984 4593 1169 4648 cibum
1208 4591 1510 4657 suinerent,
1539 4591 1643 4646 ιιίιὶ
1671 4593 1808 4646 divi-

223 4664 368 4733 nitus
396 4662 658 4728 missum;
691 4664 791 4717 nisi
821 4665 904 4718 vel
931 4663 996 4717 ad
1028 4664 1414 4733 explorandam
1447 4664 1540 4719 Dei
1569 4665 1806 4718 benevo-

221 4730 470 4804 lentiam,
517 4744 608 4787 aut
653 4744 999 4804 potestatem,
1036 4730 1184 4804 quod
1232 4744 1316 4791 est
1364 4744 1574 4790 tentare
1605 4734 1806 4802 Deum;

1917 2605 2158 2660 cliorette
2181 2605 2249 2660 de
2281 2613 2440 2660 nocte
2472 2605 2674 2671 oranti,
2703 2606 2926 2674 ejusque
2955 2604 3150 2660 cellam
3183 2602 3322 2659 mira
3352 2605 3512 2664 clari-

1920 2686 2028 2732 tate
2074 2677 2386 2746 complevit.
2430 2677 2564 2731 ltem
2594 2677 2834 2732 Simeoni
2877 2678 3109 2748 Stylitte,
3143 2676 3231 2731 cui
3279 2685 3340 2732 ut
3383 2695 3511 2734 cur-

1918 2763 2035 2802 rum
2068 2749 2306 2818 igneum,
2342 2757 2399 2802 ut
2441 2749 2581 2803 alter
2611 2748 2778 2812 Elias,
2820 2748 3237 2812 COIlM'elldCl'eb,
3286 2764 3511 2815 persua-

1917 2818 2050 2892 dere
2085 2828 2312 2892 conatus
2355 2827 2458 2872 est.
2507 2819 2671 2892 Alteri
2720 2820 2922 2892 cuidam
2973 2819 3225 2873 monacho
3266 2821 3511 2892 apparuit

1917 2890 2155 2959 diabolus
2181 2893 2588 2959 transformatus
2626 2890 2678 2942 in
2712 2889 2955 2959 angelum
2982 2892 3133 2955 lucis,
3177 2900 3222 2944 et
3271 2889 3400 2945 dixit
3441 2894 3511 2946 ad

1918 2977 2034 3032 eum
2065 2976 2084 3014 :
2111 2958 2226 3032 Ego
2253 2977 2363 3012 smn
2393 2957 2604 3032 Gabriel
2631 2957 2861 3030 angelus,
2902 2973 2948 3014 et
2980 2962 3171 3015 missus
3196 2980 3309 3016 sum
3338 2963 3407 3016 ad
3437 2975 3507 3022 te.

1921 3031 2028 3106 Ille
2057 3030 2174 3085 vero
2205 3033 2334 3085 dixit
2372 3031 2419 3106 ei
2448 3050 2466 3085 :
2505 3030 2632 3084 Vide
2679 3049 2738 3086 ne
2770 3032 2837 3084 ad
2873 3036 3030 3106 alium
3064 3034 3246 3106 missus
3285 3036 3510 3106 sistego

1920 3105 2058 3175 enim
2086 3120 2186 3157 non
2208 3119 2323 3157 sum
2352 3103 2542 3174 dignus
2568 3115 2624 3157 ut
2654 3107 2864 3175 angelus
2887 3105 3120 3158 mittatur
3149 3105 3216 3158 ad
3247 3122 3347 3159 me.
3378 3103 3508 3160 Dia-

1920 3173 2070 3247 b_olus
2120 3183 2292 3247 autem
2343 3173 2515 3247 statim
2565 3192 2668 3229 non
2714 3173 3023 3241 comparuit.
3074 3177 3200 3231 lliec
3250 3177 3320 3230 ibi
3367 3176 3506 3247 (νει.

1922 3244 2071 3300 Patr.
2107 3246 2194 3301 lib.
2228 3263 2258 3300 ν
2287 3245 2428 3300 libel.
2464 3246 2574 3314 15).
2625 3248 2735 3302 Sub
2781 3250 2956 3318 angeli
3006 3249 3170 3316 etiam
3218 3244 3400 3318 specie
3447 3265 3508 3306 se

1921 3319 2168 3373 exhibuit
2205 3319 2263 3374 S.
2309 3318 2549 3387 hlphego
2577 3319 2838 3389 episcopo
2879 3321 3280 3383 tlantnarivusi,
3312 3335 3506 3387 quem-

1921 3390 2206 3450 admodum
2239 3390 2290 3445 in
2319 3389 2440 3444 Vita
2471 3391 2587 3457 ejus
2619 3392 2807 3444 scribit
2833 3393 3096 3445 Usbertus
3135 3390 3375 3459 ejusdem
3403 3389 3506 3448 Ee-

1918 3461 2096 3514 clesiw
2125 3463 2434 3532 episcopus.
2477 3460 2537 3516 S.
2569 3464 2698 3516 item
2729 3461 2983 3516 Oswalilo
3014 3461 3358 3528 Vigorniemi
3387 3463 3506 3530 epi-

1917 3546 2086 3602 scopo
2115 3531 2256 3600 apud
2289 3531 2508 3587 Surium
2541 3533 2702 3598 (tonio
2734 3533 2771 3585 ll
2804 3548 2848 3584 et
2884 3532 2972 3594 γ).
3003 3532 3163 3584 Plura
3188 3532 3288 3583 alia
3319 3548 3506 3602 exem-

1918 3604 2000 3670 pla
2034 3604 2203 3656 refert
2239 3603 2504 3656 Ca’Sul‘ius
2533 3603 2917 3656 Cisterciensis
2950 3603 3045 3654 lib.
3089 3616 3147 3654 ιιι
3175 3616 3294 3669 cap.
3331 3601 3418 3665 l4,
3452 3613 3507 3658 et

1917 3673 2009 3728 lib.
2045 3689 2079 3728 ν
2113 3689 2232 3740 cap.
2255 3672 2346 3725 47.
2385 3673 2443 3724 li.
2478 3672 2669 3725 Petrus
2713 3673 2957 3725 Damiani
2997 3671 3092 3724 lib.
3123 3686 3195 3734 vi,
3222 3673 3384 3737 epist.
3410 3673 3502 3726 21.

1994 3758 2010 3776 ι’
2039 3745 2110 3796 At.
2137 3743 2236 3795 huc
2264 3741 2586 3794 sacriﬁcium
2619 3758 2724 3812 non
2758 3742 2919 3810 elegit
2951 3743 3230 3812 Dominus,
3261 3748 3316 3812 et
3345 3741 3506 3812 longe

1915 3810 2100 3880 dispar
2149 3813 2430 3880 utriusque
2470 3813 2630 3864 ratio.
2662 3811 2794 3865 Nam
2844 3823 2898 3864 ut
2947 3810 3006 3880 D7.
3045 3810 3380 3876 Augustinus
3429 3810 3507 3868 ait

1915 3879 2015 3936 lib.
2040 3898 2055 3935 ι
2085 3883 2152 3936 de
2180 3879 2338 3936 Civil.
2371 3880 2463 3935 Dei
2506 3895 2626 3952 cap.
2663 3881 2731 3935 26
2760 3899 2770 3934 :
2805 3881 2936 3934 Cum
2966 3879 3106 3934 Deus
3127 3880 3298 3952 jubet,
3349 3898 3505 3951 seque

1902 3953 2092 4024 jubere
2117 3955 2225 4007 sine
2265 3951 2387 4005 ullis
2431 3951 2731 4018 ambagibus
2772 3954 2996 4020 intimat,
3025 3951 3138 4021 quis
3163 3951 3504 4008 obedientiam

1914 4026 1967 4079 in
1997 4025 2189 4079 crimen
2223 4035 2382 4090 roret,
2404 4026 2516 4091 quis
2545 4025 2846 4096 obsequium
2878 4028 3085 4096 pietatis
3133 4027 3375 4080 accuset?
3410 4025 3501 4080 sed

1914 4113 2017 4150 non
2042 4098 2158 4150 ideo
2199 4097 2309 4150 sine
2338 4097 2525 4149 scelere
2552 4100 2698 4166 facit,
2729 4099 2958 4166 quisquis
2993 4097 3098 4148 Deo
3139 4097 3404 4166 inunolare.
3434 4099 3499 4166 ﬁ-

1913 4167 2044 4222 lium
2076 4169 2370 4235 tbcretierit,
2398 4167 2520 4235 quia
2551 4165 2645 4222 hoc
2678 4165 2940 4222 Abraham
2975 4170 3123 4221 etiam
3167 4165 3503 4223 laudabiliter

1913 4243 2054 4310 fecit.
2094 4240 2231 4293 Nam
2260 4251 2304 4292 et
2333 4240 2478 4294 miles
2506 4257 2618 4293 cum
2649 4241 2890 4294 (bedirus
2924 4241 3158 4302 potestati
3185 4238 3274 4292 sub
3295 4257 3400 4310 qua
3429 4241 3503 4296 le-

1912 4313 2087 4382 gitime
2116 4312 2424 4366 constitutus
2455 4322 2550 4376 est,
2582 4313 2841 4365 hominem
2871 4311 3078 4366 occidit.
3108 4312 3254 4364 nulla
3281 4313 3503 4367 civitatis

1912 4399 2020 4437 suae
2043 4385 2150 4452 lege
2173 4401 2286 4436 reus
2310 4394 2381 4437 est
2414 4383 2717 4448 homicidii;
2751 4385 2905 4436 immo
2931 4384 3030 4436 nisi
3057 4384 3254 4451 fecerit,
3282 4400 3400 4438 reus
3424 4391 3502 4438 est

1913 4455 2118 4525 imperii
2159 4455 2348 4509 deserti
2378 4465 2529 4524 atque
2570 4455 2867 4521 contempti.
2899 4454 3052 4522 Quod
3096 4456 3140 4507 si
3170 4473 3263 4508 sua
3318 4465 3501 4525 sponte

1912 4535 2066 4595 atque
2107 4527 2411 4580 auctoritate
2460 4526 2681 4595 fecisset,
2737 4527 2789 4579 iu
2845 4543 3032 4579 Cftlllt’ll
3091 4525 3243 4592 e/fasi
3287 4527 3502 4580 humani

1913 4599 2182 4667 sanguinis
2212 4598 2496 4651 incidisset.
2532 4595 2717 4669 Itaque
2747 4597 2881 4651 unde
2908 4598 3123 4667 puui‘ur
3149 4597 3390 4669 sileret-it
3418 4598 3502 4650 in-

1885 4669 2110 4739 vjusstts,
2134 4669 2250 4724 inde
2267 4673 2480 4740 punitur
2503 4671 2601 4722 nisi
2625 4668 2796 4737 fecerit
2820 4669 3016 4732 jussus,
3049 4668 3206 4740 Quod
3227 4669 3269 4740 si
3298 4670 3373 4721 ita
3401 4677 3501 4731 est,

1901 4735 2119 4812 jubente
2167 4735 2493 4811 imperatore,
2535 4735 2728 4811 quanto
2774 4742 2937 4812 magis
2969 4738 3188 4811 jubente
3222 4735 3499 4795 Creatore!

220 4806 304 4881 vel
346 4803 413 4856 ad
453 4803 832 4881 ostentandam
855 4805 992 4860 'aliis
1031 4803 1144 4861 sua:
1191 4806 1494 4881 sanctitatis
1535 4809 1808 4881 excellen-
1832 4803 2410 4881 Diis-«1°.Aiigns'tiiins.

225 4876 386 4946 tiam,
406 4874 550 4943 quod
578 4884 660 4928 est
685 4891 893 4946 magna:
922 4878 1356 4945 praesumptionis
1378 4889 1433 4934 et
1456 4878 1802 4946 arrOgantite.

290 4955 318 4982 δι
346 4945 602 5021 “ilices,
633 4947 748 5001 sive
776 4945 996 5018 μάζικας
1032 4949 1355 5021 Ptolomtrus
1401 4951 1453 5004 in
1492 4965 1553 5006 ea
1590 4945 1806 5021 rligypti

222 5015 338 5090 sive
363 5016 744 5090 Africteparte
777 5015 963 5090 locat,
985 5022 1036 5074 in
1067 5035 1170 5090 qua
1215 5020 1527 5077 Cassianus.
1575 5015 1800 5076 Enimn-

223 5086 347 5139 dem
380 5099 438 5139 ut
475 5087 830 5144 barbarorum
869 5099 924 5144 et
953 5086 1267 5146 immanium
1302 5092 1579 5148 h0niinum
1618 5095 1812 5146 memi-

226 5160 299 5237 nit
320 5156 599 5214 Palladius
616 5161 679 5237 in
712 5163 937 5237 t_\_rsacio
965 5161 1204 5237 (Lausia.
1222 5163 1314 5237 ξι),
1336 5178 1471 5237 quos
1499 5173 1676 5237 tamen
1701 5164 1814 5237 Ma-

226 5231 370 5283 zices
388 5241 577 5302 vocat.
612 5231 679 5286 Et
716 5231 995 5302 Nestorius
1034 5234 1174 5301 apud
1221 5231 1507 5302 Evagrinm
1540 5235 1632 5290 lib.
1667 5251 1684 5289 ι
1720 5235 1811 5288 Hi-

225 5309 357 5374 §_lor.
387 5299 535 5374 Eccl.
570 5316 699 5374 cap.
728 5299 1223 5372 7,-etNiceptiorus
1251 5299 1355 5358 lib.—
1378 5320 1464 5359 xiv
1490 5321 1610 5374 cap.
1643 5307 1728 5362 15.
1758 5305 1814 5360 In

225 5364 364 5446 Vitis
397 5371 622 5427 Patrum
642 5364 796 5446 '(Lib.
848 5389 924 5442 tv,
966 5364 1030 5428 cf
1065 5373 1155 5445 15)
1189 5389 1321 5446 gens
1360 5364 1688 5432 Manio-orum
1726 5377 1816 5432 di-

226 5438 381 5495 citur.

294 5509 479 5566 btlum
525 5514 580 5568 in
620 5515 794 5570 variis
825 5515 1014 5573 formis
1043 5518 1260 5573 daemon
1306 5531 1572 5585 apparere
1617 5517 1811 5584 soleat,

227 5592 328 5634 non
360 5588 683 5659 raroetiam
710 5589 762 5641 in
788 5587 980 5648 forma.
1011 5593 1126 5645 sive
1149 5587 1330 5659 specie
1363 5589 1485 5642 boni
1515 5590 1694 5656 angeli
1720 5605 1816 5656 ap-

228 5654 470 5727 parnisse
501 5658 717 5727 legitur,
765 5672 818 5714 et
862 5660 966 5715 lioc
1010 5654 1194 5716 modn'
1221 5659 1420 5713 multos
1452 5654 1687 5724 decepit,
1723 5654 1815 5715 aut

231 5721 474 5798 {ccipere
498 5721 723 5783 tentavit
755 5747 766 5784 :
792 5741 850 5786 ut
879 5733 1074 5787 merito
1106 5732 1306 5787 dixerit
1336 5721 1647 5798 Apostolus,
1676 5721 1800 5797 quia

229 5787 299 5872 Et
318 5787 425 5874 ipse
450 5798 1041 5874 Satanastransﬁgurat
1065 5820 1119 5858 se
1147 5805 1200 5857 in
1221 5787 1462 5874 angelum
1483 5802 1612 5874 lucis
1635 5787 1680 5872 ll
1695 5787 1803 5856 ’ϐο-

224 5868 380 5926 rimi.
407 5868 491 5934 ιι).
524 5868 584 5925 In
603 5870 738 5928 Vilis
769 5868 986 5930 Patrum
1009 5874 1080 5943 ita
1103 5868 1353 5944 apparuit
1379 5868 1656 5929 Abraham
1673 5886 1802 5929 ana-

1984 4880 2331 4946 dl"arricida,
2377 4883 2460 4937 vel
2512 4880 2774 4949 paricida.
2824 4881 3106 4935 dicebatur
3159 4896 3263 4934 non
3321 4881 3499 4935 solum

1911 4955 2000 5028 qui
2035 4965 2345 5028 parentem,
2374 4951 2471 5028 sed
2511 4954 2598 5028 qui
2626 4968 2840 5028 parem,
2883 4952 2934 5028 id
2966 4960 3068 5016 est,
3105 4966 3500 5028 quemcumque

1914 5019 2188 5075 liominem
2231 5019 2538 5075 occidisset
2574 5019 2844 5089 (Festus)
2877 5041 2887 5073 :
2924 5019 3499 5088 itaque‘parricidinm

1912 5107 2022 5146 nun
2052 5094 2224 5144 solum
2251 5095 2416 5158 patris
2438 5099 2531 5144 aut
2560 5095 2819 5155 parentis,
2851 5093 2942 5145 sed
2975 5093 3118 5156 paris
3147 5092 3356 5154 caules;
3391 5091 3497 5153 vel,

1915 5176 1972 5215 ut
2001 5163 2119 5216 aliis
2147 5163 2341 5228 placet,
2374 5163 2606 5230 patrati"
2642 5161 2827 5214 caedis.
2861 5161 2914 5214 ld
2962 5161 3160 5212 indicat
3195 5161 3277 5214 lex
3311 5160 3499 5214 Numa:

1915 5231 2163 5300 Pompilii
2194 5234 2336 5298 regis
2368 5229 2749 5299 antiquissima
2781 5231 2861 5281 bis
2891 5239 3144 5297 (ευιιοιινιιι
3177 5232 3358 5284 verbis
3393 5249 3404 5281 :
3438 5232 3498 5286 Si

1919 5305 2029 5374 quis
2059 5303 2318 5374 hominem
2359 5301 2574 5374 liberum
2609 5301 2935 5374 dolohscicus
2964 5302 3114 5374 morti
3154 5303 3285 5374 duit,
3333 5306 3498 5372 parri-

1917 5369 2034 5429 cida
2057 5384 2163 5430 esto
2191 5373 2349 5446 (Isid.
2381 5371 2588 5442 Etyma.
2615 5372 2650 5424 ι.
2678 5388 2702 5423 ι
2735 5372 2816 5425 lit.
2853 5369 2964 5439 I’.).
3000 5371 3062 5423 lit
3095 5372 3210 5437 lege
3244 5369 3495 5440 Pompo-ia

1918 5448 1984 5503 de
2029 5445 2325 5518 parricidiis
2368 5459 2610 5507 (:uvelur,
2666 5453 2717 5497 ut
2772 5445 3356 5518 pill'l‘lCltlllhit'lltf-ililli',
3390 5460 3495 5518 tum

1919 5512 2092 5574 Solum
2127 5520 2214 5586 qui
2267 5529 2469 5585 patrem
2520 5525 2608 5569 aut
2656 5526 2874 5567 ltlall‘t‘fli
2916 5512 3264 5580 iiiteil'iaei'il,
3318 5516 3408 5566 ενι]
3446 5530 3498 5570 et

1917 5595 2006 5655 qui
2054 5591 2296 5652 fratrem,
2347 5602 2612 5651 sortiri-In,
2662 5589 2983 5655 patruele-ui.
3049 5588 3385 5640 tttulrnelt-in.
3438 5589 3498 5639 li-

1921 5664 2071 5723 litim,
2127 5661 2308 5723 lilium,
2356 5670 2628 5726 nepotem,
2663 5674 2880 5718 ιιιιι·ιιιιι,
2915 5658 3116 5726 alin-ﬁve
3162 5657 3496 5723 propinqtms

1909 5734 2190 5788 occiderit.
2233 5732 2321 5786 Sec
2354 5725 2758 5800 Dallyprianus
2801 5729 2894 5782 lib.
2931 5729 2996 5781 de
3023 5725 3151 5800 zelo
3178 5740 3228 5779 et
3259 5728 3453 5781 Livorc
3482 5747 3495 5782 :

1909 5803 2050 5858 Hinc
2104 5803 2409 5870 parricidia,
2459 5798 2657 5870 inquit,
2704 5802 2931 5869 nefanda
2968 5798 3323 5871 contigerunt,
3376 5800 3496 5856 dum

1908 5873 2036 5929 Abel
2051 5879 2255 5946 justum
2284 5877 2414 5930 zelat
2438 5872 2566 5927 Cain
2598 5874 2841 5944 injustas.
