4014 6200
450 298 555 353 555

1508 270 1789 367 tomus
1826 307 2140 366 cassum
2180 307 2677 365 COLLATIONES.

3634 311 3754 371 επ

462 431 678 487 vincula
719 430 914 501 quibus
965 444 1087 485 eum
1125 428 1273 483 velut
1317 426 1602 481 oblaturus
1650 428 1715 480 ad
1766 426 2048 480 immolan-
2078 430 2129 490 Α
2156 426 2280 482 licet
2308 438 2476 497 atque
2505 428 2861 499 martyribus,
2892 429 3237 484 tenebrosum
3277 444 3345 486 ac
3372 435 3593 493 tetrum,
3628 444 3756 484 om-

461 524 587 580 dum
629 525 1001 594 constringere
1050 521 1391 592 disponebat,
1445 520 1740 591 inquirere,
1785 520 2050 591 prassagio

437 618 692 698 sceleris
719 616 878 672 futuri
906 615 1251 685 perterritus,
1281 616 1595 684 aufugisset.

1048 755 1277 811 CAPUT
1324 755 1460 811 VIII.

432 902 441 943 ξ
522 944 539 951 _
559 872 640 928 De
663 871 814 941 lapsu
846 881 893 924 et
925 870 1219 942 deceptione
1253 870 1492 924 monachi
1521 868 1950 939 MesOpotantent.

534 987 781 1059 Longum
830 996 913 1042 est
951 996 976 1024 α
1002 986 1381 1057 deccptionem
1420 986 1561 1042 illius
1600 1002 1818 1059 quoque
1865 1002 2055 1043 mona-

462 1080 551 1136 chi
582 1080 1006 1150 Mesopotameni
1057 1081 1329 1135 narrando
1369 1096 1711 1149 percurrere.
1742 1081 1829 1151 qui
1869 1082 1923 1135 in
1966 1080 2054 1135 illa

462 1171 745 1243 provincia
783 1172 1074 1242 perpaucis
1115 1171 1432 1227 imitabilem
1457 1171 1728 1227 exhibens
1767 1172 2057 1226 continen-

443 1264 620 1332 ~tiam,
669 1280 830 1335 quam
862 1279 960 1334 per
1000 1279 1171 1319 annos
1214 1264 1415 1320 multos
1450 1264 1799 1334 singulariter
1829 1264 1885 1318 in
1915 1264 2055 1320 cella

394 1393 401 1398 -
463 1365 709 1413 retrusus
749 1365 1036 1427 exegerat,
1074 1356 1145 1411 ita
1194 1365 1276 1411 est
1313 1355 1381 1410 ad
1421 1365 1727 1412 extremum
1769 1355 2057 1411 diabolieis

463 1447 891 1504 revelationibus
914 1447 1243 1516 somniisque
1266 1446 1507 1514 delusus,
1536 1456 1595 1501 ut
1624 1456 1743 1517 post
1770 1455 1950 1501 tantos
1978 1446 2060 1500 Ia-

463 1540 629 1597 bores
672 1547 837 1611 atque
868 1539 1117 1605 virtutes,
1160 1538 1354 1606 quibus
1388 1552 1578 1592 omnes
1622 1536 1916 1592 monachos
1959 1535 2062 1591 ibi-

466 1633 594 1689 dem
630 1631 937 1689 residentes
973 1638 1301 1695 excesserat,
1332 1628 1360 1667 b
1387 1628 1453 1683 ad
1483 1628 1817 1684 Judaismum
1845 1635 1901 1684 et
1924 1641 2059 1682 con-

466 1725 732 1782 cisionem
782 1723 949 1794 [Lips.
996 1724 1047 1776 in
1106 1739 1273 1793 marg.
1328 1720 1823 1793 circumcisionem]
1877 1719 2063 1776 carnis

2162 520 2324 590 nique
2353 520 2526 574 macie
2556 519 2796 575 tabidum
2826 534 2988 591 atque
3010 521 3337 587 deformem,
3365 531 3423 578 et
3450 532 3635 575 contra
3661 519 3759 575 Ju-

2155 614 2396 669 dzeorum
2427 614 2685 683 populum
2717 630 2819 667 una
2849 630 2971 669 cum
3002 615 3208 683 Moyse,
3235 614 3555 686 patriarcbis
3582 625 3757 683 atque

2157 706 2465 777 prophetis,
2506 722 2714 760 sunnna
2750 709 3133 775 triputliautetn
3165 709 3373 771 laetitia,
3410 718 3467 763 et
3511 706 3763 773 splendi-

2158 796 2386 852 dissimo
2419 798 2623 853 lumine
2653 811 3054 863 coruscantem,
3089 800 3324 854 suadens
3356 801 3400 853 si
3428 800 3608 854 mallet
3642 814 3761 851 meo

2155 888 2248 943 riti
2287 904 2353 944 ac
2383 889 2736 944 beatitudinis
2779 892 2995 943 illorum
3046 891 3315 961 particeps
3346 891 3486 958 ﬁeri,
3517 892 3761 945 circum-

2158 981 2423 1037 cisionem
2449 998 2666 1053 quoque
2695 983 2974 1053 suscipere
2999 983 3303 1039 festinaret.
3336 984 3540 1037 Horum
3576 985 3765 1052 itaque

2162 1072 2410 1141 profecto
2440 1082 2548 1127 tam
2581 1074 2882 1143 lugubriter
2919 1090 3083 1130 nemo
3113 1074 3304 1129 luisset
3333 1073 3545 1137 illusus,
3587 1072 3637 1126 si
3676 1088 3768 1125 ra-

2163 1165 2367 1220 tionem
2396 1164 2746 1220 discretionis
2771 1166 2931 1235 hujus
2963 1166 3177 1234 assequi
3211 1164 3529 1219 laborasset.
3554 1164 3769 1230 Quam-

2163 1257 2351 1312 obrem
2380 1256 2435 1311 in
2465 1265 2727 1327 quantum
2757 1257 3119 1326 perniciosum
3158 1256 3226 1311 sit
3262 1255 3609 1312 discretionis
3636 1270 3765 1325 gra-

2165 1348 2294 1402 tiam
2329 1363 2436 1403 non
2471 1348 2693 1416 habere,
2741 1350 3037 1405 multorum
3081 1363 3240 1405 casus
3281 1358 3337 1406 et
3385 1349 3768 1420 experimenta

2165 1440 2468 1498 declarant.

2775 1512 3011 1570 CAPUT
3049 1513 3143 1569 IX.

2314 1604 2663 1676 Interrogatio
2694 1604 2759 1659 de
2786 1606 3103 1674 acquirendo
3129 1620 3249 1659 vera
3288 1605 3617 1659 discretione.

2240 1718 2323 1773 Ad
2382 1719 2497 1774 haec
2551 1718 2858 1775 Germanus
2912 1736 2928 1774 :
2984 1720 3052 1776 Et
3106 1720 3335 1775 novellis
3391 1720 3663 1788 exemplis
3717 1729 3773 1775 et

466 1817 626 1887 lapsu
657 1814 950 1871 miserabili
984 1812 1147 1869 fuerit
1190 1814 1493 1870 devolutus.
1538 1813 1672 1868 Nam
1710 1814 2064 1870 cum'volens
2095 1822 2143 1883 Β
2172 1810 2586 1867 dellnitionibus
2641 1812 2987 1882 antiquorum
3036 1810 3167 1868 satis
3221 1810 3436 1866 abunde
3490 1812 3775 1881 perpatuit

467 1922 595 1965 eum
623 1906 1016 1962 consuetudine
1054 1908 1321 1962 visionum
1362 1906 1428 1961 ad
1458 1907 1837 1963 credulitatem
1869 1908 2066 1964 luturze

469 2001 807 2070 deceptionis
853 2001 1079 2066 illicere,
1122 2000 1404 2055 verissima
1444 2016 1675 2071 qumque
1715 2000 1887 2056 multo
1922 2009 2067 2057 tem-

470 2107 606 2165 pore
635 2092 883 2148 diabolus
913 2094 1059 2149 velut
1100 2093 1343 2149 veritatis
1373 2094 1595 2148 nuntius
1636 2093 1955 2161 rerelasset,
1998 2093 2066 2148 ad

470 2195 782 2243 extremum
812 2186 1052 2243 ostendit
1086 2184 1452 2241 Christianum
1501 2186 1755 2255 populum
1790 2200 1897 2240 una
1940 2200 2068 2240 cum

472 2276 810 2349 principibus
835 2277 1112 2349 religionis
1140 2290 1203 2333 ac
1236 2276 1364 2332 ﬁdei
1393 2286 1614 2346 nostrae,
1645 2276 1921 2347 Apostolis
1960 2277 2069 2332 sci-

2174 1908 2562 1963 discretionem
2614 1906 2823 1963 fontem
2870 1907 3279 1978 quodammodo
3321 1915 3487 1977 atque
3527 1906 3772 1961 radicem

2176 2008 2495 2057 cunctarum
2544 2014 2668 2056 esse
2715 2000 3000 2055 virtutum.
3052 1998 3335 2066 Quomodo
3381 2012 3512 2068 ergo
3562 1997 3773 2067 acquiri

2177 2094 2403 2161 debeat,
2434 2092 2687 2162 cupimus
2718 2092 2875 2148 nobis
2902 2092 3130 2163 exponi,
3160 2100 3254 2146 aut
3280 2089 3772 2161 quemadmodum,

2180 2194 2363 2241 utrum
2384 2200 2513 2240 vera
2534 2193 2589 2241 et
2610 2200 2679 2241 ex
2702 2184 2837 2250 Deo,
2862 2200 2930 2239 an
2956 2183 3091 2239 falsa
3111 2193 3166 2239 et
3184 2182 3457 2238 diabolica
3480 2182 3574 2249 sit,
3602 2183 3775 2252 possit

2182 2278 2401 2348 agnosci
2446 2292 2462 2335 :
2494 2285 2557 2331 ut
2594 2276 2892 2332 secundum
2924 2276 3070 2332 illam
3101 2276 3490 2347 evangelicam,
3546 2284 3570 2313 ε
3604 2289 3769 2347 quam

1554 2389 1811 2445 ALARDI
1850 2389 2086 2446 GAZAEI
2124 2388 2693 2446 COMMENTARIUS.

553 2498 580 2525 ι
609 2488 723 2543 Hoc
746 2487 887 2543 idem
912 2485 1244 2553 exemplum,
1270 2492 1359 2537 aut
1381 2482 1526 2537 aliud
1554 2492 1701 2538 certe
1724 2484 2062 2540 simillimum

475 2559 644 2616 relert
660 2558 956 2611 Antiochus
979 2555 1275 2611 monachus
1288 2555 1607 2610 Palaestinos
1630 2555 1755 2609 vita:
1777 2558 2067 2611 sanctitate

475 2639 532 2687 et
580 2628 823 2684 doctrina
855 2628 1085 2683 celebris
1106 2667 1120 2689 ,
1152 2627 1306 2695 cujus
1333 2635 1546 2681 exstant
1571 2626 1809 2680 homiliae
1859 2626 1960 2682 129
2013 2629 2067 2682 in

477 2700 739 2757 Bibliotb.
764 2700 861 2754 SS.
887 2699 1127 2753 Patrum.
1153 2697 1302 2759 Fuit,
1333 2698 1504 2767 inquit
1531 2696 1765 2769 (Bibliot.
1789 2697 1886 2751 SS.
1915 2698 2066 2752 Patr.

478 2782 518 2826 ι.
540 2771 605 2831 ll,
630 2772 769 2823 hom.
798 2770 913 2833 84),
947 2772 998 2823 in
1027 2780 1196 2823 monte
1237 2770 1368 2823 Sina
1398 2768 1681 2821 monachus
1720 2769 1950 2838 quidam.
1982 2772 2074 2838 qui

480 2842 678 2897 celebre
704 2842 832 2894 adeo
863 2842 1021 2894 edidit
1044 2857 1151 2896 sua:
1170 2840 1493 2893 continentite
1509 2841 1855 2910 specimen,ut
1872 2841 1924 2892 in
1955 2840 2069 2894 cel-

479 2913 589 2967 lula
608 2912 797 2965 multos
820 2913 999 2965 vixerit
1014 2929 1178 2966 annos
1200 2912 1463 2975 inclusus;
1488 2922 1743 2975 postremo
1760 2910 2070 2981 imnltifariis

480 2984 873 3038 revelationibus
896 2983 1092 3036 diaboli
1108 2993 1155 3035 et
1170 2982 1436 3036 insomniis
1450 2980 1633 3035 illusus
1654 2982 1721 3034 ad
1739 2980 2070 3037 Judaisntum

481 3055 727 3122 delapsus
753 3063 846 3114 est,
880 3063 925 3106 et
954 3055 1123 3107 carnis
1139 3054 1599 3107 circumcisionem.
1628 3050 1931 3123 Cumigitur
1957 3055 2073 3109 dia-

483 3125 629 3179 bolus
642 3125 762 3195 huic
775 3125 1057 3177 identidem
1072 3142 1187 3177 vera
1199 3125 1435 3195 quaedam
1449 3124 1709 3195 Insomnia
1722 3124 2070 3179 demonstras-

483 3210 581 3260 set,
602 3205 651 3249 et
664 3194 739 3249 vel
745 3197 819 3247 uti
836 3195 1030 3257 obiecta
1044 3192 1279 3249 illecebrn
1294 3195 1564 3247 inescasset
1581 3192 1723 3246 illius
1746 3194 2071 3247 obscuratum

2175 2495 2285 2539 tum
2310 2483 2576 2557 locorum,
2602 2494 2717 2557 tum
2738 2493 3041 2554 temporum
3068 2484 3514 2553 circumstantia,
3534 2502 3660 2557 quae
3690 2486 3775 2542 al-

2176 2565 2351 2629 terum
2383 2558 2451 2629 ab
2475 2556 2649 2611 altero
2689 2556 2963 2629 diversum
3008 2572 3129 2629 esse
3151 2599 3167 2624 ,
3200 2574 3303 2611 non
3334 2556 3771 2629 eumdem,per-

2177 2628 2363 2690 spicue
2406 2627 2803 2699 demonstrant.
2850 2627 2980 2682 Nam
3034 2628 3119 2682 hic
3172 2628 3473 2699 monachus
3514 2627 3659 2699 (Gal;
3691 2630 3768 2699 tv)

2175 2698 2514 2770 Sinaitag(est
2538 2712 2707 2752 autem
2752 2699 2888 2755 Sina
2916 2715 3062 2754 mons
3092 2700 3144 2752 in
3172 2697 3387 2767 Arabia)
3431 2697 3572 2755 teste
3623 2697 3769 2769 Apo-

2176 2769 2338 2834 stolo,
2355 2769 2446 2824 ille
2468 2771 2947 2839 Mesopotamenus
2973 2770 3236 2825 astruitur
3251 2789 3266 2824 :
3281 2770 3373 2825 ille
3394 2770 3660 2826 Cassiano
3680 2780 3771 2824 aut

2142 2886 2145 2889 .
2179 2843 2443 2913 anterior,
2491 2850 2582 2895 aut
2611 2842 2857 2909 aqualis,
2878 2849 2939 2913 et
2982 2843 3355 2913 syncltronus;
3397 2842 3487 2895 hic
3512 2841 3632 2898 fere
3672 2841 3773 2896 du-

2180 2911 2357 2966 centis
2375 2913 2850 2984 annisposterior.
2874 2911 3026 2984 Vixit
3046 2913 3190 2984 enim
3216 2912 3515 2967 Antiochus
3542 2914 3658 2981 ille,
3683 2913 3770 2984 qui

2181 2998 2299 3037 rem
2352 2983 2654 3047 describit,
2706 2992 2761 3038 et
2793 2983 3119 3038 monachum
3172 2982 3321 3037 illntn
3351 2992 3659 3051 apostatam
3704 2982 3773 3039 se

2181 3052 2384 3109 vidisse
2415 3064 2667 3120 testatur,
2699 3064 2942 3123 tempore
2972 3054 3206 3109 Heraclii
3255 3054 3452 3123 imper.
3484 3056 3635 3109 circa
3681 3071 3773 3109 an-

2184 3139 2310 3178 num
2337 3125 2546 3179 Domini
2568 3126 3021 3181 sescentesimum
3050 3126 3366 3195 vigesimum
3391 3124 3562 3192 (unde
3586 3138 3643 3181 et
3676 3127 3773 3179 Ba-

2183 3196 2371 3267 ronius
2405 3207 2442 3249 t.
2474 3196 2608 3261 VIII,
2642 3195 2742 3251 hoc
2764 3198 3071 3267 exemplum
3104 3196 3547 3267 ponitsubanno
3572 3195 3771 3251 Christi

482 3276 727 3344 mentem,
750 3268 1020 3320 novissime
1040 3265 1367 3344 oculisillius
1388 3266 1564 3336 objicit
1587 3266 1848 3344 copiosam
1869 3268 2074 3344 turbam
2106 3283 2150 3344 (ς
2184 3265 2303 3344 (illi,
2348 3267 2575 3344 Heraclii
2608 3269 2864 3344 animo);
2894 3265 3187 3344 Cassianus
3214 3266 3683 3344 vero_Theodos_io
3720 3275 3771 3322 et

484 3338 875 3417 apostolorum,
923 3348 1250 3417 martyrum,
1296 3335 1621 3417 aliorumque
1667 3336 1835 3417 omnis
1877 3339 2077 3404 generis

486 3408 897 3464 Christianorum
918 3406 1235 3478 densissimis
1258 3406 1478 3459 tenebris
1496 3418 1541 3478 et
1554 3406 1692 3457 omni
1714 3406 1962 3478 dedecore
1985 3424 2079 3478 0p-

484 3481 676 3551 pletam
693 3494 713 3541 ;
732 3488 876 3546 parte
898 3478 1135 3551 opposita
1153 3474 1934 3551 osen,AprophetastOpulum
1953 3474 2078 3551 quo-

485 3493 676 3551 ptetam
693 3494 713 3541 ;
732 3493 876 3546 parte
898 3493 1135 3548 opposita
1153 3493 1356 3538 mosen,
1376 3493 1670 3547 prophetas,
1725 3493 1934 3543 aputum
1953 3495 2078 3546 quo-

485 3567 585 3617 que
608 3549 917 3603 Judteorum
948 3548 1083 3620 (Deo
1123 3548 1321 3617 alioqui
1349 3547 1593 3610 invisum)
1622 3493 1775 3620 9/75"
1805 3549 2079 3620 splendida

487 3615 770 3675 admodum
804 3622 918 3674 luce
945 3615 1255 3681 conspicuos
1278 3660 1291 3682 ,
1324 3620 1474 3687 inque
1500 3617 1694 3685 gaudio
1724 3626 1771 3670 et
1812 3615 2082 3673 hilaritate

485 3694 646 3746 vitam
672 3692 1015 3746 traducentes.
1055 3690 1178 3744 Hau:
1209 3707 1326 3743 cum
1354 3697 1630 3761 spectasset
1658 3689 1831 3753 miser,
1870 3704 1905 3761 e_
1924 3691 2077 3744 vesti-

488 3765 573 3835 gio
603 3764 853 3833 surrexit,
884 3762 1230 3833 derelictoque
1249 3758 1427 3815 sancto
1455 3758 1551 3814 illo
1578 3771 1769 3835 monte,
1799 3759 2081 3835 in__l’ala;'s-

489 3830 651 3907 iinam
696 3830 857 3905 usque
883 3830 1411 3907 pertienit,'rectaque
1457 3832 1718 3907 contendit
1750 3832 1804 3884 in
1837 3830 1994 3887 Maro
2033 3843 2083 3888 et

488 3904 799 3987 Ifibgadent,
816 3904 965 3987 nsgla
985 3904 1309 3987 Judteorum.
1330 3904 1457 3956 (lum
1480 3904 1594 3987 istis
1615 3904 1941 3985 denarrasset
1962 3921 2081 3987 qua:

487 3973 731 4030 sibi'visw
751 3973 991 4045 fuissent,
1018 3975 1306 4028 diabolicas
1328 3973 1701 4043 apparitiones,
1739 3973 2081 4029 circumcisus

490 4056 587 4108 est,
627 4064 686 4100 ac
721 4049 984 4119 professus
1023 4046 1349 4119 Judaismuin
1373 4046 1615 4119 .“acccpit
1646 4060 1894 4119 uxorem,
1928 4046 2081 4119 inque

490 4114 731 4172 omnium
772 4114 1069 4189 prospectu,
1113 4116 1357 4189 adversus
1386 4114 1896 4189 Christianosedidit
1932 4114 2081 4189 _dog-

488 4199 649 4252 mata,
671 4184 1029 4259 propugnator
1049 4192 1217 4251 factus
1242 4185 1479 4259 Judaictc
1501 4186 1901 4250 superstitionis.
1923 4184 1971 4238 Η
1980 4184 2081 4239 unc

489 4275 583 4329 ego
614 4256 739 4317 vidi,
770 4256 830 4310 ac
845 4256 1088 4325 plerique
1130 4256 1533 4329 monachorum;
1563 4270 1725 4329 neque
1767 4259 1902 4309 enim
1951 4274 2081 4323 qua-

491 4324 612 4382 tuor
656 4330 778 4379 anni
819 4338 938 4380 sunt
974 4324 1009 4379 a
1038 4336 1201 4379 morte
1222 4324 1400 4388 illius,
1451 4342 1551 4395 qua
1577 4326 1758 4379 misere
1804 4338 2081 4396 perruptas

490 4408 567 4453 est
593 4414 609 4451 :
658 4399 887 4450 catarrhi
916 4400 1049 4450 enim
1091 4398 1407 4466 proﬂuvium
1435 4396 1758 4461 aliquamdiu
1788 4414 1971 4466 passus
1993 4443 2006 4465 ,
2032 4408 2079 4452 et

490 4470 739 4523 vermium
768 4470 1036 4522 arrosione
1058 4472 1416 4520 comabescens
1445 4466 1741 4532 exspiravit.
1776 4466 1935 4521 Hunc
1964 4485 2079 4522 cum

489 4541 791 4594 vidissemus
812 4579 826 4604 ,
877 4555 970 4610 ego
1016 4549 1062 4591 et
1091 4540 1183 4591 alii
1214 4535 1415 4607 aliquot
1452 4538 1695 4610 monachi
1708 4540 1977 4610 ,_correpti
2010 4543 2078 4593 ti-

488 4627 635 4665 more
656 4610 870 4680 ingenti,
893 4608 1007 4661 cum
1032 4610 1178 4663 luctu
1206 4608 1480 4680 lamentati
1497 4624 1694 4680 sumus.
1724 4608 1852 4664 Erat
1882 4611 1937 4662 id
1956 4629 2080 4666 sane

2192 3335 2564 3392 Valentiniano
2579 3335 2951 3405 regnantibus,
2968 3340 3070 3393 sub
3082 3341 3275 3408 quibus
3290 3339 3454 3393 etiam
3470 3338 3595 3394 vita:
3611 3339 3767 3393 finem

2184 3412 2414 3478 accepit,
2442 3423 2582 3462 anno
2607 3408 3141 3480 quadringentesimo
3159 3411 3538 3480 trigentesinto
3557 3411 3763 3477 quinto,

2185 3486 2244 3531 ut
2274 3491 2464 3532 auctor
2495 3490 2596 3550 est
2642 3478 2998 3536 'I‘rithemius.
3041 3478 3325 3548 QnomOdo
3376 3496 3508 3550 ergo
3548 3494 3765 3535 narrare

2187 3552 2453 3622 potuisset
2478 3548 2787 3622 cassianus,
2819 3552 2963 3622 quod
2994 3552 3336 3622 annispaulo
3363 3548 3542 3607 minus
3570 3551 3766 3606 ducen-

2185 3619 2253 3672 tis
2282 3629 2401 3688 post
2442 3619 2609 3690 ipsius
2630 3619 2926 3677 obitum'ex
2961 3621 3210 3677 Antiochi
3244 3624 3558 3677 narratione
3598 3624 3768 3677 conti-

2184 3689 2329 3762 gisse
2352 3689 2735 3759 cognoscitur?
2763 3693 2954 3747 Restat
2982 3695 3164 3762 igitur,
3190 3702 3247 3747 ut
3269 3694 3409 3748 alius
3428 3708 3459 3748 a
3490 3695 3763 3757 Cassiano,

2185 3759 2325 3815 alios
2362 3762 2442 3834 ab
2474 3765 2737 3818 Antiocho
2768 3759 3065 3818 monachus
3088 3765 3403 3834 designetur
3436 3782 3451 3819 :
3491 3767 3656 3819 simili
3688 3774 3765 3819 ta-

2184 3846 2310 3885 men
2361 3832 2511 3901 lapsu
2564 3844 2618 3888 et
2666 3834 2917 3888 illusione
2948 3832 3307 3890 diabolica'ad
3345 3834 3683 3891 Judaismum
3715 3844 3765 3890 et

2184 3901 2650 3975 circumcisionem
2692 3906 3005 3975 perductus.

2253 3972 2282 4011 ι)
2312 3974 2368 4029 Id
2397 3988 2501 4041 est,
2530 3972 2767 4046 seipsnm
2795 3977 3023 4033 Iudaico
3052 3992 3202 4033 more
3221 3977 3644 4033 circumciderit.
3671 3976 3760 4031 Cui

2184 4047 2382 4099 merito
2412 4047 2570 4112 tthjici
2603 4050 2775 4113 potuit
2801 4047 2931 4103 illud
2976 4049 3217 4118 Apostnli
3245 4048 3310 4104 ad
3340 4048 3566 4104 Galatas
3609 4046 3764 4104 simili

2184 4130 2373 4187 errore
2396 4121 2669 4187 deceptos,
2693 4128 2749 4172 et
2769 4122 2834 4171 ad
2858 4120 3195 4175 Judaismum
3219 4131 3275 4175 et
3296 4119 3763 4175 circumcisionem

2183 4185 2471 4241 devolutos
2505 4185 2644 4263 {hic
2670 4191 2814 4243 stulti
2844 4193 2981 4254 estis,
3014 4202 3065 4244 ut
3095 4207 3209 4244 cum
3257 4190 3446 4263 spiritu
3484 4192 3763 4263 ceperitis,

2185 4208 2471 4241 ucvntutns
2505 4208 2517 4240 :
2554 4208 2644 4241 mc
2670 4208 2812 4243 stum
2844 4208 2981 4254 esus,
3014 4208 3065 4244 ut
3095 4208 3209 4244 cum
3257 4208 3279 4243 ε
3321 4208 3446 4244 tritu
3484 4208 3760 4263 εωρεηηε,

2185 4272 2321 4333 nunc
2339 4274 2490 4312 carne
2508 4258 2585 4330 (id
2605 4272 2709 4333 est,
2730 4264 2935 4333 carnali
2955 4208 3760 4333 cmremouiafronsummemini.

2184 4326 2353 4399 Tanta
2394 4326 2533 4399 passi
2579 4332 2701 4385 estis
2746 4332 2857 4387 sine
2907 4350 3067 4387 causa
3094 4374 3108 4397 ,
3167 4335 3210 4387 si
3260 4326 3425 4385 tamen
3473 4333 3587 4385 sine
3617 4348 3763 4384 causa

2184 4396 2329 4472 (Cal.
2364 4396 2487 4472 tu)?
2514 4401 2580 4456 Et
2611 4418 2822 4457 rursum
2852 4405 2983 4457 illttd
3012 4419 3131 4470 cap.
3166 4419 3195 4455 v
3237 4421 3251 4455 :
3287 4403 3414 4472 Ecce
3440 4420 3534 4472 ego
3566 4401 3762 4472 Paulus

2183 4468 2484 4542 dicogcobis,
2515 4474 2755 4542 quoniam
2783 4475 2827 4528 si
2858 4468 3302 4528 circumcidamini
3324 4514 3339 4535 ,
3367 4468 3599 4526 Christus
3628 4470 3762 4542 vobis

2183 4540 2320 4614 nihil
2370 4540 2621 4614 proderit.
2649 4544 2920 4613 Testificor
2950 4556 3122 4599 autem
3171 4560 3351 4598 rursus
3379 4542 3517 4596 omni
3566 4541 3761 4614 homini

2184 4611 2571 4685 circumcidenti
2613 4632 2666 4668 se
2686 4657 2699 4676 ,
2729 4611 2969 4685 quoniam
3000 4617 3198 4671 debitor
3222 4625 3296 4670 est
3339 4614 3603 4685 universas
3632 4611 3758 4685 legis

490 4698 648 4755 quam
690 4667 981 4755 miserabile
1034 4679 1405 4755 spectaculum.
1441 4677 1536 4731 Vir
1562 4679 1643 4731 hic
1666 4688 1801 4733 totus
1835 4685 2076 4755 incanue-
2105 4667 2155 4726 Ῐ)
2181 4683 2433 4751 facienda:
2463 4700 2481 4737 :
2514 4667 2654 4738 nam,
2674 4667 2967 4739 in'Christo
2990 4667 3293 4755 Jés’ainq'ie'
3320 4684 3640 4739 circumcisio
3666 4667 3762 4755 ali-

487 4752 571 4807 rat
602 4754 653 4805 in
677 4753 971 4805 mouastica
1000 4752 1393 4817 exercitatione,
1422 4763 1857 4814 consenueratque
1884 4754 2074 4806 labori-

490 4825 586 4879 bus
611 4823 857 4889 attritus;
895 4834 941 4876 et
970 4826 1012 4877 is
1041 4824 1248 4876 tandem
1294 4837 1408 4874 cum
1436 4820 1737 4876 mulieribus
1769 4822 2073 4891 iocabatur;

488 4896 875 4950 immundarum
897 4895 1152 4959 carnium,
1179 4908 1358 4964 nempe
1374 4891 1718 4964 Iudaicarum
1741 4904 1888 4964 gustu
1914 4910 1970 4947 se
1985 4895 2075 4949 de-

492 4968 717 5039 j'tedabat
758 4978 802 5018 et
848 4964 1188 5039 i‘nquinabat;
1232 4962 1383 5039 verba
1431 4962 1996 5039 loqttebatunobsctena
2024 4977 2077 5022 et

486 5033 754 5107 impudica
778 5053 797 5102 ;
823 5033 1205 5107 blaSphemabat
1230 5036 1523 5097 Christum;
1554 5033 1809 5107 Spiritum
1838 5046 2073 5091 sanctum

486 5106 591 5163 non
636 5106 1213 5178 tolerandisafﬁciebat
1252 5106 1597 5178 contumeliis.
1647 5106 1711 5178 Et
1740 5109 1875 5159 hunc
1916 5108 2072 5178 talem

485 5180 565 5235 illi
591 5183 703 5233 sine
720 5181 828 5249 lege
849 5177 1024 5232 Judtei
1042 5178 1320 5232 secundum
1343 5177 1592 5230 vocabant
1613 5177 1894 5230 Abraham.
1924 5177 2070 5249 Iluc-

486 5268 660 5319 usque
702 5247 784 5305 de'
826 5250 1090 5304 monacho
1137 5250 1228 5302 illo
1258 5264 1286 5319 a
1317 5248 1564 5302 daemone
1596 5250 1754 5301 illuso
1789 5258 1841 5301 et
1872 5247 1939 5301 ad
1972 5248 2069 5303 Ju-

488 5318 755 5375 daismum
786 5323 1038 5390 prolapso
1064 5318 1384 5373 Antiochus.
1411 5319 1491 5372 An
1523 5333 1655 5390 vero
1686 5320 1824 5372 idem
1856 5319 1969 5379 ille,
1998 5336 2066 5373 an

486 5393 625 5446 alius
651 5389 920 5446 exstiterit
952 5392 1285 5453 monachus,
1318 5406 1438 5442 cum
1471 5390 1569 5442 hoc
1600 5389 2066 5455 Μεςοιιοιεηημηο,

485 5463 642 5531 cujus
668 5463 918 5525 deceptio
943 5503 957 5526 ,
1012 5471 1066 5515 ct
1097 5466 1277 5531 lapsus
1309 5460 1409 5511 hoc
1442 5476 1559 5527 cap.
1595 5457 1846 5521 refertur,
1872 5460 2067 5531 merito

487 5534 719 5585 dubitari
775 5543 971 5599 potest.
1022 5532 1151 5585 Nam
1184 5541 1237 5583 «ει
1264 5533 1431 5601 stylus
1472 5541 1525 5584 et
1556 5539 1713 5583 tottu~
1744 5530 2066 5583 narrationis

487 5612 773 5657 contmtns
800 5605 1043 5655 catmleni
1074 5618 1179 5668 pr‘r
1213 5620 1272 5653 se
1316 5606 1455 5654 I'erri-
1486 5606 1732 5653 videntur
1764 5603 2066 5663 historiam,

490 5674 591 5725 nisi
634 5674 775 5740 quod
809 5674 1050 5738 ejn~detn
1086 5674 1328 5723 nn-navhi
1358 5676 1699 5725 miserandus
1726 5675 1971 5723 interitus
2016 5682 2070 5725 et

488 5742 757 5796 horrenda
793 5743 1002 5808 punitio
1030 5742 1288 5810 divinitus
1330 5744 1480 5795 tllata
1531 5744 1741 5810 plenius
1768 5753 1822 5797 et
1846 5757 2069 5810 expres-

488 5811 601 5866 sius
626 5812 694 5865 ab
717 5810 986 5864 Antiocho
1008 5809 1355 5865 describitur.
1377 5811 1448 5865 At
1472 5826 1503 5867 e
1526 5809 1742 5867 diverso
1769 5809 2073 5882 repugnant

2180 4755 2305 4827 quid
2336 4755 2493 4823 valet,
2528 4772 2687 4826 neque
2715 4758 3057 4827 prteputium;
3087 4760 3174 4810 sed
3210 4758 3357 4824 fides,
3385 4770 3502 4824 qua!
3525 4770 3615 4826 per
3643 4754 3761 4827 CM-

2180 4826 2388 4879 ritatem
2439 4826 3110 4898 operatur.'TalesAetiam
3170 4827 3433 4898 Ebiontta:
3485 4826 3757 4888 haeretici,

2181 4903 2320 4949 teste
2347 4896 2479 4948 divo
2516 4897 2841 4966 Hieronymo
2882 4896 2982 4964 ‘(ln
3015 4914 3062 4953 c.
3095 4914 3127 4951 v
3152 4901 3219 4951 ad
3258 4896 3406 4966 Gal.)
3457 4904 3758 4951 asserentes

2180 4980 2280 5019 una
2330 4980 2449 5020 eum
2509 4967 2775 5035 baptismo
2829 4968 3301 5023 circumcisionem
3330 4974 3388 5020 et
3431 4967 3611 5036 legem
3640 4982 3754 5020 cum

2182 5036 2474 5110 Evangelia
2503 5039 2843 5093 servandam.
2887 5038 3178 5110 (Epiplmn.
3221 5040 3275 5091 in
3311 5037 3536 5102 Panar.,
3582 5039 3754 5093 haeres.

2180 5106 2435 5177 30.)Non
2487 5110 2624 5162 male
2671 5119 2849 5165 autem
2898 5106 3118 5176 ponitur
3161 5112 3341 5166 carnis
3380 5112 3627 5165 concisio
3667 5123 3757 5177 pro

2175 5179 2607 5250 circumcisione.
2638 5180 2768 5234 Nam
2791 5191 2845 5235 et
2868 5181 3163 5249 Apostolus
3187 5184 3251 5234 ad
3278 5180 3657 5250 Philippenses
3685 5193 3754 5240 ut,

2176 5263 2282 5302 tton
2311 5249 2780 5307 circumcisionem
2799 5292 2815 5316 ,
2848 5251 2941 5305 sed
2968 5254 3335 5307 concisionem
3385 5249 3549 5305 vncat
3576 5292 3592 5316 ,
3618 5254 3755 5304 velut

2176 5333 2271 5386 per
2294 5328 2690 5388 eontemptum,
2726 5323 2912 5376 dicens
2964 5339 2977 5375 :
3017 5323 3192 5377 Videte
3232 5323 3579 5376 concisionem
3602 5332 3629 5379 :
3661 5336 3755 5372 non

2174 5390 2422 5461 dignatus
2474 5392 2944 5447 circumcisionem
2980 5394 3294 5461 appellare,
3344 5402 3404 5448 ut
3453 5394 3668 5447 nutavit
3699 5393 3752 5445 υ.

2174 5459 2553 5529 Hieronymus.

2250 5542 2271 5568 ε
2306 5533 2473 5597 Quam
2496 5533 2631 5587 alias
2656 5532 2789 5587 dixit
2816 5543 3142 5602 prmeeptum
3170 5534 3404 5597 Domini,
3431 5544 3486 5585 ιιι
3513 5532 3755 5587 videlicet

2176 5605 2345 5655 simus
2375 5607 2550 5671 probi,
2584 5619 2678 5658 seu
2712 5604 3018 5669 probabiles
3051 5606 3346 5672 trapezittc,
3382 5606 3496 5657 sive
3513 5620 3755 5672 nummu-

2178 5673 2339 5725 larii:
2391 5675 2458 5727 de
2502 5690 2605 5744 qua
2665 5680 2929 5728 sententia
2984 5671 3179 5742 praeter
3214 5677 3348 5729 ειΙὶοκ
3384 5686 3636 5729 auctores
3691 5671 3756 5727 tbi

2176 5744 2371 5798 citatos
2397 5785 2412 5810 ,
2462 5748 2579 5801 hare
2608 5746 2770 5801 habet
2796 5747 2857 5801 Ι).
2891 5745 3146 5801 Clemens
3178 5748 3272 5802 lib.
3306 5761 3343 5801 Il
3373 5746 3604 5801 Constit.
3637 5760 3753 5813 cap.

2176 5813 2248 5874 δι
2294 5833 2306 5870 :
2338 5814 2513 5871 Estote
2546 5826 2805 5883 tamquam
2848 5818 3133 5884 argentarii
3173 5818 3355 5879 periti.
3405 5815 3478 5873 Ut
3521 5816 3659 5879 enim
3705 5813 3755 5867 bi
