4014 6200
140 290 239 349 537

1190 292 1537 353 COLLATIO
1576 295 1641 353 ιι.
1666 276 1738 340 —‘-
1762 295 1854 353 ne
1895 294 2373 357 DISCRETIONE.

3314 309 3422 369 B38

134 388 415 476 superiore
457 411 691 461 tractatu
727 402 1037 460 disseruisii
1079 403 1301 474 (Collat.
1355 406 1380 460 1
1433 425 1547 481 cap.
1604 408 1719 477 20",
1753 413 1803 473 Α
1828 410 2060 477 cedere,
2116 426 2302 467 verum
2346 412 2513 468 etiam
2557 416 2766 472 cunctis
2803 415 3085 473 fraudibus
3121 429 3176 475 et
3207 420 3419 479 insidiis

133 498 472 570 parabolam,
502 513 607 566 qua
643 498 899 569 jubemur
928 498 1047 555 ﬁeri
1076 500 1386 570 probabiles
1410 502 1685 571 trapezita:
1703 546 1718 571 ,

130 590 446 646 numismati
497 589 815 660 impressam
845 592 963 646 veri
1014 593 1163 662 regis
1213 592 1497 662 imaginem
1541 594 1719 664 pervi-

129 683 355 749 dentes,
402 682 816 753 deprehendere
862 684 1140 738 valeamus
1168 725 1183 749 ,
1242 684 1388 754 quod
1415 700 1521 739 non
1558 685 1627 740 sit
1667 686 1720 741 in

128 785 345 832 moneta
376 776 616 847 legitima
644 776 952 846 ﬁguratum,
976 784 1141 847 atque
1166 776 1328 839 illud.
1352 777 1493 831 sicut
1512 777 1721 848 vulgari

130 883 259 923 usus
303 868 475 923 verbo
516 867 774 923 hesterna
823 869 1118 924 collatione
1165 868 1390 939 dixisti,
1451 880 1721 941 tamquam

131 963 615 1035 paracbaragmum
649 964 1036 1035 reprobemus,
1069 965 1161 1021 illa
1203 967 1456 1022 instructi
1499 968 1720 1039 peritia,

131 1069 290 1122 quam
335 1056 469 1110 satis
514 1055 737 1125 copiose
775 1063 830 1110 et
880 1056 1096 1126 integre
1144 1070 1487 1128 prosecutus,
1520 1060 1722 1116 habere

130 1146 467 1215 spiritalem,
521 1156 682 1218 atque
722 1148 1109 1219 Evangelicum
1156 1152 1472 1219 trapezitam
1521 1152 1723 1208 debere

128 1237 380 1305 signasti.
412 1240 549 1307 Quid
595 1241 736 1296 enim
772 1242 1015 1311 proderit
1050 1243 1271 1298 virtutis
1300 1244 1418 1313 ejus
1450 1254 1508 1300 et
1534 1247 1722 1316 gratiae

126 1330 321 1386 merita
351 1334 669 1404 cognovisse
688 1375 705 1401 ,
737 1336 781 1389 si
805 1336 1264 1403 quemadmodum
1288 1340 1588 1396 debeamus
1618 1356 1719 1396 ex-

126 1434 315 1495 petere
343 1442 463 1483 eam
505 1428 594 1485 vel
623 1430 912 1500 acquirere
940 1432 1289 1487 nesciamus?

753 1519 984 1578 CAI‘UT
1026 1523 1093 1578 Χ.

126 1610 447 1684 Responsio,
492 1616 927 1683 quemadmodum
958 1618 1286 1687 possideatur
1313 1635 1429 1674 vera
1457 1622 1711 1676 discretio.

189 1703 331 1759 Tum
358 1706 577 1777 Moyses
601 1725 615 1761 :
644 1706 807 1777 Vera,
830 1708 1026 1778 inquit,
1051 1710 1309 1765 discretio
1331 1727 1437 1767 non
1460 1713 1564 1768 uisi
1586 1731 1715 1770 vera

1826 503 2032 559 inimici
2075 507 2317 563 servabit
2364 506 2617 563 illiesum.
2667 508 2985 567 Nullatenus
3030 514 3174 568 enim
3237 515 3414 586 decipi

1829 598 2032 667 poterit
2083 599 2337 670 quisque,
2375 601 2421 656 si
2456 616 2563 655 non
2591 617 2691 656 suo
2731 602 2978 672 judicio,
3009 605 3103 660 sed
3149 609 3414 674 majorum

1824 692 1958 745 vivit
1986 693 2266 761 exemplo;
2300 708 2399 749 nec
2429 694 2633 749 valebit
2674 695 2996 767 ignoratioui
3028 698 3148 768 ejus
3183 701 3416 757 callidus

1826 787 1999 840 hostis
2024 785 2276 853 illudere,
2310 787 2401 856 qui
2433 788 2716 843 universas
2746 790 3108 861 cogitatioiies
3156 793 3212 849 in
3245 797 3412 853 corde

1824 890 2112 933 nascentes
2129 879 2435 948 perniciosa
2460 881 2788 937 verecundia
2809 886 2980 938 nescit
3002 885 3281 955 obtegere,
3316 888 3411 942 sed

1824 984 1917 1027 eas
1944 981 2157 1025 maturo
2186 972 2443 1026 examine
2480 973 2756 1028 seniorum
2793 973 2882 1028 vel
2922 976 3177 1045 reprobat
3202 977 3287 1033 vel
3318 978 3414 1031 ad-

1824 1067 2011 1120 mittit.
2044 1064 2199 1119 Illico
2238 1081 2494 1136 namque,
2526 1075 2585 1122 ut
2630 1067 2895 1137 patefacta
2922 1068 3124 1137 fuerit,
3152 1071 3413 1142 cogitatio

1824 1159 2059 1231 maligna
2092 1160 2412 1225 marcescit;
2442 1169 2497 1214 et
2538 1168 2829 1231 antequam
2885 1161 3231 1218 discretionis
3262 1164 3411 1233 judi-

1821 1251 1962 1307 cium
2006 1253 2350 1321 proferatur,
2396 1264 2623 1321 serpens
2669 1252 2982 1309 teterrimos
3028 1254 3413 1317 velutetene-

1822 1345 1985 1401 broso
2009 1359 2072 1399 ac
2095 1344 2453 1399 subterraneo
2479 1358 2646 1413 Specu
2676 1344 2877 1402 virtute
2899 1332 3261 1402 confessionis
3284 1363 3411 1420 pro-

1821 1447 2027 1494 tractus
2074 1438 2140 1492 ad
2185 1438 2402 1503 lucem,
2462 1446 2512 1492 et
2565 1437 2843 1493 traductus
2867 1439 3304 1510 quodammodo,
3345 1457 3410 1499 ac

1818 1531 2205 1593 dehonestatus
2253 1529 2519 1586 abscedit.
2572 1530 2802 1585 Tamdiu
2841 1531 2985 1587 enim
3034 1533 3408 1604 suggestiones

1816 1622 1936 1693 ejus
1961 1624 2139 1677 noxia:
2183 1621 2532 1676 dominantur
2568 1621 2621 1676 in
2650 1622 2838 1688 nobis,
2867 1622 3120 1693 quamdiu
3155 1623 3409 1680 celantur

1818 1718 1871 1772 in
1895 1717 2079 1773 corde.
2123 1715 2191 1771 Et
2216 1724 2275 1770 ut
2303 1715 2560 1770 virtutem
2607 1716 2892 1772 sententiae.
2936 1716 3097 1787 hujus
3125 1716 3403 1779 efﬁcacius

124 1794 434 1854 humilitate
464 1801 785 1869 acquiritur.
835 1811 861 1839 ⁸
890 1801 1056 1872 Cujus
1083 1803 1402 1861 humilitatis
1444 1807 1562 1863 hrec
1603 1809 1711 1864 erit
1739 1794 1788 1854 Β
1813 1811 2107 1881 colligatis,
2133 1809 2364 1864 referam
2388 1809 2543 1865 vobis
2566 1810 2776 1865 abbatis
2807 1822 2828 1849 ε
2855 1810 3165 1882 Serapionis
3182 1811 3403 1879 factum,

122 1892 298 1961 prima
324 1893 606 1965 probatio,
660 1897 705 1951 si
732 1897 983 1951 universa
1017 1912 1122 1952 non
1151 1900 1324 1953 solum
1354 1915 1476 1971 qua:
1504 1902 1711 1972 agenda

121 1997 276 2054 sunt,
330 1987 429 2042 sed
474 1988 641 2043 etiam
684 2004 804 2058 qua:
842 1992 1168 2060 cogitantur,
1211 1992 1485 2048 seniorum
1526 2009 1711 2051 reser-

122 2087 320 2133 ventur
362 2079 600 2134 examini
626 2121 641 2145 .
677 2088 735 2135 ut
764 2080 897 2137 nihil
927 2084 1047 2153 quis
1074 2100 1175 2140 suo
1208 2086 1415 2155 judicio
1445 2088 1711 2154 credens,

120 2170 335 2226 illorum
363 2187 461 2243 per
488 2175 673 2228 omnia
699 2174 1105 2232 deﬁnitionibus
1133 2180 1467 2248 acquiescat,
1494 2190 1551 2236 et
1581 2181 1711 2251 quid

116 2261 320 2319 bonum
348 2265 432 2320 vel
453 2267 655 2321 malum
684 2266 881 2323 debeat
896 2270 1169 2341 judicare,
1196 2285 1384 2327 eorum
1417 2274 1712 2331 traditione

112 2367 430 2427 cognoscat.
462 2357 491 2397 δ
520 2359 654 2428 Quae
697 2362 966 2417 institutio
1013 2378 1120 2418 non
1148 2366 1323 2419 solum
1370 2381 1472 2436 per
1518 2382 1708 2424 veram

110 2448 467 2509 discretionis
496 2454 639 2509 viam
664 2454 921 2524 juvenem
950 2468 1101 2513 recto
1131 2460 1348 2515 tramite
1378 2459 1597 2516 docebit
1620 2463 1707 2517 in-

1815 1903 1960 1976 quod
1994 1903 2083 1958 ille
2121 1902 2432 1972 junioribus
2460 1902 2834 1960 instructionis
2864 1905 3045 1975 gratia
3092 1902 3406 1976 frequenter

1817 1997 2179 2069 proponebat.

2428 2090 2658 2147 CAPUT
2697 2090 2788 2146 XI.

1826 2181 1993 2239 Verba
2019 2183 2220 2238 abbatis
2253 2182 2583 2254 Serapionis,
2607 2192 2654 2236 et
2681 2183 2743 2235 de
2762 2197 2997 2235 marcore
3025 2183 3405 2254 patefacturum

1888 2257 2277 2326 cogitationum,
2302 2262 2351 2308 et
2380 2252 2445 2308 de
2468 2254 2700 2325 periculo
2729 2254 2956 2323 prapriaz
2984 2252 3330 2320 conﬁdentia.

1888 2370 2022 2427 Cum
2078 2368 2254 2424 adhuc
2306 2382 2485 2424 essem
2535 2365 2836 2439 puerulus,
2897 2364 3105 2435 inquit,
3158 2371 3214 2418 et
3280 2378 3407 2420 eum

1814 2464 2010 2522 abbate
2028 2459 2056 2501 ἀ
2077 2463 2305 2520 Theone
2326 2473 2751 2524 commanerem,
2781 2458 2898 2513 hazc
2926 2454 3057 2512 mihi
3088 2454 3266 2512 fuerat
3302 2454 3408 2511 iui-

1205 2594 1465 2650 ALARDI
1504 2594 1737 2654 GAZEI
1772 2595 2337 2655 COMMENTARIUS.

108 2699 347 2757 mima-tos
376 2683 695 2739 adulterinos
731 2696 1032 2757 segregant,
1063 2688 1248 2757 probos
1276 2700 1450 2743 autent
1477 2689 1573 2744 sibi
1601 2694 1699 2745 ad-

110 2756 385 2830 iungunt:
407 2757 481 2809 sic
511 2766 709 2830 oportet
738 2760 1035 2830 episcopum
1066 2756 1184 2825 qua:
1208 2761 1339 2814 vitiis
1379 2762 1583 2830 quidem
1617 2779 1702 2815 ca-

110 2827 210 2901 rent
235 2827 510 2901 retinere;
534 2828 719 2901 uitiosa
740 2844 891 2901 vero,
913 2827 995 2882 uel
1013 2846 1218 2901 curare,
1249 2831 1345 2896 vel,
1379 2827 1421 2884 si
1450 2843 1525 2886 est
1551 2834 1703 2901 (egri-

112 2898 224 2973 tudo
278 2896 582 2973 insanabitis
600 2938 615 2963 ,
637 2900 891 2973 expellere
912 2909 957 2952 et
980 2900 1211 2956 celeriter
1227 2912 1519 2973 amputare,
1544 2896 1706 2962 neque

111 2969 372 3035 quibusvis
423 2969 649 3023 credere.
704 2969 770 3023 Et
826 2969 1150 3025 Damascen.
1210 2969 1324 3027 Iib.'
1360 2989 1411 3027 tv
1460 2969 1529 3029 de
1573 2973 1705 3030 Fide

110 3038 348 3112 Orthnd.
387 3053 442 3112 c.
469 3040 537 3093 18
562 3055 577 3092 :
603 3039 664 3112 Si
700 3048 871 3112 autem
912 3040 1057 3095 abiis
1082 3044 1169 3112 qui
1215 3045 1344 3107 loris
1374 3056 1492 3098 sunt
1532 3046 1707 3098 decer-

111 3127 215 3186 pere
241 3110 532 3181 quippiam
558 3111 682 3186 utile
708 3110 1040 3186 voluerimus,
1077 3110 1219 3186 Iiaud
1247 3116 1569 3186 aspernabile
1608 3128 1705 3174 est.

112 3179 429 3252 Efﬁci'amur
475 3182 679 3250 probati
732 3184 1039 3258 trapezitae,
1084 3179 1368 3255 legitimum
1417 3202 1464 3240 et
1519 3205 1709 3258 parum

111 3266 302 3306 aurum
322 3263 622 3306 acervantes
641 3293 657 3317 ,
687 3253 1043 3327 adulterinum
1080 3253 1249 3310 autem
1272 3253 1554 3327 refutantes
1577 3276 1595 3325 ;
1622 3277 1709 3314 su-

114 3338 606 3401 mamussermones
630 3326 850 3401 optimos
867 3325 1038 3401 .__deos
1057 3338 1230 3382 autem
1258 3325 1505 3383 ridiculos
1535 3343 1582 3385 et
1627 3332 1706 3401 fa-

117 3394 246 3467 bulas
290 3395 488 3448 alienas
523 3396 734 3467 canibus
771 3396 1129 3467 projiciamus.

177 3466 381 3540 {inter
408 3464 609 3540 gradus
633 3464 951 3540 hutnlitatis
973 3469 1165 3536 quinto
1195 3469 1314 3524 loco
1334 3469 1486 3540 ponit
1508 3471 1571 3525 D.
1608 3472 1709 3528 Be-

117 3535 364 3613 nedictus
409 3536 566 3613 (Cap.
600 3536 692 3613 7),⁸
732 3536 806 3613 εἰΔ
830 3535 1111 3613 monacbus
1160 3535 1707 3613 aiiines'cOgitaii‘ones

118 3609 280 3662 malas
322 3608 469 3661 cordi
498 3624 594 3660 suo
624 3608 945 3662 advenientes
970 3609 1142 3664 abbati
1178 3629 1279 3665 non
1312 3608 1549 3667 celaiierit
1587 3631 1703 3667 suo.

120 3675 177 3752 Et
218 3678 372 3733 illlt‘r
420 3679 1084 3752 instrumenta“bonorum
1132 3697 1357 3750 cperuui
1401 3683 1554 3752 (Cap.
1582 3684 1636 3751 tl)
1688 3701 1700 3737 :

123 3744 474 3819 Cogitationes
496 3748 661 3803 malas
682 3750 824 3803 cordi
841 3765 931 3803 suo
949 3744 1271 3806 advenientes
1295 3744 1418 3806 mosi
1438 3744 1512 3806 ad.
1528 3744 1707 3807 Chris-

124 3820 496 3893 tuuiallidere,
524 3831 572 3875 et
598 3820 789 3875 seniori
815 3822 1040 3891 spiritali
1064 3828 1378 3893 patefacere.
1407 3822 1520 3889 Qua
1549 3826 1616 3878 de
1646 3839 1709 3879 re

125 3891 238 3963 alibi
265 3895 511 3963 egimus.
704 3962 709 3963 ί
796 3961 805 3963 Α
1065 3891 1072 3893 ⁷
1185 3891 1192 3893 ⁷
1650 3959 1654 3963 ’

186 3960 211 3999 δ
254 3964 433 4028 Hujus
482 3961 840 4017 institutionis
892 3972 1137 4018 veterum
1192 3963 1411 4019 Patrum
1464 3960 1706 4019 meminit

125 4031 271 4105 etiam
338 4035 571 4088 Pliotius
625 4036 677 4088 in
724 4033 1028 4099 Cassiano,
1075 4036 1165 4105 qui
1200 4044 1351 4090 certe
1394 4036 1594 4089 multus
1644 4050 1706 4090 ac

128 4099 376 4170 frequens
395 4114 479 4159 est
512 4105 566 4158 in
590 4120 652 4159 ea
678 4106 922 4159 doctrina
959 4116 1012 4159 et
1042 4099 1379 4159 institutione
1425 4121 1706 4161 commen-

126 4170 285 4229 danda
329 4184 388 4229 et
429 4175 767 4231 inculcanda.
809 4178 899 4230 Sic
942 4178 1083 4230 enim
1128 4177 1252 4232 alibi
1287 4178 1453 4233 refert
1493 4178 1706 4233 'l'aben-

126 4257 311 4301 neuses
343 4247 531 4302 l’atres
556 4249 897 4302 existimasse
921 4246 971 4300 id
997 4248 1283 4315 plurimum
1307 4251 1702 4304 conduceread

127 4316 423 4382 spiritualis
451 4317 576 4371 vitae
622 4317 965 4373 fundamenta
1017 4320 1169 4373 ﬁrme
1217 4321 1499 4387 jacieuda,
1532 4329 1591 4374 ut
1618 4322 1706 4387 ju-

126 4387 654 4460 niorestentationes
686 4405 812 4444 suas
852 4399 1013 4455 atque
1050 4391 1186 4445 adeo
1218 4392 1572 4460 cogitationes
1607 4406 1702 4444 su-

126 4457 318 4523 periori
351 4471 445 4530 aut
473 4460 672 4514 seniori
709 4476 867 4525 quam
898 4460 1157 4515 citissime
1181 4472 1233 4515 et
1265 4457 1358 4515 sua
1392 4474 1584 4530 sponte
1609 4462 1703 4517 de-

128 4534 297 4605 legant
318 4549 330 4582 ε
350 4527 723 4605 Instituuntur,
749 4531 921 4601 inquit
942 4530 1082 4604 (Lib.
1115 4548 1163 4587 tv
1187 4531 1318 4588 Inst.
1343 4527 1460 4605 cap.
1485 4532 1565 4602 9),
1585 4536 1704 4586 nul-

128 4596 199 4649 las
232 4605 446 4675 penitus
467 4603 802 4675 cogitationes
825 4596 1114 4669 prurientes
1143 4605 1198 4658 in
1226 4604 1381 4657 corde
1406 4596 1703 4675 perniciosa

128 4620 199 4649 ias
245 4620 446 4669 penitus
467 4620 802 4725 coltytttltlonm
830 4620 1114 4669 prurientes
1143 4621 1198 4658 in
1226 4620 1381 4657 carae
1409 4620 1703 4675 perniciosa

127 4671 419 4739 confusione
453 4688 509 4726 ce
534 4688 660 4737 are;
696 4672 785 4725 scd
823 4676 1094 4745 confestim
1140 4687 1195 4727 ut
1240 4684 1433 4728 exorta:
1476 4675 1703 4744 fuerint,

129 4755 206 4816 eas
230 4758 324 4816 suo
372 4745 665 4816 patefacere
704 4746 936 4816 seniori,
968 4761 1059 4797 nec
1096 4763 1248 4816 super
1289 4761 1470 4799 earum
1502 4746 1704 4815 judicio

127 4812 395 4882 quidquam
417 4812 525 4869 sua?
544 4812 1201 4882 discretionicommitteré;
1229 4817 1317 4871 sed
1339 4816 1471 4871 illud
1500 4812 1706 4870 credere

128 4881 311 4955 malum
342 4901 471 4948 esse,
505 4884 584 4939 vel
608 4886 818 4947 bonum,
850 4887 989 4953 quod
1022 4881 1315 4941 discusserit
1349 4898 1440 4942 aut
1469 4903 1706 4955 pronun-

129 4951 314 5027 tiaecrit
342 4957 561 5009 senioris
590 4972 825 5010 examen.
856 4951 1042 5027 Itaque
1068 4959 1124 5027 fit
1149 4967 1201 5011 ut
1232 4960 1282 5012 in
1317 4951 1706 5013 nullo-circum-

127 5024 287 5102 uenire
332 5028 570 5099 juvenem
617 5027 839 5102 callidus
880 5024 1159 5102 inimicus,
1204 5031 1340 5084 velut
1382 5032 1705 5102 inexpertum

128 5093 457 5165 ignarumque
486 5100 783 5165 prtcvaleat,
818 5116 908 5153 nec
945 5100 1053 5153 ulla
1076 5093 1260 5166 fraude
1284 5093 1517 5167 decipere
1554 5117 1705 5169 quem

128 5169 360 5232 prwvidet
390 5186 491 5222 non
523 5185 641 5232 sua,
665 5171 752 5223 sed
788 5172 1003 5223 senioris
1051 5172 1357 5225 discretione
1386 5172 1610 5236 muniri,
1657 5180 1706 5225 et

128 5240 474 5312 suggestiones
499 5256 646 5301 suas.
681 5241 757 5293 rel
777 5242 940 5311 ignita
954 5240 1137 5312 jacula
1162 5258 1494 5310 quacumque
1532 5244 1583 5294 in
1618 5257 1708 5294 cor

131 5306 235 5426 ἕως
253 5308 590 5381 in'erjeccrit,
621 5322 673 5365 ut
698 5306 1129 5375 senioreni'celet,
1158 5306 1259 5365 non
1288 5327 1434 5379 posse
1474 5313 1703 5367 suaderi.

170 5377 213 5426 ie
239 5378 511 5426 eleganter
533 5384 848 5426 Cassianus,
884 5382 965 5426 vel
991 5385 1129 5426 nimii
1159 5385 1477 5426 εἶιιςςιιηιιιηι
1508 5384 1703 5426 vetusti

170 5377 213 5429 ic
239 5377 511 5450 eleganter
533 5384 855 5445 Cassianus,
884 5382 967 5437 vel
991 5385 1129 5451 apud
1159 5377 1477 5437 Cassianum
1508 5384 1707 5437 vetusti

133 5442 419 5505 Pati-es'ile
471 5442 862 5522 cogitationum
894 5454 1000 5507 cita
1027 5442 1473 5508 'itianil'estaiinne
1519 5454 1707 5522 dispu-

134 5523 333 5583 tarunt;
352 5538 471 5588 qua!
496 5524 620 5577 huic
652 5524 769 5575 lni-o
794 5526 948 5590 plane
970 5536 1289 5579 con-ouant.
1320 5524 1517 5577 Eodem
1543 5534 1705 5578 etiam

133 5600 327 5663 :‘ljeclal
362 5594 447 5646 illa
494 5596 556 5647 ι).
593 5594 811 5647 Antonii
855 5597 1153 5648 ειιΙιιιοιιὶιὶι)
1186 5596 1319 5663 apud
1346 5594 1702 5648 Athanasium

132 5653 370 5737 (iubila
394 5663 450 5718 S.
482 5663 724 5737 Antonii)
753 5684 764 5716 :
798 5666 1039 5736 Magnam
1069 5684 1173 5720 esse
1205 5653 1269 5719 ad
1288 5670 1519 5719 virtutem
1542 5670 1705 5730 viain,

130 5730 173 5777 si
200 5730 387 5807 singuli
413 5736 488 5789 vel
518 5730 841 5789 observarent
859 5730 995 5807 quod
1027 5750 1289 5805 gererent,
1326 5738 1405 5791 vel
1447 5739 1711 5790 universas

130 5801 371 5856 tuentium
411 5807 745 5873 cogitationes
791 5801 1044 5874 fratribus
1082 5809 1331 5875 referrent
1371 5824 1388 5863 .'
1430 5825 1528 5863 non
1572 5809 1709 5862 enini

1732 4500 1785 4559 D

1803 2709 1950 2763 posse
1976 2692 2201 2763 aliquem
2231 2706 2465 2760 peccare,
2497 2705 2616 2763 cum
2635 2690 2894 2763 relaturus
2915 2687 3236 2763 _esset_a_lteri
3260 2705 3407 2759 qua:-

1806 2758 2023 2834 cunique
2050 2758 2327 2831 peccasset,
2362 2771 2407 2815 et
2435 2761 2609 2815 subire
2637 2761 2886 2830 pudorem
2908 2760 2961 2813 in
2983 2758 3247 2828 publicum
3275 2758 3401 2813 tur-

1806 2834 1895 2903 pia
1922 2833 2237 2901 proferendi,
2272 2840 2379 2886 etc.

1884 2916 1906 2943 ο
1945 2905 2079 2959 Tres
2129 2902 2377 2972 ejusdem
2434 2901 2670 2957 nominis
2718 2900 3064 2972 anachoretae
3097 2902 3405 2958 sanctitatis

1810 2974 1970 3029 laude
2015 2971 2346 3029 claruerunt.
2396 2973 2607 3027 Primus
2634 2972 2723 3027 ille
2754 2987 2984 3041 magnus
3017 2971 3280 3043 Serapion
3329 2990 3399 3029 ex

1813 3045 2141 3101 anachoreta
2178 3047 2473 3115 episcopus
2503 3042 2780 3099 Tlimueos
2805 3043 2875 3098 ab
2915 3042 3211 3099 Athanasio
3257 3044 3405 3099 ordi-

1813 3127 2002 3182 natus,
2060 3127 2115 3170 ut
2162 3114 2278 3185 ipse
2329 3114 2559 3170 testatur
2604 3114 2655 3169 in
2705 3115 2864 3185 epist.
2910 3115 2977 3170 ad
3026 3115 3401 3171 Dracontiutn.

1816 3189 2007 3243 Exstat
2038 3189 2267 3257 epistola
2291 3187 2534 3258 ejusdem
2566 3186 2847 3241 Athanasii
2874 3186 2939 3241 ad
2970 3186 3218 3242 eumdem
3240 3185 3404 3258 scra-

1814 3260 2030 3329 pionem
2062 3256 2441 3314 ailversus'eos
2472 3259 2561 3325 qui
2599 3258 2887 3314 mussitare
2920 3258 3245 3326 incipiebant
3282 3256 3403 3325 Spi.

1812 3336 1977 3386 ritum
2005 3342 2252 3386 saucium
2278 3346 2401 3387 esse
2427 3338 2733 3384 creaturam
2770 3349 2780 3383 :
2815 3331 3051 3400 itemque
3092 3329 3401 3400 Continen-

1812 3404 1985 3457 tarius
2026 3404 2093 3457 de
2126 3402 2463 3473 blasphemia
2506 3400 2558 3456 in
2599 3401 2861 3473 Spiritum
2906 3397 3151 3473 saiictum
3195 3409 3249 3454 et
3294 3397 3403 3454 alia

1810 3474 2040 3540 epistola
2066 3475 2131 3527 de
2156 3470 2333 3528 morte
2354 3473 2492 3528 Arii.
2514 3472 2634 3540 Agit
2657 3472 2724 3526 de
2740 3473 2930 3526 eodem
2954 3471 3015 3525 S.
3037 3470 3401 3538 Hieronymus

1811 3489 1842 3527 e
1885 3489 2040 3527 istota
2066 3489 2131 3527 ue
2156 3489 2333 3528 morte
2354 3489 2492 3528 Al’tl.
2514 3489 2634 3540 agit
2657 3489 2724 3526 ue
2740 3489 2930 3526 eouem
2955 3489 3015 3525 δ.
3037 3489 3401 3538 nieronymus

1811 3489 1904 3621 llig.
1930 3545 2023 3621 _de
2047 3544 2261 3621 ‘Script.
2320 3544 2531 3621 Eccles,
2574 3552 2629 3596 et
2658 3541 2989 3621 inuenistola
3030 3541 3401 3621 adﬁni-agnum

1810 3612 2008 3736 SrEpist.
2043 3614 2157 3695 84).
2188 3610 2440 3667 Socrates
2473 3615 2573 3692 lib,
2599 3626 2653 3665 iv
2683 3612 2885 3691 Hister.
2918 3624 3039 3679 cap.
3074 3610 3163 3674 l8,
3192 3610 3397 3665 Histor.

1860 3694 2049 3736 rtoart.
2102 3684 2194 3736 lib.
2229 3698 2245 3736 ι
2276 3698 2398 3736 can.
2433 3681 2486 3736 1.
2517 3681 2739 3736 Nicenh.
2785 3681 2881 3732 lib.
2935 3694 2991 3732 ix
3042 3694 3165 3736 can.
3214 3679 3312 3735 η.
3346 3687 3397 3731 et

1860 3679 2049 3758 ripart.
2102 3684 2245 3758 lib_._i
2276 3698 2398 3758 cap.
2433 3681 2739 3758 iLNiceph.
2935 3694 3001 3758 ιι⁸
3042 3694 3169 3758 εειι)ἶ
3214 3679 3402 3758 Manet

1808 3746 2133 3819 ιίὺζιιρθιι.
2164 3752 2254 3807 43.
2288 3746 2438 3806 Alter
2468 3746 2734 3816 Serapion
2773 3748 3094 3812 Sindonius,
3114 3746 3243 3819 ‘sive
3276 3746 3401 3819 Siu-

1810 3823 2025 3877 donites
2063 3817 2252 3893 dictus
2282 3821 2449 3893 (quod
2484 3829 2680 3893 praeter
2703 3819 2993 3893 sindone"!
3034 3817 3401 3893 iiilriljndueu

1811 3897 1941 3960 ret),
1964 3893 2032 3949 de
2052 3908 2161 3962 quo
2186 3886 2337 3945 inira'
2349 3886 2512 3947 refert
2534 3889 2810 3945 Palladius
2833 3888 3049 3944 Lausia.
3072 3888 3159 3962 85.
3183 3886 3399 3943 Tertius

1809 3964 2044 4034 denique
2071 3960 2349 4032 Serapion
2380 3963 2733 4029 Arsenoites,
2781 3962 2970 4014 decem
3012 3960 3400 4034 milliumnio-

1810 4030 2105 4090 nacborum
2152 4030 2320 4089 abbas
2342 4076 2354 4099 ,
2402 4035 2651 4104 idemque
2680 4034 2988 4104 presbyter,
3018 4030 3086 4087 de
3114 4030 3393 4104 quofidem

1812 4106 2084 4161 Palladius
2112 4106 2326 4160 Lausia.
2359 4106 2448 4173 76,
2485 4118 2538 4161 ei
2566 4102 2768 4160 ‘Petrus
2806 4102 2861 4158 iii
2907 4102 3170 4171 Catalogo
3203 4102 3298 4156 lib.
3341 4116 3399 4158 tit

1810 4193 1930 4244 cap.
1961 4177 2088 4233 217.
2119 4178 2193 4232 De
2215 4193 2322 4247 quo
2345 4178 2431 4231 hic
2455 4176 2539 4247 agi
2560 4175 2780 4231 omnino
2807 4175 3084 4240 existimo,
3109 4180 3166 4232 et
3185 4187 3399 4247 cuui‘eo

1812 4243 2047 4303 liabitam
2077 4243 2453 4330 collectionem
2491 4243 2743 4330 quintam
2772 4248 2897 4328 ejus.
2921 4246 3136 4330 opm-ine
3168 4243 3398 4328 inscrip-

1808 4327 1938 4384 tam,
1955 4338 2072 4385 quin
2094 4328 2180 4374 est
2204 4320 2271 4375 de
2291 4328 2415 4375 octo
2440 4316 2829 4389 principalibus
2848 4316 3016 4372 vitiis.
3038 4317 3168 4373 Nam
3190 4316 3397 4389 primus

1809 4390 1904 4446 ille
1933 4390 2179 4446 Cassiani
2211 4402 2423 4447 aetatem
2444 4387 2638 4445 multo
2666 4399 2914 4460 tempore
2945 4387 3258 4443 antecessit.
3302 4388 3400 4444 Se-

1808 4464 2019 4516 cundus
2052 4478 2149 4516 nec
2187 4461 2356 4516 abbas
2405 4464 2739 4527 nominatur,
2781 4475 2880 4516 nec
2933 4460 3213 4515 monachis
3258 4473 3396 4529 pra:-

1810 4533 1973 4602 fuisse
1994 4533 2214 4602 legitur.
2917 4569 2939 4579 -

1878 4601 1905 4640 ἀ
1947 4599 2114 4668 Hujus
2148 4604 2365 4658 nomine
2394 4604 2785 4669 inscribuntur,
2820 4612 2883 4657 ut
2912 4617 3035 4657 cum
3076 4615 3142 4657 eo
3172 4599 3392 4671 habitas,

1808 4683 1920 4730 tres
1951 4675 2270 4729 collatioues
2297 4692 2309 4729 :
2340 4675 2600 4744 vigesima
2632 4676 2823 4741 prima.
2853 4689 2974 4743 quae
3004 4681 3088 4727 est
3109 4673 3175 4726 de
3203 4674 3399 4727 remis-

1806 4746 1959 4801 sione
1985 4746 2475 4815 Quiuquagesiunp;
2508 4748 2762 4815 vigesima
2794 4746 3056 4804 secunda.
3088 4744 3155 4797 de
3176 4756 3397 4797 noctur-

1808 4816 2277 4895 nis_illusionilii.is;
2308 4827 2361 4871 et
2390 4817 2653 4895 vigesima
2682 4817 2863 4895 tertia.
2893 4817 2960 4870 de
2987 4830 3054 4869 eo
3081 4815 3224 4895 quod
3244 4818 3395 4895 apo-

1807 4887 1977 4941 stolus
2008 4890 2081 4941 ait
2118 4905 2131 4943 :
2164 4886 2285 4940 Non
2325 4886 2465 4941 enini
2506 4888 2642 4956 quod
2682 4886 2795 4941 uolo
2828 4886 3049 4950 bonum,
3092 4886 3189 4956 Itoc
3234 4886 3396 4954 facio,

1807 4968 1910 5011 etc.
1948 4959 2132 5011 Dictus
2159 4967 2339 5009 autem
2370 4955 2583 5022 Theon,
2616 4970 2669 5010 ei
2697 4957 2954 5018 Theona,
2982 4959 3065 5010 vel
3096 4955 3347 5022 Theonus
3378 4969 3393 5008 ;

1808 5026 1877 5081 de
1907 5041 2012 5094 quo
2041 5029 2181 5079 idem
2211 5027 2503 5079 Cassianus
2534 5027 2822 5081 collatione
2848 5027 2911 5080 2|
2946 5042 3069 5092 cap.
3100 5025 3156 5091 9,
3188 5034 3241 5077 et
3271 5021 3394 5076 Pal-

1809 5098 1981 5151 ladius
2009 5096 2225 5149 Laiisia.
2256 5094 2355 5149 50:
2383 5095 2639 5159 Vidimus,
2672 5099 2863 5165 inquit.
2894 5097 3056 5149 alium
3082 5110 3184 5146 non
3213 5095 3396 5161 procul

1808 5185 1841 5221 a
1869 5166 2091 5229 civitate,
2126 5168 2178 5217 in
2203 5167 2501 5229 solitudine,
2533 5167 2737 5220 nomine
2769 5165 3052 5226 Tlteonani,
3082 5166 3246 5217 virum
3270 5179 3391 5215 san-

1809 5249 1976 5302 ctum,
2012 5238 2063 5290 in
2093 5235 2407 5288 domuncula
2436 5252 2668 5289 seorsum
2709 5237 2997 5298 inclusum,
3041 5236 3127 5303 qui
3170 5245 3395 5303 tempore

1809 5310 2021 5382 triginta
2046 5322 2303 5382 annorum
2326 5307 2583 5359 silentium
2600 5316 2930 5382 eaercuerat.
2962 5305 3175 5382 ctc.__l)e
3203 5304 3395 5358 eodeni

1810 5376 2144 5436 So'zomeuus
2193 5380 2288 5433 lib.
2331 5392 2385 5430 vi
2430 5393 2549 5447 cap.
2594 5377 2697 5436 28.
2744 5377 3029 5443 Niccplior.
3064 5376 3155 5429 lib.
3192 5390 3243 5429 xi
3273 5391 3393 5447 cap.

1810 5450 1900 5515 54,
1931 5465 1980 5505 et
2015 5451 2215 5505 Histor.
2250 5446 2507 5513 Triparti.’
2538 5450 2627 5502 lib.
2659 5466 2673 5503 ι
2704 5465 2821 5509 can.
2858 5450 2911 5503 8.
2945 5448 3183 5502 Meminit
3215 5460 3261 5515 et
3295 5446 3395 5499 Sos

1813 5524 2073 5592 phrunius
2103 5521 2155 5574 iu
2202 5521 2359 5592 Pralo
2390 5520 2576 5589 Spirit.
2612 5536 2732 5590 Cap.
2762 5521 2853 5574 27.
2891 5519 3020 5592 Fuit
3052 5525 3187 5592 alter
3218 5514 3395 5571 'I‘lieo‘

1814 5591 1912 5648 nas
1958 5594 2048 5665 (ne
2084 5594 2240 5665 quis_
2265 5591 2400 5644 forte
2435 5592 2690 5665 eumdem
2732 5591 3063 5665 existimet),
3108 5591 3395 5665 episcopus

1812 5659 2151 5720 Alexandria:
2170 5705 2185 5729 ,
2210 5661 2277 5716 de
2300 5678 2405 5731 quo
2434 5663 2699 5731 Eusebius
2729 5664 2783 5718 iu
2809 5661 3079 5719 Chronico
3108 5659 3161 5716 et
3193 5659 3394 5716 Hister.

1813 5736 1910 5790 lib.
1943 5750 2015 5789 vn
2047 5750 2168 5805 cap.
2204 5730 2416 5797 ultimo,
2469 5730 2804 5806 Nicephorus
2833 5736 3041 5794 Callisti
3068 5735 3162 5792 lib.
3196 5747 3252 5790 vt
3274 5747 3373 5805 cap

1813 5806 1913 5873 54,
1940 5816 1993 5861 ct
2023 5806 2312 5875 Nicephor.
2348 5806 2635 5877 episcopus
2665 5809 2717 5864 in
2748 5806 3039 5871 Chronico.
