  <div class='ocr_page' id='page_1' title='image "/cluster/home/n/w/nwhite01/storage/ocr_20150623/49/uva.x000827093/277.png"; bbox 0 0 4014 6200; ppageno 0'>
   <div class='ocr_carea' id='block_1_1' title="bbox 1586 317 2754 378">
    <p class='ocr_par' dir='ltr' id='par_1_1' title="bbox 1586 317 2754 378">
     <span class='ocr_line' id='line_1_1' title="bbox 1586 317 2754 378; baseline 0 -2"><span class='ocrx_word' id='word_1_1' title='bbox 1586 317 1867 378; x_wconf 80' lang='lat' dir='ltr'><strong>JOANNIS</strong></span> <span class='ocrx_word' id='word_1_2' title='bbox 1902 317 2219 376; x_wconf 80' lang='lat' dir='ltr'><strong>CASSlANl</strong></span> <span class='ocrx_word' id='word_1_3' title='bbox 2256 317 2754 378; x_wconf 69' lang='lat' dir='ltr'><strong>COLLATIONES.</strong></span> 
     </span>
    </p>
   </div>
   <div class='ocr_carea' id='block_1_2' title="bbox 3703 325 3799 387">
    <p class='ocr_par' dir='ltr' id='par_1_2' title="bbox 3703 325 3799 387">
     <span class='ocr_line' id='line_1_2' title="bbox 3703 325 3799 387; baseline 0 -2"><span class='ocrx_word' id='word_1_4' title='bbox 3703 325 3799 387; x_wconf 80' lang='lat' dir='ltr'><strong>uo</strong></span> 
     </span>
    </p>
   </div>
   <div class='ocr_carea' id='block_1_3' title="bbox 533 434 3800 516">
    <p class='ocr_par' dir='ltr' id='par_1_3' title="bbox 533 434 3800 516">
     <span class='ocr_line' id='line_1_3' title="bbox 533 434 3800 516; baseline 0.001 -18"><span class='ocrx_word' id='word_1_5' title='bbox 533 439 660 499; x_wconf 92' lang='lat' dir='ltr'><strong>mici</strong></span> <span class='ocrx_word' id='word_1_6' title='bbox 689 438 1100 511; x_wconf 77' lang='lat' dir='ltr'><strong>impugnatione</strong></span> <span class='ocrx_word' id='word_1_7' title='bbox 1120 437 1456 494; x_wconf 78' lang='lat' dir='ltr'><strong>consuetudo</strong></span> <span class='ocrx_word' id='word_1_8' title='bbox 1488 434 1722 507; x_wconf 72' lang='lat' dir='ltr'><strong>ingesta,</strong></span> <span class='ocrx_word' id='word_1_9' title='bbox 1754 448 1812 493; x_wconf 93' lang='lat' dir='ltr'><strong>ut</strong></span> <span class='ocrx_word' id='word_1_10' title='bbox 1842 445 2123 509; x_wconf 78' lang='lat' dir='ltr'><strong>postquam</strong></span> <span class='ocrx_word' id='word_1_11' title='bbox 2153 441 2205 502; x_wconf 76' lang='grc' dir='ltr'>Α</span> <span class='ocrx_word' id='word_1_12' title='bbox 2231 437 2493 493; x_wconf 88' lang='lat' dir='ltr'><strong>lutionem</strong></span> <span class='ocrx_word' id='word_1_13' title='bbox 2570 438 2876 494; x_wconf 71' lang='lat' dir='ltr'><strong>durissimze</strong></span> <span class='ocrx_word' id='word_1_14' title='bbox 2913 438 3244 510; x_wconf 73' lang='lat' dir='ltr'><strong>captivitatis</strong></span> <span class='ocrx_word' id='word_1_15' title='bbox 3295 456 3325 496; x_wconf 91' lang='lat' dir='ltr'><strong>a</strong></span> <span class='ocrx_word' id='word_1_16' title='bbox 3376 441 3604 499; x_wconf 88' lang='lat' dir='ltr'><strong>Domino</strong></span> <span class='ocrx_word' id='word_1_17' title='bbox 3649 444 3800 516; x_wconf 85' lang='lat' dir='ltr'><strong>depo-</strong></span> 
     </span>
    </p>
   </div>
   <div class='ocr_carea' id='block_1_4' title="bbox 540 532 2128 603">
    <p class='ocr_par' dir='ltr' id='par_1_4' title="bbox 540 532 2128 603">
     <span class='ocr_line' id='line_1_4' title="bbox 540 532 2128 603; baseline -0.003 -11"><span class='ocrx_word' id='word_1_18' title='bbox 540 535 853 592; x_wconf 77' lang='lat' dir='ltr'><strong>relecissem</strong></span> <span class='ocrx_word' id='word_1_19' title='bbox 900 532 1035 588; x_wconf 89' lang='lat' dir='ltr'><strong>hora</strong></span> <span class='ocrx_word' id='word_1_20' title='bbox 1084 547 1226 587; x_wconf 89' lang='lat' dir='ltr'><strong>nona</strong></span> <span class='ocrx_word' id='word_1_21' title='bbox 1250 547 1372 586; x_wconf 87' lang='lat' dir='ltr'><strong>cum</strong></span> <span class='ocrx_word' id='word_1_22' title='bbox 1405 548 1564 599; x_wconf 87' lang='lat' dir='ltr'><strong>sene,</strong></span> <span class='ocrx_word' id='word_1_23' title='bbox 1597 548 1764 587; x_wconf 89' lang='lat' dir='ltr'><strong>unum</strong></span> <span class='ocrx_word' id='word_1_24' title='bbox 1801 541 1827 568; x_wconf 73' lang='grc' dir='ltr'>τι</span> <span class='ocrx_word' id='word_1_25' title='bbox 1871 549 2128 603; x_wconf 80' lang='lat' dir='ltr'><strong>paxama-</strong></span> 
     </span>
    </p>
   </div>
   <div class='ocr_carea' id='block_1_5' title="bbox 534 626 2123 698">
    <p class='ocr_par' dir='ltr' id='par_1_5' title="bbox 534 626 2123 698">
     <span class='ocr_line' id='line_1_5' title="bbox 534 626 2123 698; baseline -0.004 -12"><span class='ocrx_word' id='word_1_26' title='bbox 534 631 681 686; x_wconf 88' lang='lat' dir='ltr'><strong>cium</strong></span> <span class='ocrx_word' id='word_1_27' title='bbox 713 627 956 698; x_wconf 86' lang='lat' dir='ltr'><strong>quotidie</strong></span> <span class='ocrx_word' id='word_1_28' title='bbox 1005 627 1057 681; x_wconf 93' lang='lat' dir='ltr'><strong>in</strong></span> <span class='ocrx_word' id='word_1_29' title='bbox 1090 628 1213 680; x_wconf 87' lang='lat' dir='ltr'><strong>sinu</strong></span> <span class='ocrx_word' id='word_1_30' title='bbox 1246 641 1365 681; x_wconf 90' lang='lat' dir='ltr'><strong>meo</strong></span> <span class='ocrx_word' id='word_1_31' title='bbox 1414 626 1647 680; x_wconf 84' lang='lat' dir='ltr'><strong>latenter</strong></span> <span class='ocrx_word' id='word_1_32' title='bbox 1695 627 2123 694; x_wconf 83' lang='lat' dir='ltr'><strong>absconderem,</strong></span> 
     </span>
    </p>
   </div>
   <div class='ocr_carea' id='block_1_6' title="bbox 529 721 2123 799">
    <p class='ocr_par' dir='ltr' id='par_1_6' title="bbox 529 721 2123 799">
     <span class='ocr_line' id='line_1_6' title="bbox 529 721 2123 799; baseline -0.001 -21"><span class='ocrx_word' id='word_1_33' title='bbox 529 726 671 799; x_wconf 87' lang='lat' dir='ltr'><strong>quod</strong></span> <span class='ocrx_word' id='word_1_34' title='bbox 723 741 850 780; x_wconf 82' lang='lat' dir='ltr'><strong>sero</strong></span> <span class='ocrx_word' id='word_1_35' title='bbox 905 723 999 778; x_wconf 92' lang='lat' dir='ltr'><strong>illo</strong></span> <span class='ocrx_word' id='word_1_36' title='bbox 1054 725 1336 794; x_wconf 80' lang='lat' dir='ltr'><strong>ignorante</strong></span> <span class='ocrx_word' id='word_1_37' title='bbox 1388 723 1599 777; x_wconf 86' lang='lat' dir='ltr'><strong>occulte</strong></span> <span class='ocrx_word' id='word_1_38' title='bbox 1649 722 1898 777; x_wconf 88' lang='lat' dir='ltr'><strong>edebant.</strong></span> <span class='ocrx_word' id='word_1_39' title='bbox 1970 721 2123 790; x_wconf 87' lang='lat' dir='ltr'><strong>Quod</strong></span> 
     </span>
    </p>
   </div>
   <div class='ocr_carea' id='block_1_7' title="bbox 529 813 2122 887">
    <p class='ocr_par' dir='ltr' id='par_1_7' title="bbox 529 813 2122 887">
     <span class='ocr_line' id='line_1_7' title="bbox 529 813 2122 887; baseline -0.003 -14"><span class='ocrx_word' id='word_1_40' title='bbox 529 823 760 883; x_wconf 78' lang='lat' dir='ltr'><strong>hirtum,</strong></span> <span class='ocrx_word' id='word_1_41' title='bbox 809 817 935 872; x_wconf 89' lang='lat' dir='ltr'><strong>licet</strong></span> <span class='ocrx_word' id='word_1_42' title='bbox 961 816 1340 871; x_wconf 81' lang='lat' dir='ltr'><strong>convenientia</strong></span> <span class='ocrx_word' id='word_1_43' title='bbox 1383 813 1488 887; x_wconf 81' lang='grc' dir='ltr'><strong>[ΑΙ.</strong></span> <span class='ocrx_word' id='word_1_44' title='bbox 1519 813 1891 884; x_wconf 80' lang='lat' dir='ltr'><strong>conniventia]</strong></span> <span class='ocrx_word' id='word_1_45' title='bbox 1927 814 2122 883; x_wconf 89' lang='lat' dir='ltr'><strong>volup-</strong></span> 
     </span>
    </p>
   </div>
   <div class='ocr_carea' id='block_1_8' title="bbox 530 906 2122 964">
    <p class='ocr_par' dir='ltr' id='par_1_8' title="bbox 530 906 2122 964">
     <span class='ocr_line' id='line_1_8' title="bbox 530 906 2122 964; baseline -0.001 0"><span class='ocrx_word' id='word_1_46' title='bbox 530 914 651 964; x_wconf 77' lang='lat' dir='ltr'><strong>talis</strong></span> <span class='ocrx_word' id='word_1_47' title='bbox 699 919 752 964; x_wconf 85' lang='lat' dir='ltr'><strong>et</strong></span> <span class='ocrx_word' id='word_1_48' title='bbox 804 909 980 964; x_wconf 91' lang='lat' dir='ltr'><strong>inoliti</strong></span> <span class='ocrx_word' id='word_1_49' title='bbox 1043 908 1210 963; x_wconf 89' lang='lat' dir='ltr'><strong>semel</strong></span> <span class='ocrx_word' id='word_1_50' title='bbox 1253 907 1513 963; x_wconf 81' lang='lat' dir='ltr'><strong>desiderii</strong></span> <span class='ocrx_word' id='word_1_51' title='bbox 1561 907 1954 962; x_wconf 67' lang='lat' dir='ltr'><strong>incontinentis</strong></span> <span class='ocrx_word' id='word_1_52' title='bbox 2005 906 2122 962; x_wconf 88' lang='lat' dir='ltr'><strong>sine</strong></span> 
     </span>
    </p>
   </div>
   <div class='ocr_carea' id='block_1_9' title="bbox 531 998 2122 1069">
    <p class='ocr_par' dir='ltr' id='par_1_9' title="bbox 531 998 2122 1069">
     <span class='ocr_line' id='line_1_9' title="bbox 531 998 2122 1069; baseline 0 -15"><span class='ocrx_word' id='word_1_53' title='bbox 531 1002 838 1056; x_wconf 79' lang='lat' dir='ltr'><strong>cessatione</strong></span> <span class='ocrx_word' id='word_1_54' title='bbox 866 1002 1304 1064; x_wconf 83' lang='lat' dir='ltr'><strong>committerem,</strong></span> <span class='ocrx_word' id='word_1_55' title='bbox 1347 1000 1565 1069; x_wconf 83' lang='lat' dir='ltr'><strong>expleta</strong></span> <span class='ocrx_word' id='word_1_56' title='bbox 1614 1009 1790 1053; x_wconf 81' lang='lat' dir='ltr'><strong>tamen</strong></span> <span class='ocrx_word' id='word_1_57' title='bbox 1832 998 2122 1069; x_wconf 88' lang='lat' dir='ltr'><strong>concupis-</strong></span> 
     </span>
    </p>
   </div>
   <div class='ocr_carea' id='block_1_10' title="bbox 532 1093 2121 1163">
    <p class='ocr_par' dir='ltr' id='par_1_10' title="bbox 532 1093 2121 1163">
     <span class='ocr_line' id='line_1_10' title="bbox 532 1093 2121 1163; baseline 0.001 -15"><span class='ocrx_word' id='word_1_58' title='bbox 532 1096 706 1149; x_wconf 86' lang='lat' dir='ltr'><strong>centia</strong></span> <span class='ocrx_word' id='word_1_59' title='bbox 737 1093 1104 1158; x_wconf 77' lang='lat' dir='ltr'><strong>fraudulenta,</strong></span> <span class='ocrx_word' id='word_1_60' title='bbox 1130 1093 1196 1147; x_wconf 89' lang='lat' dir='ltr'><strong>ad</strong></span> <span class='ocrx_word' id='word_1_61' title='bbox 1223 1095 1604 1163; x_wconf 86' lang='lat' dir='ltr'><strong>mentetipsum</strong></span> <span class='ocrx_word' id='word_1_62' title='bbox 1647 1104 1928 1148; x_wconf 87' lang='lat' dir='ltr'><strong>revertens</strong></span> <span class='ocrx_word' id='word_1_63' title='bbox 1961 1109 2121 1163; x_wconf 84' lang='lat' dir='ltr'><strong>super</strong></span> 
     </span>
    </p>
   </div>
   <div class='ocr_carea' id='block_1_11' title="bbox 528 1184 2118 1256">
    <p class='ocr_par' dir='ltr' id='par_1_11' title="bbox 528 1184 2118 1256">
     <span class='ocr_line' id='line_1_11' title="bbox 528 1184 2118 1256; baseline 0.001 -17"><span class='ocrx_word' id='word_1_64' title='bbox 528 1187 768 1241; x_wconf 85' lang='lat' dir='ltr'><strong>admisso</strong></span> <span class='ocrx_word' id='word_1_65' title='bbox 814 1184 948 1240; x_wconf 88' lang='lat' dir='ltr'><strong>furti</strong></span> <span class='ocrx_word' id='word_1_66' title='bbox 997 1185 1264 1249; x_wconf 84' lang='lat' dir='ltr'><strong>crimine,</strong></span> <span class='ocrx_word' id='word_1_67' title='bbox 1314 1188 1534 1256; x_wconf 82' lang='lat' dir='ltr'><strong>gravius</strong></span> <span class='ocrx_word' id='word_1_68' title='bbox 1581 1186 1902 1252; x_wconf 87' lang='lat' dir='ltr'><strong>cruciabar,</strong></span> <span class='ocrx_word' id='word_1_69' title='bbox 1961 1201 2118 1256; x_wconf 86' lang='lat' dir='ltr'><strong>quam</strong></span> 
     </span>
    </p>
   </div>
   <div class='ocr_carea' id='block_1_12' title="bbox 529 1277 2121 1348">
    <p class='ocr_par' dir='ltr' id='par_1_12' title="bbox 529 1277 2121 1348">
     <span class='ocr_line' id='line_1_12' title="bbox 529 1277 2121 1348; baseline 0.001 -17"><span class='ocrx_word' id='word_1_70' title='bbox 529 1292 692 1347; x_wconf 85' lang='lat' dir='ltr'><strong>super</strong></span> <span class='ocrx_word' id='word_1_71' title='bbox 739 1293 834 1332; x_wconf 88' lang='lat' dir='ltr'><strong>esu</strong></span> <span class='ocrx_word' id='word_1_72' title='bbox 875 1280 992 1348; x_wconf 86' lang='lat' dir='ltr'><strong>ejus</strong></span> <span class='ocrx_word' id='word_1_73' title='bbox 1041 1277 1248 1332; x_wconf 78' lang='lat' dir='ltr'><strong>fuerant</strong></span> <span class='ocrx_word' id='word_1_74' title='bbox 1294 1277 1645 1346; x_wconf 89' lang='lat' dir='ltr'><strong>jucundatus.</strong></span> <span class='ocrx_word' id='word_1_75' title='bbox 1698 1277 1946 1347; x_wconf 88' lang='lat' dir='ltr'><strong>Cumque</strong></span> <span class='ocrx_word' id='word_1_76' title='bbox 1992 1278 2121 1334; x_wconf 88' lang='lat' dir='ltr'><strong>illud</strong></span> 
     </span>
    </p>
   </div>
   <div class='ocr_carea' id='block_1_13' title="bbox 529 1371 2122 1440">
    <p class='ocr_par' dir='ltr' id='par_1_13' title="bbox 529 1371 2122 1440">
     <span class='ocr_line' id='line_1_13' title="bbox 529 1371 2122 1440; baseline 0.001 -16"><span class='ocrx_word' id='word_1_77' title='bbox 529 1371 978 1424; x_wconf 85' lang='lat' dir='ltr'><strong>molestissimum</strong></span> <span class='ocrx_word' id='word_1_78' title='bbox 1007 1385 1145 1440; x_wconf 88' lang='lat' dir='ltr'><strong>opus</strong></span> <span class='ocrx_word' id='word_1_79' title='bbox 1174 1371 1318 1424; x_wconf 87' lang='lat' dir='ltr'><strong>velut</strong></span> <span class='ocrx_word' id='word_1_80' title='bbox 1347 1371 1414 1423; x_wconf 89' lang='lat' dir='ltr'><strong>ah</strong></span> <span class='ocrx_word' id='word_1_81' title='bbox 1435 1372 1791 1426; x_wconf 70' lang='lat' dir='ltr'><strong>exactoribus</strong></span> <span class='ocrx_word' id='word_1_82' title='bbox 1820 1371 2122 1427; x_wconf 66' lang='lat' dir='ltr'><strong>Pharaonis</strong></span> 
     </span>
    </p>
   </div>
   <div class='ocr_carea' id='block_1_14' title="bbox 531 1458 2124 1533">
    <p class='ocr_par' dir='ltr' id='par_1_14' title="bbox 531 1458 2124 1533">
     <span class='ocr_line' id='line_1_14' title="bbox 531 1458 2124 1533; baseline 0.004 -21"><span class='ocrx_word' id='word_1_83' title='bbox 531 1458 728 1531; x_wconf 77' lang='lat' dir='ltr'><strong>(Exod.</strong></span> <span class='ocrx_word' id='word_1_84' title='bbox 763 1460 816 1531; x_wconf 84' lang='lat' dir='ltr'><strong>v)</strong></span> <span class='ocrx_word' id='word_1_85' title='bbox 865 1461 1126 1514; x_wconf 84' lang='lat' dir='ltr'><strong>indicmm</strong></span> <span class='ocrx_word' id='word_1_86' title='bbox 1158 1461 1288 1515; x_wconf 89' lang='lat' dir='ltr'><strong>milti</strong></span> <span class='ocrx_word' id='word_1_87' title='bbox 1325 1463 1444 1516; x_wconf 84' lang='lat' dir='ltr'><strong>vice</strong></span> <span class='ocrx_word' id='word_1_88' title='bbox 1477 1463 1712 1517; x_wconf 86' lang='lat' dir='ltr'><strong>laterum</strong></span> <span class='ocrx_word' id='word_1_89' title='bbox 1746 1463 1977 1533; x_wconf 80' lang='lat' dir='ltr'><strong>singulis</strong></span> <span class='ocrx_word' id='word_1_90' title='bbox 2008 1463 2124 1519; x_wconf 88' lang='lat' dir='ltr'><strong>die-</strong></span> 
     </span>
    </p>
   </div>
   <div class='ocr_carea' id='block_1_15' title="bbox 529 1551 2118 1624">
    <p class='ocr_par' dir='ltr' id='par_1_15' title="bbox 529 1551 2118 1624">
     <span class='ocr_line' id='line_1_15' title="bbox 529 1551 2118 1624; baseline 0.001 -17"><span class='ocrx_word' id='word_1_91' title='bbox 529 1551 628 1607; x_wconf 86' lang='lat' dir='ltr'><strong>bus</strong></span> <span class='ocrx_word' id='word_1_92' title='bbox 655 1553 878 1621; x_wconf 82' lang='lat' dir='ltr'><strong>explere</strong></span> <span class='ocrx_word' id='word_1_93' title='bbox 904 1569 1011 1606; x_wconf 91' lang='lat' dir='ltr'><strong>non</strong></span> <span class='ocrx_word' id='word_1_94' title='bbox 1035 1553 1154 1607; x_wconf 88' lang='lat' dir='ltr'><strong>sine</strong></span> <span class='ocrx_word' id='word_1_95' title='bbox 1182 1554 1372 1608; x_wconf 90' lang='lat' dir='ltr'><strong>dolore</strong></span> <span class='ocrx_word' id='word_1_96' title='bbox 1403 1557 1584 1608; x_wconf 85' lang='lat' dir='ltr'><strong>cordis</strong></span> <span class='ocrx_word' id='word_1_97' title='bbox 1609 1554 1714 1609; x_wconf 90' lang='lat' dir='ltr'><strong>mei</strong></span> <span class='ocrx_word' id='word_1_98' title='bbox 1737 1556 2118 1624; x_wconf 88' lang='lat' dir='ltr'><strong>compellerer,</strong></span> 
     </span>
    </p>
   </div>
   <div class='ocr_carea' id='block_1_16' title="bbox 531 1647 2120 1712">
    <p class='ocr_par' dir='ltr' id='par_1_16' title="bbox 531 1647 2120 1712">
     <span class='ocr_line' id='line_1_16' title="bbox 531 1647 2120 1712; baseline 0.002 -15"><span class='ocrx_word' id='word_1_99' title='bbox 531 1661 628 1698; x_wconf 82' lang='lat' dir='ltr'><strong>nec</strong></span> <span class='ocrx_word' id='word_1_100' title='bbox 660 1656 838 1698; x_wconf 87' lang='lat' dir='ltr'><strong>tamen</strong></span> <span class='ocrx_word' id='word_1_101' title='bbox 873 1661 1066 1700; x_wconf 87' lang='lat' dir='ltr'><strong>eruere</strong></span> <span class='ocrx_word' id='word_1_102' title='bbox 1098 1662 1185 1699; x_wconf 92' lang='lat' dir='ltr'><strong>nte</strong></span> <span class='ocrx_word' id='word_1_103' title='bbox 1218 1661 1432 1712; x_wconf 83' lang='lat' dir='ltr'><strong>possem</strong></span> <span class='ocrx_word' id='word_1_104' title='bbox 1477 1649 1545 1700; x_wconf 90' lang='lat' dir='ltr'><strong>ah</strong></span> <span class='ocrx_word' id='word_1_105' title='bbox 1577 1647 1676 1700; x_wconf 88' lang='lat' dir='ltr'><strong>hac</strong></span> <span class='ocrx_word' id='word_1_106' title='bbox 1708 1661 1895 1702; x_wconf 85' lang='lat' dir='ltr'><strong>eorum</strong></span> <span class='ocrx_word' id='word_1_107' title='bbox 1927 1647 2120 1701; x_wconf 58' lang='lat' dir='ltr'><strong>saevis-</strong></span> 
     </span>
    </p>
   </div>
   <div class='ocr_carea' id='block_1_17' title="bbox 527 1736 2116 1806">
    <p class='ocr_par' dir='ltr' id='par_1_17' title="bbox 527 1736 2116 1806">
     <span class='ocr_line' id='line_1_17' title="bbox 527 1736 2116 1806; baseline 0.003 -19"><span class='ocrx_word' id='word_1_108' title='bbox 527 1737 659 1788; x_wconf 81' lang='lat' dir='ltr'><strong>sima</strong></span> <span class='ocrx_word' id='word_1_109' title='bbox 698 1736 1016 1806; x_wconf 86' lang='lat' dir='ltr'><strong>tyrannide,</strong></span> <span class='ocrx_word' id='word_1_110' title='bbox 1047 1745 1101 1789; x_wconf 88' lang='lat' dir='ltr'><strong>et</strong></span> <span class='ocrx_word' id='word_1_111' title='bbox 1130 1737 1530 1790; x_wconf 84' lang='lat' dir='ltr'><strong>clandestinum</strong></span> <span class='ocrx_word' id='word_1_112' title='bbox 1564 1737 1765 1791; x_wconf 77' lang='lat' dir='ltr'><strong>furtum</strong></span> <span class='ocrx_word' id='word_1_113' title='bbox 1795 1739 1912 1792; x_wconf 77' lang='lat' dir='ltr'><strong>setti</strong></span> <span class='ocrx_word' id='word_1_114' title='bbox 1941 1739 2116 1792; x_wconf 87' lang='lat' dir='ltr'><strong>mani-</strong></span> 
     </span>
    </p>
   </div>
   <div class='ocr_carea' id='block_1_18' title="bbox 2231 529 3798 604">
    <p class='ocr_par' dir='ltr' id='par_1_18' title="bbox 2231 529 3798 604">
     <span class='ocr_line' id='line_1_18' title="bbox 2231 529 3798 604; baseline 0.007 -20"><span class='ocrx_word' id='word_1_115' title='bbox 2231 539 2485 599; x_wconf 89' lang='lat' dir='ltr'><strong>scerent,</strong></span> <span class='ocrx_word' id='word_1_116' title='bbox 2546 530 2855 599; x_wconf 83' lang='lat' dir='ltr'><strong>impioravi.</strong></span> <span class='ocrx_word' id='word_1_117' title='bbox 2911 529 3063 588; x_wconf 85' lang='lat' dir='ltr'><strong>Tunc</strong></span> <span class='ocrx_word' id='word_1_118' title='bbox 3101 547 3266 589; x_wconf 81' lang='lat' dir='ltr'><strong>senex</strong></span> <span class='ocrx_word' id='word_1_119' title='bbox 3298 551 3316 593; x_wconf 71' lang='grc' dir='ltr'>ς</span> <span class='ocrx_word' id='word_1_120' title='bbox 3349 533 3603 604; x_wconf 76' lang='lat' dir='ltr'><strong>Confide,</strong></span> <span class='ocrx_word' id='word_1_121' title='bbox 3631 537 3724 604; x_wconf 89' lang='lat' dir='ltr'><strong>ait,</strong></span> <span class='ocrx_word' id='word_1_122' title='bbox 3765 553 3798 595; x_wconf 87' lang='grc' dir='ltr'><strong>ο</strong></span> 
     </span>
    </p>
   </div>
   <div class='ocr_carea' id='block_1_19' title="bbox 2230 626 3800 698">
    <p class='ocr_par' dir='ltr' id='par_1_19' title="bbox 2230 626 3800 698">
     <span class='ocr_line' id='line_1_19' title="bbox 2230 626 3800 698; baseline 0.003 -18"><span class='ocrx_word' id='word_1_123' title='bbox 2230 641 2386 696; x_wconf 91' lang='lat' dir='ltr'><strong>puer,</strong></span> <span class='ocrx_word' id='word_1_124' title='bbox 2419 636 2442 664; x_wconf 76' lang='grc' dir='ltr'><strong>ο</strong></span> <span class='ocrx_word' id='word_1_125' title='bbox 2475 627 2710 680; x_wconf 84' lang='lat' dir='ltr'><strong>absolvit</strong></span> <span class='ocrx_word' id='word_1_126' title='bbox 2751 637 2801 681; x_wconf 90' lang='lat' dir='ltr'><strong>te</strong></span> <span class='ocrx_word' id='word_1_127' title='bbox 2823 626 2887 680; x_wconf 85' lang='lat' dir='ltr'><strong>ab</strong></span> <span class='ocrx_word' id='word_1_128' title='bbox 2918 627 3014 680; x_wconf 91' lang='lat' dir='ltr'><strong>bac</strong></span> <span class='ocrx_word' id='word_1_129' title='bbox 3043 628 3394 698; x_wconf 83' lang='lat' dir='ltr'><strong>captivitate,</strong></span> <span class='ocrx_word' id='word_1_130' title='bbox 3427 630 3596 684; x_wconf 90' lang='lat' dir='ltr'><strong>etiam</strong></span> <span class='ocrx_word' id='word_1_131' title='bbox 3628 647 3704 686; x_wconf 90' lang='lat' dir='ltr'><strong>nte</strong></span> <span class='ocrx_word' id='word_1_132' title='bbox 3727 643 3800 686; x_wconf 82' lang='lat' dir='ltr'><strong>ta-</strong></span> 
     </span>
    </p>
   </div>
   <div class='ocr_carea' id='block_1_20' title="bbox 2226 717 3798 789">
    <p class='ocr_par' dir='ltr' id='par_1_20' title="bbox 2226 717 3798 789">
     <span class='ocr_line' id='line_1_20' title="bbox 2226 717 3798 789; baseline 0.002 -15"><span class='ocrx_word' id='word_1_133' title='bbox 2226 730 2406 782; x_wconf 87' lang='lat' dir='ltr'><strong>cente,</strong></span> <span class='ocrx_word' id='word_1_134' title='bbox 2435 717 2707 773; x_wconf 55' lang='lat' dir='ltr'><strong>confessio</strong></span> <span class='ocrx_word' id='word_1_135' title='bbox 2730 727 2839 773; x_wconf 89' lang='lat' dir='ltr'><strong>tua.</strong></span> <span class='ocrx_word' id='word_1_136' title='bbox 2867 718 3138 773; x_wconf 83' lang='lat' dir='ltr'><strong>Victorem</strong></span> <span class='ocrx_word' id='word_1_137' title='bbox 3172 736 3414 789; x_wconf 87' lang='lat' dir='ltr'><strong>namque</strong></span> <span class='ocrx_word' id='word_1_138' title='bbox 3442 723 3798 777; x_wconf 79' lang='lat' dir='ltr'><strong>adversarium</strong></span> 
     </span>
    </p>
   </div>
   <div class='ocr_carea' id='block_1_21' title="bbox 2227 811 3804 883">
    <p class='ocr_par' dir='ltr' id='par_1_21' title="bbox 2227 811 3804 883">
     <span class='ocr_line' id='line_1_21' title="bbox 2227 811 3804 883; baseline 0.003 -17"><span class='ocrx_word' id='word_1_139' title='bbox 2227 820 2378 867; x_wconf 88' lang='lat' dir='ltr'><strong>tuum</strong></span> <span class='ocrx_word' id='word_1_140' title='bbox 2415 812 2581 867; x_wconf 85' lang='lat' dir='ltr'><strong>hodie</strong></span> <span class='ocrx_word' id='word_1_141' title='bbox 2633 811 3011 883; x_wconf 77' lang='lat' dir='ltr'><strong>triutnjtltaSti,</strong></span> <span class='ocrx_word' id='word_1_142' title='bbox 3065 813 3300 868; x_wconf 79' lang='lat' dir='ltr'><strong>validius</strong></span> <span class='ocrx_word' id='word_1_143' title='bbox 3328 830 3452 868; x_wconf 88' lang='lat' dir='ltr'><strong>eum</strong></span> <span class='ocrx_word' id='word_1_144' title='bbox 3487 825 3573 869; x_wconf 84' lang='lat' dir='ltr'><strong>tua</strong></span> <span class='ocrx_word' id='word_1_145' title='bbox 3604 815 3804 871; x_wconf 86' lang='lat' dir='ltr'><strong>confes-</strong></span> 
     </span>
    </p>
   </div>
   <div class='ocr_carea' id='block_1_22' title="bbox 2226 903 3804 974">
    <p class='ocr_par' dir='ltr' id='par_1_22' title="bbox 2226 903 3804 974">
     <span class='ocr_line' id='line_1_22' title="bbox 2226 903 3804 974; baseline 0 -14"><span class='ocrx_word' id='word_1_146' title='bbox 2226 905 2380 960; x_wconf 88' lang='lat' dir='ltr'><strong>sione</strong></span> <span class='ocrx_word' id='word_1_147' title='bbox 2416 904 2650 972; x_wconf 88' lang='lat' dir='ltr'><strong>elidens,</strong></span> <span class='ocrx_word' id='word_1_148' title='bbox 2681 920 2841 974; x_wconf 86' lang='lat' dir='ltr'><strong>quant</strong></span> <span class='ocrx_word' id='word_1_149' title='bbox 2873 903 2989 974; x_wconf 88' lang='lat' dir='ltr'><strong>ipse</strong></span> <span class='ocrx_word' id='word_1_150' title='bbox 3015 903 3196 959; x_wconf 76' lang='lat' dir='ltr'><strong>fueras</strong></span> <span class='ocrx_word' id='word_1_151' title='bbox 3223 905 3292 959; x_wconf 92' lang='lat' dir='ltr'><strong>ab</strong></span> <span class='ocrx_word' id='word_1_152' title='bbox 3317 920 3385 961; x_wconf 88' lang='lat' dir='ltr'><strong>eo</strong></span> <span class='ocrx_word' id='word_1_153' title='bbox 3413 917 3500 959; x_wconf 89' lang='lat' dir='ltr'><strong>tua</strong></span> <span class='ocrx_word' id='word_1_154' title='bbox 3534 908 3804 960; x_wconf 87' lang='lat' dir='ltr'><strong>taciturni-</strong></span> 
     </span>
    </p>
   </div>
   <div class='ocr_carea' id='block_1_23' title="bbox 2227 997 3808 1072">
    <p class='ocr_par' dir='ltr' id='par_1_23' title="bbox 2227 997 3808 1072">
     <span class='ocr_line' id='line_1_23' title="bbox 2227 997 3808 1072; baseline 0.002 -20"><span class='ocrx_word' id='word_1_155' title='bbox 2227 1006 2335 1054; x_wconf 86' lang='lat' dir='ltr'><strong>tate</strong></span> <span class='ocrx_word' id='word_1_156' title='bbox 2363 999 2606 1068; x_wconf 81' lang='lat' dir='ltr'><strong>tlejectns</strong></span> <span class='ocrx_word' id='word_1_157' title='bbox 2637 1017 2650 1053; x_wconf 87' lang='lat'>:</span> <span class='ocrx_word' id='word_1_158' title='bbox 2677 1015 2838 1067; x_wconf 87' lang='lat' dir='ltr'><strong>quem</strong></span> <span class='ocrx_word' id='word_1_159' title='bbox 2876 997 3439 1072; x_wconf 50' lang='lat' dir='ltr'><strong>utique’nequaquam</strong></span> <span class='ocrx_word' id='word_1_160' title='bbox 3469 1001 3552 1055; x_wconf 86' lang='lat' dir='ltr'><strong>vel</strong></span> <span class='ocrx_word' id='word_1_161' title='bbox 3588 1009 3700 1066; x_wconf 86' lang='lat' dir='ltr'><strong>tua,</strong></span> <span class='ocrx_word' id='word_1_162' title='bbox 3728 1001 3808 1056; x_wconf 85' lang='lat' dir='ltr'><strong>vel</strong></span> 
     </span>
    </p>
   </div>
   <div class='ocr_carea' id='block_1_24' title="bbox 2224 1090 3810 1164">
    <p class='ocr_par' dir='ltr' id='par_1_24' title="bbox 2224 1090 3810 1164">
     <span class='ocr_line' id='line_1_24' title="bbox 2224 1090 3810 1164; baseline 0.001 -20"><span class='ocrx_word' id='word_1_163' title='bbox 2224 1091 2450 1145; x_wconf 79' lang='lat' dir='ltr'><strong>alterius</strong></span> <span class='ocrx_word' id='word_1_164' title='bbox 2493 1091 2845 1161; x_wconf 83' lang='lat' dir='ltr'><strong>responsione</strong></span> <span class='ocrx_word' id='word_1_165' title='bbox 2887 1090 3062 1163; x_wconf 86' lang='lat' dir='ltr'><strong>[Lips.</strong></span> <span class='ocrx_word' id='word_1_166' title='bbox 3092 1092 3144 1145; x_wconf 90' lang='lat' dir='ltr'><strong>in</strong></span> <span class='ocrx_word' id='word_1_167' title='bbox 3173 1109 3330 1163; x_wconf 87' lang='lat' dir='ltr'><strong>marg.</strong></span> <span class='ocrx_word' id='word_1_168' title='bbox 3369 1091 3810 1164; x_wconf 77' lang='lat' dir='ltr'><strong>reprehensione]</strong></span> 
     </span>
    </p>
   </div>
   <div class='ocr_carea' id='block_1_25' title="bbox 2224 1183 3813 1256">
    <p class='ocr_par' dir='ltr' id='par_1_25' title="bbox 2224 1183 3813 1256">
     <span class='ocr_line' id='line_1_25' title="bbox 2224 1183 3813 1256; baseline 0.002 -19"><span class='ocrx_word' id='word_1_169' title='bbox 2224 1183 2544 1251; x_wconf 84' lang='lat' dir='ltr'><strong>confutatis,</strong></span> <span class='ocrx_word' id='word_1_170' title='bbox 2589 1184 2640 1238; x_wconf 92' lang='lat' dir='ltr'><strong>itt</strong></span> <span class='ocrx_word' id='word_1_171' title='bbox 2674 1192 2726 1239; x_wconf 89' lang='lat' dir='ltr'><strong>te</strong></span> <span class='ocrx_word' id='word_1_172' title='bbox 2768 1199 2913 1239; x_wconf 90' lang='lat' dir='ltr'><strong>nunc</strong></span> <span class='ocrx_word' id='word_1_173' title='bbox 2945 1200 3114 1255; x_wconf 84' lang='lat' dir='ltr'><strong>usque</strong></span> <span class='ocrx_word' id='word_1_174' title='bbox 3160 1185 3490 1255; x_wconf 81' lang='lat' dir='ltr'><strong>perntiserss</strong></span> <span class='ocrx_word' id='word_1_175' title='bbox 3529 1186 3813 1256; x_wconf 56' lang='lat' dir='ltr'><strong>dominari,</strong></span> 
     </span>
    </p>
   </div>
   <div class='ocr_carea' id='block_1_26' title="bbox 2225 1273 3814 1350">
    <p class='ocr_par' dir='ltr' id='par_1_26' title="bbox 2225 1273 3814 1350">
     <span class='ocr_line' id='line_1_26' title="bbox 2225 1273 3814 1350; baseline 0.001 -20"><span class='ocrx_word' id='word_1_176' title='bbox 2225 1273 2518 1331; x_wconf 89' lang='lat' dir='ltr'><strong>secundum</strong></span> <span class='ocrx_word' id='word_1_177' title='bbox 2549 1277 2694 1331; x_wconf 92' lang='lat' dir='ltr'><strong>illam</strong></span> <span class='ocrx_word' id='word_1_178' title='bbox 2717 1276 3032 1332; x_wconf 78' lang='lat' dir='ltr'><strong>Salomonis</strong></span> <span class='ocrx_word' id='word_1_179' title='bbox 3056 1279 3384 1333; x_wconf 89' lang='lat' dir='ltr'><strong>sententiam</strong></span> <span class='ocrx_word' id='word_1_180' title='bbox 3418 1277 3814 1350; x_wconf 80' lang='lat' dir='ltr'><strong>(Eccles.vttt);</strong></span> 
     </span>
    </p>
   </div>
   <div class='ocr_carea' id='block_1_27' title="bbox 2225 1368 3820 1440">
    <p class='ocr_par' dir='ltr' id='par_1_27' title="bbox 2225 1368 3820 1440">
     <span class='ocr_line' id='line_1_27' title="bbox 2225 1368 3820 1440; baseline 0.001 -17"><span class='ocrx_word' id='word_1_181' title='bbox 2225 1368 2250 1406; x_wconf 77' lang='grc' dir='ltr'><em>ἀ</em></span> <span class='ocrx_word' id='word_1_182' title='bbox 2282 1369 2416 1434; x_wconf 85' lang='lat' dir='ltr'><strong>Quia</strong></span> <span class='ocrx_word' id='word_1_183' title='bbox 2466 1386 2570 1422; x_wconf 88' lang='lat' dir='ltr'><strong>non</strong></span> <span class='ocrx_word' id='word_1_184' title='bbox 2621 1371 2678 1436; x_wconf 78' lang='lat' dir='ltr'><strong>ﬁt</strong></span> <span class='ocrx_word' id='word_1_185' title='bbox 2724 1369 3067 1423; x_wconf 77' lang='lat' dir='ltr'><strong>contradictio</strong></span> <span class='ocrx_word' id='word_1_186' title='bbox 3115 1370 3197 1422; x_wconf 96' lang='lat' dir='ltr'><strong>his</strong></span> <span class='ocrx_word' id='word_1_187' title='bbox 3242 1371 3332 1440; x_wconf 91' lang='lat' dir='ltr'><strong>qui</strong></span> <span class='ocrx_word' id='word_1_188' title='bbox 3371 1373 3575 1440; x_wconf 75' lang='lat' dir='ltr'><strong>faciunt</strong></span> <span class='ocrx_word' id='word_1_189' title='bbox 3628 1373 3820 1425; x_wconf 82' lang='lat' dir='ltr'><strong>malum</strong></span> 
     </span>
    </p>
   </div>
   <div class='ocr_carea' id='block_1_28' title="bbox 2223 1461 3816 1533">
    <p class='ocr_par' dir='ltr' id='par_1_28' title="bbox 2223 1461 3816 1533">
     <span class='ocr_line' id='line_1_28' title="bbox 2223 1461 3816 1533; baseline 0 -18"><span class='ocrx_word' id='word_1_190' title='bbox 2223 1463 2347 1527; x_wconf 88' lang='lat' dir='ltr'><strong>cito,</strong></span> <span class='ocrx_word' id='word_1_191' title='bbox 2375 1463 2490 1516; x_wconf 87' lang='lat' dir='ltr'><strong>ideo</strong></span> <span class='ocrx_word' id='word_1_192' title='bbox 2518 1461 2767 1532; x_wconf 79' lang='lat' dir='ltr'><strong>repletum</strong></span> <span class='ocrx_word' id='word_1_193' title='bbox 2799 1472 2870 1515; x_wconf 88' lang='lat' dir='ltr'><strong>est</strong></span> <span class='ocrx_word' id='word_1_194' title='bbox 2902 1478 2990 1514; x_wconf 85' lang='lat' dir='ltr'><strong>cor</strong></span> <span class='ocrx_word' id='word_1_195' title='bbox 3023 1463 3252 1529; x_wconf 76' lang='lat' dir='ltr'><strong>ﬁliorum</strong></span> <span class='ocrx_word' id='word_1_196' title='bbox 3294 1462 3557 1516; x_wconf 75' lang='lat' dir='ltr'><strong>hominum</strong></span> <span class='ocrx_word' id='word_1_197' title='bbox 3588 1464 3639 1519; x_wconf 89' lang='lat' dir='ltr'><strong>in</strong></span> <span class='ocrx_word' id='word_1_198' title='bbox 3671 1465 3816 1533; x_wconf 82' lang='lat' dir='ltr'><strong>ipsis,</strong></span> 
     </span>
    </p>
   </div>
   <div class='ocr_carea' id='block_1_29' title="bbox 2223 1552 3819 1624">
    <p class='ocr_par' dir='ltr' id='par_1_29' title="bbox 2223 1552 3819 1624">
     <span class='ocr_line' id='line_1_29' title="bbox 2223 1552 3819 1624; baseline 0.002 -19"><span class='ocrx_word' id='word_1_199' title='bbox 2223 1563 2277 1605; x_wconf 90' lang='lat' dir='ltr'><strong>ut</strong></span> <span class='ocrx_word' id='word_1_200' title='bbox 2309 1554 2505 1624; x_wconf 80' lang='lat' dir='ltr'><strong>faciant</strong></span> <span class='ocrx_word' id='word_1_201' title='bbox 2537 1553 2694 1607; x_wconf 87' lang='lat' dir='ltr'><strong>mala.</strong></span> <span class='ocrx_word' id='word_1_202' title='bbox 2746 1554 2810 1607; x_wconf 85' lang='lat' dir='ltr'><strong>Et</strong></span> <span class='ocrx_word' id='word_1_203' title='bbox 2840 1552 3047 1608; x_wconf 85' lang='lat' dir='ltr'><strong>idcirco</strong></span> <span class='ocrx_word' id='word_1_204' title='bbox 3081 1554 3196 1623; x_wconf 88' lang='lat' dir='ltr'><strong>jam</strong></span> <span class='ocrx_word' id='word_1_205' title='bbox 3228 1562 3280 1608; x_wconf 90' lang='lat' dir='ltr'><strong>te</strong></span> <span class='ocrx_word' id='word_1_206' title='bbox 3313 1564 3437 1621; x_wconf 87' lang='lat' dir='ltr'><strong>post</strong></span> <span class='ocrx_word' id='word_1_207' title='bbox 3474 1555 3612 1609; x_wconf 89' lang='lat' dir='ltr'><strong>hanc</strong></span> <span class='ocrx_word' id='word_1_208' title='bbox 3641 1555 3819 1624; x_wconf 88' lang='lat' dir='ltr'><strong>publi-</strong></span> 
     </span>
    </p>
   </div>
   <div class='ocr_carea' id='block_1_30' title="bbox 2221 1647 3821 1716">
    <p class='ocr_par' dir='ltr' id='par_1_30' title="bbox 2221 1647 3821 1716">
     <span class='ocr_line' id='line_1_30' title="bbox 2221 1647 3821 1716; baseline 0.002 -17"><span class='ocrx_word' id='word_1_209' title='bbox 2221 1648 2492 1701; x_wconf 88' lang='lat' dir='ltr'><strong>cationem</strong></span> <span class='ocrx_word' id='word_1_210' title='bbox 2527 1655 2668 1699; x_wconf 89' lang='lat' dir='ltr'><strong>tttatn</strong></span> <span class='ocrx_word' id='word_1_211' title='bbox 2711 1647 3072 1716; x_wconf 85' lang='lat' dir='ltr'><strong>nequissimus</strong></span> <span class='ocrx_word' id='word_1_212' title='bbox 3111 1648 3335 1714; x_wconf 80' lang='lat' dir='ltr'><strong>Spiritus</strong></span> <span class='ocrx_word' id='word_1_213' title='bbox 3375 1648 3476 1702; x_wconf 88' lang='lat' dir='ltr'><strong>iste</strong></span> <span class='ocrx_word' id='word_1_214' title='bbox 3516 1649 3821 1716; x_wconf 67' lang='lat' dir='ltr'><strong>inquietare</strong></span> 
     </span>
    </p>
   </div>
   <div class='ocr_carea' id='block_1_31' title="bbox 2223 1737 3822 1809">
    <p class='ocr_par' dir='ltr' id='par_1_31' title="bbox 2223 1737 3822 1809">
     <span class='ocr_line' id='line_1_31' title="bbox 2223 1737 3822 1809; baseline 0.001 -17"><span class='ocrx_word' id='word_1_215' title='bbox 2223 1753 2329 1792; x_wconf 90' lang='lat' dir='ltr'><strong>non</strong></span> <span class='ocrx_word' id='word_1_216' title='bbox 2359 1743 2574 1809; x_wconf 84' lang='lat' dir='ltr'><strong>poterit,</strong></span> <span class='ocrx_word' id='word_1_217' title='bbox 2607 1754 2706 1794; x_wconf 89' lang='lat' dir='ltr'><strong>nec</strong></span> <span class='ocrx_word' id='word_1_218' title='bbox 2735 1739 2790 1792; x_wconf 93' lang='lat' dir='ltr'><strong>itt</strong></span> <span class='ocrx_word' id='word_1_219' title='bbox 2819 1748 2872 1792; x_wconf 92' lang='lat' dir='ltr'><strong>te</strong></span> <span class='ocrx_word' id='word_1_220' title='bbox 2904 1738 3184 1792; x_wconf 85' lang='lat' dir='ltr'><strong>latibulum</strong></span> <span class='ocrx_word' id='word_1_221' title='bbox 3227 1737 3328 1792; x_wconf 87' lang='lat' dir='ltr'><strong>sibi</strong></span> <span class='ocrx_word' id='word_1_222' title='bbox 3363 1738 3675 1793; x_wconf 88' lang='lat' dir='ltr'><strong>teterrimos</strong></span> <span class='ocrx_word' id='word_1_223' title='bbox 3706 1753 3822 1792; x_wconf 85' lang='lat' dir='ltr'><strong>ser-</strong></span> 
     </span>
    </p>
   </div>
   <div class='ocr_carea' id='block_1_32' title="bbox 528 1820 3822 1903">
    <p class='ocr_par' dir='ltr' id='par_1_32' title="bbox 528 1820 3822 1903">
     <span class='ocr_line' id='line_1_32' title="bbox 528 1820 3822 1903; baseline 0.001 -26"><span class='ocrx_word' id='word_1_224' title='bbox 528 1825 728 1878; x_wconf 86' lang='lat' dir='ltr'><strong>l&#39;eslare</strong></span> <span class='ocrx_word' id='word_1_225' title='bbox 759 1826 1135 1892; x_wconf 80' lang='lat' dir='ltr'><strong>coitiuuderer,</strong></span> <span class='ocrx_word' id='word_1_226' title='bbox 1165 1829 1392 1896; x_wconf 82' lang='lat' dir='ltr'><strong>contigit</strong></span> <span class='ocrx_word' id='word_1_227' title='bbox 1433 1828 1529 1882; x_wconf 90' lang='lat' dir='ltr'><strong>Dei</strong></span> <span class='ocrx_word' id='word_1_228' title='bbox 1585 1837 1716 1882; x_wconf 90' lang='lat' dir='ltr'><strong>nutu</strong></span> <span class='ocrx_word' id='word_1_229' title='bbox 1775 1829 1842 1883; x_wconf 89' lang='lat' dir='ltr'><strong>de</strong></span> <span class='ocrx_word' id='word_1_230' title='bbox 1886 1829 1987 1886; x_wconf 92' lang='lat' dir='ltr'><strong>hoc</strong></span> <span class='ocrx_word' id='word_1_231' title='bbox 2030 1844 2117 1885; x_wconf 90' lang='lat' dir='ltr'><strong>me</strong></span> <span class='ocrx_word' id='word_1_232' title='bbox 2147 1820 2195 1882; x_wconf 83' lang='lat' dir='ltr'><strong>B</strong></span> <span class='ocrx_word' id='word_1_233' title='bbox 2223 1849 2355 1903; x_wconf 86' lang='lat' dir='ltr'><strong>pens</strong></span> <span class='ocrx_word' id='word_1_234' title='bbox 2381 1833 2635 1902; x_wconf 85' lang='lat' dir='ltr'><strong>deinceps</strong></span> <span class='ocrx_word' id='word_1_235' title='bbox 2665 1832 2968 1901; x_wconf 81' lang='lat' dir='ltr'><strong>ttsurpabit,</strong></span> <span class='ocrx_word' id='word_1_236' title='bbox 2997 1829 3064 1886; x_wconf 87' lang='lat' dir='ltr'><strong>tle</strong></span> <span class='ocrx_word' id='word_1_237' title='bbox 3095 1833 3334 1886; x_wconf 81' lang='lat' dir='ltr'><strong>tenebris</strong></span> <span class='ocrx_word' id='word_1_238' title='bbox 3365 1833 3438 1884; x_wconf 86' lang='lat' dir='ltr'><strong>tui</strong></span> <span class='ocrx_word' id='word_1_239' title='bbox 3477 1831 3660 1886; x_wconf 88' lang='lat' dir='ltr'><strong>cordis</strong></span> <span class='ocrx_word' id='word_1_240' title='bbox 3693 1844 3822 1885; x_wconf 85' lang='lat' dir='ltr'><strong>con-</strong></span> 
     </span>
    </p>
   </div>
   <div class='ocr_carea' id='block_1_33' title="bbox 527 1919 2116 1992">
    <p class='ocr_par' dir='ltr' id='par_1_33' title="bbox 527 1919 2116 1992">
     <span class='ocr_line' id='line_1_33' title="bbox 527 1919 2116 1992; baseline 0.006 -19"><span class='ocrx_word' id='word_1_241' title='bbox 527 1919 857 1985; x_wconf 76' lang='lat' dir='ltr'><strong>cztptivitatis</strong></span> <span class='ocrx_word' id='word_1_242' title='bbox 880 1920 1008 1988; x_wconf 78' lang='lat' dir='ltr'><strong>jugt)</strong></span> <span class='ocrx_word' id='word_1_243' title='bbox 1042 1921 1276 1975; x_wconf 88' lang='lat' dir='ltr'><strong>volentis</strong></span> <span class='ocrx_word' id='word_1_244' title='bbox 1305 1923 1544 1988; x_wconf 84' lang='lat' dir='ltr'><strong>eripere,</strong></span> <span class='ocrx_word' id='word_1_245' title='bbox 1579 1934 1630 1975; x_wconf 90' lang='lat' dir='ltr'><strong>ut</strong></span> <span class='ocrx_word' id='word_1_246' title='bbox 1661 1922 1878 1992; x_wconf 89' lang='lat' dir='ltr'><strong>quidam</strong></span> <span class='ocrx_word' id='word_1_247' title='bbox 1914 1923 2116 1982; x_wconf 76' lang='lat' dir='ltr'><strong>fratres</strong></span> 
     </span>
    </p>
   </div>
   <div class='ocr_carea' id='block_1_34' title="bbox 525 2013 2112 2087">
    <p class='ocr_par' dir='ltr' id='par_1_34' title="bbox 525 2013 2112 2087">
     <span class='ocr_line' id='line_1_34' title="bbox 525 2013 2112 2087; baseline 0.005 -20"><span class='ocrx_word' id='word_1_248' title='bbox 525 2014 716 2067; x_wconf 67' lang='lat' dir='ltr'><strong>cetram</strong></span> <span class='ocrx_word' id='word_1_249' title='bbox 751 2013 898 2068; x_wconf 82' lang='lat' dir='ltr'><strong>senis</strong></span> <span class='ocrx_word' id='word_1_250' title='bbox 919 2016 1144 2068; x_wconf 90' lang='lat' dir='ltr'><strong>obtentu</strong></span> <span class='ocrx_word' id='word_1_251' title='bbox 1173 2015 1546 2070; x_wconf 62' lang='lat' dir='ltr'><strong>aedilicatiouis</strong></span> <span class='ocrx_word' id='word_1_252' title='bbox 1574 2027 1917 2087; x_wconf 77' lang='lat' dir='ltr'><strong>expeterent.</strong></span> <span class='ocrx_word' id='word_1_253' title='bbox 1949 2020 2112 2076; x_wconf 89' lang='lat' dir='ltr'><strong>Cum-</strong></span> 
     </span>
    </p>
   </div>
   <div class='ocr_carea' id='block_1_35' title="bbox 525 2104 2114 2182">
    <p class='ocr_par' dir='ltr' id='par_1_35' title="bbox 525 2104 2114 2182">
     <span class='ocr_line' id='line_1_35' title="bbox 525 2104 2114 2182; baseline 0.008 -26"><span class='ocrx_word' id='word_1_254' title='bbox 525 2120 556 2172; x_wconf 92' lang='lat' dir='ltr'><strong>q</strong></span> <span class='ocrx_word' id='word_1_255' title='bbox 583 2122 627 2158; x_wconf 77' lang='lat' dir='ltr'><strong>te</strong></span> <span class='ocrx_word' id='word_1_256' title='bbox 652 2104 952 2159; x_wconf 79' lang='lat' dir='ltr'><strong>refectione</strong></span> <span class='ocrx_word' id='word_1_257' title='bbox 994 2113 1287 2173; x_wconf 89' lang='lat' dir='ltr'><strong>transacta,</strong></span> <span class='ocrx_word' id='word_1_258' title='bbox 1317 2107 1538 2162; x_wconf 87' lang='lat' dir='ltr'><strong>collatio</strong></span> <span class='ocrx_word' id='word_1_259' title='bbox 1565 2108 1824 2176; x_wconf 80' lang='lat' dir='ltr'><strong>Spiritalis</strong></span> <span class='ocrx_word' id='word_1_260' title='bbox 1849 2110 2114 2182; x_wconf 62' lang='lat' dir='ltr'><strong>coepisset</strong></span> 
     </span>
    </p>
   </div>
   <div class='ocr_carea' id='block_1_36' title="bbox 523 2197 2115 2278">
    <p class='ocr_par' dir='ltr' id='par_1_36' title="bbox 523 2197 2115 2278">
     <span class='ocr_line' id='line_1_36' title="bbox 523 2197 2115 2278; baseline 0.009 -30"><span class='ocrx_word' id='word_1_261' title='bbox 523 2197 754 2267; x_wconf 81' lang='lat' dir='ltr'><strong>agitari,</strong></span> <span class='ocrx_word' id='word_1_262' title='bbox 796 2202 1246 2269; x_wconf 84' lang='lat' dir='ltr'><strong>respondensque</strong></span> <span class='ocrx_word' id='word_1_263' title='bbox 1271 2217 1438 2256; x_wconf 78' lang='lat' dir='ltr'><strong>senex</strong></span> <span class='ocrx_word' id='word_1_264' title='bbox 1487 2206 1786 2272; x_wconf 85' lang='lat' dir='ltr'><strong>propositis</strong></span> <span class='ocrx_word' id='word_1_265' title='bbox 1818 2207 2115 2278; x_wconf 77' lang='lat' dir='ltr'><strong>interroga-</strong></span> 
     </span>
    </p>
   </div>
   <div class='ocr_carea' id='block_1_37' title="bbox 524 2290 2111 2366">
    <p class='ocr_par' dir='ltr' id='par_1_37' title="bbox 524 2290 2111 2366">
     <span class='ocr_line' id='line_1_37' title="bbox 524 2290 2111 2366; baseline 0.007 -21"><span class='ocrx_word' id='word_1_266' title='bbox 524 2290 755 2346; x_wconf 82' lang='lat' dir='ltr'><strong>tionibus</strong></span> <span class='ocrx_word' id='word_1_267' title='bbox 785 2309 999 2361; x_wconf 90' lang='lat' dir='ltr'><strong>eorum,</strong></span> <span class='ocrx_word' id='word_1_268' title='bbox 1049 2295 1116 2350; x_wconf 88' lang='lat' dir='ltr'><strong>de</strong></span> <span class='ocrx_word' id='word_1_269' title='bbox 1159 2298 1554 2366; x_wconf 70' lang='lat' dir='ltr'><strong>gastrimargite</strong></span> <span class='ocrx_word' id='word_1_270' title='bbox 1594 2300 1726 2354; x_wconf 90' lang='lat' dir='ltr'><strong>vitio</strong></span> <span class='ocrx_word' id='word_1_271' title='bbox 1770 2310 1827 2354; x_wconf 90' lang='lat' dir='ltr'><strong>ct</strong></span> <span class='ocrx_word' id='word_1_272' title='bbox 1874 2305 2111 2358; x_wconf 87' lang='lat' dir='ltr'><strong>occulta-</strong></span> 
     </span>
    </p>
   </div>
   <div class='ocr_carea' id='block_1_38' title="bbox 521 2386 2112 2468">
    <p class='ocr_par' dir='ltr' id='par_1_38' title="bbox 521 2386 2112 2468">
     <span class='ocr_line' id='line_1_38' title="bbox 521 2386 2112 2468; baseline 0.01 -31"><span class='ocrx_word' id='word_1_273' title='bbox 521 2397 640 2438; x_wconf 90' lang='lat' dir='ltr'><strong>rum</strong></span> <span class='ocrx_word' id='word_1_274' title='bbox 662 2386 1048 2454; x_wconf 78' lang='lat' dir='ltr'><strong>cogitationum</strong></span> <span class='ocrx_word' id='word_1_275' title='bbox 1073 2389 1446 2446; x_wconf 62' lang='lat' dir='ltr'><strong>dominatione</strong></span> <span class='ocrx_word' id='word_1_276' title='bbox 1469 2390 1788 2461; x_wconf 87' lang='lat' dir='ltr'><strong>dissereret,</strong></span> <span class='ocrx_word' id='word_1_277' title='bbox 1817 2411 2112 2468; x_wconf 73' lang='lat' dir='ltr'><strong>earumque</strong></span> 
     </span>
    </p>
   </div>
   <div class='ocr_carea' id='block_1_39' title="bbox 523 2483 2111 2558">
    <p class='ocr_par' dir='ltr' id='par_1_39' title="bbox 523 2483 2111 2558">
     <span class='ocr_line' id='line_1_39' title="bbox 523 2483 2111 2558; baseline 0.011 -29"><span class='ocrx_word' id='word_1_278' title='bbox 523 2488 768 2532; x_wconf 89' lang='lat' dir='ltr'><strong>naturam</strong></span> <span class='ocrx_word' id='word_1_279' title='bbox 793 2489 847 2533; x_wconf 90' lang='lat' dir='ltr'><strong>et</strong></span> <span class='ocrx_word' id='word_1_280' title='bbox 866 2483 1266 2536; x_wconf 86' lang='lat' dir='ltr'><strong>atrocissimam</strong></span> <span class='ocrx_word' id='word_1_281' title='bbox 1291 2485 1401 2539; x_wconf 87' lang='lat' dir='ltr'><strong>vim</strong></span> <span class='ocrx_word' id='word_1_282' title='bbox 1431 2489 1590 2554; x_wconf 90' lang='lat' dir='ltr'><strong>quam</strong></span> <span class='ocrx_word' id='word_1_283' title='bbox 1616 2486 1908 2558; x_wconf 88' lang='lat' dir='ltr'><strong>haberent,</strong></span> <span class='ocrx_word' id='word_1_284' title='bbox 1937 2490 2111 2547; x_wconf 90' lang='lat' dir='ltr'><strong>donec</strong></span> 
     </span>
    </p>
   </div>
   <div class='ocr_carea' id='block_1_40' title="bbox 521 2570 2110 2653">
    <p class='ocr_par' dir='ltr' id='par_1_40' title="bbox 521 2570 2110 2653">
     <span class='ocr_line' id='line_1_40' title="bbox 521 2570 2110 2653; baseline 0.013 -30"><span class='ocrx_word' id='word_1_285' title='bbox 521 2570 861 2637; x_wconf 88' lang='lat' dir='ltr'><strong>celarentur,</strong></span> <span class='ocrx_word' id='word_1_286' title='bbox 895 2588 1188 2644; x_wconf 84' lang='lat' dir='ltr'><strong>exponeret</strong></span> <span class='ocrx_word' id='word_1_287' title='bbox 1219 2619 1232 2641; x_wconf 92' lang='lat'><strong>,</strong></span> <span class='ocrx_word' id='word_1_288' title='bbox 1275 2589 1634 2649; x_wconf 90' lang='lat' dir='ltr'><strong>compunctus</strong></span> <span class='ocrx_word' id='word_1_289' title='bbox 1660 2598 1762 2653; x_wconf 76' lang='lat' dir='ltr'><strong>ego</strong></span> <span class='ocrx_word' id='word_1_290' title='bbox 1805 2585 2110 2644; x_wconf 86' lang='lat' dir='ltr'><strong>collationis</strong></span> 
     </span>
    </p>
   </div>
   <div class='ocr_carea' id='block_1_41' title="bbox 523 2662 2111 2749">
    <p class='ocr_par' dir='ltr' id='par_1_41' title="bbox 523 2662 2111 2749">
     <span class='ocr_line' id='line_1_41' title="bbox 523 2662 2111 2749; baseline 0.011 -31"><span class='ocrx_word' id='word_1_291' title='bbox 523 2662 686 2733; x_wconf 90' lang='lat' dir='ltr'><strong>ltujus</strong></span> <span class='ocrx_word' id='word_1_292' title='bbox 732 2666 926 2723; x_wconf 86' lang='lat' dir='ltr'><strong>virtute</strong></span> <span class='ocrx_word' id='word_1_293' title='bbox 956 2711 970 2735; x_wconf 93' lang='lat'><strong>,</strong></span> <span class='ocrx_word' id='word_1_294' title='bbox 1012 2681 1062 2723; x_wconf 91' lang='lat' dir='ltr'><strong>et</strong></span> <span class='ocrx_word' id='word_1_295' title='bbox 1099 2672 1434 2728; x_wconf 83' lang='lat' dir='ltr'><strong>conscientia</strong></span> <span class='ocrx_word' id='word_1_296' title='bbox 1495 2675 1856 2747; x_wconf 82' lang='lat' dir='ltr'><strong>redarguente</strong></span> <span class='ocrx_word' id='word_1_297' title='bbox 1903 2688 2111 2749; x_wconf 90' lang='lat' dir='ltr'><strong>perter-</strong></span> 
     </span>
    </p>
   </div>
   <div class='ocr_carea' id='block_1_42' title="bbox 519 2759 2108 2846">
    <p class='ocr_par' dir='ltr' id='par_1_42' title="bbox 519 2759 2108 2846">
     <span class='ocr_line' id='line_1_42' title="bbox 519 2759 2108 2846; baseline 0.012 -32"><span class='ocrx_word' id='word_1_298' title='bbox 519 2759 681 2824; x_wconf 86' lang='lat' dir='ltr'><strong>ritus,</strong></span> <span class='ocrx_word' id='word_1_299' title='bbox 712 2761 860 2815; x_wconf 89' lang='lat' dir='ltr'><strong>velut</strong></span> <span class='ocrx_word' id='word_1_300' title='bbox 889 2765 977 2832; x_wconf 89' lang='lat' dir='ltr'><strong>qui</strong></span> <span class='ocrx_word' id='word_1_301' title='bbox 1008 2766 1290 2821; x_wconf 89' lang='lat' dir='ltr'><strong>crederem</strong></span> <span class='ocrx_word' id='word_1_302' title='bbox 1323 2769 1392 2823; x_wconf 92' lang='lat' dir='ltr'><strong>ob</strong></span> <span class='ocrx_word' id='word_1_303' title='bbox 1424 2768 1524 2824; x_wconf 93' lang='lat' dir='ltr'><strong>hoc</strong></span> <span class='ocrx_word' id='word_1_304' title='bbox 1551 2786 1611 2827; x_wconf 91' lang='lat' dir='ltr'><strong>ea</strong></span> <span class='ocrx_word' id='word_1_305' title='bbox 1664 2772 1828 2830; x_wconf 88' lang='lat' dir='ltr'><strong>fuisse</strong></span> <span class='ocrx_word' id='word_1_306' title='bbox 1861 2776 2108 2846; x_wconf 91' lang='lat' dir='ltr'><strong>prolata,</strong></span> 
     </span>
    </p>
   </div>
   <div class='ocr_carea' id='block_1_43' title="bbox 518 2852 2111 2933">
    <p class='ocr_par' dir='ltr' id='par_1_43' title="bbox 518 2852 2111 2933">
     <span class='ocr_line' id='line_1_43' title="bbox 518 2852 2111 2933; baseline 0.015 -32"><span class='ocrx_word' id='word_1_307' title='bbox 518 2852 662 2921; x_wconf 85' lang='lat' dir='ltr'><strong>quod</strong></span> <span class='ocrx_word' id='word_1_308' title='bbox 712 2853 828 2907; x_wconf 90' lang='lat' dir='ltr'><strong>seni</strong></span> <span class='ocrx_word' id='word_1_309' title='bbox 879 2855 1136 2911; x_wconf 88' lang='lat' dir='ltr'><strong>Dominus</strong></span> <span class='ocrx_word' id='word_1_310' title='bbox 1185 2870 1392 2915; x_wconf 87' lang='lat' dir='ltr'><strong>secreta</strong></span> <span class='ocrx_word' id='word_1_311' title='bbox 1436 2863 1540 2917; x_wconf 90' lang='lat' dir='ltr'><strong>mei</strong></span> <span class='ocrx_word' id='word_1_312' title='bbox 1590 2867 1828 2933; x_wconf 86' lang='lat' dir='ltr'><strong>peetoris</strong></span> <span class='ocrx_word' id='word_1_313' title='bbox 1873 2869 2111 2924; x_wconf 83' lang='lat' dir='ltr'><strong>revelas—</strong></span> 
     </span>
    </p>
   </div>
   <div class='ocr_carea' id='block_1_44' title="bbox 518 2947 2109 3023">
    <p class='ocr_par' dir='ltr' id='par_1_44' title="bbox 518 2947 2109 3023">
     <span class='ocr_line' id='line_1_44' title="bbox 518 2947 2109 3023; baseline 0.012 -25"><span class='ocrx_word' id='word_1_314' title='bbox 518 2955 621 3010; x_wconf 86' lang='lat' dir='ltr'><strong>set,</strong></span> <span class='ocrx_word' id='word_1_315' title='bbox 657 2947 708 2998; x_wconf 92' lang='lat' dir='ltr'><strong>in</strong></span> <span class='ocrx_word' id='word_1_316' title='bbox 749 2948 990 3001; x_wconf 81' lang='lat' dir='ltr'><strong>occultos</strong></span> <span class='ocrx_word' id='word_1_317' title='bbox 1025 2951 1258 3019; x_wconf 89' lang='lat' dir='ltr'><strong>primttm</strong></span> <span class='ocrx_word' id='word_1_318' title='bbox 1308 2956 1540 3023; x_wconf 81' lang='lat' dir='ltr'><strong>gemitus</strong></span> <span class='ocrx_word' id='word_1_319' title='bbox 1587 2958 1873 3023; x_wconf 69' lang='lat' dir='ltr'><strong>etcitatus,</strong></span> <span class='ocrx_word' id='word_1_320' title='bbox 1909 2960 2109 3017; x_wconf 91' lang='lat' dir='ltr'><strong>deinde</strong></span> 
     </span>
    </p>
   </div>
   <div class='ocr_carea' id='block_1_45' title="bbox 519 3037 2106 3121">
    <p class='ocr_par' dir='ltr' id='par_1_45' title="bbox 519 3037 2106 3121">
     <span class='ocr_line' id='line_1_45' title="bbox 519 3037 2106 3121; baseline 0.011 -30"><span class='ocrx_word' id='word_1_321' title='bbox 519 3037 701 3091; x_wconf 85' lang='lat' dir='ltr'><strong>cordis</strong></span> <span class='ocrx_word' id='word_1_322' title='bbox 730 3041 833 3095; x_wconf 90' lang='lat' dir='ltr'><strong>mei</strong></span> <span class='ocrx_word' id='word_1_323' title='bbox 863 3046 1279 3109; x_wconf 73' lang='lat' dir='ltr'><strong>compunrtione</strong></span> <span class='ocrx_word' id='word_1_324' title='bbox 1304 3059 1622 3116; x_wconf 88' lang='lat' dir='ltr'><strong>crescente,</strong></span> <span class='ocrx_word' id='word_1_325' title='bbox 1672 3052 1722 3105; x_wconf 92' lang='lat' dir='ltr'><strong>in</strong></span> <span class='ocrx_word' id='word_1_326' title='bbox 1747 3061 1970 3121; x_wconf 88' lang='lat' dir='ltr'><strong>apertos</strong></span> <span class='ocrx_word' id='word_1_327' title='bbox 1997 3053 2106 3109; x_wconf 89' lang='lat' dir='ltr'><strong>sin-</strong></span> 
     </span>
    </p>
   </div>
   <div class='ocr_carea' id='block_1_46' title="bbox 518 3131 2104 3214">
    <p class='ocr_par' dir='ltr' id='par_1_46' title="bbox 518 3131 2104 3214">
     <span class='ocr_line' id='line_1_46' title="bbox 518 3131 2104 3214; baseline 0.01 -30"><span class='ocrx_word' id='word_1_328' title='bbox 518 3131 700 3200; x_wconf 85' lang='lat' dir='ltr'><strong>gultus</strong></span> <span class='ocrx_word' id='word_1_329' title='bbox 765 3133 1143 3204; x_wconf 83' lang='lat' dir='ltr'><strong>lacryntasque</strong></span> <span class='ocrx_word' id='word_1_330' title='bbox 1210 3153 1611 3209; x_wconf 88' lang='lat' dir='ltr'><strong>prorumpens,</strong></span> <span class='ocrx_word' id='word_1_331' title='bbox 1682 3146 2104 3214; x_wconf 78' lang='lat' dir='ltr'><strong>paxamacium,</strong></span> 
     </span>
    </p>
   </div>
   <div class='ocr_carea' id='block_1_47' title="bbox 2219 1921 3822 1993">
    <p class='ocr_par' dir='ltr' id='par_1_47' title="bbox 2219 1921 3822 1993">
     <span class='ocr_line' id='line_1_47' title="bbox 2219 1921 3822 1993; baseline -0.002 -13"><span class='ocrx_word' id='word_1_332' title='bbox 2219 1927 2454 1981; x_wconf 86' lang='lat' dir='ltr'><strong>fessione</strong></span> <span class='ocrx_word' id='word_1_333' title='bbox 2499 1925 2722 1979; x_wconf 87' lang='lat' dir='ltr'><strong>salutari</strong></span> <span class='ocrx_word' id='word_1_334' title='bbox 2756 1933 3060 1993; x_wconf 75' lang='lat' dir='ltr'><strong>protractus</strong></span> <span class='ocrx_word' id='word_1_335' title='bbox 3091 1923 3159 1976; x_wconf 88' lang='lat' dir='ltr'><strong>ad</strong></span> <span class='ocrx_word' id='word_1_336' title='bbox 3192 1923 3388 1977; x_wconf 90' lang='lat' dir='ltr'><strong>lucem.</strong></span> <span class='ocrx_word' id='word_1_337' title='bbox 3420 1921 3529 1977; x_wconf 82' lang='lat' dir='ltr'><strong>Nec</strong></span> <span class='ocrx_word' id='word_1_338' title='bbox 3557 1921 3688 1976; x_wconf 87' lang='lat' dir='ltr'><strong>dum</strong></span> <span class='ocrx_word' id='word_1_339' title='bbox 3735 1938 3822 1977; x_wconf 86' lang='lat' dir='ltr'><strong>se-</strong></span> 
     </span>
    </p>
   </div>
   <div class='ocr_carea' id='block_1_48' title="bbox 2219 2015 3820 2084">
    <p class='ocr_par' dir='ltr' id='par_1_48' title="bbox 2219 2015 3820 2084">
     <span class='ocr_line' id='line_1_48' title="bbox 2219 2015 3820 2084; baseline -0.002 -12"><span class='ocrx_word' id='word_1_340' title='bbox 2219 2033 2322 2072; x_wconf 82' lang='lat' dir='ltr'><strong>nex</strong></span> <span class='ocrx_word' id='word_1_341' title='bbox 2352 2016 2466 2071; x_wconf 75' lang='lat' dir='ltr'><strong>inec</strong></span> <span class='ocrx_word' id='word_1_342' title='bbox 2494 2017 2657 2070; x_wconf 87' lang='lat' dir='ltr'><strong>verba</strong></span> <span class='ocrx_word' id='word_1_343' title='bbox 2689 2015 3079 2084; x_wconf 87' lang='lat' dir='ltr'><strong>compleverat,</strong></span> <span class='ocrx_word' id='word_1_344' title='bbox 3113 2025 3166 2069; x_wconf 92' lang='lat' dir='ltr'><strong>et</strong></span> <span class='ocrx_word' id='word_1_345' title='bbox 3195 2029 3323 2069; x_wconf 89' lang='lat' dir='ltr'><strong>ecce</strong></span> <span class='ocrx_word' id='word_1_346' title='bbox 3352 2015 3559 2080; x_wconf 81' lang='lat' dir='ltr'><strong>lampas</strong></span> <span class='ocrx_word' id='word_1_347' title='bbox 3585 2028 3820 2068; x_wconf 83' lang='lat' dir='ltr'><strong>accensa</strong></span> 
     </span>
    </p>
   </div>
   <div class='ocr_carea' id='block_1_49' title="bbox 2216 2107 3824 2180">
    <p class='ocr_par' dir='ltr' id='par_1_49' title="bbox 2216 2107 3824 2180">
     <span class='ocr_line' id='line_1_49' title="bbox 2216 2107 3824 2180; baseline -0.002 -14"><span class='ocrx_word' id='word_1_348' title='bbox 2216 2111 2283 2166; x_wconf 91' lang='lat' dir='ltr'><strong>de</strong></span> <span class='ocrx_word' id='word_1_349' title='bbox 2313 2125 2432 2166; x_wconf 87' lang='lat' dir='ltr'><strong>meo</strong></span> <span class='ocrx_word' id='word_1_350' title='bbox 2459 2113 2578 2164; x_wconf 89' lang='lat' dir='ltr'><strong>sinu</strong></span> <span class='ocrx_word' id='word_1_351' title='bbox 2611 2109 2913 2180; x_wconf 88' lang='lat' dir='ltr'><strong>procedens</strong></span> <span class='ocrx_word' id='word_1_352' title='bbox 2943 2108 3014 2163; x_wconf 88' lang='lat' dir='ltr'><strong>ita</strong></span> <span class='ocrx_word' id='word_1_353' title='bbox 3044 2108 3238 2164; x_wconf 89' lang='lat' dir='ltr'><strong>cellam</strong></span> <span class='ocrx_word' id='word_1_354' title='bbox 3267 2107 3492 2178; x_wconf 85' lang='lat' dir='ltr'><strong>replevit</strong></span> <span class='ocrx_word' id='word_1_355' title='bbox 3513 2107 3688 2162; x_wconf 90' lang='lat' dir='ltr'><strong>odore</strong></span> <span class='ocrx_word' id='word_1_356' title='bbox 3709 2107 3824 2162; x_wconf 85' lang='lat' dir='ltr'><strong>sul-</strong></span> 
     </span>
    </p>
   </div>
   <div class='ocr_carea' id='block_1_50' title="bbox 2216 2199 3826 2271">
    <p class='ocr_par' dir='ltr' id='par_1_50' title="bbox 2216 2199 3826 2271">
     <span class='ocr_line' id='line_1_50' title="bbox 2216 2199 3826 2271; baseline -0.003 -12"><span class='ocrx_word' id='word_1_357' title='bbox 2216 2205 2405 2271; x_wconf 85' lang='lat' dir='ltr'><strong>fureo,</strong></span> <span class='ocrx_word' id='word_1_358' title='bbox 2441 2213 2498 2258; x_wconf 88' lang='lat' dir='ltr'><strong>ut</strong></span> <span class='ocrx_word' id='word_1_359' title='bbox 2525 2203 2866 2258; x_wconf 86' lang='lat' dir='ltr'><strong>vehementia</strong></span> <span class='ocrx_word' id='word_1_360' title='bbox 2899 2201 3088 2256; x_wconf 82' lang='lat' dir='ltr'><strong>fetoris</strong></span> <span class='ocrx_word' id='word_1_361' title='bbox 3109 2201 3284 2270; x_wconf 87' lang='lat' dir='ltr'><strong>ipsius</strong></span> <span class='ocrx_word' id='word_1_362' title='bbox 3314 2201 3405 2254; x_wconf 78' lang='lat' dir='ltr'><strong>vix</strong></span> <span class='ocrx_word' id='word_1_363' title='bbox 3429 2199 3483 2255; x_wconf 92' lang='lat' dir='ltr'><strong>in</strong></span> <span class='ocrx_word' id='word_1_364' title='bbox 3515 2214 3580 2254; x_wconf 85' lang='lat' dir='ltr'><strong>ea</strong></span> <span class='ocrx_word' id='word_1_365' title='bbox 3610 2199 3826 2254; x_wconf 88' lang='lat' dir='ltr'><strong>reside-</strong></span> 
     </span>
    </p>
   </div>
   <div class='ocr_carea' id='block_1_51' title="bbox 2214 2290 3824 2364">
    <p class='ocr_par' dir='ltr' id='par_1_51' title="bbox 2214 2290 3824 2364">
     <span class='ocr_line' id='line_1_51' title="bbox 2214 2290 3824 2364; baseline -0.005 -12"><span class='ocrx_word' id='word_1_366' title='bbox 2214 2313 2274 2352; x_wconf 89' lang='lat' dir='ltr'><strong>re</strong></span> <span class='ocrx_word' id='word_1_367' title='bbox 2305 2312 2404 2351; x_wconf 93' lang='lat' dir='ltr'><strong>nos</strong></span> <span class='ocrx_word' id='word_1_368' title='bbox 2435 2297 2796 2364; x_wconf 90' lang='lat' dir='ltr'><strong>permitteret.</strong></span> <span class='ocrx_word' id='word_1_369' title='bbox 2830 2293 3250 2360; x_wconf 79' lang='lat' dir='ltr'><strong>Resumensquc</strong></span> <span class='ocrx_word' id='word_1_370' title='bbox 3279 2307 3449 2348; x_wconf 78' lang='lat' dir='ltr'><strong>senex</strong></span> <span class='ocrx_word' id='word_1_371' title='bbox 3485 2290 3824 2345; x_wconf 81' lang='lat' dir='ltr'><strong>admonitio-</strong></span> 
     </span>
    </p>
   </div>
   <div class='ocr_carea' id='block_1_52' title="bbox 2215 2385 3822 2459">
    <p class='ocr_par' dir='ltr' id='par_1_52' title="bbox 2215 2385 3822 2459">
     <span class='ocr_line' id='line_1_52' title="bbox 2215 2385 3822 2459; baseline -0.004 -14"><span class='ocrx_word' id='word_1_372' title='bbox 2215 2405 2364 2458; x_wconf 88' lang='lat' dir='ltr'><strong>nem,</strong></span> <span class='ocrx_word' id='word_1_373' title='bbox 2382 2389 2544 2456; x_wconf 87' lang='lat' dir='ltr'><strong>Ecee,</strong></span> <span class='ocrx_word' id='word_1_374' title='bbox 2569 2389 2767 2459; x_wconf 88' lang='lat' dir='ltr'><strong>inquit,</strong></span> <span class='ocrx_word' id='word_1_375' title='bbox 2787 2387 3048 2442; x_wconf 89' lang='lat' dir='ltr'><strong>Dominus</strong></span> <span class='ocrx_word' id='word_1_376' title='bbox 3073 2385 3168 2441; x_wconf 91' lang='lat' dir='ltr'><strong>tibi</strong></span> <span class='ocrx_word' id='word_1_377' title='bbox 3193 2389 3475 2442; x_wconf 87' lang='lat' dir='ltr'><strong>veritatem</strong></span> <span class='ocrx_word' id='word_1_378' title='bbox 3497 2400 3822 2440; x_wconf 84' lang='lat' dir='ltr'><strong>sermonum</strong></span> 
     </span>
    </p>
   </div>
   <div class='ocr_carea' id='block_1_53' title="bbox 2215 2477 3825 2550">
    <p class='ocr_par' dir='ltr' id='par_1_53' title="bbox 2215 2477 3825 2550">
     <span class='ocr_line' id='line_1_53' title="bbox 2215 2477 3825 2550; baseline -0.004 -13"><span class='ocrx_word' id='word_1_379' title='bbox 2215 2497 2458 2537; x_wconf 89' lang='lat' dir='ltr'><strong>meorum</strong></span> <span class='ocrx_word' id='word_1_380' title='bbox 2487 2481 2770 2536; x_wconf 86' lang='lat' dir='ltr'><strong>visibiliter</strong></span> <span class='ocrx_word' id='word_1_381' title='bbox 2796 2477 3139 2550; x_wconf 83' lang='lat' dir='ltr'><strong>approbavit,</strong></span> <span class='ocrx_word' id='word_1_382' title='bbox 3172 2487 3230 2532; x_wconf 91' lang='lat' dir='ltr'><strong>ut</strong></span> <span class='ocrx_word' id='word_1_383' title='bbox 3259 2477 3533 2546; x_wconf 88' lang='lat' dir='ltr'><strong>passionis</strong></span> <span class='ocrx_word' id='word_1_384' title='bbox 3570 2477 3825 2531; x_wconf 88' lang='lat' dir='ltr'><strong>incento-</strong></span> 
     </span>
    </p>
   </div>
   <div class='ocr_carea' id='block_1_54' title="bbox 2214 2570 3825 2641">
    <p class='ocr_par' dir='ltr' id='par_1_54' title="bbox 2214 2570 3825 2641">
     <span class='ocr_line' id='line_1_54' title="bbox 2214 2570 3825 2641; baseline -0.003 -12"><span class='ocrx_word' id='word_1_385' title='bbox 2214 2589 2329 2630; x_wconf 89' lang='lat' dir='ltr'><strong>rem</strong></span> <span class='ocrx_word' id='word_1_386' title='bbox 2356 2570 2426 2629; x_wconf 87' lang='lat' dir='ltr'><strong>de</strong></span> <span class='ocrx_word' id='word_1_387' title='bbox 2452 2574 2617 2629; x_wconf 89' lang='lat' dir='ltr'><strong>corde</strong></span> <span class='ocrx_word' id='word_1_388' title='bbox 2647 2585 2740 2628; x_wconf 91' lang='lat' dir='ltr'><strong>tuo</strong></span> <span class='ocrx_word' id='word_1_389' title='bbox 2769 2573 3113 2628; x_wconf 83' lang='lat' dir='ltr'><strong>confessione</strong></span> <span class='ocrx_word' id='word_1_390' title='bbox 3138 2571 3342 2626; x_wconf 90' lang='lat' dir='ltr'><strong>salubri</strong></span> <span class='ocrx_word' id='word_1_391' title='bbox 3373 2571 3633 2641; x_wconf 79' lang='lat' dir='ltr'><strong>fugatum,</strong></span> <span class='ocrx_word' id='word_1_392' title='bbox 3683 2585 3825 2624; x_wconf 89' lang='lat' dir='ltr'><strong>ocu-</strong></span> 
     </span>
    </p>
   </div>
   <div class='ocr_carea' id='block_1_55' title="bbox 2214 2665 3823 2738">
    <p class='ocr_par' dir='ltr' id='par_1_55' title="bbox 2214 2665 3823 2738">
     <span class='ocr_line' id='line_1_55' title="bbox 2214 2665 3823 2738; baseline -0.004 -14"><span class='ocrx_word' id='word_1_393' title='bbox 2214 2669 2282 2724; x_wconf 90' lang='lat' dir='ltr'><strong>lis</strong></span> <span class='ocrx_word' id='word_1_394' title='bbox 2309 2670 2661 2738; x_wconf 83' lang='lat' dir='ltr'><strong>pervideres,</strong></span> <span class='ocrx_word' id='word_1_395' title='bbox 2707 2665 3146 2738; x_wconf 88' lang='lat' dir='ltr'><strong>patefactumque</strong></span> <span class='ocrx_word' id='word_1_396' title='bbox 3195 2668 3410 2721; x_wconf 87' lang='lat' dir='ltr'><strong>hostem</strong></span> <span class='ocrx_word' id='word_1_397' title='bbox 3471 2680 3823 2734; x_wconf 85' lang='lat' dir='ltr'><strong>nequaquam</strong></span> 
     </span>
    </p>
   </div>
   <div class='ocr_carea' id='block_1_56' title="bbox 2213 2759 3821 2829">
    <p class='ocr_par' dir='ltr' id='par_1_56' title="bbox 2213 2759 3821 2829">
     <span class='ocr_line' id='line_1_56' title="bbox 2213 2759 3821 2829; baseline -0.002 -11"><span class='ocrx_word' id='word_1_398' title='bbox 2213 2763 2388 2818; x_wconf 91' lang='lat' dir='ltr'><strong>locum</strong></span> <span class='ocrx_word' id='word_1_399' title='bbox 2433 2763 2503 2817; x_wconf 80' lang='lat' dir='ltr'><strong>itr</strong></span> <span class='ocrx_word' id='word_1_400' title='bbox 2525 2773 2578 2818; x_wconf 94' lang='lat' dir='ltr'><strong>te</strong></span> <span class='ocrx_word' id='word_1_401' title='bbox 2609 2762 2832 2817; x_wconf 89' lang='lat' dir='ltr'><strong>ulterius</strong></span> <span class='ocrx_word' id='word_1_402' title='bbox 2867 2759 3179 2816; x_wconf 91' lang='lat' dir='ltr'><strong>habiturum</strong></span> <span class='ocrx_word' id='word_1_403' title='bbox 3200 2802 3215 2828; x_wconf 90' lang='lat'><strong>,</strong></span> <span class='ocrx_word' id='word_1_404' title='bbox 3245 2768 3430 2828; x_wconf 85' lang='lat' dir='ltr'><strong>aperta</strong></span> <span class='ocrx_word' id='word_1_405' title='bbox 3465 2759 3583 2829; x_wconf 90' lang='lat' dir='ltr'><strong>ejus</strong></span> <span class='ocrx_word' id='word_1_406' title='bbox 3613 2759 3821 2828; x_wconf 79' lang='lat' dir='ltr'><strong>expul-</strong></span> 
     </span>
    </p>
   </div>
   <div class='ocr_carea' id='block_1_57' title="bbox 2212 2850 3820 2926">
    <p class='ocr_par' dir='ltr' id='par_1_57' title="bbox 2212 2850 3820 2926">
     <span class='ocr_line' id='line_1_57' title="bbox 2212 2850 3820 2926; baseline -0.003 -16"><span class='ocrx_word' id='word_1_407' title='bbox 2212 2857 2389 2924; x_wconf 89' lang='lat' dir='ltr'><strong>sione,</strong></span> <span class='ocrx_word' id='word_1_408' title='bbox 2427 2870 2812 2926; x_wconf 73' lang='lat' dir='ltr'><strong>cognosceres.</strong></span> <span class='ocrx_word' id='word_1_409' title='bbox 2874 2856 3061 2923; x_wconf 85' lang='lat' dir='ltr'><strong>Itaque</strong></span> <span class='ocrx_word' id='word_1_410' title='bbox 3123 2850 3427 2908; x_wconf 88' lang='lat' dir='ltr'><strong>secundum</strong></span> <span class='ocrx_word' id='word_1_411' title='bbox 3483 2851 3820 2905; x_wconf 84' lang='lat' dir='ltr'><strong>sententiam</strong></span> 
     </span>
    </p>
   </div>
   <div class='ocr_carea' id='block_1_58' title="bbox 2212 2943 3824 3017">
    <p class='ocr_par' dir='ltr' id='par_1_58' title="bbox 2212 2943 3824 3017">
     <span class='ocr_line' id='line_1_58' title="bbox 2212 2943 3824 3017; baseline -0.004 -14"><span class='ocrx_word' id='word_1_412' title='bbox 2212 2949 2380 3016; x_wconf 85' lang='lat' dir='ltr'><strong>senis,</strong></span> <span class='ocrx_word' id='word_1_413' title='bbox 2407 2947 2484 3002; x_wconf 84' lang='lat' dir='ltr'><strong>Ita</strong></span> <span class='ocrx_word' id='word_1_414' title='bbox 2515 2959 2619 3015; x_wconf 90' lang='lat' dir='ltr'><strong>est,</strong></span> <span class='ocrx_word' id='word_1_415' title='bbox 2647 2949 2837 3017; x_wconf 90' lang='lat' dir='ltr'><strong>inquit,</strong></span> <span class='ocrx_word' id='word_1_416' title='bbox 2884 2947 2936 3000; x_wconf 90' lang='lat' dir='ltr'><strong>in</strong></span> <span class='ocrx_word' id='word_1_417' title='bbox 2970 2961 3057 3000; x_wconf 89' lang='lat' dir='ltr'><strong>me</strong></span> <span class='ocrx_word' id='word_1_418' title='bbox 3097 2943 3478 3012; x_wconf 71' lang='lat' dir='ltr'><strong>confessionis</strong></span> <span class='ocrx_word' id='word_1_419' title='bbox 3507 2943 3670 3011; x_wconf 84' lang='lat' dir='ltr'><strong>hujus</strong></span> <span class='ocrx_word' id='word_1_420' title='bbox 3710 2944 3824 2997; x_wconf 69' lang='lat' dir='ltr'><strong>viro</strong></span> 
     </span>
    </p>
   </div>
   <div class='ocr_carea' id='block_1_59' title="bbox 2212 3035 3822 3109">
    <p class='ocr_par' dir='ltr' id='par_1_59' title="bbox 2212 3035 3822 3109">
     <span class='ocr_line' id='line_1_59' title="bbox 2212 3035 3822 3109; baseline -0.002 -14"><span class='ocrx_word' id='word_1_421' title='bbox 2212 3049 2325 3096; x_wconf 89' lang='lat' dir='ltr'><strong>tote</strong></span> <span class='ocrx_word' id='word_1_422' title='bbox 2367 3041 2663 3096; x_wconf 87' lang='lat' dir='ltr'><strong>dominatio</strong></span> <span class='ocrx_word' id='word_1_423' title='bbox 2696 3039 2980 3094; x_wconf 85' lang='lat' dir='ltr'><strong>diabolicae</strong></span> <span class='ocrx_word' id='word_1_424' title='bbox 3021 3038 3169 3092; x_wconf 91' lang='lat' dir='ltr'><strong>illius</strong></span> <span class='ocrx_word' id='word_1_425' title='bbox 3194 3035 3497 3109; x_wconf 86' lang='lat' dir='ltr'><strong>tyrannidis</strong></span> <span class='ocrx_word' id='word_1_426' title='bbox 3541 3036 3822 3091; x_wconf 80' lang='lat' dir='ltr'><strong>exstincta</strong></span> 
     </span>
    </p>
   </div>
   <div class='ocr_carea' id='block_1_60' title="bbox 2212 3135 3826 3210">
    <p class='ocr_par' dir='ltr' id='par_1_60' title="bbox 2212 3135 3826 3210">
     <span class='ocr_line' id='line_1_60' title="bbox 2212 3135 3826 3210; baseline 0 -17"><span class='ocrx_word' id='word_1_427' title='bbox 2212 3150 2372 3210; x_wconf 88' lang='lat' dir='ltr'><strong>atque</strong></span> <span class='ocrx_word' id='word_1_428' title='bbox 2399 3140 2455 3193; x_wconf 90' lang='lat' dir='ltr'><strong>in</strong></span> <span class='ocrx_word' id='word_1_429' title='bbox 2489 3149 2807 3208; x_wconf 88' lang='lat' dir='ltr'><strong>perpetuum</strong></span> <span class='ocrx_word' id='word_1_430' title='bbox 2841 3139 3150 3206; x_wconf 87' lang='lat' dir='ltr'><strong>consopita,</strong></span> <span class='ocrx_word' id='word_1_431' title='bbox 3182 3145 3241 3191; x_wconf 91' lang='lat' dir='ltr'><strong>ut</strong></span> <span class='ocrx_word' id='word_1_432' title='bbox 3263 3151 3559 3206; x_wconf 80' lang='lat' dir='ltr'><strong>numquam</strong></span> <span class='ocrx_word' id='word_1_433' title='bbox 3589 3135 3728 3192; x_wconf 88' lang='lat' dir='ltr'><strong>milti</strong></span> <span class='ocrx_word' id='word_1_434' title='bbox 3758 3153 3826 3193; x_wconf 82' lang='lat' dir='ltr'><strong>ne</strong></span> 
     </span>
    </p>
   </div>
   <div class='ocr_carea' id='block_1_61' title="bbox 517 3220 2109 3301">
    <p class='ocr_par' dir='ltr' id='par_1_61' title="bbox 517 3223 2105 3296">
     <span class='ocr_line' id='line_1_61' title="bbox 517 3223 2105 3296; baseline 0.011 -17"><span class='ocrx_word' id='word_1_435' title='bbox 517 3223 544 3262; x_wconf 72' lang='grc' dir='ltr'>δ</span> <span class='ocrx_word' id='word_1_436' title='bbox 585 3227 726 3294; x_wconf 92' lang='lat' dir='ltr'><strong>quod</strong></span> <span class='ocrx_word' id='word_1_437' title='bbox 777 3229 1174 3285; x_wconf 88' lang='lat' dir='ltr'><strong>consuetudine</strong></span> <span class='ocrx_word' id='word_1_438' title='bbox 1229 3233 1421 3288; x_wconf 89' lang='lat' dir='ltr'><strong>vitiosa</strong></span> <span class='ocrx_word' id='word_1_439' title='bbox 1449 3235 1700 3291; x_wconf 83' lang='lat' dir='ltr'><strong>clatteule</strong></span> <span class='ocrx_word' id='word_1_440' title='bbox 1729 3239 2105 3296; x_wconf 73' lang='lat' dir='ltr'><strong>subtraxeram</strong></span> 
     </span>
    </p>
   </div>
   <div class='ocr_carea' id='block_1_62' title="bbox 2218 3220 3828 3301">
    <p class='ocr_par' dir='ltr' id='par_1_62' title="bbox 2218 3227 3828 3301">
     <span class='ocr_line' id='line_1_62' title="bbox 2218 3227 3828 3301; baseline -0.002 -13"><span class='ocrx_word' id='word_1_441' title='bbox 2218 3236 2531 3289; x_wconf 85' lang='lat' dir='ltr'><strong>memoriam</strong></span> <span class='ocrx_word' id='word_1_442' title='bbox 2579 3231 2797 3301; x_wconf 89' lang='lat' dir='ltr'><strong>quidem</strong></span> <span class='ocrx_word' id='word_1_443' title='bbox 2846 3229 3306 3299; x_wconf 72' lang='lat' dir='ltr'><strong>concupiscentia:</strong></span> <span class='ocrx_word' id='word_1_444' title='bbox 3363 3227 3524 3298; x_wconf 85' lang='lat' dir='ltr'><strong>hujus</strong></span> <span class='ocrx_word' id='word_1_445' title='bbox 3585 3230 3828 3284; x_wconf 86' lang='lat' dir='ltr'><strong>ulterius</strong></span> 
     </span>
    </p>
   </div>
   <div class='ocr_carea' id='block_1_63' title="bbox 519 3317 2110 3396">
    <p class='ocr_par' dir='ltr' id='par_1_63' title="bbox 519 3317 2110 3396">
     <span class='ocr_line' id='line_1_63' title="bbox 519 3317 2110 3396; baseline 0.009 -24"><span class='ocrx_word' id='word_1_446' title='bbox 519 3317 914 3396; x_wconf 82' lang='lat' dir='ltr'><strong>comedendum</strong></span> <span class='ocrx_word' id='word_1_447' title='bbox 942 3364 957 3390; x_wconf 90' lang='lat'><strong>,</strong></span> <span class='ocrx_word' id='word_1_448' title='bbox 1001 3321 1067 3376; x_wconf 89' lang='lat' dir='ltr'><strong>de</strong></span> <span class='ocrx_word' id='word_1_449' title='bbox 1110 3322 1230 3378; x_wconf 91' lang='lat' dir='ltr'><strong>sinu</strong></span> <span class='ocrx_word' id='word_1_450' title='bbox 1284 3324 1410 3380; x_wconf 88' lang='lat' dir='ltr'><strong>fttrti</strong></span> <span class='ocrx_word' id='word_1_451' title='bbox 1466 3328 1570 3382; x_wconf 90' lang='lat' dir='ltr'><strong>mei</strong></span> <span class='ocrx_word' id='word_1_452' title='bbox 1615 3331 1836 3385; x_wconf 89' lang='lat' dir='ltr'><strong>conscio</strong></span> <span class='ocrx_word' id='word_1_453' title='bbox 1886 3347 1949 3386; x_wconf 90' lang='lat' dir='ltr'><strong>ac</strong></span> <span class='ocrx_word' id='word_1_454' title='bbox 1987 3347 2110 3387; x_wconf 88' lang='lat' dir='ltr'><strong>sus-</strong></span> 
     </span>
    </p>
   </div>
   <div class='ocr_carea' id='block_1_64' title="bbox 517 3414 2105 3492">
    <p class='ocr_par' dir='ltr' id='par_1_64' title="bbox 517 3414 2105 3492">
     <span class='ocr_line' id='line_1_64' title="bbox 517 3414 2105 3492; baseline 0.009 -26"><span class='ocrx_word' id='word_1_455' title='bbox 517 3420 738 3480; x_wconf 89' lang='lat' dir='ltr'><strong>ceptore</strong></span> <span class='ocrx_word' id='word_1_456' title='bbox 781 3414 1045 3482; x_wconf 85' lang='lat' dir='ltr'><strong>produxi,</strong></span> <span class='ocrx_word' id='word_1_457' title='bbox 1077 3417 1364 3486; x_wconf 88' lang='lat' dir='ltr'><strong>ipsumque</strong></span> <span class='ocrx_word' id='word_1_458' title='bbox 1407 3420 1459 3474; x_wconf 93' lang='lat' dir='ltr'><strong>in</strong></span> <span class='ocrx_word' id='word_1_459' title='bbox 1515 3421 1751 3476; x_wconf 90' lang='lat' dir='ltr'><strong>medium</strong></span> <span class='ocrx_word' id='word_1_460' title='bbox 1781 3425 2065 3490; x_wconf 80' lang='lat' dir='ltr'><strong>proferens</strong></span> <span class='ocrx_word' id='word_1_461' title='bbox 2088 3464 2105 3492; x_wconf 96' lang='lat'><strong>,</strong></span> 
     </span>
    </p>
   </div>
   <div class='ocr_carea' id='block_1_65' title="bbox 523 3504 2111 3588">
    <p class='ocr_par' dir='ltr' id='par_1_65' title="bbox 523 3504 2111 3588">
     <span class='ocr_line' id='line_1_65' title="bbox 523 3504 2111 3588; baseline 0.012 -33"><span class='ocrx_word' id='word_1_462' title='bbox 523 3504 978 3572; x_wconf 89' lang='lat' dir='ltr'><strong>quemadmodum</strong></span> <span class='ocrx_word' id='word_1_463' title='bbox 1041 3510 1284 3579; x_wconf 80' lang='lat' dir='ltr'><strong>quotidie</strong></span> <span class='ocrx_word' id='word_1_464' title='bbox 1351 3511 1587 3568; x_wconf 90' lang='lat' dir='ltr'><strong>latenter</strong></span> <span class='ocrx_word' id='word_1_465' title='bbox 1650 3514 1912 3584; x_wconf 82' lang='lat' dir='ltr'><strong>ederem,</strong></span> <span class='ocrx_word' id='word_1_466' title='bbox 1983 3533 2111 3588; x_wconf 88' lang='lat' dir='ltr'><strong>pro—</strong></span> 
     </span>
    </p>
   </div>
   <div class='ocr_carea' id='block_1_66' title="bbox 517 3599 2110 3674">
    <p class='ocr_par' dir='ltr' id='par_1_66' title="bbox 517 3599 2110 3674">
     <span class='ocr_line' id='line_1_66' title="bbox 517 3599 2110 3674; baseline 0.013 -26"><span class='ocrx_word' id='word_1_467' title='bbox 517 3604 718 3650; x_wconf 88' lang='lat' dir='ltr'><strong>stratus</strong></span> <span class='ocrx_word' id='word_1_468' title='bbox 771 3599 824 3652; x_wconf 92' lang='lat' dir='ltr'><strong>in</strong></span> <span class='ocrx_word' id='word_1_469' title='bbox 880 3605 1115 3670; x_wconf 86' lang='lat' dir='ltr'><strong>terram,</strong></span> <span class='ocrx_word' id='word_1_470' title='bbox 1172 3618 1294 3657; x_wconf 91' lang='lat' dir='ltr'><strong>cum</strong></span> <span class='ocrx_word' id='word_1_471' title='bbox 1347 3607 1518 3660; x_wconf 74' lang='lat' dir='ltr'><strong>venite</strong></span> <span class='ocrx_word' id='word_1_472' title='bbox 1561 3607 1925 3674; x_wconf 80' lang='lat' dir='ltr'><strong>posmlatione</strong></span> <span class='ocrx_word' id='word_1_473' title='bbox 1979 3626 2110 3667; x_wconf 83' lang='lat' dir='ltr'><strong>con-</strong></span> 
     </span>
    </p>
   </div>
   <div class='ocr_carea' id='block_1_67' title="bbox 517 3687 2111 3772">
    <p class='ocr_par' dir='ltr' id='par_1_67' title="bbox 517 3687 2111 3772">
     <span class='ocr_line' id='line_1_67' title="bbox 517 3687 2111 3772; baseline 0.011 -29"><span class='ocrx_word' id='word_1_474' title='bbox 517 3687 692 3745; x_wconf 74' lang='lat' dir='ltr'><strong>fessus</strong></span> <span class='ocrx_word' id='word_1_475' title='bbox 722 3707 846 3747; x_wconf 89' lang='lat' dir='ltr'><strong>sunt</strong></span> <span class='ocrx_word' id='word_1_476' title='bbox 872 3733 886 3760; x_wconf 90' lang='lat'><strong>,</strong></span> <span class='ocrx_word' id='word_1_477' title='bbox 929 3703 981 3750; x_wconf 88' lang='lat' dir='ltr'><strong>et</strong></span> <span class='ocrx_word' id='word_1_478' title='bbox 1007 3694 1238 3750; x_wconf 87' lang='lat' dir='ltr'><strong>ubertim</strong></span> <span class='ocrx_word' id='word_1_479' title='bbox 1271 3699 1510 3768; x_wconf 79' lang='lat' dir='ltr'><strong>profusis</strong></span> <span class='ocrx_word' id='word_1_480' title='bbox 1541 3699 1820 3772; x_wconf 87' lang='lat' dir='ltr'><strong>lacrymis,</strong></span> <span class='ocrx_word' id='word_1_481' title='bbox 1857 3715 1913 3757; x_wconf 91' lang='lat' dir='ltr'><strong>ut</strong></span> <span class='ocrx_word' id='word_1_482' title='bbox 1949 3706 2111 3761; x_wconf 89' lang='lat' dir='ltr'><strong>abso-</strong></span> 
     </span>
    </p>
   </div>
   <div class='ocr_carea' id='block_1_68' title="bbox 2216 3323 3827 3394">
    <p class='ocr_par' dir='ltr' id='par_1_68' title="bbox 2216 3323 3827 3394">
     <span class='ocr_line' id='line_1_68' title="bbox 2216 3323 3827 3394; baseline -0.004 -12"><span class='ocrx_word' id='word_1_483' title='bbox 2216 3328 2505 3383; x_wconf 85' lang='lat' dir='ltr'><strong>tentaverit</strong></span> <span class='ocrx_word' id='word_1_484' title='bbox 2551 3325 2799 3380; x_wconf 89' lang='lat' dir='ltr'><strong>inimicus</strong></span> <span class='ocrx_word' id='word_1_485' title='bbox 2837 3325 3108 3394; x_wconf 83' lang='lat' dir='ltr'><strong>ingerere,</strong></span> <span class='ocrx_word' id='word_1_486' title='bbox 3161 3338 3262 3378; x_wconf 87' lang='lat' dir='ltr'><strong>nec</strong></span> <span class='ocrx_word' id='word_1_487' title='bbox 3301 3338 3386 3376; x_wconf 88' lang='lat' dir='ltr'><strong>me</strong></span> <span class='ocrx_word' id='word_1_488' title='bbox 3416 3326 3538 3391; x_wconf 84' lang='lat' dir='ltr'><strong>poSt</strong></span> <span class='ocrx_word' id='word_1_489' title='bbox 3569 3323 3693 3378; x_wconf 76' lang='lat' dir='ltr'><strong>lttec</strong></span> <span class='ocrx_word' id='word_1_490' title='bbox 3721 3323 3827 3377; x_wconf 81' lang='lat' dir='ltr'><strong>ali-</strong></span> 
     </span>
    </p>
   </div>
   <div class='ocr_carea' id='block_1_69' title="bbox 2215 3415 3826 3491">
    <p class='ocr_par' dir='ltr' id='par_1_69' title="bbox 2215 3415 3826 3491">
     <span class='ocr_line' id='line_1_69' title="bbox 2215 3415 3826 3491; baseline 0 -17"><span class='ocrx_word' id='word_1_491' title='bbox 2215 3421 2432 3491; x_wconf 88' lang='lat' dir='ltr'><strong>quando</strong></span> <span class='ocrx_word' id='word_1_492' title='bbox 2463 3420 2734 3488; x_wconf 85' lang='lat' dir='ltr'><strong>pulsatum</strong></span> <span class='ocrx_word' id='word_1_493' title='bbox 2775 3417 2952 3472; x_wconf 88' lang='lat' dir='ltr'><strong>furtivi</strong></span> <span class='ocrx_word' id='word_1_494' title='bbox 2996 3416 3138 3471; x_wconf 91' lang='lat' dir='ltr'><strong>illius</strong></span> <span class='ocrx_word' id='word_1_495' title='bbox 3167 3415 3430 3472; x_wconf 86' lang='lat' dir='ltr'><strong>desiderii</strong></span> <span class='ocrx_word' id='word_1_496' title='bbox 3463 3415 3826 3484; x_wconf 79' lang='lat' dir='ltr'><strong>instigatione</strong></span> 
     </span>
    </p>
   </div>
   <div class='ocr_carea' id='block_1_70' title="bbox 2215 3510 3832 3587">
    <p class='ocr_par' dir='ltr' id='par_1_70' title="bbox 2215 3510 3832 3587">
     <span class='ocr_line' id='line_1_70' title="bbox 2215 3510 3832 3587; baseline -0.002 -17"><span class='ocrx_word' id='word_1_497' title='bbox 2215 3515 2605 3587; x_wconf 87' lang='lat' dir='ltr'><strong>persenserim.</strong></span> <span class='ocrx_word' id='word_1_498' title='bbox 2646 3513 2818 3580; x_wconf 82' lang='lat' dir='ltr'><strong>Quem</strong></span> <span class='ocrx_word' id='word_1_499' title='bbox 2849 3525 3075 3566; x_wconf 86' lang='lat' dir='ltr'><strong>sensum</strong></span> <span class='ocrx_word' id='word_1_500' title='bbox 3118 3511 3170 3565; x_wconf 90' lang='lat' dir='ltr'><strong>itt</strong></span> <span class='ocrx_word' id='word_1_501' title='bbox 3225 3510 3559 3565; x_wconf 80' lang='lat' dir='ltr'><strong>Ecclesiaste</strong></span> <span class='ocrx_word' id='word_1_502' title='bbox 3599 3524 3832 3580; x_wconf 79' lang='lat' dir='ltr'><strong>quoque</strong></span> 
     </span>
    </p>
   </div>
   <div class='ocr_carea' id='block_1_71' title="bbox 2217 3603 3820 3679">
    <p class='ocr_par' dir='ltr' id='par_1_71' title="bbox 2217 3603 3820 3679">
     <span class='ocr_line' id='line_1_71' title="bbox 2217 3603 3820 3679; baseline -0.002 -18"><span class='ocrx_word' id='word_1_503' title='bbox 2217 3607 2590 3679; x_wconf 77' lang='lat' dir='ltr'><strong>pulcherrime</strong></span> <span class='ocrx_word' id='word_1_504' title='bbox 2625 3605 2850 3674; x_wconf 81' lang='lat' dir='ltr'><strong>legimus</strong></span> <span class='ocrx_word' id='word_1_505' title='bbox 2899 3606 3188 3674; x_wconf 82' lang='lat' dir='ltr'><strong>figuratum</strong></span> <span class='ocrx_word' id='word_1_506' title='bbox 3234 3621 3247 3655; x_wconf 93' lang='lat'><strong>:</strong></span> <span class='ocrx_word' id='word_1_507' title='bbox 3296 3611 3320 3640; x_wconf 76' lang='grc' dir='ltr'><strong>ο</strong></span> <span class='ocrx_word' id='word_1_508' title='bbox 3364 3603 3428 3658; x_wconf 81' lang='lat' dir='ltr'><strong>Si</strong></span> <span class='ocrx_word' id='word_1_509' title='bbox 3453 3603 3820 3673; x_wconf 79' lang='lat' dir='ltr'><strong>momorderit,</strong></span> 
     </span>
    </p>
   </div>
   <div class='ocr_carea' id='block_1_72' title="bbox 2215 3696 3826 3775">
    <p class='ocr_par' dir='ltr' id='par_1_72' title="bbox 2215 3696 3826 3775">
     <span class='ocr_line' id='line_1_72' title="bbox 2215 3696 3826 3775; baseline -0.005 -15"><span class='ocrx_word' id='word_1_510' title='bbox 2215 3705 2413 3775; x_wconf 86' lang='lat' dir='ltr'><strong>inquit,</strong></span> <span class='ocrx_word' id='word_1_511' title='bbox 2435 3720 2642 3773; x_wconf 77' lang='lat' dir='ltr'><strong>serpens</strong></span> <span class='ocrx_word' id='word_1_512' title='bbox 2662 3717 2762 3754; x_wconf 90' lang='lat' dir='ltr'><strong>non</strong></span> <span class='ocrx_word' id='word_1_513' title='bbox 2785 3703 2837 3754; x_wconf 88' lang='lat' dir='ltr'><strong>in</strong></span> <span class='ocrx_word' id='word_1_514' title='bbox 2861 3698 3035 3765; x_wconf 88' lang='lat' dir='ltr'><strong>sibilo,</strong></span> <span class='ocrx_word' id='word_1_515' title='bbox 3058 3715 3161 3754; x_wconf 89' lang='lat' dir='ltr'><strong>non</strong></span> <span class='ocrx_word' id='word_1_516' title='bbox 3188 3708 3262 3753; x_wconf 83' lang='lat' dir='ltr'><strong>est</strong></span> <span class='ocrx_word' id='word_1_517' title='bbox 3287 3696 3612 3752; x_wconf 80' lang='lat' dir='ltr'><strong>abundantia</strong></span> <span class='ocrx_word' id='word_1_518' title='bbox 3637 3699 3826 3752; x_wconf 80' lang='lat' dir='ltr'><strong>incan-</strong></span> 
     </span>
    </p>
   </div>
   <div class='ocr_carea' id='block_1_73' title="bbox 1589 3837 2725 3900">
    <p class='ocr_par' dir='ltr' id='par_1_73' title="bbox 1589 3837 2725 3900">
     <span class='ocr_line' id='line_1_73' title="bbox 1589 3837 2725 3900; baseline -0.002 -4"><span class='ocrx_word' id='word_1_519' title='bbox 1589 3838 1844 3896; x_wconf 72' lang='lat' dir='ltr'><strong>ALAllDl</strong></span> <span class='ocrx_word' id='word_1_520' title='bbox 1885 3842 2122 3899; x_wconf 64' lang='lat' dir='ltr'><strong>GAZ/El</strong></span> <span class='ocrx_word' id='word_1_521' title='bbox 2162 3837 2725 3900; x_wconf 76' lang='lat' dir='ltr'><strong>COMMENTARIUS.</strong></span> 
     </span>
    </p>
   </div>
   <div class='ocr_carea' id='block_1_74' title="bbox 658 3926 2109 4000">
    <p class='ocr_par' dir='ltr' id='par_1_74' title="bbox 658 3926 2109 4000">
     <span class='ocr_line' id='line_1_74' title="bbox 658 3926 2109 4000; baseline 0.007 -21"><span class='ocrx_word' id='word_1_522' title='bbox 658 3926 814 4000; x_wconf 79' lang='lat' dir='ltr'><strong>Alias</strong></span> <span class='ocrx_word' id='word_1_523' title='bbox 836 3929 1218 3998; x_wconf 84' lang='lat' dir='ltr'><strong>paximacium,</strong></span> <span class='ocrx_word' id='word_1_524' title='bbox 1261 3932 1328 3986; x_wconf 91' lang='lat' dir='ltr'><strong>de</strong></span> <span class='ocrx_word' id='word_1_525' title='bbox 1359 3949 1463 3997; x_wconf 87' lang='lat' dir='ltr'><strong>quo</strong></span> <span class='ocrx_word' id='word_1_526' title='bbox 1494 3932 1623 3987; x_wconf 85' lang='lat' dir='ltr'><strong>alibi</strong></span> <span class='ocrx_word' id='word_1_527' title='bbox 1654 3935 1908 4000; x_wconf 80' lang='lat' dir='ltr'><strong>diximus,</strong></span> <span class='ocrx_word' id='word_1_528' title='bbox 1943 3947 1996 3989; x_wconf 83' lang='lat' dir='ltr'><strong>et</strong></span> <span class='ocrx_word' id='word_1_529' title='bbox 2027 3938 2109 3989; x_wconf 90' lang='lat' dir='ltr'><strong>itt-</strong></span> 
     </span>
    </p>
   </div>
   <div class='ocr_carea' id='block_1_75' title="bbox 516 3995 2104 4070">
    <p class='ocr_par' dir='ltr' id='par_1_75' title="bbox 516 3995 2104 4070">
     <span class='ocr_line' id='line_1_75' title="bbox 516 3995 2104 4070; baseline 0.008 -22"><span class='ocrx_word' id='word_1_530' title='bbox 516 3995 595 4070; x_wconf 69' lang='lat' dir='ltr'><strong>ira</strong></span> <span class='ocrx_word' id='word_1_531' title='bbox 623 3995 1026 4070; x_wconf 85' lang='lat' dir='ltr'><strong>dicturisumus</strong></span> <span class='ocrx_word' id='word_1_532' title='bbox 1072 3995 1219 4063; x_wconf 73' lang='lat' dir='ltr'><strong>(Lib.</strong></span> <span class='ocrx_word' id='word_1_533' title='bbox 1255 4018 1306 4056; x_wconf 87' lang='lat' dir='ltr'><strong>tv</strong></span> <span class='ocrx_word' id='word_1_534' title='bbox 1337 3995 1563 4058; x_wconf 83' lang='lat' dir='ltr'><strong>Institat.</strong></span> <span class='ocrx_word' id='word_1_535' title='bbox 1596 4021 1713 4070; x_wconf 89' lang='lat' dir='ltr'><strong>cap.</strong></span> <span class='ocrx_word' id='word_1_536' title='bbox 1748 4005 1832 4061; x_wconf 80' lang='grc' dir='ltr'><strong>Η.</strong></span> <span class='ocrx_word' id='word_1_537' title='bbox 1867 3995 1988 4058; x_wconf 80' lang='lat' dir='ltr'><strong>coll.</strong></span> <span class='ocrx_word' id='word_1_538' title='bbox 2013 4006 2104 4067; x_wconf 71' lang='lat'><strong>2).</strong></span> 
     </span>
    </p>
   </div>
   <div class='ocr_carea' id='block_1_76' title="bbox 519 4067 2104 4143">
    <p class='ocr_par' dir='ltr' id='par_1_76' title="bbox 519 4067 2104 4143">
     <span class='ocr_line' id='line_1_76' title="bbox 519 4067 2104 4143; baseline 0.006 -23"><span class='ocrx_word' id='word_1_539' title='bbox 519 4067 737 4143; x_wconf 75' lang='lat' dir='ltr'><strong>Legitur</strong></span> <span class='ocrx_word' id='word_1_540' title='bbox 771 4080 825 4143; x_wconf 80' lang='lat' dir='ltr'><strong>et</strong></span> <span class='ocrx_word' id='word_1_541' title='bbox 863 4072 1227 4143; x_wconf 64' lang='lat' dir='ltr'><strong>paxantidiutn</strong></span> <span class='ocrx_word' id='word_1_542' title='bbox 1271 4074 1322 4125; x_wconf 93' lang='lat' dir='ltr'><strong>itt</strong></span> <span class='ocrx_word' id='word_1_543' title='bbox 1361 4073 1480 4128; x_wconf 89' lang='lat' dir='ltr'><strong>Vita</strong></span> <span class='ocrx_word' id='word_1_544' title='bbox 1526 4067 1678 4128; x_wconf 69' lang='lat' dir='ltr'><strong>Pauli</strong></span> <span class='ocrx_word' id='word_1_545' title='bbox 1729 4077 2020 4143; x_wconf 82' lang='lat' dir='ltr'><strong>simplicis,</strong></span> <span class='ocrx_word' id='word_1_546' title='bbox 2053 4089 2104 4130; x_wconf 93' lang='lat' dir='ltr'><strong>et</strong></span> 
     </span>
    </p>
   </div>
   <div class='ocr_carea' id='block_1_77' title="bbox 519 4140 2103 4212">
    <p class='ocr_par' dir='ltr' id='par_1_77' title="bbox 519 4140 2103 4212">
     <span class='ocr_line' id='line_1_77' title="bbox 519 4140 2103 4212; baseline 0.008 -24"><span class='ocrx_word' id='word_1_547' title='bbox 519 4140 659 4212; x_wconf 65' lang='lat' dir='ltr'><strong>apud</strong></span> <span class='ocrx_word' id='word_1_548' title='bbox 695 4141 992 4212; x_wconf 65' lang='lat' dir='ltr'><strong>Palladium</strong></span> <span class='ocrx_word' id='word_1_549' title='bbox 1038 4141 1253 4196; x_wconf 82' lang='lat' dir='ltr'><strong>Lausia.</strong></span> <span class='ocrx_word' id='word_1_550' title='bbox 1283 4145 1374 4203; x_wconf 75' lang='lat'><strong>‘28.</strong></span> <span class='ocrx_word' id='word_1_551' title='bbox 1404 4156 1457 4197; x_wconf 86' lang='lat' dir='ltr'><strong>et</strong></span> <span class='ocrx_word' id='word_1_552' title='bbox 1488 4148 1728 4211; x_wconf 82' lang='lat' dir='ltr'><strong>paximas</strong></span> <span class='ocrx_word' id='word_1_553' title='bbox 1759 4156 1814 4200; x_wconf 92' lang='lat' dir='ltr'><strong>et</strong></span> <span class='ocrx_word' id='word_1_554' title='bbox 1837 4140 2103 4212; x_wconf 48' lang='lat' dir='ltr'><strong>&#39;paxama-</strong></span> 
     </span>
    </p>
   </div>
   <div class='ocr_carea' id='block_1_78' title="bbox 517 4209 2107 4285">
    <p class='ocr_par' dir='ltr' id='par_1_78' title="bbox 517 4209 2107 4285">
     <span class='ocr_line' id='line_1_78' title="bbox 517 4209 2107 4285; baseline 0.008 -25"><span class='ocrx_word' id='word_1_555' title='bbox 517 4209 666 4285; x_wconf 79' lang='lat' dir='ltr'><strong>dium</strong></span> <span class='ocrx_word' id='word_1_556' title='bbox 683 4210 748 4285; x_wconf 69' lang='lat' dir='ltr'><strong>in</strong></span> <span class='ocrx_word' id='word_1_557' title='bbox 775 4210 1173 4285; x_wconf 69' lang='lat' dir='ltr'><strong>Vitisl’atrum,</strong></span> <span class='ocrx_word' id='word_1_558' title='bbox 1200 4214 1338 4280; x_wconf 90' lang='lat' dir='ltr'><strong>quod</strong></span> <span class='ocrx_word' id='word_1_559' title='bbox 1363 4209 1631 4285; x_wconf 86' lang='lat' dir='ltr'><strong>Cttycltius</strong></span> <span class='ocrx_word' id='word_1_560' title='bbox 1656 4217 1792 4279; x_wconf 82' lang='lat' dir='ltr'><strong>(cap.</strong></span> <span class='ocrx_word' id='word_1_561' title='bbox 1820 4209 1906 4282; x_wconf 69' lang='lat' dir='ltr'><strong>l9;</strong></span> <span class='ocrx_word' id='word_1_562' title='bbox 1930 4227 1974 4271; x_wconf 90' lang='lat' dir='ltr'><strong>et</strong></span> <span class='ocrx_word' id='word_1_563' title='bbox 1999 4221 2107 4272; x_wconf 86' lang='lat' dir='ltr'><strong>eol-</strong></span> 
     </span>
    </p>
   </div>
   <div class='ocr_carea' id='block_1_79' title="bbox 517 4277 2101 4355">
    <p class='ocr_par' dir='ltr' id='par_1_79' title="bbox 517 4277 2101 4355">
     <span class='ocr_line' id='line_1_79' title="bbox 517 4277 2101 4355; baseline 0.008 -24"><span class='ocrx_word' id='word_1_564' title='bbox 517 4279 608 4331; x_wconf 85' lang='lat' dir='ltr'><strong>lat.</strong></span> <span class='ocrx_word' id='word_1_565' title='bbox 649 4277 733 4341; x_wconf 70' lang='lat'><strong>12,</strong></span> <span class='ocrx_word' id='word_1_566' title='bbox 765 4296 879 4344; x_wconf 88' lang='lat' dir='ltr'><strong>cap.</strong></span> <span class='ocrx_word' id='word_1_567' title='bbox 899 4281 1020 4355; x_wconf 19' lang='lat' dir='ltr'><strong>_15)ﬂ</strong></span> <span class='ocrx_word' id='word_1_568' title='bbox 1036 4277 1226 4346; x_wconf 77' lang='lat' dir='ltr'><strong>partem</strong></span> <span class='ocrx_word' id='word_1_569' title='bbox 1268 4287 1348 4336; x_wconf 88' lang='lat' dir='ltr'><strong>his</strong></span> <span class='ocrx_word' id='word_1_570' title='bbox 1382 4277 1592 4339; x_wconf 63' lang='lat' dir='ltr'><strong>evictum</strong></span> <span class='ocrx_word' id='word_1_571' title='bbox 1616 4277 1925 4353; x_wconf 69' lang='lat' dir='ltr'><strong>signiﬁcare</strong></span> <span class='ocrx_word' id='word_1_572' title='bbox 1955 4291 2101 4355; x_wconf 85' lang='lat' dir='ltr'><strong>dicit;</strong></span> 
     </span>
    </p>
   </div>
   <div class='ocr_carea' id='block_1_80' title="bbox 519 4352 2106 4436">
    <p class='ocr_par' dir='ltr' id='par_1_80' title="bbox 519 4352 2106 4436">
     <span class='ocr_line' id='line_1_80' title="bbox 519 4352 2106 4436; baseline 0.012 -38"><span class='ocrx_word' id='word_1_573' title='bbox 519 4352 969 4436; x_wconf 61' lang='lat' dir='ltr'><strong>atictrtre._Ct-etlo,</strong></span> <span class='ocrx_word' id='word_1_574' title='bbox 994 4354 1180 4436; x_wconf 68' lang='lat' dir='ltr'><strong>Suada,</strong></span> <span class='ocrx_word' id='word_1_575' title='bbox 1233 4357 1372 4422; x_wconf 89' lang='lat' dir='ltr'><strong>apud</strong></span> <span class='ocrx_word' id='word_1_576' title='bbox 1422 4373 1581 4436; x_wconf 81' lang='lat' dir='ltr'><strong>quem</strong></span> <span class='ocrx_word' id='word_1_577' title='bbox 1613 4352 1855 4431; x_wconf 71' lang='grc' dir='ltr'><strong>πάξαμᾶς</strong></span> <span class='ocrx_word' id='word_1_578' title='bbox 1892 4352 2106 4436; x_wconf 57' lang='lat' dir='ltr'><strong>oin-opas</strong></span> 
     </span>
    </p>
   </div>
   <div class='ocr_carea' id='block_1_81' title="bbox 517 4421 1672 4491">
    <p class='ocr_par' dir='ltr' id='par_1_81' title="bbox 517 4421 1672 4491">
     <span class='ocr_line' id='line_1_81' title="bbox 517 4421 1672 4491; baseline 0.008 -17"><span class='ocrx_word' id='word_1_579' title='bbox 517 4421 691 4491; x_wconf 77' lang='grc' dir='ltr'><strong>ἄρτος,</strong></span> <span class='ocrx_word' id='word_1_580' title='bbox 724 4421 773 4473; x_wconf 93' lang='lat' dir='ltr'><strong>id</strong></span> <span class='ocrx_word' id='word_1_581' title='bbox 803 4435 905 4481; x_wconf 75' lang='lat' dir='ltr'><strong>eat,</strong></span> <span class='ocrx_word' id='word_1_582' title='bbox 939 4427 1090 4490; x_wconf 72' lang='lat' dir='ltr'><strong>panis</strong></span> <span class='ocrx_word' id='word_1_583' title='bbox 1117 4425 1199 4479; x_wconf 84' lang='lat' dir='ltr'><strong>bis</strong></span> <span class='ocrx_word' id='word_1_584' title='bbox 1228 4421 1414 4480; x_wconf 63' lang='lat' dir='ltr'><strong>coctus</strong></span> <span class='ocrx_word' id='word_1_585' title='bbox 1439 4421 1672 4483; x_wconf 53' lang='lat' dir='ltr'><strong>&#39;dicitur.</strong></span> 
     </span>
    </p>
   </div>
   <div class='ocr_carea' id='block_1_82' title="bbox 590 4490 2103 4571">
    <p class='ocr_par' dir='ltr' id='par_1_82' title="bbox 590 4490 2103 4571">
     <span class='ocr_line' id='line_1_82' title="bbox 590 4490 2103 4571; baseline 0.011 -28"><span class='ocrx_word' id='word_1_586' title='bbox 590 4490 615 4571; x_wconf 64' lang='grc' dir='ltr'><strong>ξ)</strong></span> <span class='ocrx_word' id='word_1_587' title='bbox 640 4491 806 4571; x_wconf 60' lang='lat' dir='ltr'><strong>ilaud</strong></span> <span class='ocrx_word' id='word_1_588' title='bbox 841 4495 1063 4571; x_wconf 83' lang='lat' dir='ltr'><strong>multum</strong></span> <span class='ocrx_word' id='word_1_589' title='bbox 1089 4497 1274 4571; x_wconf 50' lang='lat' dir='ltr'><strong>dissim</strong></span> <span class='ocrx_word' id='word_1_590' title='bbox 1304 4499 1352 4551; x_wconf 88' lang='lat' dir='ltr'><strong>le</strong></span> <span class='ocrx_word' id='word_1_591' title='bbox 1372 4539 1387 4564; x_wconf 93' lang='lat'><strong>,</strong></span> <span class='ocrx_word' id='word_1_592' title='bbox 1423 4501 1515 4553; x_wconf 84' lang='lat' dir='ltr'><strong>sed</strong></span> <span class='ocrx_word' id='word_1_593' title='bbox 1546 4501 1695 4555; x_wconf 75' lang='lat' dir='ltr'><strong>exitu</strong></span> <span class='ocrx_word' id='word_1_594' title='bbox 1725 4517 1785 4555; x_wconf 84' lang='lat' dir='ltr'><strong>ac</strong></span> <span class='ocrx_word' id='word_1_595' title='bbox 1816 4503 1922 4557; x_wconf 83' lang='lat' dir='ltr'><strong>fine</strong></span> <span class='ocrx_word' id='word_1_596' title='bbox 1950 4504 2103 4571; x_wconf 66' lang='lat' dir='ltr'><strong>lupu-</strong></span> 
     </span>
    </p>
   </div>
   <div class='ocr_carea' id='block_1_83' title="bbox 517 4561 2101 4645">
    <p class='ocr_par' dir='ltr' id='par_1_83' title="bbox 517 4561 2101 4645">
     <span class='ocr_line' id='line_1_83' title="bbox 517 4561 2101 4645; baseline 0.008 -29"><span class='ocrx_word' id='word_1_597' title='bbox 517 4561 598 4616; x_wconf 85' lang='lat' dir='ltr'><strong>bri</strong></span> <span class='ocrx_word' id='word_1_598' title='bbox 640 4562 971 4645; x_wconf 61' lang='lat' dir='ltr'><strong>horrendum</strong></span> <span class='ocrx_word' id='word_1_599' title='bbox 1019 4561 1652 4645; x_wconf 80' lang='lat' dir='ltr'><strong>exemplum_ctijusdaut</strong></span> <span class='ocrx_word' id='word_1_600' title='bbox 1702 4574 1978 4639; x_wconf 82' lang='lat' dir='ltr'><strong>monachi,</strong></span> <span class='ocrx_word' id='word_1_601' title='bbox 2006 4561 2101 4645; x_wconf 73' lang='lat' dir='ltr'><strong>qui</strong></span> 
     </span>
    </p>
   </div>
   <div class='ocr_carea' id='block_1_84' title="bbox 516 4637 2102 4704">
    <p class='ocr_par' dir='ltr' id='par_1_84' title="bbox 516 4637 2102 4704">
     <span class='ocr_line' id='line_1_84' title="bbox 516 4637 2102 4704; baseline 0.009 -17"><span class='ocrx_word' id='word_1_602' title='bbox 516 4649 575 4688; x_wconf 88' lang='lat' dir='ltr'><strong>se</strong></span> <span class='ocrx_word' id='word_1_603' title='bbox 604 4648 728 4688; x_wconf 85' lang='lat' dir='ltr'><strong>eum</strong></span> <span class='ocrx_word' id='word_1_604' title='bbox 757 4637 1010 4690; x_wconf 77' lang='lat' dir='ltr'><strong>iralribtts</strong></span> <span class='ocrx_word' id='word_1_605' title='bbox 1037 4639 1284 4704; x_wconf 86' lang='lat' dir='ltr'><strong>jejuuare</strong></span> <span class='ocrx_word' id='word_1_606' title='bbox 1317 4637 1576 4695; x_wconf 75' lang='lat' dir='ltr'><strong>simulatis</strong></span> <span class='ocrx_word' id='word_1_607' title='bbox 1608 4645 1814 4698; x_wconf 88' lang='lat' dir='ltr'><strong>occulte</strong></span> <span class='ocrx_word' id='word_1_608' title='bbox 1850 4637 2102 4702; x_wconf 80' lang='lat' dir='ltr'><strong>comede-</strong></span> 
     </span>
    </p>
   </div>
   <div class='ocr_carea' id='block_1_85' title="bbox 516 4705 2098 4784">
    <p class='ocr_par' dir='ltr' id='par_1_85' title="bbox 516 4705 2098 4784">
     <span class='ocr_line' id='line_1_85' title="bbox 516 4705 2098 4784; baseline 0.009 -28"><span class='ocrx_word' id='word_1_609' title='bbox 516 4705 853 4784; x_wconf 69' lang='lat' dir='ltr'><strong>bat,_leg_itur</strong></span> <span class='ocrx_word' id='word_1_610' title='bbox 884 4710 1021 4784; x_wconf 87' lang='lat' dir='ltr'><strong>apud</strong></span> <span class='ocrx_word' id='word_1_611' title='bbox 1053 4710 1468 4784; x_wconf 70' lang='lat' dir='ltr'><strong>D.__Gregnrium</strong></span> <span class='ocrx_word' id='word_1_612' title='bbox 1515 4713 1607 4767; x_wconf 90' lang='lat' dir='ltr'><strong>lib.</strong></span> <span class='ocrx_word' id='word_1_613' title='bbox 1648 4729 1704 4766; x_wconf 90' lang='lat' dir='ltr'><strong>tv</strong></span> <span class='ocrx_word' id='word_1_614' title='bbox 1741 4715 1945 4778; x_wconf 70' lang='lat' dir='ltr'><strong>Dialog.</strong></span> <span class='ocrx_word' id='word_1_615' title='bbox 1975 4731 2098 4784; x_wconf 90' lang='lat' dir='ltr'><strong>cap.</strong></span> 
     </span>
    </p>
   </div>
   <div class='ocr_carea' id='block_1_86' title="bbox 516 4776 2094 4855">
    <p class='ocr_par' dir='ltr' id='par_1_86' title="bbox 516 4776 2094 4855">
     <span class='ocr_line' id='line_1_86' title="bbox 516 4776 2094 4855; baseline 0.006 -24"><span class='ocrx_word' id='word_1_616' title='bbox 516 4777 604 4855; x_wconf 78' lang='lat'><strong>3_8,</strong></span> <span class='ocrx_word' id='word_1_617' title='bbox 639 4777 690 4829; x_wconf 87' lang='lat' dir='ltr'><strong>in</strong></span> <span class='ocrx_word' id='word_1_618' title='bbox 725 4776 840 4855; x_wconf 75' lang='lat' dir='ltr'><strong>haec</strong></span> <span class='ocrx_word' id='word_1_619' title='bbox 871 4776 1030 4833; x_wconf 81' lang='lat' dir='ltr'><strong>verba</strong></span> <span class='ocrx_word' id='word_1_620' title='bbox 1067 4797 1080 4836; x_wconf 91' lang='lat'><strong>:</strong></span> <span class='ocrx_word' id='word_1_621' title='bbox 1115 4780 1204 4834; x_wconf 76' lang='lat' dir='ltr'><strong>Est</strong></span> <span class='ocrx_word' id='word_1_622' title='bbox 1228 4784 1380 4836; x_wconf 85' lang='lat' dir='ltr'><strong>etiam</strong></span> <span class='ocrx_word' id='word_1_623' title='bbox 1411 4801 1546 4837; x_wconf 86' lang='lat' dir='ltr'><strong>nunc</strong></span> <span class='ocrx_word' id='word_1_624' title='bbox 1574 4786 1715 4855; x_wconf 86' lang='lat' dir='ltr'><strong>apud</strong></span> <span class='ocrx_word' id='word_1_625' title='bbox 1743 4802 1836 4838; x_wconf 85' lang='lat' dir='ltr'><strong>nos</strong></span> <span class='ocrx_word' id='word_1_626' title='bbox 1865 4776 2094 4840; x_wconf 77' lang='lat' dir='ltr'><strong>Athana-</strong></span> 
     </span>
    </p>
   </div>
   <div class='ocr_carea' id='block_1_87' title="bbox 512 4847 2102 4925">
    <p class='ocr_par' dir='ltr' id='par_1_87' title="bbox 512 4847 2102 4925">
     <span class='ocr_line' id='line_1_87' title="bbox 512 4847 2102 4925; baseline 0.007 -25"><span class='ocrx_word' id='word_1_627' title='bbox 512 4847 706 4925; x_wconf 33' lang='lat' dir='ltr'><strong>sius‘ea;</strong></span> <span class='ocrx_word' id='word_1_628' title='bbox 731 4847 939 4902; x_wconf 84' lang='lat' dir='ltr'><strong>Isauria</strong></span> <span class='ocrx_word' id='word_1_629' title='bbox 968 4855 1251 4922; x_wconf 83' lang='lat' dir='ltr'><strong>presbyter,</strong></span> <span class='ocrx_word' id='word_1_630' title='bbox 1275 4857 1366 4925; x_wconf 85' lang='lat' dir='ltr'><strong>qui</strong></span> <span class='ocrx_word' id='word_1_631' title='bbox 1394 4857 1447 4908; x_wconf 89' lang='lat' dir='ltr'><strong>in</strong></span> <span class='ocrx_word' id='word_1_632' title='bbox 1470 4847 1648 4909; x_wconf 77' lang='lat' dir='ltr'><strong>diebus</strong></span> <span class='ocrx_word' id='word_1_633' title='bbox 1669 4857 1775 4910; x_wconf 79' lang='lat' dir='ltr'><strong>suis</strong></span> <span class='ocrx_word' id='word_1_634' title='bbox 1798 4855 1969 4910; x_wconf 85' lang='lat' dir='ltr'><strong>Iconii</strong></span> <span class='ocrx_word' id='word_1_635' title='bbox 1997 4875 2102 4912; x_wconf 85' lang='lat' dir='ltr'><strong>rem</strong></span> 
     </span>
    </p>
   </div>
   <div class='ocr_carea' id='block_1_88' title="bbox 514 4919 2102 5000">
    <p class='ocr_par' dir='ltr' id='par_1_88' title="bbox 514 4919 2102 5000">
     <span class='ocr_line' id='line_1_88' title="bbox 514 4919 2102 5000; baseline 0.008 -30"><span class='ocrx_word' id='word_1_636' title='bbox 514 4919 788 5000; x_wconf 67' lang='lat' dir='ltr'><strong>terribilem</strong></span> <span class='ocrx_word' id='word_1_637' title='bbox 830 4932 1008 5000; x_wconf 77' lang='lat' dir='ltr'><strong>narrat</strong></span> <span class='ocrx_word' id='word_1_638' title='bbox 1035 4919 1298 5000; x_wconf 46' lang='lat' dir='ltr'><strong>eguisse:</strong></span> <span class='ocrx_word' id='word_1_639' title='bbox 1322 4924 1399 4979; x_wconf 80' lang='lat' dir='ltr'><strong>lbi</strong></span> <span class='ocrx_word' id='word_1_640' title='bbox 1439 4933 1676 4998; x_wconf 81' lang='lat' dir='ltr'><strong>namque,</strong></span> <span class='ocrx_word' id='word_1_641' title='bbox 1701 4939 1766 5000; x_wconf 15' lang='lat' dir='ltr'><strong>Aut</strong></span> <span class='ocrx_word' id='word_1_642' title='bbox 1795 4930 1866 4982; x_wconf 85' lang='lat' dir='ltr'><strong>ait</strong></span> <span class='ocrx_word' id='word_1_643' title='bbox 1888 4974 1901 4995; x_wconf 92' lang='lat'><strong>,</strong></span> <span class='ocrx_word' id='word_1_644' title='bbox 1933 4931 2102 5000; x_wconf 85' lang='lat' dir='ltr'><strong>quod-</strong></span> 
     </span>
    </p>
   </div>
   <div class='ocr_carea' id='block_1_89' title="bbox 513 4991 2104 5073">
    <p class='ocr_par' dir='ltr' id='par_1_89' title="bbox 513 4991 2104 5073">
     <span class='ocr_line' id='line_1_89' title="bbox 513 4991 2104 5073; baseline 0.009 -31"><span class='ocrx_word' id='word_1_645' title='bbox 513 4991 634 5043; x_wconf 89' lang='lat' dir='ltr'><strong>dam</strong></span> <span class='ocrx_word' id='word_1_646' title='bbox 659 4991 1031 5073; x_wconf 36' lang='lat' dir='ltr'><strong>Mlonasterium</strong></span> <span class='ocrx_word' id='word_1_647' title='bbox 1056 4993 1418 5073; x_wconf 82' lang='lat' dir='ltr'><strong>Thongolaton</strong></span> <span class='ocrx_word' id='word_1_648' title='bbox 1444 4991 1672 5073; x_wconf 70' lang='lat' dir='ltr'><strong>dicitur,</strong></span> <span class='ocrx_word' id='word_1_649' title='bbox 1693 4998 1746 5051; x_wconf 88' lang='lat' dir='ltr'><strong>in</strong></span> <span class='ocrx_word' id='word_1_650' title='bbox 1774 5017 1871 5073; x_wconf 78' lang='lat' dir='ltr'><strong>quo</strong></span> <span class='ocrx_word' id='word_1_651' title='bbox 1890 4991 2104 5073; x_wconf 78' lang='lat' dir='ltr'><strong>quidam</strong></span> 
     </span>
    </p>
   </div>
   <div class='ocr_carea' id='block_1_90' title="bbox 511 5062 2100 5140">
    <p class='ocr_par' dir='ltr' id='par_1_90' title="bbox 511 5062 2100 5140">
     <span class='ocr_line' id='line_1_90' title="bbox 511 5062 2100 5140; baseline 0.008 -27"><span class='ocrx_word' id='word_1_652' title='bbox 511 5062 797 5140; x_wconf 80' lang='lat' dir='ltr'><strong>monachus</strong></span> <span class='ocrx_word' id='word_1_653' title='bbox 826 5080 1029 5136; x_wconf 63' lang='lat' dir='ltr'><strong>magna!</strong></span> <span class='ocrx_word' id='word_1_654' title='bbox 1052 5062 1408 5140; x_wconf 74' lang='lat' dir='ltr'><strong>testimationis</strong></span> <span class='ocrx_word' id='word_1_655' title='bbox 1433 5062 1733 5124; x_wconf 27' lang='lat' dir='ltr'><strong>habebat—ur.</strong></span> <span class='ocrx_word' id='word_1_656' title='bbox 1761 5062 1917 5126; x_wconf 75' lang='lat' dir='ltr'><strong>Bonis</strong></span> <span class='ocrx_word' id='word_1_657' title='bbox 1947 5075 2100 5140; x_wconf 88' lang='lat' dir='ltr'><strong>quip-</strong></span> 
     </span>
    </p>
   </div>
   <div class='ocr_carea' id='block_1_91' title="bbox 511 5135 2102 5210">
    <p class='ocr_par' dir='ltr' id='par_1_91' title="bbox 511 5135 2102 5210">
     <span class='ocr_line' id='line_1_91' title="bbox 511 5135 2102 5210; baseline 0.008 -26"><span class='ocrx_word' id='word_1_658' title='bbox 511 5150 574 5200; x_wconf 84' lang='lat' dir='ltr'><strong>pe</strong></span> <span class='ocrx_word' id='word_1_659' title='bbox 599 5135 899 5210; x_wconf 73' lang='lat' dir='ltr'><strong>cernebatur</strong></span> <span class='ocrx_word' id='word_1_660' title='bbox 917 5135 1176 5210; x_wconf 12' lang='lat' dir='ltr'><strong>itincribus,</strong></span> <span class='ocrx_word' id='word_1_661' title='bbox 1201 5148 1356 5210; x_wconf 89' lang='lat' dir='ltr'><strong>atque</strong></span> <span class='ocrx_word' id='word_1_662' title='bbox 1385 5142 1437 5194; x_wconf 89' lang='lat' dir='ltr'><strong>in</strong></span> <span class='ocrx_word' id='word_1_663' title='bbox 1462 5145 1596 5195; x_wconf 87' lang='lat' dir='ltr'><strong>omni</strong></span> <span class='ocrx_word' id='word_1_664' title='bbox 1619 5159 1713 5195; x_wconf 90' lang='lat' dir='ltr'><strong>sua</strong></span> <span class='ocrx_word' id='word_1_665' title='bbox 1741 5145 1938 5196; x_wconf 85' lang='lat' dir='ltr'><strong>actione</strong></span> <span class='ocrx_word' id='word_1_666' title='bbox 1959 5135 2102 5197; x_wconf 70' lang='lat' dir='ltr'><strong>coin-</strong></span> 
     </span>
    </p>
   </div>
   <div class='ocr_carea' id='block_1_92' title="bbox 509 5205 2100 5284">
    <p class='ocr_par' dir='ltr' id='par_1_92' title="bbox 509 5205 2100 5284">
     <span class='ocr_line' id='line_1_92' title="bbox 509 5205 2100 5284; baseline 0.009 -29"><span class='ocrx_word' id='word_1_667' title='bbox 509 5207 740 5284; x_wconf 73' lang='lat' dir='ltr'><strong>positus;</strong></span> <span class='ocrx_word' id='word_1_668' title='bbox 764 5205 874 5284; x_wconf 66' lang='lat' dir='ltr'><strong>sed.</strong></span> <span class='ocrx_word' id='word_1_669' title='bbox 889 5209 1039 5284; x_wconf 81' lang='lat' dir='ltr'><strong>_sici_t_t</strong></span> <span class='ocrx_word' id='word_1_670' title='bbox 1065 5225 1128 5263; x_wconf 83' lang='lat' dir='ltr'><strong>ea:</strong></span> <span class='ocrx_word' id='word_1_671' title='bbox 1147 5210 1247 5276; x_wconf 84' lang='lat' dir='ltr'><strong>ﬁne</strong></span> <span class='ocrx_word' id='word_1_672' title='bbox 1271 5205 1355 5264; x_wconf 69' lang='lat' dir='ltr'><strong>res</strong></span> <span class='ocrx_word' id='word_1_673' title='bbox 1375 5215 1564 5280; x_wconf 85' lang='lat' dir='ltr'><strong>patuit,</strong></span> <span class='ocrx_word' id='word_1_674' title='bbox 1597 5213 1748 5284; x_wconf 84' lang='lat' dir='ltr'><strong>longe</strong></span> <span class='ocrx_word' id='word_1_675' title='bbox 1776 5215 1928 5267; x_wconf 72' lang='lat' dir='ltr'><strong>aliter</strong></span> <span class='ocrx_word' id='word_1_676' title='bbox 1947 5231 2100 5278; x_wconf 87' lang='lat' dir='ltr'><strong>quam</strong></span> 
     </span>
    </p>
   </div>
   <div class='ocr_carea' id='block_1_93' title="bbox 508 5277 2103 5353">
    <p class='ocr_par' dir='ltr' id='par_1_93' title="bbox 508 5277 2103 5353">
     <span class='ocr_line' id='line_1_93' title="bbox 508 5277 2103 5353; baseline 0.009 -29"><span class='ocrx_word' id='word_1_677' title='bbox 508 5279 782 5353; x_wconf 75' lang='lat' dir='ltr'><strong>apparebat</strong></span> <span class='ocrx_word' id='word_1_678' title='bbox 818 5277 942 5346; x_wconf 79' lang='lat' dir='ltr'><strong>fuit.</strong></span> <span class='ocrx_word' id='word_1_679' title='bbox 977 5279 1118 5353; x_wconf 82' lang='lat' dir='ltr'><strong>Nam</strong></span> <span class='ocrx_word' id='word_1_680' title='bbox 1165 5297 1277 5332; x_wconf 88' lang='lat' dir='ltr'><strong>cum</strong></span> <span class='ocrx_word' id='word_1_681' title='bbox 1317 5277 1557 5352; x_wconf 74' lang='lat' dir='ltr'><strong>iejuttare</strong></span> <span class='ocrx_word' id='word_1_682' title='bbox 1596 5300 1650 5337; x_wconf 86' lang='lat' dir='ltr'><strong>se</strong></span> <span class='ocrx_word' id='word_1_683' title='bbox 1687 5277 1814 5337; x_wconf 49' lang='lat' dir='ltr'><strong>&#39;t‘um</strong></span> <span class='ocrx_word' id='word_1_684' title='bbox 1852 5277 2103 5353; x_wconf 67' lang='lat' dir='ltr'><strong>fratribus</strong></span> 
     </span>
    </p>
   </div>
   <div class='ocr_carea' id='block_1_94' title="bbox 507 5348 2101 5424">
    <p class='ocr_par' dir='ltr' id='par_1_94' title="bbox 507 5348 2101 5424">
     <span class='ocr_line' id='line_1_94' title="bbox 507 5348 2101 5424; baseline 0.009 -29"><span class='ocrx_word' id='word_1_685' title='bbox 507 5348 896 5424; x_wconf 45' lang='lat' dir='ltr'><strong>di-iitoostritreg</strong></span> <span class='ocrx_word' id='word_1_686' title='bbox 951 5352 1150 5404; x_wconf 83' lang='lat' dir='ltr'><strong>occulte</strong></span> <span class='ocrx_word' id='word_1_687' title='bbox 1197 5348 1507 5408; x_wconf 85' lang='lat' dir='ltr'><strong>manducare</strong></span> <span class='ocrx_word' id='word_1_688' title='bbox 1551 5348 1916 5418; x_wconf 68' lang='lat' dir='ltr'><strong>consuetirrtit,</strong></span> <span class='ocrx_word' id='word_1_689' title='bbox 1963 5357 2101 5424; x_wconf 82' lang='lat' dir='ltr'><strong>quod</strong></span> 
     </span>
    </p>
   </div>
   <div class='ocr_carea' id='block_1_95' title="bbox 506 5416 2102 5497">
    <p class='ocr_par' dir='ltr' id='par_1_95' title="bbox 506 5416 2102 5497">
     <span class='ocr_line' id='line_1_95' title="bbox 506 5416 2102 5497; baseline 0.008 -30"><span class='ocrx_word' id='word_1_690' title='bbox 506 5416 620 5479; x_wconf 80' lang='lat' dir='ltr'><strong>eius</strong></span> <span class='ocrx_word' id='word_1_691' title='bbox 648 5420 820 5497; x_wconf 76' lang='lat' dir='ltr'><strong>vitium</strong></span> <span class='ocrx_word' id='word_1_692' title='bbox 853 5419 1039 5497; x_wconf 75' lang='lat' dir='ltr'><strong>fratres</strong></span> <span class='ocrx_word' id='word_1_693' title='bbox 1060 5424 1273 5497; x_wconf 75' lang='lat' dir='ltr'><strong>omnino</strong></span> <span class='ocrx_word' id='word_1_694' title='bbox 1300 5426 1610 5497; x_wconf 77' lang='lat' dir='ltr'><strong>nesciebant.</strong></span> <span class='ocrx_word' id='word_1_695' title='bbox 1639 5428 1743 5479; x_wconf 77' lang='lat' dir='ltr'><strong>Sed</strong></span> <span class='ocrx_word' id='word_1_696' title='bbox 1765 5416 1993 5497; x_wconf 79' lang='lat' dir='ltr'><strong>corporis</strong></span> <span class='ocrx_word' id='word_1_697' title='bbox 2015 5443 2102 5479; x_wconf 88' lang='lat' dir='ltr'><strong>su-</strong></span> 
     </span>
    </p>
   </div>
   <div class='ocr_carea' id='block_1_96' title="bbox 509 5489 2097 5568">
    <p class='ocr_par' dir='ltr' id='par_1_96' title="bbox 509 5489 2097 5568">
     <span class='ocr_line' id='line_1_96' title="bbox 509 5489 2097 5568; baseline 0.011 -33"><span class='ocrx_word' id='word_1_698' title='bbox 509 5489 830 5568; x_wconf 47' lang='lat' dir='ltr'><strong>;ﬂtriieniente</strong></span> <span class='ocrx_word' id='word_1_699' title='bbox 872 5492 1124 5568; x_wconf 74' lang='lat' dir='ltr'><strong>molestia.</strong></span> <span class='ocrx_word' id='word_1_700' title='bbox 1158 5495 1226 5568; x_wconf 77' lang='lat' dir='ltr'><strong>ad</strong></span> <span class='ocrx_word' id='word_1_701' title='bbox 1265 5496 1382 5548; x_wconf 72' lang='lat' dir='ltr'><strong>riae</strong></span> <span class='ocrx_word' id='word_1_702' title='bbox 1428 5509 1651 5549; x_wconf 69' lang='lat' dir='ltr'><strong>extrena</strong></span> <span class='ocrx_word' id='word_1_703' title='bbox 1699 5489 1972 5568; x_wconf 73' lang='lat' dir='ltr'><strong>perductus</strong></span> <span class='ocrx_word' id='word_1_704' title='bbox 2003 5507 2097 5552; x_wconf 88' lang='lat' dir='ltr'><strong>est.</strong></span> 
     </span>
    </p>
   </div>
   <div class='ocr_carea' id='block_1_97' title="bbox 513 5557 2103 5634">
    <p class='ocr_par' dir='ltr' id='par_1_97' title="bbox 513 5557 2103 5634">
     <span class='ocr_line' id='line_1_97' title="bbox 513 5557 2103 5634; baseline 0.008 -28"><span class='ocrx_word' id='word_1_705' title='bbox 513 5557 754 5634; x_wconf 47' lang='lat' dir='ltr'><strong>Quicum</strong></span> <span class='ocrx_word' id='word_1_706' title='bbox 795 5573 920 5612; x_wconf 81' lang='lat' dir='ltr'><strong>esset</strong></span> <span class='ocrx_word' id='word_1_707' title='bbox 951 5565 1003 5615; x_wconf 90' lang='lat' dir='ltr'><strong>in</strong></span> <span class='ocrx_word' id='word_1_708' title='bbox 1036 5565 1171 5630; x_wconf 78' lang='lat' dir='ltr'><strong>ﬁne,</strong></span> <span class='ocrx_word' id='word_1_709' title='bbox 1201 5566 1392 5631; x_wconf 74' lang='lat' dir='ltr'><strong>fratres</strong></span> <span class='ocrx_word' id='word_1_710' title='bbox 1427 5570 1495 5618; x_wconf 87' lang='lat' dir='ltr'><strong>ad</strong></span> <span class='ocrx_word' id='word_1_711' title='bbox 1525 5583 1576 5620; x_wconf 86' lang='lat' dir='ltr'><strong>se</strong></span> <span class='ocrx_word' id='word_1_712' title='bbox 1602 5557 1774 5620; x_wconf 72' lang='lat' dir='ltr'><strong>omnes</strong></span> <span class='ocrx_word' id='word_1_713' title='bbox 1805 5569 1891 5634; x_wconf 82' lang='lat' dir='ltr'><strong>qui</strong></span> <span class='ocrx_word' id='word_1_714' title='bbox 1925 5583 2103 5621; x_wconf 86' lang='lat' dir='ltr'><strong>mona-</strong></span> 
     </span>
    </p>
   </div>
   <div class='ocr_carea' id='block_1_98' title="bbox 508 5629 2104 5709">
    <p class='ocr_par' dir='ltr' id='par_1_98' title="bbox 508 5629 2104 5709">
     <span class='ocr_line' id='line_1_98' title="bbox 508 5629 2104 5709; baseline 0.011 -35"><span class='ocrx_word' id='word_1_715' title='bbox 508 5629 661 5709; x_wconf 58' lang='lat' dir='ltr'><strong>sterio</strong></span> <span class='ocrx_word' id='word_1_716' title='bbox 700 5629 1270 5709; x_wconf 63' lang='lat' dir='ltr'><strong>iiteraitt,_congrrgari</strong></span> <span class='ocrx_word' id='word_1_717' title='bbox 1301 5637 1438 5704; x_wconf 78' lang='lat' dir='ltr'><strong>fecit.</strong></span> <span class='ocrx_word' id='word_1_718' title='bbox 1478 5637 1542 5690; x_wconf 81' lang='lat' dir='ltr'><strong>At</strong></span> <span class='ocrx_word' id='word_1_719' title='bbox 1571 5637 1650 5688; x_wconf 87' lang='lat' dir='ltr'><strong>illi</strong></span> <span class='ocrx_word' id='word_1_720' title='bbox 1684 5637 1774 5690; x_wconf 80' lang='lat' dir='ltr'><strong>tali</strong></span> <span class='ocrx_word' id='word_1_721' title='bbox 1797 5629 1824 5702; x_wconf 40' lang='lat'><strong>,&#39;</strong></span> <span class='ocrx_word' id='word_1_722' title='bbox 1852 5649 1908 5691; x_wconf 89' lang='grc' dir='ltr'><strong>ιιι</strong></span> <span class='ocrx_word' id='word_1_723' title='bbox 1950 5647 2104 5709; x_wconf 84' lang='lat' dir='ltr'><strong>puta-</strong></span> 
     </span>
    </p>
   </div>
   <div class='ocr_carea' id='block_1_99' title="bbox 508 5695 2099 5777">
    <p class='ocr_par' dir='ltr' id='par_1_99' title="bbox 508 5695 2099 5777">
     <span class='ocr_line' id='line_1_99' title="bbox 508 5695 2099 5777; baseline 0.011 -30"><span class='ocrx_word' id='word_1_724' title='bbox 508 5695 652 5759; x_wconf 80' lang='lat' dir='ltr'><strong>bant,</strong></span> <span class='ocrx_word' id='word_1_725' title='bbox 681 5698 792 5777; x_wconf 64' lang='lat' dir='ltr'><strong>piro</strong></span> <span class='ocrx_word' id='word_1_726' title='bbox 817 5695 1086 5777; x_wconf 67' lang='lat' dir='ltr'><strong>moriente,</strong></span> <span class='ocrx_word' id='word_1_727' title='bbox 1120 5695 1360 5777; x_wconf 69' lang='lat' dir='ltr'><strong>marinum</strong></span> <span class='ocrx_word' id='word_1_728' title='bbox 1389 5710 1512 5777; x_wconf 78' lang='lat' dir='ltr'><strong>quid</strong></span> <span class='ocrx_word' id='word_1_729' title='bbox 1543 5725 1604 5761; x_wconf 82' lang='lat' dir='ltr'><strong>ac</strong></span> <span class='ocrx_word' id='word_1_730' title='bbox 1636 5695 1933 5763; x_wconf 78' lang='lat' dir='ltr'><strong>delectabile</strong></span> <span class='ocrx_word' id='word_1_731' title='bbox 1951 5695 2011 5763; x_wconf 67' lang='grc' dir='ltr'><strong>’τε</strong></span> <span class='ocrx_word' id='word_1_732' title='bbox 2036 5711 2099 5764; x_wconf 84' lang='lat' dir='ltr'><strong>ab</strong></span> 
     </span>
    </p>
   </div>
   <div class='ocr_carea' id='block_1_100' title="bbox 506 5768 2095 5848">
    <p class='ocr_par' dir='ltr' id='par_1_100' title="bbox 506 5768 2095 5848">
     <span class='ocr_line' id='line_1_100' title="bbox 506 5768 2095 5848; baseline 0.013 -33"><span class='ocrx_word' id='word_1_733' title='bbox 506 5782 566 5817; x_wconf 77' lang='lat' dir='ltr'><strong>ce</strong></span> <span class='ocrx_word' id='word_1_734' title='bbox 590 5768 770 5848; x_wconf 59' lang='lat' dir='ltr'><strong>audire</strong></span> <span class='ocrx_word' id='word_1_735' title='bbox 790 5773 1134 5848; x_wconf 74' lang='lat' dir='ltr'><strong>crediderqut.</strong></span> <span class='ocrx_word' id='word_1_736' title='bbox 1163 5768 1360 5839; x_wconf 78' lang='lat' dir='ltr'><strong>Quibus</strong></span> <span class='ocrx_word' id='word_1_737' title='bbox 1384 5768 1512 5839; x_wconf 71' lang='lat' dir='ltr'><strong>inse.</strong></span> <span class='ocrx_word' id='word_1_738' title='bbox 1539 5781 1768 5847; x_wconf 80' lang='lat' dir='ltr'><strong>afﬂictus</strong></span> <span class='ocrx_word' id='word_1_739' title='bbox 1790 5791 1835 5834; x_wconf 90' lang='lat' dir='ltr'><strong>et</strong></span> <span class='ocrx_word' id='word_1_740' title='bbox 1856 5790 2095 5848; x_wconf 79' lang='lat' dir='ltr'><strong>tremens,</strong></span> 
     </span>
    </p>
   </div>
   <div class='ocr_carea' id='block_1_101' title="bbox 507 5834 2100 5920">
    <p class='ocr_par' dir='ltr' id='par_1_101' title="bbox 507 5834 2100 5920">
     <span class='ocr_line' id='line_1_101' title="bbox 507 5834 2100 5920; baseline 0.013 -32"><span class='ocrx_word' id='word_1_741' title='bbox 507 5834 806 5900; x_wconf 80' lang='lat' dir='ltr'><strong>compulsus</strong></span> <span class='ocrx_word' id='word_1_742' title='bbox 855 5848 927 5892; x_wconf 82' lang='lat' dir='ltr'><strong>est</strong></span> <span class='ocrx_word' id='word_1_743' title='bbox 977 5834 1201 5907; x_wconf 60' lang='lat' dir='ltr'><strong>prodere</strong></span> <span class='ocrx_word' id='word_1_744' title='bbox 1250 5848 1331 5900; x_wconf 79' lang='lat' dir='ltr'><strong>cit‘i</strong></span> <span class='ocrx_word' id='word_1_745' title='bbox 1377 5834 1512 5901; x_wconf 70' lang='lat' dir='ltr'><strong>noui</strong></span> <span class='ocrx_word' id='word_1_746' title='bbox 1563 5834 1785 5905; x_wconf 53' lang='lat' dir='ltr'><strong>traditus</strong></span> <span class='ocrx_word' id='word_1_747' title='bbox 1831 5834 2100 5920; x_wconf 53' lang='lat' dir='ltr'><strong>cogebant;</strong></span> 
     </span>
    </p>
   </div>
   <div class='ocr_carea' id='block_1_102' title="bbox 2211 3925 3827 4000">
    <p class='ocr_par' dir='ltr' id='par_1_102' title="bbox 2211 3925 3827 4000">
     <span class='ocr_line' id='line_1_102' title="bbox 2211 3925 3827 4000; baseline -0.007 -10"><span class='ocrx_word' id='word_1_748' title='bbox 2211 3939 2372 3992; x_wconf 68' lang='lat' dir='ltr'><strong>exire.</strong></span> <span class='ocrx_word' id='word_1_749' title='bbox 2418 3937 2553 3990; x_wconf 82' lang='lat' dir='ltr'><strong>Nam</strong></span> <span class='ocrx_word' id='word_1_750' title='bbox 2581 3935 2712 3989; x_wconf 71' lang='lat' dir='ltr'><strong>dixit</strong></span> <span class='ocrx_word' id='word_1_751' title='bbox 2738 3949 2754 3985; x_wconf 92' lang='lat'><em>:</em></span> <span class='ocrx_word' id='word_1_752' title='bbox 2791 3931 3014 3997; x_wconf 83' lang='lat' dir='ltr'><strong>Quando</strong></span> <span class='ocrx_word' id='word_1_753' title='bbox 3041 3945 3123 3983; x_wconf 89' lang='lat' dir='ltr'><strong>me</strong></span> <span class='ocrx_word' id='word_1_754' title='bbox 3151 3927 3414 3981; x_wconf 85' lang='lat' dir='ltr'><strong>vobiscum</strong></span> <span class='ocrx_word' id='word_1_755' title='bbox 3437 3925 3728 4000; x_wconf 76' lang='lat' dir='ltr'><strong>credebatis</strong></span> <span class='ocrx_word' id='word_1_756' title='bbox 3739 3931 3827 4000; x_wconf 56' lang='lat' dir='ltr'><strong>je</strong></span> 
     </span>
    </p>
   </div>
   <div class='ocr_carea' id='block_1_103' title="bbox 2203 3998 3826 4081">
    <p class='ocr_par' dir='ltr' id='par_1_103' title="bbox 2203 3998 3826 4081">
     <span class='ocr_line' id='line_1_103' title="bbox 2203 3998 3826 4081; baseline -0.007 -18"><span class='ocrx_word' id='word_1_757' title='bbox 2203 4012 2417 4081; x_wconf 66' lang='lat' dir='ltr'><strong>junare,</strong></span> <span class='ocrx_word' id='word_1_758' title='bbox 2443 4007 2642 4061; x_wconf 84' lang='lat' dir='ltr'><strong>occulte</strong></span> <span class='ocrx_word' id='word_1_759' title='bbox 2671 4002 3003 4081; x_wconf 80' lang='lat' dir='ltr'><strong>comedebam</strong></span> <span class='ocrx_word' id='word_1_760' title='bbox 3027 4017 3045 4056; x_wconf 91' lang='lat'><strong><em>:</em></strong></span> <span class='ocrx_word' id='word_1_761' title='bbox 3075 4010 3129 4081; x_wconf 39' lang='lat' dir='ltr'><strong>et.</strong></span> <span class='ocrx_word' id='word_1_762' title='bbox 3151 4014 3265 4052; x_wconf 84' lang='lat' dir='ltr'><strong>ecce</strong></span> <span class='ocrx_word' id='word_1_763' title='bbox 3284 4015 3431 4081; x_wconf 43' lang='lat' dir='ltr'><strong>‘nunc</strong></span> <span class='ocrx_word' id='word_1_764' title='bbox 3457 3998 3527 4049; x_wconf 87' lang='lat' dir='ltr'><strong>ad</strong></span> <span class='ocrx_word' id='word_1_765' title='bbox 3557 3998 3826 4053; x_wconf 63' lang='lat' dir='ltr'><strong>devorati-</strong></span> 
     </span>
    </p>
   </div>
   <div class='ocr_carea' id='block_1_104' title="bbox 2211 4069 3826 4140">
    <p class='ocr_par' dir='ltr' id='par_1_104' title="bbox 2211 4069 3826 4140">
     <span class='ocr_line' id='line_1_104' title="bbox 2211 4069 3826 4140; baseline -0.004 -8"><span class='ocrx_word' id='word_1_766' title='bbox 2211 4069 2338 4132; x_wconf 66' lang='lat' dir='ltr'><strong>dnm</strong></span> <span class='ocrx_word' id='word_1_767' title='bbox 2363 4069 2572 4132; x_wconf 81' lang='lat' dir='ltr'><strong>draconi</strong></span> <span class='ocrx_word' id='word_1_768' title='bbox 2606 4079 2830 4128; x_wconf 82' lang='lat' dir='ltr'><strong>traditus</strong></span> <span class='ocrx_word' id='word_1_769' title='bbox 2863 4089 2997 4134; x_wconf 72' lang='lat' dir='ltr'><strong>sum,</strong></span> <span class='ocrx_word' id='word_1_770' title='bbox 3043 4072 3130 4140; x_wconf 89' lang='lat' dir='ltr'><strong>qui</strong></span> <span class='ocrx_word' id='word_1_771' title='bbox 3161 4069 3328 4122; x_wconf 77' lang='lat' dir='ltr'><strong>cauda</strong></span> <span class='ocrx_word' id='word_1_772' title='bbox 3367 4085 3468 4122; x_wconf 76' lang='lat' dir='ltr'><strong>sua</strong></span> <span class='ocrx_word' id='word_1_773' title='bbox 3505 4085 3618 4121; x_wconf 83' lang='lat' dir='ltr'><strong>mea</strong></span> <span class='ocrx_word' id='word_1_774' title='bbox 3646 4086 3826 4138; x_wconf 78' lang='lat' dir='ltr'><strong>genua</strong></span> 
     </span>
    </p>
   </div>
   <div class='ocr_carea' id='block_1_105' title="bbox 2209 4140 3823 4220">
    <p class='ocr_par' dir='ltr' id='par_1_105' title="bbox 2209 4140 3823 4220">
     <span class='ocr_line' id='line_1_105' title="bbox 2209 4140 3823 4220; baseline -0.007 -19"><span class='ocrx_word' id='word_1_775' title='bbox 2209 4151 2462 4220; x_wconf 80' lang='lat' dir='ltr'><strong>pedesque</strong></span> <span class='ocrx_word' id='word_1_776' title='bbox 2489 4149 2796 4218; x_wconf 80' lang='lat' dir='ltr'><strong>colligavit;</strong></span> <span class='ocrx_word' id='word_1_777' title='bbox 2845 4155 3150 4220; x_wconf 56' lang='lat' dir='ltr'><strong>captarem</strong></span> <span class='ocrx_word' id='word_1_778' title='bbox 3188 4140 3724 4220; x_wconf 47' lang='lat' dir='ltr'><strong>attainintranmearn</strong></span> <span class='ocrx_word' id='word_1_779' title='bbox 3760 4160 3823 4220; x_wconf 73' lang='lat' dir='ltr'><strong>os</strong></span> 
     </span>
    </p>
   </div>
   <div class='ocr_carea' id='block_1_106' title="bbox 2211 4210 3826 4283">
    <p class='ocr_par' dir='ltr' id='par_1_106' title="bbox 2211 4210 3826 4283">
     <span class='ocr_line' id='line_1_106' title="bbox 2211 4210 3826 4283; baseline -0.003 -11"><span class='ocrx_word' id='word_1_780' title='bbox 2211 4210 2436 4283; x_wconf 71' lang='lat' dir='ltr'><strong>mittens,</strong></span> <span class='ocrx_word' id='word_1_781' title='bbox 2469 4210 2709 4282; x_wconf 73' lang='lat' dir='ltr'><strong>spiritum</strong></span> <span class='ocrx_word' id='word_1_782' title='bbox 2738 4210 3126 4271; x_wconf 38' lang='lat' dir='ltr'><strong>nicum-ebibens</strong></span> <span class='ocrx_word' id='word_1_783' title='bbox 3155 4210 3633 4283; x_wconf 75' lang='lat' dir='ltr'><strong>extrahit._Quibus</strong></span> <span class='ocrx_word' id='word_1_784' title='bbox 3660 4212 3826 4268; x_wconf 78' lang='lat' dir='ltr'><strong>dictis</strong></span> 
     </span>
    </p>
   </div>
   <div class='ocr_carea' id='block_1_107' title="bbox 2209 4281 3826 4360">
    <p class='ocr_par' dir='ltr' id='par_1_107' title="bbox 2209 4281 3826 4360">
     <span class='ocr_line' id='line_1_107' title="bbox 2209 4281 3826 4360; baseline -0.004 -16"><span class='ocrx_word' id='word_1_785' title='bbox 2209 4293 2385 4344; x_wconf 84' lang='lat' dir='ltr'><strong>statim</strong></span> <span class='ocrx_word' id='word_1_786' title='bbox 2412 4281 2687 4360; x_wconf 72' lang='lat' dir='ltr'><strong>defunctus</strong></span> <span class='ocrx_word' id='word_1_787' title='bbox 2717 4300 2812 4353; x_wconf 85' lang='lat' dir='ltr'><strong>est,</strong></span> <span class='ocrx_word' id='word_1_788' title='bbox 2865 4294 3120 4360; x_wconf 71' lang='lat' dir='ltr'><strong>atqueat</strong></span> <span class='ocrx_word' id='word_1_789' title='bbox 3162 4281 3451 4352; x_wconf 70' lang='lat' dir='ltr'><strong>ptznitendo</strong></span> <span class='ocrx_word' id='word_1_790' title='bbox 3493 4299 3546 4334; x_wconf 85' lang='lat' dir='ltr'><strong>se</strong></span> <span class='ocrx_word' id='word_1_791' title='bbox 3591 4282 3826 4338; x_wconf 79' lang='lat' dir='ltr'><strong>liberare</strong></span> 
     </span>
    </p>
   </div>
   <div class='ocr_carea' id='block_1_108' title="bbox 2213 4357 3818 4433">
    <p class='ocr_par' dir='ltr' id='par_1_108' title="bbox 2213 4357 3818 4433">
     <span class='ocr_line' id='line_1_108' title="bbox 2213 4357 3818 4433; baseline -0.007 -17"><span class='ocrx_word' id='word_1_792' title='bbox 2213 4357 2487 4433; x_wconf 73' lang='lat' dir='ltr'><strong>potuisset,</strong></span> <span class='ocrx_word' id='word_1_793' title='bbox 2508 4379 2539 4414; x_wconf 89' lang='lat' dir='ltr'><strong>a</strong></span> <span class='ocrx_word' id='word_1_794' title='bbox 2561 4361 2805 4421; x_wconf 86' lang='lat' dir='ltr'><strong>dracone,</strong></span> <span class='ocrx_word' id='word_1_795' title='bbox 2830 4374 2978 4433; x_wconf 81' lang='lat' dir='ltr'><strong>quem</strong></span> <span class='ocrx_word' id='word_1_796' title='bbox 3001 4357 3218 4433; x_wconf 65' lang='lat' dir='ltr'><strong>viderat,</strong></span> <span class='ocrx_word' id='word_1_797' title='bbox 3238 4364 3560 4433; x_wconf 60' lang='lat' dir='ltr'><strong>exspectatus</strong></span> <span class='ocrx_word' id='word_1_798' title='bbox 3585 4369 3695 4433; x_wconf 70' lang='lat' dir='ltr'><strong>non</strong></span> <span class='ocrx_word' id='word_1_799' title='bbox 3707 4369 3818 4433; x_wconf 71' lang='lat' dir='ltr'><strong>est.</strong></span> 
     </span>
    </p>
   </div>
   <div class='ocr_carea' id='block_1_109' title="bbox 2217 4425 3827 4499">
    <p class='ocr_par' dir='ltr' id='par_1_109' title="bbox 2217 4425 3827 4499">
     <span class='ocr_line' id='line_1_109' title="bbox 2217 4425 3827 4499; baseline -0.004 -15"><span class='ocrx_word' id='word_1_800' title='bbox 2217 4425 2332 4499; x_wconf 66' lang='lat' dir='ltr'><strong>Quo</strong></span> <span class='ocrx_word' id='word_1_801' title='bbox 2363 4434 2608 4487; x_wconf 86' lang='lat' dir='ltr'><strong>nimirum</strong></span> <span class='ocrx_word' id='word_1_802' title='bbox 2638 4425 2979 4495; x_wconf 23' lang='lat' dir='ltr'><strong>constat’quia</strong></span> <span class='ocrx_word' id='word_1_803' title='bbox 3007 4429 3074 4479; x_wconf 84' lang='lat' dir='ltr'><strong>ad</strong></span> <span class='ocrx_word' id='word_1_804' title='bbox 3100 4428 3267 4482; x_wconf 88' lang='lat' dir='ltr'><strong>solam</strong></span> <span class='ocrx_word' id='word_1_805' title='bbox 3291 4426 3562 4499; x_wconf 76' lang='lat' dir='ltr'><strong>utilitatem</strong></span> <span class='ocrx_word' id='word_1_806' title='bbox 3586 4425 3827 4477; x_wconf 80' lang='lat' dir='ltr'><strong>audien-</strong></span> 
     </span>
    </p>
   </div>
   <div class='ocr_carea' id='block_1_110' title="bbox 2213 4495 3828 4572">
    <p class='ocr_par' dir='ltr' id='par_1_110' title="bbox 2213 4495 3828 4572">
     <span class='ocr_line' id='line_1_110' title="bbox 2213 4495 3828 4572; baseline -0.007 -16"><span class='ocrx_word' id='word_1_807' title='bbox 2213 4495 2343 4557; x_wconf 78' lang='lat' dir='ltr'><strong>tium</strong></span> <span class='ocrx_word' id='word_1_808' title='bbox 2372 4504 2575 4570; x_wconf 82' lang='lat' dir='ltr'><strong>riderit,</strong></span> <span class='ocrx_word' id='word_1_809' title='bbox 2609 4504 2698 4572; x_wconf 84' lang='lat' dir='ltr'><strong>qui</strong></span> <span class='ocrx_word' id='word_1_810' title='bbox 2744 4517 2861 4555; x_wconf 87' lang='lat' dir='ltr'><strong>eum</strong></span> <span class='ocrx_word' id='word_1_811' title='bbox 2899 4499 3133 4572; x_wconf 68' lang='lat' dir='ltr'><strong>hostem1</strong></span> <span class='ocrx_word' id='word_1_812' title='bbox 3169 4499 3254 4550; x_wconf 87' lang='lat' dir='ltr'><strong>cui</strong></span> <span class='ocrx_word' id='word_1_813' title='bbox 3283 4495 3493 4572; x_wconf 75' lang='lat' dir='ltr'><strong>traditus</strong></span> <span class='ocrx_word' id='word_1_814' title='bbox 3518 4497 3732 4562; x_wconf 77' lang='lat' dir='ltr'><strong>fuerat,</strong></span> <span class='ocrx_word' id='word_1_815' title='bbox 3771 4510 3828 4552; x_wconf 61' lang='lat' dir='ltr'><strong>es</strong></span> 
     </span>
    </p>
   </div>
   <div class='ocr_carea' id='block_1_111' title="bbox 2212 4569 3729 4648">
    <p class='ocr_par' dir='ltr' id='par_1_111' title="bbox 2212 4569 3729 4648">
     <span class='ocr_line' id='line_1_111' title="bbox 2212 4569 3729 4648; baseline -0.01 -18"><span class='ocrx_word' id='word_1_816' title='bbox 2212 4576 2458 4640; x_wconf 86' lang='lat' dir='ltr'><strong>innotuit,</strong></span> <span class='ocrx_word' id='word_1_817' title='bbox 2484 4585 2535 4648; x_wconf 77' lang='lat' dir='ltr'><strong>et</strong></span> <span class='ocrx_word' id='word_1_818' title='bbox 2562 4569 2663 4628; x_wconf 83' lang='lat' dir='ltr'><strong>non</strong></span> <span class='ocrx_word' id='word_1_819' title='bbox 2687 4576 2864 4648; x_wconf 82' lang='lat' dir='ltr'><strong>evasit.</strong></span> <span class='ocrx_word' id='word_1_820' title='bbox 2897 4570 2970 4626; x_wconf 87' lang='lat' dir='ltr'><strong>Ita</strong></span> <span class='ocrx_word' id='word_1_821' title='bbox 3000 4570 3064 4623; x_wconf 90' lang='lat' dir='ltr'><strong>D.</strong></span> <span class='ocrx_word' id='word_1_822' title='bbox 3091 4569 3414 4648; x_wconf 47' lang='lat' dir='ltr'><strong>gregoritts.‘</strong></span> <span class='ocrx_word' id='word_1_823' title='bbox 3583 4647 3587 4648; x_wconf 15' lang='grc' dir='ltr'><em>ν</em></span> <span class='ocrx_word' id='word_1_824' title='bbox 3689 4634 3729 4648; x_wconf 49' lang='grc' dir='ltr'><strong>υ</strong></span> 
     </span>
    </p>
   </div>
   <div class='ocr_carea' id='block_1_112' title="bbox 2289 4634 3820 4701">
    <p class='ocr_par' dir='ltr' id='par_1_112' title="bbox 2289 4634 3820 4701">
     <span class='ocr_line' id='line_1_112' title="bbox 2289 4634 3820 4701; baseline -0.007 1"><span class='ocrx_word' id='word_1_825' title='bbox 2289 4658 2312 4686; x_wconf 77' lang='grc' dir='ltr'><strong>ο</strong></span> <span class='ocrx_word' id='word_1_826' title='bbox 2356 4634 2726 4701; x_wconf 76' lang='lat' dir='ltr'><strong>Confessionis</strong></span> <span class='ocrx_word' id='word_1_827' title='bbox 2768 4647 2938 4696; x_wconf 87' lang='lat' dir='ltr'><strong>virtus</strong></span> <span class='ocrx_word' id='word_1_828' title='bbox 2968 4653 3021 4694; x_wconf 89' lang='lat' dir='ltr'><strong>et</strong></span> <span class='ocrx_word' id='word_1_829' title='bbox 3052 4634 3292 4695; x_wconf 59' lang='lat' dir='ltr'><strong>efficacia</strong></span> <span class='ocrx_word' id='word_1_830' title='bbox 3332 4653 3347 4694; x_wconf 85' lang='lat'><strong>:</strong></span> <span class='ocrx_word' id='word_1_831' title='bbox 3387 4635 3456 4691; x_wconf 88' lang='lat' dir='ltr'><strong>de</strong></span> <span class='ocrx_word' id='word_1_832' title='bbox 3501 4647 3604 4700; x_wconf 84' lang='lat' dir='ltr'><strong>qua</strong></span> <span class='ocrx_word' id='word_1_833' title='bbox 3651 4634 3820 4691; x_wconf 83' lang='lat' dir='ltr'><strong>aliud</strong></span> 
     </span>
    </p>
   </div>
   <div class='ocr_carea' id='block_1_113' title="bbox 2212 4705 3814 4781">
    <p class='ocr_par' dir='ltr' id='par_1_113' title="bbox 2212 4705 3814 4781">
     <span class='ocr_line' id='line_1_113' title="bbox 2212 4705 3814 4781; baseline -0.006 -11"><span class='ocrx_word' id='word_1_834' title='bbox 2212 4717 2390 4772; x_wconf 91' lang='lat' dir='ltr'><strong>simile</strong></span> <span class='ocrx_word' id='word_1_835' title='bbox 2419 4729 2471 4772; x_wconf 89' lang='lat' dir='ltr'><strong>et</strong></span> <span class='ocrx_word' id='word_1_836' title='bbox 2503 4715 2852 4771; x_wconf 80' lang='lat' dir='ltr'><strong>memorabile</strong></span> <span class='ocrx_word' id='word_1_837' title='bbox 2897 4714 3206 4781; x_wconf 69' lang='lat' dir='ltr'><strong>etetnplum</strong></span> <span class='ocrx_word' id='word_1_838' title='bbox 3257 4709 3424 4763; x_wconf 88' lang='lat' dir='ltr'><strong>habes</strong></span> <span class='ocrx_word' id='word_1_839' title='bbox 3470 4706 3608 4775; x_wconf 73' lang='lat' dir='ltr'><strong>apud</strong></span> <span class='ocrx_word' id='word_1_840' title='bbox 3641 4705 3814 4762; x_wconf 81' lang='lat' dir='ltr'><strong>Joan.</strong></span> 
     </span>
    </p>
   </div>
   <div class='ocr_carea' id='block_1_114' title="bbox 2130 4771 3424 4855">
    <p class='ocr_par' dir='ltr' id='par_1_114' title="bbox 2130 4771 3424 4855">
     <span class='ocr_line' id='line_1_114' title="bbox 2130 4771 3424 4855; baseline -0.009 -13"><span class='ocrx_word' id='word_1_841' title='bbox 2130 4771 2178 4832; x_wconf 79' lang='lat' dir='ltr'><strong>D</strong></span> <span class='ocrx_word' id='word_1_842' title='bbox 2205 4771 2434 4844; x_wconf 74' lang='lat' dir='ltr'><strong>Cliniae.</strong></span> <span class='ocrx_word' id='word_1_843' title='bbox 2467 4789 2636 4852; x_wconf 71' lang='lat' dir='ltr'><strong>gradu</strong></span> <span class='ocrx_word' id='word_1_844' title='bbox 2667 4790 2730 4851; x_wconf 73' lang='grc'><strong>4,</strong></span> <span class='ocrx_word' id='word_1_845' title='bbox 2760 4786 2851 4855; x_wconf 91' lang='lat' dir='ltr'><strong>qui</strong></span> <span class='ocrx_word' id='word_1_846' title='bbox 2884 4794 2972 4839; x_wconf 82' lang='lat' dir='ltr'><strong>est</strong></span> <span class='ocrx_word' id='word_1_847' title='bbox 3001 4771 3424 4855; x_wconf 61' lang='lat' dir='ltr'><strong>de&#39;obedientia.</strong></span> 
     </span>
    </p>
   </div>
   <div class='ocr_carea' id='block_1_115' title="bbox 2283 4847 3820 4928">
    <p class='ocr_par' dir='ltr' id='par_1_115' title="bbox 2283 4847 3820 4928">
     <span class='ocr_line' id='line_1_115' title="bbox 2283 4847 3820 4928; baseline -0.008 -14"><span class='ocrx_word' id='word_1_848' title='bbox 2283 4864 2307 4896; x_wconf 79' lang='grc' dir='ltr'>α</span> <span class='ocrx_word' id='word_1_849' title='bbox 2353 4861 2427 4914; x_wconf 88' lang='lat' dir='ltr'><strong>Ita</strong></span> <span class='ocrx_word' id='word_1_850' title='bbox 2463 4847 2524 4913; x_wconf 70' lang='grc' dir='ltr'><strong>ἰ).</strong></span> <span class='ocrx_word' id='word_1_851' title='bbox 2562 4847 2922 4928; x_wconf 56' lang='grc' dir='ltr'>ΙΙιιξιευιιῇιιιυε</span> <span class='ocrx_word' id='word_1_852' title='bbox 2965 4853 3212 4928; x_wconf 80' lang='lat' dir='ltr'><strong>eamdem</strong></span> <span class='ocrx_word' id='word_1_853' title='bbox 3258 4847 3583 4928; x_wconf 67' lang='lat' dir='ltr'><strong>sententiam</strong></span> <span class='ocrx_word' id='word_1_854' title='bbox 3610 4851 3820 4928; x_wconf 80' lang='lat' dir='ltr'><strong>_vertit</strong></span> 
     </span>
    </p>
   </div>
   <div class='ocr_carea' id='block_1_116' title="bbox 2211 4918 3816 4998">
    <p class='ocr_par' dir='ltr' id='par_1_116' title="bbox 2211 4918 3816 4998">
     <span class='ocr_line' id='line_1_116' title="bbox 2211 4918 3816 4998; baseline -0.01 -10"><span class='ocrx_word' id='word_1_855' title='bbox 2211 4946 2276 4988; x_wconf 83' lang='lat' dir='ltr'><strong>ex</strong></span> <span class='ocrx_word' id='word_1_856' title='bbox 2327 4931 2576 4986; x_wconf 71' lang='grc' dir='ltr'><strong>ΙΙι-ὶινιεθ.</strong></span> <span class='ocrx_word' id='word_1_857' title='bbox 2631 4931 2701 4986; x_wconf 87' lang='lat' dir='ltr'><strong>At</strong></span> <span class='ocrx_word' id='word_1_858' title='bbox 2749 4918 2903 4982; x_wconf 63' lang='lat' dir='ltr'><strong>vetus</strong></span> <span class='ocrx_word' id='word_1_859' title='bbox 2947 4925 3227 4981; x_wconf 86' lang='lat' dir='ltr'><strong>translatio</strong></span> <span class='ocrx_word' id='word_1_860' title='bbox 3271 4922 3484 4998; x_wconf 78' lang='lat' dir='ltr'><strong>habet:</strong></span> <span class='ocrx_word' id='word_1_861' title='bbox 3521 4918 3658 4998; x_wconf 73' lang='lat' dir='ltr'><strong>Quia</strong></span> <span class='ocrx_word' id='word_1_862' title='bbox 3700 4936 3816 4973; x_wconf 77' lang='lat' dir='ltr'><strong>non</strong></span> 
     </span>
    </p>
   </div>
   <div class='ocr_carea' id='block_1_117' title="bbox 2211 4991 3818 5072">
    <p class='ocr_par' dir='ltr' id='par_1_117' title="bbox 2211 4991 3818 5072">
     <span class='ocr_line' id='line_1_117' title="bbox 2211 4991 3818 5072; baseline -0.006 -19"><span class='ocrx_word' id='word_1_863' title='bbox 2211 5005 2471 5072; x_wconf 76' lang='lat' dir='ltr'><strong>profertur</strong></span> <span class='ocrx_word' id='word_1_864' title='bbox 2508 5003 2609 5055; x_wconf 84' lang='lat' dir='ltr'><strong>cito</strong></span> <span class='ocrx_word' id='word_1_865' title='bbox 2653 5012 2830 5054; x_wconf 87' lang='lat' dir='ltr'><strong>contra</strong></span> <span class='ocrx_word' id='word_1_866' title='bbox 2859 4998 3020 5052; x_wconf 81' lang='lat' dir='ltr'><strong>malos</strong></span> <span class='ocrx_word' id='word_1_867' title='bbox 3062 4995 3337 5072; x_wconf 72' lang='lat' dir='ltr'><strong>sententia,</strong></span> <span class='ocrx_word' id='word_1_868' title='bbox 3389 4991 3574 5060; x_wconf 79' lang='lat' dir='ltr'><strong>absque</strong></span> <span class='ocrx_word' id='word_1_869' title='bbox 3621 4991 3818 5044; x_wconf 75' lang='lat' dir='ltr'><strong>timore</strong></span> 
     </span>
    </p>
   </div>
   <div class='ocr_carea' id='block_1_118' title="bbox 2211 5065 3486 5144">
    <p class='ocr_par' dir='ltr' id='par_1_118' title="bbox 2211 5065 3486 5144">
     <span class='ocr_line' id='line_1_118' title="bbox 2211 5065 3486 5144; baseline -0.002 -19"><span class='ocrx_word' id='word_1_870' title='bbox 2211 5065 2321 5126; x_wconf 76' lang='lat' dir='ltr'><strong>ulla</strong></span> <span class='ocrx_word' id='word_1_871' title='bbox 2353 5074 2450 5140; x_wconf 81' lang='lat' dir='ltr'><strong>ﬁlii</strong></span> <span class='ocrx_word' id='word_1_872' title='bbox 2479 5075 2743 5126; x_wconf 85' lang='lat' dir='ltr'><strong>hominum</strong></span> <span class='ocrx_word' id='word_1_873' title='bbox 2782 5077 3074 5144; x_wconf 79' lang='lat' dir='ltr'><strong>perpetrant</strong></span> <span class='ocrx_word' id='word_1_874' title='bbox 3104 5065 3266 5119; x_wconf 87' lang='lat' dir='ltr'><strong>mala.</strong></span> <span class='ocrx_word' id='word_1_875' title='bbox 3316 5134 3348 5144; x_wconf 83' lang='lat'><strong>__</strong></span> <span class='ocrx_word' id='word_1_876' title='bbox 3376 5133 3408 5144; x_wconf 85' lang='lat'><strong>__</strong></span> <span class='ocrx_word' id='word_1_877' title='bbox 3454 5133 3486 5144; x_wconf 53' lang='grc' dir='ltr'>η</span> 
     </span>
    </p>
   </div>
   <div class='ocr_carea' id='block_1_119' title="bbox 2287 5130 3810 5198">
    <p class='ocr_par' dir='ltr' id='par_1_119' title="bbox 2287 5130 3810 5198">
     <span class='ocr_line' id='line_1_119' title="bbox 2287 5130 3810 5198; baseline -0.009 1"><span class='ocrx_word' id='word_1_878' title='bbox 2287 5153 2310 5180; x_wconf 75' lang='grc' dir='ltr'><strong>ε</strong></span> <span class='ocrx_word' id='word_1_879' title='bbox 2349 5130 2534 5198; x_wconf 68' lang='lat' dir='ltr'><strong>Crates</strong></span> <span class='ocrx_word' id='word_1_880' title='bbox 2567 5130 2846 5198; x_wconf 73' lang='lat' dir='ltr'><strong>translaiio</strong></span> <span class='ocrx_word' id='word_1_881' title='bbox 2877 5130 2986 5193; x_wconf 84' lang='lat' dir='ltr'><strong>hoc</strong></span> <span class='ocrx_word' id='word_1_882' title='bbox 3019 5140 3136 5191; x_wconf 91' lang='lat' dir='ltr'><strong>loco</strong></span> <span class='ocrx_word' id='word_1_883' title='bbox 3167 5133 3412 5190; x_wconf 90' lang='lat' dir='ltr'><strong>nonniltil</strong></span> <span class='ocrx_word' id='word_1_884' title='bbox 3438 5130 3614 5187; x_wconf 84' lang='lat' dir='ltr'><strong>differt</strong></span> <span class='ocrx_word' id='word_1_885' title='bbox 3642 5145 3670 5184; x_wconf 81' lang='grc' dir='ltr'><strong>ιι</strong></span> <span class='ocrx_word' id='word_1_886' title='bbox 3707 5146 3810 5186; x_wconf 87' lang='lat' dir='ltr'><strong>no-</strong></span> 
     </span>
    </p>
   </div>
   <div class='ocr_carea' id='block_1_120' title="bbox 2209 5206 3816 5285">
    <p class='ocr_par' dir='ltr' id='par_1_120' title="bbox 2209 5206 3816 5285">
     <span class='ocr_line' id='line_1_120' title="bbox 2209 5206 3816 5285; baseline -0.006 -17"><span class='ocrx_word' id='word_1_887' title='bbox 2209 5223 2320 5269; x_wconf 88' lang='lat' dir='ltr'><strong>stra</strong></span> <span class='ocrx_word' id='word_1_888' title='bbox 2370 5214 2613 5285; x_wconf 76' lang='lat' dir='ltr'><strong>Vulgata,</strong></span> <span class='ocrx_word' id='word_1_889' title='bbox 2647 5229 2770 5284; x_wconf 70' lang='lat' dir='ltr'><strong>quin</strong></span> <span class='ocrx_word' id='word_1_890' title='bbox 2809 5211 2886 5265; x_wconf 74' lang='lat' dir='ltr'><strong>sic</strong></span> <span class='ocrx_word' id='word_1_891' title='bbox 2917 5210 3077 5285; x_wconf 72' lang='lat' dir='ltr'><strong>habet</strong></span> <span class='ocrx_word' id='word_1_892' title='bbox 3108 5225 3122 5262; x_wconf 91' lang='lat'><strong>:</strong></span> <span class='ocrx_word' id='word_1_893' title='bbox 3155 5208 3216 5263; x_wconf 89' lang='lat' dir='ltr'><strong>Si</strong></span> <span class='ocrx_word' id='word_1_894' title='bbox 3254 5207 3486 5285; x_wconf 75' lang='lat' dir='ltr'><strong>mordeat</strong></span> <span class='ocrx_word' id='word_1_895' title='bbox 3516 5218 3727 5285; x_wconf 67' lang='lat' dir='ltr'><strong>serpens</strong></span> 
     </span>
    </p>
   </div>
   <div class='ocr_carea' id='block_1_121' title="bbox 2203 5273 3812 5355">
    <p class='ocr_par' dir='ltr' id='par_1_121' title="bbox 2203 5273 3812 5355">
     <span class='ocr_line' id='line_1_121' title="bbox 2203 5273 3812 5355; baseline -0.006 -18"><span class='ocrx_word' id='word_1_896' title='bbox 2203 5285 2429 5354; x_wconf 81' lang='lat' dir='ltr'><strong>silentio,</strong></span> <span class='ocrx_word' id='word_1_897' title='bbox 2466 5273 2611 5339; x_wconf 60' lang='lat' dir='ltr'><strong>nihil</strong></span> <span class='ocrx_word' id='word_1_898' title='bbox 2639 5273 2698 5339; x_wconf 73' lang='lat' dir='ltr'><strong>eo</strong></span> <span class='ocrx_word' id='word_1_899' title='bbox 2745 5285 2912 5355; x_wconf 87' lang='lat' dir='ltr'><strong>minus</strong></span> <span class='ocrx_word' id='word_1_900' title='bbox 2960 5282 3128 5340; x_wconf 83' lang='lat' dir='ltr'><strong>habet,</strong></span> <span class='ocrx_word' id='word_1_901' title='bbox 3179 5279 3270 5355; x_wconf 76' lang='lat' dir='ltr'><strong>qui</strong></span> <span class='ocrx_word' id='word_1_902' title='bbox 3302 5275 3514 5355; x_wconf 66' lang='grc' dir='ltr'><strong>Διιι-ειιιιε</strong></span> <span class='ocrx_word' id='word_1_903' title='bbox 3555 5273 3812 5355; x_wconf 71' lang='lat' dir='ltr'><strong>detrahit.</strong></span> 
     </span>
    </p>
   </div>
   <div class='ocr_carea' id='block_1_122' title="bbox 2205 5348 3812 5426">
    <p class='ocr_par' dir='ltr' id='par_1_122' title="bbox 2205 5348 3812 5426">
     <span class='ocr_line' id='line_1_122' title="bbox 2205 5348 3812 5426; baseline -0.006 -16"><span class='ocrx_word' id='word_1_904' title='bbox 2205 5355 2392 5411; x_wconf 68' lang='lat' dir='ltr'><strong>Graeca</strong></span> <span class='ocrx_word' id='word_1_905' title='bbox 2419 5348 2555 5412; x_wconf 73' lang='lat' dir='ltr'><strong>vero</strong></span> <span class='ocrx_word' id='word_1_906' title='bbox 2585 5358 2774 5412; x_wconf 71' lang='lat' dir='ltr'><strong>Latine</strong></span> <span class='ocrx_word' id='word_1_907' title='bbox 2799 5354 2867 5408; x_wconf 78' lang='lat' dir='ltr'><strong>ita</strong></span> <span class='ocrx_word' id='word_1_908' title='bbox 2893 5362 3069 5426; x_wconf 82' lang='lat' dir='ltr'><strong>sonat.</strong></span> <span class='ocrx_word' id='word_1_909' title='bbox 3101 5359 3158 5426; x_wconf 83' lang='lat' dir='ltr'><strong>ut</strong></span> <span class='ocrx_word' id='word_1_910' title='bbox 3179 5348 3268 5404; x_wconf 91' lang='lat' dir='ltr'><strong>ltic</strong></span> <span class='ocrx_word' id='word_1_911' title='bbox 3299 5348 3773 5426; x_wconf 45' lang='lat' dir='ltr'><strong>fereheaprintitttr</strong></span> <span class='ocrx_word' id='word_1_912' title='bbox 3794 5363 3812 5400; x_wconf 88' lang='lat'><strong>:</strong></span> 
     </span>
    </p>
   </div>
   <div class='ocr_carea' id='block_1_123' title="bbox 2207 5417 3818 5498">
    <p class='ocr_par' dir='ltr' id='par_1_123' title="bbox 2207 5417 3818 5498">
     <span class='ocr_line' id='line_1_123' title="bbox 2207 5417 3818 5498; baseline -0.009 -16"><span class='ocrx_word' id='word_1_913' title='bbox 2207 5428 2269 5482; x_wconf 87' lang='lat' dir='ltr'><strong>Si</strong></span> <span class='ocrx_word' id='word_1_914' title='bbox 2301 5433 2532 5483; x_wconf 86' lang='lat' dir='ltr'><strong>mordeat</strong></span> <span class='ocrx_word' id='word_1_915' title='bbox 2560 5444 2771 5493; x_wconf 83' lang='lat' dir='ltr'><strong>serpens</strong></span> <span class='ocrx_word' id='word_1_916' title='bbox 2796 5441 2896 5498; x_wconf 80' lang='lat' dir='ltr'><strong>non</strong></span> <span class='ocrx_word' id='word_1_917' title='bbox 2919 5425 2972 5478; x_wconf 86' lang='lat' dir='ltr'><strong>in</strong></span> <span class='ocrx_word' id='word_1_918' title='bbox 2999 5423 3240 5498; x_wconf 72' lang='lat' dir='ltr'><strong>strepitu.</strong></span> <span class='ocrx_word' id='word_1_919' title='bbox 3273 5419 3350 5498; x_wconf 60' lang='lat' dir='ltr'><strong>uel</strong></span> <span class='ocrx_word' id='word_1_920' title='bbox 3375 5419 3548 5480; x_wconf 76' lang='lat' dir='ltr'><strong>sibilo,</strong></span> <span class='ocrx_word' id='word_1_921' title='bbox 3571 5417 3704 5498; x_wconf 71' lang='lat' dir='ltr'><strong>nihil</strong></span> <span class='ocrx_word' id='word_1_922' title='bbox 3728 5426 3818 5498; x_wconf 52' lang='lat' dir='ltr'><strong>est</strong></span> 
     </span>
    </p>
   </div>
   <div class='ocr_carea' id='block_1_124' title="bbox 2206 5487 3819 5570">
    <p class='ocr_par' dir='ltr' id='par_1_124' title="bbox 2206 5487 3819 5570">
     <span class='ocr_line' id='line_1_124' title="bbox 2206 5487 3819 5570; baseline -0.007 -20"><span class='ocrx_word' id='word_1_923' title='bbox 2206 5503 2428 5563; x_wconf 87' lang='lat' dir='ltr'><strong>amplius</strong></span> <span class='ocrx_word' id='word_1_924' title='bbox 2455 5487 2763 5553; x_wconf 75' lang='lat' dir='ltr'><strong>incantanti.</strong></span> <span class='ocrx_word' id='word_1_925' title='bbox 2802 5487 3164 5570; x_wconf 57' lang='lat' dir='ltr'><strong>Quamobrem</strong></span> <span class='ocrx_word' id='word_1_926' title='bbox 3205 5492 3364 5557; x_wconf 86' lang='lat' dir='ltr'><strong>hujus</strong></span> <span class='ocrx_word' id='word_1_927' title='bbox 3389 5487 3672 5570; x_wconf 65' lang='lat' dir='ltr'><strong>sententiae</strong></span> <span class='ocrx_word' id='word_1_928' title='bbox 3706 5487 3819 5570; x_wconf 58' lang='lat' dir='ltr'><strong>dti-</strong></span> 
     </span>
    </p>
   </div>
   <div class='ocr_carea' id='block_1_125' title="bbox 2207 5559 3820 5637">
    <p class='ocr_par' dir='ltr' id='par_1_125' title="bbox 2207 5559 3820 5637">
     <span class='ocr_line' id='line_1_125' title="bbox 2207 5559 3820 5637; baseline -0.011 -13"><span class='ocrx_word' id='word_1_929' title='bbox 2207 5559 2326 5637; x_wconf 38' lang='lat' dir='ltr'><strong>p&#39;e&#39;x</strong></span> <span class='ocrx_word' id='word_1_930' title='bbox 2357 5587 2546 5624; x_wconf 85' lang='lat' dir='ltr'><strong>sensus</strong></span> <span class='ocrx_word' id='word_1_931' title='bbox 2575 5559 2884 5623; x_wconf 52' lang='lat' dir='ltr'><strong>reddttttr&#39;a</strong></span> <span class='ocrx_word' id='word_1_932' title='bbox 2917 5567 3040 5620; x_wconf 88' lang='lat' dir='ltr'><strong>divo</strong></span> <span class='ocrx_word' id='word_1_933' title='bbox 3078 5565 3405 5637; x_wconf 60' lang='lat' dir='ltr'><strong>Hieronymo</strong></span> <span class='ocrx_word' id='word_1_934' title='bbox 3436 5561 3589 5637; x_wconf 74' lang='lat' dir='ltr'><strong>juxta</strong></span> <span class='ocrx_word' id='word_1_935' title='bbox 3619 5559 3820 5622; x_wconf 79' lang='lat' dir='ltr'><strong>dupli—</strong></span> 
     </span>
    </p>
   </div>
   <div class='ocr_carea' id='block_1_126' title="bbox 2207 5633 3823 5710">
    <p class='ocr_par' dir='ltr' id='par_1_126' title="bbox 2207 5633 3823 5710">
     <span class='ocr_line' id='line_1_126' title="bbox 2207 5633 3823 5710; baseline -0.007 -16"><span class='ocrx_word' id='word_1_936' title='bbox 2207 5633 2323 5694; x_wconf 73' lang='lat' dir='ltr'><strong>cent</strong></span> <span class='ocrx_word' id='word_1_937' title='bbox 2355 5642 2471 5710; x_wconf 88' lang='lat' dir='ltr'><strong>ejus</strong></span> <span class='ocrx_word' id='word_1_938' title='bbox 2502 5641 2828 5694; x_wconf 70' lang='lat' dir='ltr'><strong>versi-inciti.</strong></span> <span class='ocrx_word' id='word_1_939' title='bbox 2862 5639 3013 5691; x_wconf 86' lang='lat' dir='ltr'><strong>Prior</strong></span> <span class='ocrx_word' id='word_1_940' title='bbox 3043 5645 3168 5710; x_wconf 63' lang='lat' dir='ltr'><strong>est;</strong></span> <span class='ocrx_word' id='word_1_941' title='bbox 3209 5634 3436 5710; x_wconf 76' lang='lat' dir='ltr'><strong>Serpens</strong></span> <span class='ocrx_word' id='word_1_942' title='bbox 3466 5641 3512 5682; x_wconf 86' lang='lat' dir='ltr'><strong>et</strong></span> <span class='ocrx_word' id='word_1_943' title='bbox 3543 5633 3823 5710; x_wconf 47' lang='lat' dir='ltr'><strong>detractor</strong></span> 
     </span>
    </p>
   </div>
   <div class='ocr_carea' id='block_1_127' title="bbox 2205 5703 3822 5782">
    <p class='ocr_par' dir='ltr' id='par_1_127' title="bbox 2205 5703 3822 5782">
     <span class='ocr_line' id='line_1_127' title="bbox 2205 5703 3822 5782; baseline -0.007 -15"><span class='ocrx_word' id='word_1_944' title='bbox 2205 5703 2431 5782; x_wconf 56' lang='lat' dir='ltr'><strong>aequalis</strong></span> <span class='ocrx_word' id='word_1_945' title='bbox 2463 5725 2601 5765; x_wconf 86' lang='lat' dir='ltr'><strong>sunt.</strong></span> <span class='ocrx_word' id='word_1_946' title='bbox 2639 5710 2908 5782; x_wconf 83' lang='lat' dir='ltr'><strong>Quomodo</strong></span> <span class='ocrx_word' id='word_1_947' title='bbox 2939 5710 3073 5761; x_wconf 88' lang='lat' dir='ltr'><strong>enim</strong></span> <span class='ocrx_word' id='word_1_948' title='bbox 3103 5707 3192 5782; x_wconf 74' lang='lat' dir='ltr'><strong>ille</strong></span> <span class='ocrx_word' id='word_1_949' title='bbox 3222 5703 3422 5782; x_wconf 79' lang='lat' dir='ltr'><strong>occulte</strong></span> <span class='ocrx_word' id='word_1_950' title='bbox 3445 5703 3698 5782; x_wconf 72' lang='lat' dir='ltr'><strong>mordens</strong></span> <span class='ocrx_word' id='word_1_951' title='bbox 3731 5720 3822 5782; x_wconf 79' lang='lat' dir='ltr'><strong>t-e-</strong></span> 
     </span>
    </p>
   </div>
   <div class='ocr_carea' id='block_1_128' title="bbox 2208 5773 3826 5845">
    <p class='ocr_par' dir='ltr' id='par_1_128' title="bbox 2208 5773 3826 5845">
     <span class='ocr_line' id='line_1_128' title="bbox 2208 5773 3826 5845; baseline -0.006 -9"><span class='ocrx_word' id='word_1_952' title='bbox 2208 5773 2394 5838; x_wconf 79' lang='grc' dir='ltr'>ιιεήιιιιι</span> <span class='ocrx_word' id='word_1_953' title='bbox 2417 5783 2599 5835; x_wconf 82' lang='lat' dir='ltr'><strong>inserit</strong></span> <span class='ocrx_word' id='word_1_954' title='bbox 2623 5773 2741 5845; x_wconf 35' lang='lat' dir='ltr'><strong>,Wsic</strong></span> <span class='ocrx_word' id='word_1_955' title='bbox 2782 5781 2876 5834; x_wconf 88' lang='lat' dir='ltr'><strong>iste</strong></span> <span class='ocrx_word' id='word_1_956' title='bbox 2914 5781 3049 5834; x_wconf 87' lang='lat' dir='ltr'><strong>clam</strong></span> <span class='ocrx_word' id='word_1_957' title='bbox 3092 5777 3365 5845; x_wconf 65' lang='lat' dir='ltr'><strong>detrahens</strong></span> <span class='ocrx_word' id='word_1_958' title='bbox 3407 5773 3549 5826; x_wconf 86' lang='lat' dir='ltr'><strong>virus</strong></span> <span class='ocrx_word' id='word_1_959' title='bbox 3581 5780 3826 5840; x_wconf 76' lang='lat' dir='ltr'><strong>pectoris</strong></span> 
     </span>
    </p>
   </div>
   <div class='ocr_carea' id='block_1_129' title="bbox 2207 5837 3824 5922">
    <p class='ocr_par' dir='ltr' id='par_1_129' title="bbox 2207 5837 3824 5922">
     <span class='ocr_line' id='line_1_129' title="bbox 2207 5837 3824 5922; baseline -0.006 -14"><span class='ocrx_word' id='word_1_960' title='bbox 2207 5855 2288 5908; x_wconf 63' lang='grc' dir='ltr'><strong>εθιιὶ</strong></span> <span class='ocrx_word' id='word_1_961' title='bbox 2325 5837 2557 5921; x_wconf 77' lang='lat' dir='ltr'><strong>infundit</strong></span> <span class='ocrx_word' id='word_1_962' title='bbox 2588 5837 2639 5906; x_wconf 72' lang='lat' dir='ltr'><strong>in</strong></span> <span class='ocrx_word' id='word_1_963' title='bbox 2670 5857 2908 5922; x_wconf 82' lang='lat' dir='ltr'><strong>fratrem,</strong></span> <span class='ocrx_word' id='word_1_964' title='bbox 2948 5859 2992 5903; x_wconf 89' lang='lat' dir='ltr'><strong>et</strong></span> <span class='ocrx_word' id='word_1_965' title='bbox 3030 5846 3158 5902; x_wconf 85' lang='lat' dir='ltr'><strong>nihil</strong></span> <span class='ocrx_word' id='word_1_966' title='bbox 3183 5837 3338 5898; x_wconf 82' lang='lat' dir='ltr'><strong>habet</strong></span> <span class='ocrx_word' id='word_1_967' title='bbox 3369 5859 3400 5895; x_wconf 90' lang='lat' dir='ltr'><strong>a</strong></span> <span class='ocrx_word' id='word_1_968' title='bbox 3429 5837 3668 5913; x_wconf 82' lang='lat' dir='ltr'><strong>serpente</strong></span> <span class='ocrx_word' id='word_1_969' title='bbox 3694 5859 3824 5899; x_wconf 81' lang='lat' dir='ltr'><strong>am-</strong></span> 
     </span>
    </p>
   </div>
  </div>
