  <div class='ocr_page' id='page_1' title='image "/cluster/home/n/w/nwhite01/storage/ocr_20150623/49/uva.x000827093/278.png"; bbox 0 0 4014 6200; ppageno 0'>
   <div class='ocr_carea' id='block_1_1' title="bbox 248 325 351 387">
    <p class='ocr_par' dir='ltr' id='par_1_1' title="bbox 248 325 351 387">
     <span class='ocr_line' id='line_1_1' title="bbox 248 325 351 387; baseline -0.049 0"><span class='ocrx_word' id='word_1_1' title='bbox 248 325 351 387; x_wconf 68' lang='lat' dir='ltr'><strong>Mi</strong></span> 
     </span>
    </p>
   </div>
   <div class='ocr_carea' id='block_1_2' title="bbox 1302 332 2494 410">
    <p class='ocr_par' dir='ltr' id='par_1_2' title="bbox 1302 332 2494 410">
     <span class='ocr_line' id='line_1_2' title="bbox 1302 332 2494 410; baseline 0.015 -18"><span class='ocrx_word' id='word_1_2' title='bbox 1302 332 1644 394; x_wconf 78' lang='lat' dir='ltr'><strong>COLLATIO</strong></span> <span class='ocrx_word' id='word_1_3' title='bbox 1680 337 1750 396; x_wconf 84' lang='lat' dir='ltr'><strong>II.</strong></span> <span class='ocrx_word' id='word_1_4' title='bbox 1783 368 1854 386; x_wconf 87' lang='lat'><strong>—-</strong></span> <span class='ocrx_word' id='word_1_5' title='bbox 1884 339 1976 399; x_wconf 80' lang='lat' dir='ltr'><strong><em>DE</em></strong></span> <span class='ocrx_word' id='word_1_6' title='bbox 2015 340 2494 410; x_wconf 78' lang='lat' dir='ltr'><strong>DISCRETIONE.</strong></span> 
     </span>
    </p>
   </div>
   <div class='ocr_carea' id='block_1_3' title="bbox 3443 377 3556 436">
    <p class='ocr_par' dir='ltr' id='par_1_3' title="bbox 3443 377 3556 436">
     <span class='ocr_line' id='line_1_3' title="bbox 3443 377 3556 436; baseline -0.009 0"><span class='ocrx_word' id='word_1_7' title='bbox 3443 377 3556 436; x_wconf 71' lang='grc'><strong>649.</strong></span> 
     </span>
    </p>
   </div>
   <div class='ocr_carea' id='block_1_4' title="bbox 248 444 3548 564">
    <p class='ocr_par' dir='ltr' id='par_1_4' title="bbox 248 444 3548 564">
     <span class='ocr_line' id='line_1_4' title="bbox 248 444 3548 564; baseline 0.013 -60"><span class='ocrx_word' id='word_1_8' title='bbox 248 445 410 504; x_wconf 72' lang='lat' dir='ltr'><strong>tutori</strong></span> <span class='ocrx_word' id='word_1_9' title='bbox 440 444 800 564; x_wconf 26' lang='lat' dir='ltr'><strong>(Rediens),</strong></span> <span class='ocrx_word' id='word_1_10' title='bbox 831 447 1287 564; x_wconf 43' lang='lat' dir='ltr'><strong>tacitijserpentis</strong></span> <span class='ocrx_word' id='word_1_11' title='bbox 1307 466 1546 511; x_wconf 79' lang='lat' dir='ltr'><strong>morsum</strong></span> <span class='ocrx_word' id='word_1_12' title='bbox 1559 455 1850 564; x_wconf 33' lang='lat' dir='ltr'><strong>“pernicio-</strong></span> <span class='ocrx_word' id='word_1_13' title='bbox 1873 461 1933 523; x_wconf 73' lang='grc' dir='ltr'>Α</span> <span class='ocrx_word' id='word_1_14' title='bbox 1956 467 2286 533; x_wconf 80' lang='lat' dir='ltr'><strong>toruumque</strong></span> <span class='ocrx_word' id='word_1_15' title='bbox 2327 467 2674 540; x_wconf 83' lang='lat' dir='ltr'><strong>conﬂictum,</strong></span> <span class='ocrx_word' id='word_1_16' title='bbox 2706 485 2810 530; x_wconf 75' lang='lat' dir='ltr'><strong>nec</strong></span> <span class='ocrx_word' id='word_1_17' title='bbox 2839 486 3032 534; x_wconf 81' lang='lat' dir='ltr'><strong>contra</strong></span> <span class='ocrx_word' id='word_1_18' title='bbox 3062 493 3229 538; x_wconf 87' lang='lat' dir='ltr'><strong>unum</strong></span> <span class='ocrx_word' id='word_1_19' title='bbox 3259 497 3358 541; x_wconf 88' lang='lat' dir='ltr'><strong>seu</strong></span> <span class='ocrx_word' id='word_1_20' title='bbox 3386 487 3548 564; x_wconf 87' lang='lat' dir='ltr'><strong>duos,</strong></span> 
     </span>
    </p>
   </div>
   <div class='ocr_carea' id='block_1_5' title="bbox 248 540 1846 615">
    <p class='ocr_par' dir='ltr' id='par_1_5' title="bbox 248 540 1846 615">
     <span class='ocr_line' id='line_1_5' title="bbox 248 540 1846 615; baseline 0.008 -19"><span class='ocrx_word' id='word_1_21' title='bbox 248 553 372 597; x_wconf 89' lang='lat' dir='ltr'><strong>sum</strong></span> <span class='ocrx_word' id='word_1_22' title='bbox 419 556 550 598; x_wconf 87' lang='lat' dir='ltr'><strong>esse</strong></span> <span class='ocrx_word' id='word_1_23' title='bbox 591 540 902 613; x_wconf 77' lang='lat' dir='ltr'><strong>designans,</strong></span> <span class='ocrx_word' id='word_1_24' title='bbox 958 542 1014 600; x_wconf 89' lang='lat' dir='ltr'><strong>id</strong></span> <span class='ocrx_word' id='word_1_25' title='bbox 1062 552 1170 612; x_wconf 78' lang='lat' dir='ltr'><strong>est,</strong></span> <span class='ocrx_word' id='word_1_26' title='bbox 1217 545 1260 601; x_wconf 90' lang='lat' dir='ltr'><strong>si</strong></span> <span class='ocrx_word' id='word_1_27' title='bbox 1309 561 1406 615; x_wconf 90' lang='lat' dir='ltr'><strong>per</strong></span> <span class='ocrx_word' id='word_1_28' title='bbox 1451 547 1846 609; x_wconf 79' lang='lat' dir='ltr'><strong>confessionem</strong></span> 
     </span>
    </p>
   </div>
   <div class='ocr_carea' id='block_1_6' title="bbox 248 633 1844 714">
    <p class='ocr_par' dir='ltr' id='par_1_6' title="bbox 248 633 1844 714">
     <span class='ocr_line' id='line_1_6' title="bbox 248 633 1844 714; baseline 0.008 -25"><span class='ocrx_word' id='word_1_29' title='bbox 248 633 531 705; x_wconf 89' lang='lat' dir='ltr'><strong>suggestio</strong></span> <span class='ocrx_word' id='word_1_30' title='bbox 546 648 645 691; x_wconf 89' lang='lat' dir='ltr'><strong>seu</strong></span> <span class='ocrx_word' id='word_1_31' title='bbox 665 636 926 705; x_wconf 74' lang='lat' dir='ltr'><strong>cogitatio</strong></span> <span class='ocrx_word' id='word_1_32' title='bbox 947 636 1216 693; x_wconf 81' lang='lat' dir='ltr'><strong>diabolica</strong></span> <span class='ocrx_word' id='word_1_33' title='bbox 1239 639 1844 714; x_wconf 86' lang='lat' dir='ltr'><strong>incantatoricuiquam,</strong></span> 
     </span>
    </p>
   </div>
   <div class='ocr_carea' id='block_1_7' title="bbox 247 728 1846 808">
    <p class='ocr_par' dir='ltr' id='par_1_7' title="bbox 247 728 1846 808">
     <span class='ocr_line' id='line_1_7' title="bbox 247 728 1846 808; baseline 0.01 -27"><span class='ocrx_word' id='word_1_34' title='bbox 247 728 484 796; x_wconf 89' lang='lat' dir='ltr'><strong>spiritali</strong></span> <span class='ocrx_word' id='word_1_35' title='bbox 525 728 740 784; x_wconf 84' lang='lat' dir='ltr'><strong>scilicet</strong></span> <span class='ocrx_word' id='word_1_36' title='bbox 783 731 921 796; x_wconf 89' lang='lat' dir='ltr'><strong>viro,</strong></span> <span class='ocrx_word' id='word_1_37' title='bbox 956 731 1045 799; x_wconf 87' lang='lat' dir='ltr'><strong>qui</strong></span> <span class='ocrx_word' id='word_1_38' title='bbox 1075 733 1409 792; x_wconf 74' lang='lat' dir='ltr'><strong>carminibus</strong></span> <span class='ocrx_word' id='word_1_39' title='bbox 1443 736 1846 808; x_wconf 86' lang='lat' dir='ltr'><strong>Scripturarum</strong></span> 
     </span>
    </p>
   </div>
   <div class='ocr_carea' id='block_1_8' title="bbox 251 819 1844 889">
    <p class='ocr_par' dir='ltr' id='par_1_8' title="bbox 251 819 1844 889">
     <span class='ocr_line' id='line_1_8' title="bbox 251 819 1844 889; baseline 0.009 -16"><span class='ocrx_word' id='word_1_40' title='bbox 251 819 455 875; x_wconf 82' lang='lat' dir='ltr'><strong>mederi</strong></span> <span class='ocrx_word' id='word_1_41' title='bbox 483 821 734 886; x_wconf 87' lang='lat' dir='ltr'><strong>protinus</strong></span> <span class='ocrx_word' id='word_1_42' title='bbox 760 822 992 888; x_wconf 90' lang='lat' dir='ltr'><strong>vulneri,</strong></span> <span class='ocrx_word' id='word_1_43' title='bbox 1021 833 1076 879; x_wconf 88' lang='lat' dir='ltr'><strong>et</strong></span> <span class='ocrx_word' id='word_1_44' title='bbox 1101 826 1395 884; x_wconf 67' lang='lat' dir='ltr'><strong>attrahere</strong></span> <span class='ocrx_word' id='word_1_45' title='bbox 1424 829 1492 885; x_wconf 90' lang='lat' dir='ltr'><strong>de</strong></span> <span class='ocrx_word' id='word_1_46' title='bbox 1519 831 1685 888; x_wconf 89' lang='lat' dir='ltr'><strong>corde</strong></span> <span class='ocrx_word' id='word_1_47' title='bbox 1709 847 1844 889; x_wconf 87' lang='lat' dir='ltr'><strong>con-</strong></span> 
     </span>
    </p>
   </div>
   <div class='ocr_carea' id='block_1_9' title="bbox 251 912 1844 996">
    <p class='ocr_par' dir='ltr' id='par_1_9' title="bbox 251 912 1844 996">
     <span class='ocr_line' id='line_1_9' title="bbox 251 912 1844 996; baseline 0.011 -29"><span class='ocrx_word' id='word_1_48' title='bbox 251 912 428 967; x_wconf 78' lang='lat' dir='ltr'><strong>suevit</strong></span> <span class='ocrx_word' id='word_1_49' title='bbox 450 913 611 969; x_wconf 77' lang='lat' dir='ltr'><strong>noxia</strong></span> <span class='ocrx_word' id='word_1_50' title='bbox 641 929 846 969; x_wconf 88' lang='lat' dir='ltr'><strong>venena</strong></span> <span class='ocrx_word' id='word_1_51' title='bbox 873 920 1165 986; x_wconf 82' lang='lat' dir='ltr'><strong>serpentis,</strong></span> <span class='ocrx_word' id='word_1_52' title='bbox 1193 921 1459 988; x_wconf 85' lang='lat' dir='ltr'><strong>patefacta</strong></span> <span class='ocrx_word' id='word_1_53' title='bbox 1490 938 1600 980; x_wconf 87' lang='lat' dir='ltr'><strong>non</strong></span> <span class='ocrx_word' id='word_1_54' title='bbox 1623 926 1844 996; x_wconf 83' lang='lat' dir='ltr'><strong>fuerint,</strong></span> 
     </span>
    </p>
   </div>
   <div class='ocr_carea' id='block_1_10' title="bbox 253 1007 1844 1086">
    <p class='ocr_par' dir='ltr' id='par_1_10' title="bbox 253 1007 1844 1086">
     <span class='ocr_line' id='line_1_10' title="bbox 253 1007 1844 1086; baseline 0.013 -28"><span class='ocrx_word' id='word_1_55' title='bbox 253 1019 571 1061; x_wconf 79' lang='lat' dir='ltr'><strong>succurrere</strong></span> <span class='ocrx_word' id='word_1_56' title='bbox 602 1007 924 1075; x_wconf 85' lang='lat' dir='ltr'><strong>periclitanti</strong></span> <span class='ocrx_word' id='word_1_57' title='bbox 963 1010 1278 1079; x_wconf 89' lang='lat' dir='ltr'><strong>periturove</strong></span> <span class='ocrx_word' id='word_1_58' title='bbox 1307 1028 1415 1070; x_wconf 92' lang='lat' dir='ltr'><strong>non</strong></span> <span class='ocrx_word' id='word_1_59' title='bbox 1463 1018 1684 1086; x_wconf 88' lang='lat' dir='ltr'><strong>poterit.</strong></span> <span class='ocrx_word' id='word_1_60' title='bbox 1729 1021 1844 1078; x_wconf 84' lang='lat' dir='ltr'><strong>IIoc</strong></span> 
     </span>
    </p>
   </div>
   <div class='ocr_carea' id='block_1_11' title="bbox 253 1096 1847 1180">
    <p class='ocr_par' dir='ltr' id='par_1_11' title="bbox 253 1096 1847 1180">
     <span class='ocr_line' id='line_1_11' title="bbox 253 1096 1847 1180; baseline 0.014 -31"><span class='ocrx_word' id='word_1_61' title='bbox 253 1096 415 1165; x_wconf 78' lang='lat' dir='ltr'><strong>igitur</strong></span> <span class='ocrx_word' id='word_1_62' title='bbox 447 1099 610 1154; x_wconf 83' lang='lat' dir='ltr'><strong>modo</strong></span> <span class='ocrx_word' id='word_1_63' title='bbox 638 1099 704 1153; x_wconf 89' lang='lat' dir='ltr'><strong>ad</strong></span> <span class='ocrx_word' id='word_1_64' title='bbox 734 1100 1018 1157; x_wconf 83' lang='lat' dir='ltr'><strong>scientiam</strong></span> <span class='ocrx_word' id='word_1_65' title='bbox 1050 1104 1400 1163; x_wconf 82' lang='lat' dir='ltr'><strong>discretionis</strong></span> <span class='ocrx_word' id='word_1_66' title='bbox 1425 1121 1567 1166; x_wconf 77' lang='lat' dir='ltr'><strong>verte</strong></span> <span class='ocrx_word' id='word_1_67' title='bbox 1597 1115 1847 1180; x_wconf 80' lang='lat' dir='ltr'><strong>perveni-</strong></span> 
     </span>
    </p>
   </div>
   <div class='ocr_carea' id='block_1_12' title="bbox 251 1187 1842 1273">
    <p class='ocr_par' dir='ltr' id='par_1_12' title="bbox 251 1187 1842 1273">
     <span class='ocr_line' id='line_1_12' title="bbox 251 1187 1842 1273; baseline 0.014 -32"><span class='ocrx_word' id='word_1_68' title='bbox 251 1203 311 1242; x_wconf 87' lang='lat' dir='ltr'><strong>re</strong></span> <span class='ocrx_word' id='word_1_69' title='bbox 342 1187 602 1246; x_wconf 82' lang='lat' dir='ltr'><strong>facillima</strong></span> <span class='ocrx_word' id='word_1_70' title='bbox 641 1193 961 1260; x_wconf 88' lang='lat' dir='ltr'><strong>poterimus.</strong></span> <span class='ocrx_word' id='word_1_71' title='bbox 990 1203 1050 1250; x_wconf 92' lang='lat' dir='ltr'><strong>ut</strong></span> <span class='ocrx_word' id='word_1_72' title='bbox 1081 1197 1363 1254; x_wconf 89' lang='lat' dir='ltr'><strong>seniorum</strong></span> <span class='ocrx_word' id='word_1_73' title='bbox 1394 1205 1616 1273; x_wconf 74' lang='lat' dir='ltr'><strong>vesugia</strong></span> <span class='ocrx_word' id='word_1_74' title='bbox 1651 1207 1842 1262; x_wconf 88' lang='lat' dir='ltr'><strong>subse-</strong></span> 
     </span>
    </p>
   </div>
   <div class='ocr_carea' id='block_1_13' title="bbox 249 1287 1845 1365">
    <p class='ocr_par' dir='ltr' id='par_1_13' title="bbox 249 1287 1845 1365">
     <span class='ocr_line' id='line_1_13' title="bbox 249 1287 1845 1365; baseline 0.014 -34"><span class='ocrx_word' id='word_1_75' title='bbox 249 1289 502 1348; x_wconf 87' lang='lat' dir='ltr'><strong>quentos,</strong></span> <span class='ocrx_word' id='word_1_76' title='bbox 534 1297 702 1351; x_wconf 87' lang='lat' dir='ltr'><strong>neque</strong></span> <span class='ocrx_word' id='word_1_77' title='bbox 731 1299 900 1355; x_wconf 87' lang='lat' dir='ltr'><strong>agere</strong></span> <span class='ocrx_word' id='word_1_78' title='bbox 929 1287 1221 1358; x_wconf 81' lang='lat' dir='ltr'><strong>quidquam</strong></span> <span class='ocrx_word' id='word_1_79' title='bbox 1254 1293 1400 1359; x_wconf 87' lang='lat' dir='ltr'><strong>novi,</strong></span> <span class='ocrx_word' id='word_1_80' title='bbox 1437 1310 1612 1365; x_wconf 90' lang='lat' dir='ltr'><strong>neque</strong></span> <span class='ocrx_word' id='word_1_81' title='bbox 1639 1299 1845 1356; x_wconf 82' lang='lat' dir='ltr'><strong>discer-</strong></span> 
     </span>
    </p>
   </div>
   <div class='ocr_carea' id='block_1_14' title="bbox 247 1376 1842 1458">
    <p class='ocr_par' dir='ltr' id='par_1_14' title="bbox 247 1376 1842 1458">
     <span class='ocr_line' id='line_1_14' title="bbox 247 1376 1842 1458; baseline 0.016 -34"><span class='ocrx_word' id='word_1_82' title='bbox 247 1387 382 1428; x_wconf 81' lang='lat' dir='ltr'><strong>nere</strong></span> <span class='ocrx_word' id='word_1_83' title='bbox 405 1385 587 1430; x_wconf 85' lang='lat' dir='ltr'><strong>nostro</strong></span> <span class='ocrx_word' id='word_1_84' title='bbox 607 1376 815 1445; x_wconf 84' lang='lat' dir='ltr'><strong>judicio</strong></span> <span class='ocrx_word' id='word_1_85' title='bbox 839 1395 1254 1451; x_wconf 69' lang='lat' dir='ltr'><strong>praesumamus;</strong></span> <span class='ocrx_word' id='word_1_86' title='bbox 1277 1387 1371 1442; x_wconf 89' lang='lat' dir='ltr'><strong>sed</strong></span> <span class='ocrx_word' id='word_1_87' title='bbox 1389 1391 1842 1458; x_wconf 77' lang='lat' dir='ltr'><strong>quemadmodum</strong></span> 
     </span>
    </p>
   </div>
   <div class='ocr_carea' id='block_1_15' title="bbox 247 1468 1838 1554">
    <p class='ocr_par' dir='ltr' id='par_1_15' title="bbox 247 1468 1838 1554">
     <span class='ocr_line' id='line_1_15' title="bbox 247 1468 1838 1554; baseline 0.016 -38"><span class='ocrx_word' id='word_1_88' title='bbox 247 1478 344 1517; x_wconf 53' lang='lat' dir='ltr'><strong>nos</strong></span> <span class='ocrx_word' id='word_1_89' title='bbox 367 1468 451 1520; x_wconf 89' lang='lat' dir='ltr'><strong>vel</strong></span> <span class='ocrx_word' id='word_1_90' title='bbox 476 1468 692 1524; x_wconf 82' lang='lat' dir='ltr'><strong>traditio</strong></span> <span class='ocrx_word' id='word_1_91' title='bbox 722 1471 940 1529; x_wconf 88' lang='lat' dir='ltr'><strong>illorum</strong></span> <span class='ocrx_word' id='word_1_92' title='bbox 968 1475 1050 1530; x_wconf 90' lang='lat' dir='ltr'><strong>vel</strong></span> <span class='ocrx_word' id='word_1_93' title='bbox 1080 1477 1206 1532; x_wconf 74' lang='lat' dir='ltr'><strong>vita:</strong></span> <span class='ocrx_word' id='word_1_94' title='bbox 1234 1479 1481 1546; x_wconf 83' lang='lat' dir='ltr'><strong>probitas</strong></span> <span class='ocrx_word' id='word_1_95' title='bbox 1508 1483 1838 1554; x_wconf 88' lang='lat' dir='ltr'><strong>informarit,</strong></span> 
     </span>
    </p>
   </div>
   <div class='ocr_carea' id='block_1_16' title="bbox 246 1555 1836 1648">
    <p class='ocr_par' dir='ltr' id='par_1_16' title="bbox 246 1555 1836 1648">
     <span class='ocr_line' id='line_1_16' title="bbox 246 1555 1836 1648; baseline 0.018 -42"><span class='ocrx_word' id='word_1_96' title='bbox 246 1555 299 1609; x_wconf 92' lang='lat' dir='ltr'><strong>in</strong></span> <span class='ocrx_word' id='word_1_97' title='bbox 344 1559 599 1614; x_wconf 83' lang='lat' dir='ltr'><strong>omnibus</strong></span> <span class='ocrx_word' id='word_1_98' title='bbox 643 1563 980 1630; x_wconf 79' lang='lat' dir='ltr'><strong>gradiantur.</strong></span> <span class='ocrx_word' id='word_1_99' title='bbox 1027 1567 1140 1632; x_wconf 87' lang='lat' dir='ltr'><strong>Qua</strong></span> <span class='ocrx_word' id='word_1_100' title='bbox 1195 1570 1529 1629; x_wconf 82' lang='lat' dir='ltr'><strong>institutione</strong></span> <span class='ocrx_word' id='word_1_101' title='bbox 1571 1575 1836 1648; x_wconf 85' lang='lat' dir='ltr'><strong>firmatus,</strong></span> 
     </span>
    </p>
   </div>
   <div class='ocr_carea' id='block_1_17' title="bbox 243 1651 1840 1739">
    <p class='ocr_par' dir='ltr' id='par_1_17' title="bbox 243 1651 1840 1739">
     <span class='ocr_line' id='line_1_17' title="bbox 243 1651 1840 1739; baseline 0.015 -37"><span class='ocrx_word' id='word_1_102' title='bbox 243 1662 353 1703; x_wconf 90' lang='lat' dir='ltr'><strong>non</strong></span> <span class='ocrx_word' id='word_1_103' title='bbox 385 1651 546 1706; x_wconf 91' lang='lat' dir='ltr'><strong>modo</strong></span> <span class='ocrx_word' id='word_1_104' title='bbox 577 1653 645 1708; x_wconf 90' lang='lat' dir='ltr'><strong>ad</strong></span> <span class='ocrx_word' id='word_1_105' title='bbox 677 1655 976 1725; x_wconf 78' lang='lat' dir='ltr'><strong>perfectam</strong></span> <span class='ocrx_word' id='word_1_106' title='bbox 1013 1661 1362 1719; x_wconf 85' lang='lat' dir='ltr'><strong>discretionis</strong></span> <span class='ocrx_word' id='word_1_107' title='bbox 1395 1666 1656 1724; x_wconf 86' lang='lat' dir='ltr'><strong>rationem</strong></span> <span class='ocrx_word' id='word_1_108' title='bbox 1691 1672 1840 1739; x_wconf 88' lang='lat' dir='ltr'><strong>quis-</strong></span> 
     </span>
    </p>
   </div>
   <div class='ocr_carea' id='block_1_18' title="bbox 241 1747 1837 1820">
    <p class='ocr_par' dir='ltr' id='par_1_18' title="bbox 241 1747 1837 1820">
     <span class='ocr_line' id='line_1_18' title="bbox 241 1747 1837 1820; baseline 0.017 -27"><span class='ocrx_word' id='word_1_109' title='bbox 241 1755 350 1810; x_wconf 89' lang='lat' dir='ltr'><strong>que</strong></span> <span class='ocrx_word' id='word_1_110' title='bbox 379 1747 684 1814; x_wconf 60' lang='lat' dir='ltr'><strong>perveniet,</strong></span> <span class='ocrx_word' id='word_1_111' title='bbox 716 1762 904 1806; x_wconf 86' lang='lat' dir='ltr'><strong>verum</strong></span> <span class='ocrx_word' id='word_1_112' title='bbox 928 1752 1089 1806; x_wconf 88' lang='lat' dir='ltr'><strong>etiam</strong></span> <span class='ocrx_word' id='word_1_113' title='bbox 1115 1768 1146 1806; x_wconf 89' lang='lat' dir='ltr'><strong>a</strong></span> <span class='ocrx_word' id='word_1_114' title='bbox 1168 1756 1376 1811; x_wconf 87' lang='lat' dir='ltr'><strong>cunctis</strong></span> <span class='ocrx_word' id='word_1_115' title='bbox 1397 1758 1606 1816; x_wconf 85' lang='lat' dir='ltr'><strong>insidiis</strong></span> <span class='ocrx_word' id='word_1_116' title='bbox 1634 1763 1837 1820; x_wconf 90' lang='lat' dir='ltr'><strong>inimici</strong></span> 
     </span>
    </p>
   </div>
   <div class='ocr_carea' id='block_1_19' title="bbox 1951 558 3552 646">
    <p class='ocr_par' dir='ltr' id='par_1_19' title="bbox 1951 558 3552 646">
     <span class='ocr_line' id='line_1_19' title="bbox 1951 558 3552 646; baseline 0.016 -32"><span class='ocrx_word' id='word_1_117' title='bbox 1951 558 2052 615; x_wconf 86' lang='lat' dir='ltr'><strong>sed</strong></span> <span class='ocrx_word' id='word_1_118' title='bbox 2106 569 2296 616; x_wconf 89' lang='lat' dir='ltr'><strong>contra</strong></span> <span class='ocrx_word' id='word_1_119' title='bbox 2351 561 2780 626; x_wconf 86' lang='lat' dir='ltr'><strong>innumerabiles</strong></span> <span class='ocrx_word' id='word_1_120' title='bbox 2821 579 3068 639; x_wconf 80' lang='lat' dir='ltr'><strong>catervas</strong></span> <span class='ocrx_word' id='word_1_121' title='bbox 3103 576 3346 646; x_wconf 80' lang='lat' dir='ltr'><strong>spiritale</strong></span> <span class='ocrx_word' id='word_1_122' title='bbox 3375 558 3552 639; x_wconf 58' lang='lat' dir='ltr'><strong>certa;</strong></span> 
     </span>
    </p>
   </div>
   <div class='ocr_carea' id='block_1_20' title="bbox 1949 653 3548 743">
    <p class='ocr_par' dir='ltr' id='par_1_20' title="bbox 1949 653 3548 743">
     <span class='ocr_line' id='line_1_20' title="bbox 1949 653 3548 743; baseline 0.014 -35"><span class='ocrx_word' id='word_1_123' title='bbox 1949 667 2076 709; x_wconf 84' lang='lat' dir='ltr'><strong>mea</strong></span> <span class='ocrx_word' id='word_1_124' title='bbox 2095 695 2112 721; x_wconf 96' lang='lat'><strong>,</strong></span> <span class='ocrx_word' id='word_1_125' title='bbox 2140 653 2228 724; x_wconf 82' lang='lat' dir='ltr'><strong>cuj</strong></span> <span class='ocrx_word' id='word_1_126' title='bbox 2238 668 2298 710; x_wconf 88' lang='lat' dir='ltr'><strong>us</strong></span> <span class='ocrx_word' id='word_1_127' title='bbox 2319 667 2480 711; x_wconf 85' lang='lat' dir='ltr'><strong>casus</strong></span> <span class='ocrx_word' id='word_1_128' title='bbox 2506 665 2656 714; x_wconf 81' lang='lat' dir='ltr'><strong>tanto</strong></span> <span class='ocrx_word' id='word_1_129' title='bbox 2679 663 3044 730; x_wconf 82' lang='lat' dir='ltr'><strong>perniciosior</strong></span> <span class='ocrx_word' id='word_1_130' title='bbox 3068 669 3281 724; x_wconf 86' lang='lat' dir='ltr'><strong>cunctis</strong></span> <span class='ocrx_word' id='word_1_131' title='bbox 3299 710 3315 736; x_wconf 93' lang='lat'><strong>,</strong></span> <span class='ocrx_word' id='word_1_132' title='bbox 3343 684 3548 743; x_wconf 89' lang='lat' dir='ltr'><strong>quanto</strong></span> 
     </span>
    </p>
   </div>
   <div class='ocr_carea' id='block_1_21' title="bbox 1949 749 3549 830">
    <p class='ocr_par' dir='ltr' id='par_1_21' title="bbox 1949 749 3549 830">
     <span class='ocr_line' id='line_1_21' title="bbox 1949 749 3549 830; baseline 0.013 -26"><span class='ocrx_word' id='word_1_133' title='bbox 1949 757 2004 804; x_wconf 88' lang='lat' dir='ltr'><strong>et</strong></span> <span class='ocrx_word' id='word_1_134' title='bbox 2047 749 2302 806; x_wconf 81' lang='lat' dir='ltr'><strong>infestior</strong></span> <span class='ocrx_word' id='word_1_135' title='bbox 2344 752 2622 822; x_wconf 86' lang='lat' dir='ltr'><strong>inimicus,</strong></span> <span class='ocrx_word' id='word_1_136' title='bbox 2671 763 2730 812; x_wconf 87' lang='lat' dir='ltr'><strong>et</strong></span> <span class='ocrx_word' id='word_1_137' title='bbox 2770 771 3098 830; x_wconf 84' lang='lat' dir='ltr'><strong>congressus</strong></span> <span class='ocrx_word' id='word_1_138' title='bbox 3139 765 3426 822; x_wconf 89' lang='lat' dir='ltr'><strong>occultior.</strong></span> <span class='ocrx_word' id='word_1_139' title='bbox 3481 769 3549 824; x_wconf 90' lang='lat' dir='ltr'><strong>Et</strong></span> 
     </span>
    </p>
   </div>
   <div class='ocr_carea' id='block_1_22' title="bbox 1948 843 3543 925">
    <p class='ocr_par' dir='ltr' id='par_1_22' title="bbox 1948 843 3543 925">
     <span class='ocr_line' id='line_1_22' title="bbox 1948 843 3543 925; baseline 0.011 -27"><span class='ocrx_word' id='word_1_140' title='bbox 1948 843 2074 899; x_wconf 87' lang='lat' dir='ltr'><strong>ideo</strong></span> <span class='ocrx_word' id='word_1_141' title='bbox 2113 859 2333 915; x_wconf 84' lang='lat' dir='ltr'><strong>semper</strong></span> <span class='ocrx_word' id='word_1_142' title='bbox 2376 849 2654 904; x_wconf 87' lang='lat' dir='ltr'><strong>seniorum</strong></span> <span class='ocrx_word' id='word_1_143' title='bbox 2705 862 2917 907; x_wconf 83' lang='lat' dir='ltr'><strong>summa</strong></span> <span class='ocrx_word' id='word_1_144' title='bbox 2958 853 3235 925; x_wconf 76' lang='lat' dir='ltr'><strong>diligentia</strong></span> <span class='ocrx_word' id='word_1_145' title='bbox 3266 869 3394 914; x_wconf 91' lang='lat' dir='ltr'><strong>sunt</strong></span> <span class='ocrx_word' id='word_1_146' title='bbox 3423 873 3543 916; x_wconf 80' lang='lat' dir='ltr'><strong>sec.-</strong></span> 
     </span>
    </p>
   </div>
   <div class='ocr_carea' id='block_1_23' title="bbox 1949 935 3545 1017">
    <p class='ocr_par' dir='ltr' id='par_1_23' title="bbox 1949 935 3545 1017">
     <span class='ocr_line' id='line_1_23' title="bbox 1949 935 3545 1017; baseline 0.009 -26"><span class='ocrx_word' id='word_1_147' title='bbox 1949 935 2111 991; x_wconf 84' lang='lat' dir='ltr'><strong>tanda</strong></span> <span class='ocrx_word' id='word_1_148' title='bbox 2141 937 2388 1008; x_wconf 81' lang='lat' dir='ltr'><strong>vestigia,</strong></span> <span class='ocrx_word' id='word_1_149' title='bbox 2418 947 2584 1011; x_wconf 90' lang='lat' dir='ltr'><strong>atque</strong></span> <span class='ocrx_word' id='word_1_150' title='bbox 2615 941 2682 995; x_wconf 91' lang='lat' dir='ltr'><strong>ad</strong></span> <span class='ocrx_word' id='word_1_151' title='bbox 2713 955 2809 998; x_wconf 87' lang='lat' dir='ltr'><strong>eos</strong></span> <span class='ocrx_word' id='word_1_152' title='bbox 2852 952 3045 999; x_wconf 86' lang='lat' dir='ltr'><strong>cuncta</strong></span> <span class='ocrx_word' id='word_1_153' title='bbox 3085 960 3207 1017; x_wconf 63' lang='lat' dir='ltr'><strong>qua</strong></span> <span class='ocrx_word' id='word_1_154' title='bbox 3249 948 3302 1004; x_wconf 91' lang='lat' dir='ltr'><strong>in</strong></span> <span class='ocrx_word' id='word_1_155' title='bbox 3343 954 3545 1008; x_wconf 82' lang='lat' dir='ltr'><strong>nostris</strong></span> 
     </span>
    </p>
   </div>
   <div class='ocr_carea' id='block_1_24' title="bbox 1947 1027 3606 1113">
    <p class='ocr_par' dir='ltr' id='par_1_24' title="bbox 1947 1027 3606 1113">
     <span class='ocr_line' id='line_1_24' title="bbox 1947 1027 3606 1113; baseline 0.01 -30"><span class='ocrx_word' id='word_1_156' title='bbox 1947 1027 2204 1085; x_wconf 85' lang='lat' dir='ltr'><strong>cordibus</strong></span> <span class='ocrx_word' id='word_1_157' title='bbox 2231 1031 2504 1102; x_wconf 90' lang='lat' dir='ltr'><strong>oriuntur,</strong></span> <span class='ocrx_word' id='word_1_158' title='bbox 2535 1032 2752 1090; x_wconf 81' lang='lat' dir='ltr'><strong>sublato</strong></span> <span class='ocrx_word' id='word_1_159' title='bbox 2773 1035 3108 1094; x_wconf 82' lang='lat' dir='ltr'><strong>confusionis</strong></span> <span class='ocrx_word' id='word_1_160' title='bbox 3131 1039 3422 1110; x_wconf 77' lang='lat' dir='ltr'><strong>velamine,</strong></span> <span class='ocrx_word' id='word_1_161' title='bbox 3445 1043 3542 1099; x_wconf 85' lang='lat' dir='ltr'><strong>de-</strong></span> <span class='ocrx_word' id='word_1_162' title='bbox 3600 1108 3606 1113; x_wconf 44' lang='grc'><em>,</em></span> 
     </span>
    </p>
   </div>
   <div class='ocr_carea' id='block_1_25' title="bbox 1945 1120 2189 1178">
    <p class='ocr_par' dir='ltr' id='par_1_25' title="bbox 1945 1120 2189 1178">
     <span class='ocr_line' id='line_1_25' title="bbox 1945 1120 2189 1178; baseline 0 -2"><span class='ocrx_word' id='word_1_163' title='bbox 1945 1120 2189 1178; x_wconf 85' lang='lat' dir='ltr'><strong>ferenda.</strong></span> 
     </span>
    </p>
   </div>
   <div class='ocr_carea' id='block_1_26' title="bbox 2553 1259 2928 1322">
    <p class='ocr_par' dir='ltr' id='par_1_26' title="bbox 2553 1259 2928 1322">
     <span class='ocr_line' id='line_1_26' title="bbox 2553 1259 2928 1322; baseline 0.011 -5"><span class='ocrx_word' id='word_1_164' title='bbox 2553 1259 2781 1320; x_wconf 84' lang='lat' dir='ltr'><strong>CAPUT</strong></span> <span class='ocrx_word' id='word_1_165' title='bbox 2810 1261 2928 1322; x_wconf 86' lang='lat' dir='ltr'><strong>XII.</strong></span> 
     </span>
    </p>
   </div>
   <div class='ocr_carea' id='block_1_27' title="bbox 1981 1376 3502 1456">
    <p class='ocr_par' dir='ltr' id='par_1_27' title="bbox 1981 1376 3502 1456">
     <span class='ocr_line' id='line_1_27' title="bbox 1981 1376 3502 1456; baseline 0.002 -24"><span class='ocrx_word' id='word_1_166' title='bbox 1981 1376 2246 1448; x_wconf 79' lang='lat' dir='ltr'><strong>Confessio</strong></span> <span class='ocrx_word' id='word_1_167' title='bbox 2267 1377 2608 1456; x_wconf 66' lang='lat' dir='ltr'><strong>t&#39;erecundite,</strong></span> <span class='ocrx_word' id='word_1_168' title='bbox 2641 1378 2700 1432; x_wconf 93' lang='lat' dir='ltr'><strong>ob</strong></span> <span class='ocrx_word' id='word_1_169' title='bbox 2727 1394 2882 1456; x_wconf 81' lang='lat' dir='ltr'><strong>quam</strong></span> <span class='ocrx_word' id='word_1_170' title='bbox 2901 1379 3340 1456; x_wconf 69' lang='lat' dir='ltr'><strong>confunderentur</strong></span> <span class='ocrx_word' id='word_1_171' title='bbox 3365 1383 3502 1456; x_wconf 84' lang='lat' dir='ltr'><strong>cegi-</strong></span> 
     </span>
    </p>
   </div>
   <div class='ocr_carea' id='block_1_28' title="bbox 2186 1450 3282 1506">
    <p class='ocr_par' dir='ltr' id='par_1_28' title="bbox 2186 1450 3282 1506">
     <span class='ocr_line' id='line_1_28' title="bbox 2186 1450 3282 1506; baseline 0.005 -5"><span class='ocrx_word' id='word_1_172' title='bbox 2186 1450 2409 1502; x_wconf 82' lang='lat' dir='ltr'><strong>lationes</strong></span> <span class='ocrx_word' id='word_1_173' title='bbox 2468 1458 2676 1503; x_wconf 87' lang='lat' dir='ltr'><strong>nostras</strong></span> <span class='ocrx_word' id='word_1_174' title='bbox 2719 1450 3011 1505; x_wconf 82' lang='lat' dir='ltr'><strong>senioribus</strong></span> <span class='ocrx_word' id='word_1_175' title='bbox 3054 1452 3282 1506; x_wconf 76' lang='lat' dir='ltr'><strong>reuelare</strong></span> 
     </span>
    </p>
   </div>
   <div class='ocr_carea' id='block_1_29' title="bbox 2013 1588 3541 1660">
    <p class='ocr_par' dir='ltr' id='par_1_29' title="bbox 2013 1588 3541 1660">
     <span class='ocr_line' id='line_1_29' title="bbox 2013 1588 3541 1660; baseline 0.001 -12"><span class='ocrx_word' id='word_1_176' title='bbox 2013 1590 2317 1648; x_wconf 82' lang='lat' dir='ltr'><strong>Germanus</strong></span> <span class='ocrx_word' id='word_1_177' title='bbox 2363 1604 2380 1647; x_wconf 82' lang='lat'><strong>:</strong></span> <span class='ocrx_word' id='word_1_178' title='bbox 2421 1588 2775 1646; x_wconf 85' lang='lat' dir='ltr'><strong>Occasionem</strong></span> <span class='ocrx_word' id='word_1_179' title='bbox 2822 1590 2980 1645; x_wconf 88' lang='lat' dir='ltr'><strong>nobis</strong></span> <span class='ocrx_word' id='word_1_180' title='bbox 3021 1591 3341 1660; x_wconf 67' lang='lat' dir='ltr'><strong>perniciosa:</strong></span> <span class='ocrx_word' id='word_1_181' title='bbox 3384 1605 3541 1650; x_wconf 90' lang='lat' dir='ltr'><strong>vere-</strong></span> 
     </span>
    </p>
   </div>
   <div class='ocr_carea' id='block_1_30' title="bbox 1942 1684 3534 1758">
    <p class='ocr_par' dir='ltr' id='par_1_30' title="bbox 1942 1684 3534 1758">
     <span class='ocr_line' id='line_1_30' title="bbox 1942 1684 3534 1758; baseline 0.002 -18"><span class='ocrx_word' id='word_1_182' title='bbox 1942 1685 2174 1747; x_wconf 69' lang='lat' dir='ltr'><strong>cundiat,</strong></span> <span class='ocrx_word' id='word_1_183' title='bbox 2206 1698 2310 1754; x_wconf 89' lang='lat' dir='ltr'><strong>qua</strong></span> <span class='ocrx_word' id='word_1_184' title='bbox 2333 1685 2689 1754; x_wconf 75' lang='lat' dir='ltr'><strong>cogitationes</strong></span> <span class='ocrx_word' id='word_1_185' title='bbox 2714 1684 2887 1741; x_wconf 79' lang='lat' dir='ltr'><strong>maias</strong></span> <span class='ocrx_word' id='word_1_186' title='bbox 2916 1684 3234 1742; x_wconf 86' lang='lat' dir='ltr'><strong>studeamus</strong></span> <span class='ocrx_word' id='word_1_187' title='bbox 3252 1688 3534 1758; x_wconf 87' lang='lat' dir='ltr'><strong>obtegere,</strong></span> 
     </span>
    </p>
   </div>
   <div class='ocr_carea' id='block_1_31' title="bbox 1942 1777 3536 1848">
    <p class='ocr_par' dir='ltr' id='par_1_31' title="bbox 1942 1777 3536 1848">
     <span class='ocr_line' id='line_1_31' title="bbox 1942 1777 3536 1848; baseline 0.001 -14"><span class='ocrx_word' id='word_1_188' title='bbox 1942 1794 2005 1834; x_wconf 91' lang='lat' dir='ltr'><strong>ac</strong></span> <span class='ocrx_word' id='word_1_189' title='bbox 2036 1780 2257 1834; x_wconf 86' lang='lat' dir='ltr'><strong>salutari</strong></span> <span class='ocrx_word' id='word_1_190' title='bbox 2289 1793 2382 1834; x_wconf 84' lang='lat' dir='ltr'><strong>eas</strong></span> <span class='ocrx_word' id='word_1_191' title='bbox 2407 1777 2714 1848; x_wconf 83' lang='lat' dir='ltr'><strong>patefacere</strong></span> <span class='ocrx_word' id='word_1_192' title='bbox 2740 1779 3089 1835; x_wconf 88' lang='lat' dir='ltr'><strong>confessione</strong></span> <span class='ocrx_word' id='word_1_193' title='bbox 3115 1794 3421 1844; x_wconf 77' lang='lat' dir='ltr'><strong>vereamur,</strong></span> <span class='ocrx_word' id='word_1_194' title='bbox 3444 1781 3536 1836; x_wconf 92' lang='lat' dir='ltr'><strong>illa</strong></span> 
     </span>
    </p>
   </div>
   <div class='ocr_carea' id='block_1_32' title="bbox 238 1836 1832 1943">
    <p class='ocr_par' dir='ltr' id='par_1_32' title="bbox 238 1836 1832 1912">
     <span class='ocr_line' id='line_1_32' title="bbox 238 1836 1832 1912; baseline 0.016 -26"><span class='ocrx_word' id='word_1_195' title='bbox 238 1836 557 1890; x_wconf 80' lang='lat' dir='ltr'><strong>tutissimus</strong></span> <span class='ocrx_word' id='word_1_196' title='bbox 581 1841 940 1906; x_wconf 85' lang='lat' dir='ltr'><strong>permanebit.</strong></span> <span class='ocrx_word' id='word_1_197' title='bbox 971 1839 1130 1899; x_wconf 83' lang='lat' dir='ltr'><strong>Nullo</strong></span> <span class='ocrx_word' id='word_1_198' title='bbox 1159 1861 1391 1912; x_wconf 85' lang='lat' dir='ltr'><strong>namque</strong></span> <span class='ocrx_word' id='word_1_199' title='bbox 1434 1850 1540 1905; x_wconf 89' lang='lat' dir='ltr'><strong>alio</strong></span> <span class='ocrx_word' id='word_1_200' title='bbox 1568 1853 1696 1908; x_wconf 87' lang='lat' dir='ltr'><strong>vitio</strong></span> <span class='ocrx_word' id='word_1_201' title='bbox 1728 1865 1832 1911; x_wconf 88' lang='lat' dir='ltr'><strong>tam</strong></span> 
     </span>
    </p>
   </div>
   <div class='ocr_carea' id='block_1_33' title="bbox 1942 1836 3542 1943">
    <p class='ocr_par' dir='ltr' id='par_1_33' title="bbox 1942 1836 3542 1943">
     <span class='ocr_line' id='line_1_33' title="bbox 1942 1836 3542 1943; baseline 0.001 -16"><span class='ocrx_word' id='word_1_202' title='bbox 1942 1872 2211 1943; x_wconf 72' lang='lat' dir='ltr'><strong>praecipue</strong></span> <span class='ocrx_word' id='word_1_203' title='bbox 2235 1879 2388 1927; x_wconf 89' lang='lat' dir='ltr'><strong>creat</strong></span> <span class='ocrx_word' id='word_1_204' title='bbox 2407 1836 2597 1934; x_wconf 69' lang='lat' dir='ltr'><strong>causa,</strong></span> <span class='ocrx_word' id='word_1_205' title='bbox 2631 1886 2735 1940; x_wconf 89' lang='lat' dir='ltr'><strong>qua</strong></span> <span class='ocrx_word' id='word_1_206' title='bbox 2763 1873 3012 1926; x_wconf 86' lang='lat' dir='ltr'><strong>novimus</strong></span> <span class='ocrx_word' id='word_1_207' title='bbox 3033 1871 3322 1942; x_wconf 89' lang='lat' dir='ltr'><strong>quemdam</strong></span> <span class='ocrx_word' id='word_1_208' title='bbox 3358 1836 3420 1926; x_wconf 40' lang='lat' dir='ltr'><strong>in,</strong></span> <span class='ocrx_word' id='word_1_209' title='bbox 3441 1871 3542 1943; x_wconf 83' lang='lat' dir='ltr'><strong>Sy-</strong></span> 
     </span>
    </p>
   </div>
   <div class='ocr_carea' id='block_1_34' title="bbox 239 1929 1837 2014">
    <p class='ocr_par' dir='ltr' id='par_1_34' title="bbox 239 1929 1837 2014">
     <span class='ocr_line' id='line_1_34' title="bbox 239 1929 1837 2014; baseline 0.014 -36"><span class='ocrx_word' id='word_1_210' title='bbox 239 1929 585 1996; x_wconf 67' lang='lat' dir='ltr'><strong>przecipitem</strong></span> <span class='ocrx_word' id='word_1_211' title='bbox 615 1929 863 1986; x_wconf 78' lang='lat' dir='ltr'><strong>diabolus</strong></span> <span class='ocrx_word' id='word_1_212' title='bbox 900 1936 1220 1991; x_wconf 91' lang='lat' dir='ltr'><strong>monachum</strong></span> <span class='ocrx_word' id='word_1_213' title='bbox 1253 1940 1519 2006; x_wconf 90' lang='lat' dir='ltr'><strong>pertrahit</strong></span> <span class='ocrx_word' id='word_1_214' title='bbox 1550 1958 1612 1998; x_wconf 90' lang='lat' dir='ltr'><strong>ac</strong></span> <span class='ocrx_word' id='word_1_215' title='bbox 1643 1947 1837 2014; x_wconf 85' lang='lat' dir='ltr'><strong>perdu-</strong></span> 
     </span>
    </p>
   </div>
   <div class='ocr_carea' id='block_1_35' title="bbox 235 2017 1838 2102">
    <p class='ocr_par' dir='ltr' id='par_1_35' title="bbox 235 2017 1838 2102">
     <span class='ocr_line' id='line_1_35' title="bbox 235 2017 1838 2102; baseline 0.014 -32"><span class='ocrx_word' id='word_1_216' title='bbox 235 2017 313 2071; x_wconf 87' lang='lat' dir='ltr'><strong>cit</strong></span> <span class='ocrx_word' id='word_1_217' title='bbox 345 2019 412 2072; x_wconf 84' lang='lat' dir='ltr'><strong>ad</strong></span> <span class='ocrx_word' id='word_1_218' title='bbox 442 2031 694 2090; x_wconf 86' lang='lat' dir='ltr'><strong>mortem,</strong></span> <span class='ocrx_word' id='word_1_219' title='bbox 744 2039 908 2094; x_wconf 89' lang='lat' dir='ltr'><strong>quam</strong></span> <span class='ocrx_word' id='word_1_220' title='bbox 954 2041 1075 2081; x_wconf 87' lang='lat' dir='ltr'><strong>cum</strong></span> <span class='ocrx_word' id='word_1_221' title='bbox 1117 2043 1263 2094; x_wconf 92' lang='lat' dir='ltr'><strong>eum,</strong></span> <span class='ocrx_word' id='word_1_222' title='bbox 1295 2036 1556 2102; x_wconf 79' lang='lat' dir='ltr'><strong>neglectis</strong></span> <span class='ocrx_word' id='word_1_223' title='bbox 1596 2038 1838 2092; x_wconf 90' lang='lat' dir='ltr'><strong>consiliis</strong></span> 
     </span>
    </p>
   </div>
   <div class='ocr_carea' id='block_1_36' title="bbox 235 2114 1838 2190">
    <p class='ocr_par' dir='ltr' id='par_1_36' title="bbox 235 2114 1838 2190">
     <span class='ocr_line' id='line_1_36' title="bbox 235 2114 1838 2190; baseline 0.014 -26"><span class='ocrx_word' id='word_1_224' title='bbox 235 2114 613 2179; x_wconf 89' lang='lat' dir='ltr'><strong>seniorum,in</strong></span> <span class='ocrx_word' id='word_1_225' title='bbox 663 2131 762 2170; x_wconf 92' lang='lat' dir='ltr'><strong>suo</strong></span> <span class='ocrx_word' id='word_1_226' title='bbox 806 2117 1010 2187; x_wconf 88' lang='lat' dir='ltr'><strong>judicio</strong></span> <span class='ocrx_word' id='word_1_227' title='bbox 1051 2126 1382 2190; x_wconf 87' lang='lat' dir='ltr'><strong>persuaserit</strong></span> <span class='ocrx_word' id='word_1_228' title='bbox 1425 2142 1488 2181; x_wconf 84' lang='lat' dir='ltr'><strong>ac</strong></span> <span class='ocrx_word' id='word_1_229' title='bbox 1517 2127 1838 2186; x_wconf 85' lang='lat' dir='ltr'><strong>definitione</strong></span> 
     </span>
    </p>
   </div>
   <div class='ocr_carea' id='block_1_37' title="bbox 235 2205 1838 2278">
    <p class='ocr_par' dir='ltr' id='par_1_37' title="bbox 235 2205 1838 2278">
     <span class='ocr_line' id='line_1_37' title="bbox 235 2205 1838 2278; baseline 0.011 -18"><span class='ocrx_word' id='word_1_230' title='bbox 235 2205 557 2262; x_wconf 86' lang='lat' dir='ltr'><strong>doctrinave</strong></span> <span class='ocrx_word' id='word_1_231' title='bbox 589 2209 883 2269; x_wconf 79' lang='lat' dir='ltr'><strong>conlidere.</strong></span> <span class='ocrx_word' id='word_1_232' title='bbox 933 2212 1144 2268; x_wconf 87' lang='lat' dir='ltr'><strong>Etenim</strong></span> <span class='ocrx_word' id='word_1_233' title='bbox 1187 2230 1313 2271; x_wconf 90' lang='lat' dir='ltr'><strong>cum</strong></span> <span class='ocrx_word' id='word_1_234' title='bbox 1359 2233 1552 2274; x_wconf 90' lang='lat' dir='ltr'><strong>omnes</strong></span> <span class='ocrx_word' id='word_1_235' title='bbox 1590 2230 1734 2277; x_wconf 82' lang='lat' dir='ltr'><strong>artes</strong></span> <span class='ocrx_word' id='word_1_236' title='bbox 1774 2238 1838 2278; x_wconf 90' lang='lat' dir='ltr'><strong>ac</strong></span> 
     </span>
    </p>
   </div>
   <div class='ocr_carea' id='block_1_38' title="bbox 236 2297 1836 2383">
    <p class='ocr_par' dir='ltr' id='par_1_38' title="bbox 236 2297 1836 2383">
     <span class='ocr_line' id='line_1_38' title="bbox 236 2297 1836 2383; baseline 0.012 -31"><span class='ocrx_word' id='word_1_237' title='bbox 236 2297 542 2367; x_wconf 61' lang='lat' dir='ltr'><strong>disciplina</strong></span> <span class='ocrx_word' id='word_1_238' title='bbox 582 2301 819 2356; x_wconf 89' lang='lat' dir='ltr'><strong>humano</strong></span> <span class='ocrx_word' id='word_1_239' title='bbox 865 2303 1082 2374; x_wconf 79' lang='lat' dir='ltr'><strong>ingenio</strong></span> <span class='ocrx_word' id='word_1_240' title='bbox 1123 2317 1380 2377; x_wconf 57' lang='lat' dir='ltr'><strong>repertae,</strong></span> <span class='ocrx_word' id='word_1_241' title='bbox 1431 2319 1488 2367; x_wconf 91' lang='lat' dir='ltr'><strong>et</strong></span> <span class='ocrx_word' id='word_1_242' title='bbox 1535 2325 1656 2383; x_wconf 62' lang='lat' dir='ltr'><strong>qua;</strong></span> <span class='ocrx_word' id='word_1_243' title='bbox 1703 2316 1836 2372; x_wconf 87' lang='lat' dir='ltr'><strong>nihil</strong></span> 
     </span>
    </p>
   </div>
   <div class='ocr_carea' id='block_1_39' title="bbox 235 2392 1836 2470">
    <p class='ocr_par' dir='ltr' id='par_1_39' title="bbox 235 2392 1836 2470">
     <span class='ocr_line' id='line_1_39' title="bbox 235 2392 1836 2470; baseline 0.012 -25"><span class='ocrx_word' id='word_1_244' title='bbox 235 2392 467 2460; x_wconf 81' lang='lat' dir='ltr'><strong>amplius</strong></span> <span class='ocrx_word' id='word_1_245' title='bbox 519 2403 680 2463; x_wconf 83' lang='lat' dir='ltr'><strong>quam</strong></span> <span class='ocrx_word' id='word_1_246' title='bbox 729 2398 855 2450; x_wconf 62' lang='lat' dir='ltr'><strong>vitae</strong></span> <span class='ocrx_word' id='word_1_247' title='bbox 905 2397 1066 2467; x_wconf 87' lang='lat' dir='ltr'><strong>hujus</strong></span> <span class='ocrx_word' id='word_1_248' title='bbox 1125 2402 1472 2470; x_wconf 64' lang='lat' dir='ltr'><strong>temporarias</strong></span> <span class='ocrx_word' id='word_1_249' title='bbox 1532 2409 1836 2464; x_wconf 81' lang='lat' dir='ltr'><strong>commodis</strong></span> 
     </span>
    </p>
   </div>
   <div class='ocr_carea' id='block_1_40' title="bbox 233 2488 1837 2570">
    <p class='ocr_par' dir='ltr' id='par_1_40' title="bbox 233 2488 1837 2570">
     <span class='ocr_line' id='line_1_40' title="bbox 233 2488 1837 2570; baseline 0.012 -31"><span class='ocrx_word' id='word_1_250' title='bbox 233 2497 486 2557; x_wconf 83' lang='lat' dir='ltr'><strong>prosunt,</strong></span> <span class='ocrx_word' id='word_1_251' title='bbox 522 2488 643 2544; x_wconf 89' lang='lat' dir='ltr'><strong>licet</strong></span> <span class='ocrx_word' id='word_1_252' title='bbox 668 2502 832 2545; x_wconf 89' lang='lat' dir='ltr'><strong>manu</strong></span> <span class='ocrx_word' id='word_1_253' title='bbox 857 2492 1061 2562; x_wconf 82' lang='lat' dir='ltr'><strong>palpari</strong></span> <span class='ocrx_word' id='word_1_254' title='bbox 1087 2505 1286 2565; x_wconf 89' lang='lat' dir='ltr'><strong>queant</strong></span> <span class='ocrx_word' id='word_1_255' title='bbox 1313 2506 1369 2552; x_wconf 90' lang='lat' dir='ltr'><strong>et</strong></span> <span class='ocrx_word' id='word_1_256' title='bbox 1390 2499 1561 2554; x_wconf 89' lang='lat' dir='ltr'><strong>oculis</strong></span> <span class='ocrx_word' id='word_1_257' title='bbox 1588 2502 1837 2570; x_wconf 65' lang='lat' dir='ltr'><strong>pervideo</strong></span> 
     </span>
    </p>
   </div>
   <div class='ocr_carea' id='block_1_41' title="bbox 232 2580 1836 2657">
    <p class='ocr_par' dir='ltr' id='par_1_41' title="bbox 232 2580 1836 2657">
     <span class='ocr_line' id='line_1_41' title="bbox 232 2580 1836 2657; baseline 0.011 -22"><span class='ocrx_word' id='word_1_258' title='bbox 232 2580 306 2649; x_wconf 88' lang='lat' dir='ltr'><strong>ri,</strong></span> <span class='ocrx_word' id='word_1_259' title='bbox 332 2591 480 2637; x_wconf 89' lang='lat' dir='ltr'><strong>recte</strong></span> <span class='ocrx_word' id='word_1_260' title='bbox 511 2591 690 2639; x_wconf 85' lang='lat' dir='ltr'><strong>tamen</strong></span> <span class='ocrx_word' id='word_1_261' title='bbox 717 2597 746 2640; x_wconf 88' lang='lat' dir='ltr'><strong>a</strong></span> <span class='ocrx_word' id='word_1_262' title='bbox 775 2599 1048 2657; x_wconf 86' lang='lat' dir='ltr'><strong>quoquam</strong></span> <span class='ocrx_word' id='word_1_263' title='bbox 1074 2588 1194 2643; x_wconf 87' lang='lat' dir='ltr'><strong>sine</strong></span> <span class='ocrx_word' id='word_1_264' title='bbox 1225 2588 1561 2647; x_wconf 83' lang='lat' dir='ltr'><strong>instituentis</strong></span> <span class='ocrx_word' id='word_1_265' title='bbox 1589 2593 1836 2656; x_wconf 85' lang='lat' dir='ltr'><strong>doctrina</strong></span> 
     </span>
    </p>
   </div>
   <div class='ocr_carea' id='block_1_42' title="bbox 234 2678 1837 2751">
    <p class='ocr_par' dir='ltr' id='par_1_42' title="bbox 234 2678 1837 2751">
     <span class='ocr_line' id='line_1_42' title="bbox 234 2678 1837 2751; baseline 0.01 -21"><span class='ocrx_word' id='word_1_266' title='bbox 234 2682 514 2744; x_wconf 82' lang='lat' dir='ltr'><strong>nequeant</strong></span> <span class='ocrx_word' id='word_1_267' title='bbox 538 2678 960 2747; x_wconf 82' lang='lat' dir='ltr'><strong>comprehendi;</strong></span> <span class='ocrx_word' id='word_1_268' title='bbox 989 2689 1017 2720; x_wconf 73' lang='grc' dir='ltr'>ι</span> <span class='ocrx_word' id='word_1_269' title='bbox 1038 2693 1198 2749; x_wconf 82' lang='lat' dir='ltr'><strong>quam</strong></span> <span class='ocrx_word' id='word_1_270' title='bbox 1223 2682 1470 2751; x_wconf 90' lang='lat' dir='ltr'><strong>ineptum</strong></span> <span class='ocrx_word' id='word_1_271' title='bbox 1498 2697 1584 2740; x_wconf 90' lang='lat' dir='ltr'><strong>est</strong></span> <span class='ocrx_word' id='word_1_272' title='bbox 1610 2687 1837 2746; x_wconf 84' lang='lat' dir='ltr'><strong>credere</strong></span> 
     </span>
    </p>
   </div>
   <div class='ocr_carea' id='block_1_43' title="bbox 237 2758 1838 2846">
    <p class='ocr_par' dir='ltr' id='par_1_43' title="bbox 237 2758 1838 2846">
     <span class='ocr_line' id='line_1_43' title="bbox 237 2758 1838 2846; baseline 0.009 -25"><span class='ocrx_word' id='word_1_273' title='bbox 237 2767 378 2824; x_wconf 79' lang='lat' dir='ltr'><strong>hanc</strong></span> <span class='ocrx_word' id='word_1_274' title='bbox 398 2769 570 2823; x_wconf 85' lang='lat' dir='ltr'><strong>solam</strong></span> <span class='ocrx_word' id='word_1_275' title='bbox 594 2758 700 2825; x_wconf 77' lang='lat' dir='ltr'><strong>noti</strong></span> <span class='ocrx_word' id='word_1_276' title='bbox 724 2785 885 2840; x_wconf 87' lang='lat' dir='ltr'><strong>egere</strong></span> <span class='ocrx_word' id='word_1_277' title='bbox 905 2771 1144 2838; x_wconf 86' lang='lat' dir='ltr'><strong>doctore,</strong></span> <span class='ocrx_word' id='word_1_278' title='bbox 1164 2790 1282 2846; x_wconf 68' lang='lat' dir='ltr'><strong>quae</strong></span> <span class='ocrx_word' id='word_1_279' title='bbox 1301 2785 1353 2833; x_wconf 90' lang='lat' dir='ltr'><strong>et</strong></span> <span class='ocrx_word' id='word_1_280' title='bbox 1369 2776 1669 2834; x_wconf 82' lang='lat' dir='ltr'><strong>invisibilis</strong></span> <span class='ocrx_word' id='word_1_281' title='bbox 1684 2789 1738 2835; x_wconf 91' lang='lat' dir='ltr'><strong>et</strong></span> <span class='ocrx_word' id='word_1_282' title='bbox 1753 2795 1838 2836; x_wconf 76' lang='lat' dir='ltr'><strong>oc-</strong></span> 
     </span>
    </p>
   </div>
   <div class='ocr_carea' id='block_1_44' title="bbox 233 2863 1835 2943">
    <p class='ocr_par' dir='ltr' id='par_1_44' title="bbox 233 2863 1835 2943">
     <span class='ocr_line' id='line_1_44' title="bbox 233 2863 1835 2943; baseline 0.007 -26"><span class='ocrx_word' id='word_1_283' title='bbox 233 2863 382 2917; x_wconf 88' lang='lat' dir='ltr'><strong>culta</strong></span> <span class='ocrx_word' id='word_1_284' title='bbox 400 2870 504 2925; x_wconf 90' lang='lat' dir='ltr'><strong>est,</strong></span> <span class='ocrx_word' id='word_1_285' title='bbox 521 2872 576 2917; x_wconf 90' lang='lat' dir='ltr'><strong>et</strong></span> <span class='ocrx_word' id='word_1_286' title='bbox 597 2880 715 2933; x_wconf 68' lang='lat' dir='ltr'><strong>qua:</strong></span> <span class='ocrx_word' id='word_1_287' title='bbox 744 2881 848 2919; x_wconf 91' lang='lat' dir='ltr'><strong>non</strong></span> <span class='ocrx_word' id='word_1_288' title='bbox 875 2866 975 2920; x_wconf 91' lang='lat' dir='ltr'><strong>nisi</strong></span> <span class='ocrx_word' id='word_1_289' title='bbox 1000 2867 1165 2921; x_wconf 89' lang='lat' dir='ltr'><strong>corde</strong></span> <span class='ocrx_word' id='word_1_290' title='bbox 1188 2869 1476 2938; x_wconf 85' lang='lat' dir='ltr'><strong>purissimo</strong></span> <span class='ocrx_word' id='word_1_291' title='bbox 1499 2873 1835 2943; x_wconf 88' lang='lat' dir='ltr'><strong>pervidetur,</strong></span> 
     </span>
    </p>
   </div>
   <div class='ocr_carea' id='block_1_45' title="bbox 230 2958 1836 3036">
    <p class='ocr_par' dir='ltr' id='par_1_45' title="bbox 230 2958 1836 3036">
     <span class='ocr_line' id='line_1_45' title="bbox 230 2958 1836 3036; baseline 0.007 -24"><span class='ocrx_word' id='word_1_292' title='bbox 230 2958 390 3026; x_wconf 85' lang='lat' dir='ltr'><strong>cuius</strong></span> <span class='ocrx_word' id='word_1_293' title='bbox 413 2972 568 3031; x_wconf 87' lang='lat' dir='ltr'><strong>error</strong></span> <span class='ocrx_word' id='word_1_294' title='bbox 595 2973 701 3013; x_wconf 91' lang='lat' dir='ltr'><strong>non</strong></span> <span class='ocrx_word' id='word_1_295' title='bbox 734 2960 1037 3030; x_wconf 86' lang='lat' dir='ltr'><strong>temporale</strong></span> <span class='ocrx_word' id='word_1_296' title='bbox 1068 2962 1350 3030; x_wconf 89' lang='lat' dir='ltr'><strong>damnum,</strong></span> <span class='ocrx_word' id='word_1_297' title='bbox 1385 2980 1483 3020; x_wconf 91' lang='lat' dir='ltr'><strong>nec</strong></span> <span class='ocrx_word' id='word_1_298' title='bbox 1509 2965 1652 3036; x_wconf 90' lang='lat' dir='ltr'><strong>quod</strong></span> <span class='ocrx_word' id='word_1_299' title='bbox 1681 2966 1836 3023; x_wconf 89' lang='lat' dir='ltr'><strong>facile</strong></span> 
     </span>
    </p>
   </div>
   <div class='ocr_carea' id='block_1_46' title="bbox 231 3051 1836 3128">
    <p class='ocr_par' dir='ltr' id='par_1_46' title="bbox 231 3051 1836 3128">
     <span class='ocr_line' id='line_1_46' title="bbox 231 3051 1836 3128; baseline 0.007 -23"><span class='ocrx_word' id='word_1_300' title='bbox 231 3062 546 3121; x_wconf 78' lang='lat' dir='ltr'><strong>reparatur,</strong></span> <span class='ocrx_word' id='word_1_301' title='bbox 592 3051 688 3108; x_wconf 88' lang='lat' dir='ltr'><strong>sed</strong></span> <span class='ocrx_word' id='word_1_302' title='bbox 719 3053 914 3110; x_wconf 80' lang='lat' dir='ltr'><strong>anima:</strong></span> <span class='ocrx_word' id='word_1_303' title='bbox 952 3054 1316 3125; x_wconf 86' lang='lat' dir='ltr'><strong>perditionem</strong></span> <span class='ocrx_word' id='word_1_304' title='bbox 1351 3061 1524 3128; x_wconf 84' lang='lat' dir='ltr'><strong>parit,</strong></span> <span class='ocrx_word' id='word_1_305' title='bbox 1574 3070 1836 3117; x_wconf 85' lang='lat' dir='ltr'><strong>mortem-</strong></span> 
     </span>
    </p>
   </div>
   <div class='ocr_carea' id='block_1_47' title="bbox 232 3146 1832 3222">
    <p class='ocr_par' dir='ltr' id='par_1_47' title="bbox 232 3146 1832 3222">
     <span class='ocr_line' id='line_1_47' title="bbox 232 3146 1832 3222; baseline 0.01 -25"><span class='ocrx_word' id='word_1_306' title='bbox 232 3159 342 3213; x_wconf 82' lang='lat' dir='ltr'><strong>que</strong></span> <span class='ocrx_word' id='word_1_307' title='bbox 371 3147 718 3215; x_wconf 84' lang='lat' dir='ltr'><strong>perpetuam!</strong></span> <span class='ocrx_word' id='word_1_308' title='bbox 750 3146 923 3203; x_wconf 80' lang='lat' dir='ltr'><strong>Habet</strong></span> <span class='ocrx_word' id='word_1_309' title='bbox 963 3150 1109 3204; x_wconf 89' lang='lat' dir='ltr'><strong>enim</strong></span> <span class='ocrx_word' id='word_1_310' title='bbox 1140 3166 1247 3206; x_wconf 91' lang='lat' dir='ltr'><strong>non</strong></span> <span class='ocrx_word' id='word_1_311' title='bbox 1270 3151 1536 3210; x_wconf 87' lang='lat' dir='ltr'><strong>advetsus</strong></span> <span class='ocrx_word' id='word_1_312' title='bbox 1564 3154 1832 3222; x_wconf 83' lang='lat' dir='ltr'><strong>visibiles,</strong></span> 
     </span>
    </p>
   </div>
   <div class='ocr_carea' id='block_1_48' title="bbox 1940 1965 3534 2036">
    <p class='ocr_par' dir='ltr' id='par_1_48' title="bbox 1940 1965 3534 2036">
     <span class='ocr_line' id='line_1_48' title="bbox 1940 1965 3534 2036; baseline 0.001 -15"><span class='ocrx_word' id='word_1_313' title='bbox 1940 1967 2035 2021; x_wconf 70' lang='lat' dir='ltr'><strong>ria:</strong></span> <span class='ocrx_word' id='word_1_314' title='bbox 2078 1967 2356 2036; x_wconf 86' lang='lat' dir='ltr'><strong>patribus,</strong></span> <span class='ocrx_word' id='word_1_315' title='bbox 2389 1975 2445 2020; x_wconf 92' lang='lat' dir='ltr'><strong>ut</strong></span> <span class='ocrx_word' id='word_1_316' title='bbox 2475 1965 2824 2033; x_wconf 81' lang='lat' dir='ltr'><strong>credebatur,</strong></span> <span class='ocrx_word' id='word_1_317' title='bbox 2854 1966 3212 2036; x_wconf 63' lang='lat' dir='ltr'><strong>principuum,</strong></span> <span class='ocrx_word' id='word_1_318' title='bbox 3257 1968 3534 2022; x_wconf 86' lang='lat' dir='ltr'><strong>seniorum</strong></span> 
     </span>
    </p>
   </div>
   <div class='ocr_carea' id='block_1_49' title="bbox 1939 2057 3536 2128">
    <p class='ocr_par' dir='ltr' id='par_1_49' title="bbox 1939 2057 3536 2128">
     <span class='ocr_line' id='line_1_49' title="bbox 1939 2057 3536 2128; baseline -0.001 -12"><span class='ocrx_word' id='word_1_319' title='bbox 1939 2058 2150 2116; x_wconf 87' lang='lat' dir='ltr'><strong>cuidam</strong></span> <span class='ocrx_word' id='word_1_320' title='bbox 2180 2058 2337 2113; x_wconf 87' lang='lat' dir='ltr'><strong>fratri</strong></span> <span class='ocrx_word' id='word_1_321' title='bbox 2375 2058 2742 2128; x_wconf 85' lang='lat' dir='ltr'><strong>cogittiones</strong></span> <span class='ocrx_word' id='word_1_322' title='bbox 2767 2072 2896 2112; x_wconf 86' lang='lat' dir='ltr'><strong>suas</strong></span> <span class='ocrx_word' id='word_1_323' title='bbox 2918 2057 3154 2126; x_wconf 90' lang='lat' dir='ltr'><strong>simplici</strong></span> <span class='ocrx_word' id='word_1_324' title='bbox 3190 2059 3536 2114; x_wconf 85' lang='lat' dir='ltr'><strong>conl&#39;essione</strong></span> 
     </span>
    </p>
   </div>
   <div class='ocr_carea' id='block_1_50' title="bbox 1939 2148 3536 2221">
    <p class='ocr_par' dir='ltr' id='par_1_50' title="bbox 1939 2148 3536 2221">
     <span class='ocr_line' id='line_1_50' title="bbox 1939 2148 3536 2221; baseline -0.002 -16"><span class='ocrx_word' id='word_1_325' title='bbox 1939 2149 2190 2221; x_wconf 88' lang='lat' dir='ltr'><strong>prodenti</strong></span> <span class='ocrx_word' id='word_1_326' title='bbox 2215 2191 2230 2215; x_wconf 94' lang='lat'><strong>,</strong></span> <span class='ocrx_word' id='word_1_327' title='bbox 2257 2149 2600 2219; x_wconf 86' lang='lat' dir='ltr'><strong>postmodum</strong></span> <span class='ocrx_word' id='word_1_328' title='bbox 2632 2148 2866 2219; x_wconf 82' lang='lat' dir='ltr'><strong>quadam</strong></span> <span class='ocrx_word' id='word_1_329' title='bbox 2893 2148 3265 2217; x_wconf 75' lang='lat' dir='ltr'><strong>indignatione</strong></span> <span class='ocrx_word' id='word_1_330' title='bbox 3291 2163 3536 2204; x_wconf 86' lang='lat' dir='ltr'><strong>commo-</strong></span> 
     </span>
    </p>
   </div>
   <div class='ocr_carea' id='block_1_51' title="bbox 1941 2241 3532 2315">
    <p class='ocr_par' dir='ltr' id='par_1_51' title="bbox 1941 2241 3532 2315">
     <span class='ocr_line' id='line_1_51' title="bbox 1941 2241 3532 2315; baseline -0.001 -15"><span class='ocrx_word' id='word_1_331' title='bbox 1941 2251 2052 2300; x_wconf 91' lang='lat' dir='ltr'><strong>tum</strong></span> <span class='ocrx_word' id='word_1_332' title='bbox 2075 2244 2294 2300; x_wconf 89' lang='lat' dir='ltr'><strong>easdem</strong></span> <span class='ocrx_word' id='word_1_333' title='bbox 2321 2243 2559 2315; x_wconf 85' lang='lat' dir='ltr'><strong>graviter</strong></span> <span class='ocrx_word' id='word_1_334' title='bbox 2581 2244 2964 2313; x_wconf 85' lang='lat' dir='ltr'><strong>exprobrasse.</strong></span> <span class='ocrx_word' id='word_1_335' title='bbox 2999 2241 3154 2299; x_wconf 89' lang='lat' dir='ltr'><strong>Unde</strong></span> <span class='ocrx_word' id='word_1_336' title='bbox 3191 2242 3280 2306; x_wconf 88' lang='lat' dir='ltr'><strong>lit,</strong></span> <span class='ocrx_word' id='word_1_337' title='bbox 3314 2251 3373 2297; x_wconf 92' lang='lat' dir='ltr'><strong>ut</strong></span> <span class='ocrx_word' id='word_1_338' title='bbox 3401 2244 3532 2298; x_wconf 89' lang='lat' dir='ltr'><strong>dtmt</strong></span> 
     </span>
    </p>
   </div>
   <div class='ocr_carea' id='block_1_52' title="bbox 1938 2334 3533 2408">
    <p class='ocr_par' dir='ltr' id='par_1_52' title="bbox 1938 2334 3533 2408">
     <span class='ocr_line' id='line_1_52' title="bbox 1938 2334 3533 2408; baseline -0.003 -14"><span class='ocrx_word' id='word_1_339' title='bbox 1938 2353 2031 2394; x_wconf 86' lang='lat' dir='ltr'><strong>eas</strong></span> <span class='ocrx_word' id='word_1_340' title='bbox 2075 2339 2127 2394; x_wconf 92' lang='lat' dir='ltr'><strong>in</strong></span> <span class='ocrx_word' id='word_1_341' title='bbox 2169 2337 2326 2392; x_wconf 90' lang='lat' dir='ltr'><strong>nobis</strong></span> <span class='ocrx_word' id='word_1_342' title='bbox 2351 2337 2687 2408; x_wconf 88' lang='lat' dir='ltr'><strong>premimus,</strong></span> <span class='ocrx_word' id='word_1_343' title='bbox 2721 2351 2786 2391; x_wconf 90' lang='lat' dir='ltr'><strong>ac</strong></span> <span class='ocrx_word' id='word_1_344' title='bbox 2820 2334 3133 2391; x_wconf 88' lang='lat' dir='ltr'><strong>senioribus</strong></span> <span class='ocrx_word' id='word_1_345' title='bbox 3161 2335 3533 2391; x_wconf 81' lang='lat' dir='ltr'><strong>erubescimus</strong></span> 
     </span>
    </p>
   </div>
   <div class='ocr_carea' id='block_1_53' title="bbox 1939 2428 3531 2502">
    <p class='ocr_par' dir='ltr' id='par_1_53' title="bbox 1939 2428 3531 2502">
     <span class='ocr_line' id='line_1_53' title="bbox 1939 2428 3531 2502; baseline -0.001 -15"><span class='ocrx_word' id='word_1_346' title='bbox 1939 2431 2238 2502; x_wconf 88' lang='lat' dir='ltr'><strong>publicare,</strong></span> <span class='ocrx_word' id='word_1_347' title='bbox 2259 2430 2603 2487; x_wconf 88' lang='lat' dir='ltr'><strong>curationum</strong></span> <span class='ocrx_word' id='word_1_348' title='bbox 2625 2428 2867 2486; x_wconf 84' lang='lat' dir='ltr'><strong>remedia</strong></span> <span class='ocrx_word' id='word_1_349' title='bbox 2894 2429 3154 2500; x_wconf 85' lang='lat' dir='ltr'><strong>consequi</strong></span> <span class='ocrx_word' id='word_1_350' title='bbox 3177 2442 3531 2499; x_wconf 83' lang='lat' dir='ltr'><strong>nequeamus.</strong></span> 
     </span>
    </p>
   </div>
   <div class='ocr_carea' id='block_1_54' title="bbox 2530 2563 2938 2624">
    <p class='ocr_par' dir='ltr' id='par_1_54' title="bbox 2530 2563 2938 2624">
     <span class='ocr_line' id='line_1_54' title="bbox 2530 2563 2938 2624; baseline -0.005 -1"><span class='ocrx_word' id='word_1_351' title='bbox 2530 2565 2758 2624; x_wconf 82' lang='lat' dir='ltr'><strong>CAPUT</strong></span> <span class='ocrx_word' id='word_1_352' title='bbox 2799 2563 2938 2622; x_wconf 79' lang='lat' dir='ltr'><strong>XIII.</strong></span> 
     </span>
    </p>
   </div>
   <div class='ocr_carea' id='block_1_55' title="bbox 1998 2678 3473 2806">
    <p class='ocr_par' dir='ltr' id='par_1_55' title="bbox 1998 2678 3473 2806">
     <span class='ocr_line' id='line_1_55' title="bbox 1998 2678 3473 2806; baseline -0.006 -64"><span class='ocrx_word' id='word_1_353' title='bbox 1998 2683 2287 2756; x_wconf 76' lang='lat' dir='ltr'><strong>Responsio</strong></span> <span class='ocrx_word' id='word_1_354' title='bbox 2313 2682 2377 2738; x_wconf 86' lang='lat' dir='ltr'><strong>de</strong></span> <span class='ocrx_word' id='word_1_355' title='bbox 2403 2683 2714 2806; x_wconf 43' lang='lat' dir='ltr'><strong>confusior;</strong></span> <span class='ocrx_word' id='word_1_356' title='bbox 2735 2682 2984 2805; x_wconf 53' lang='lat' dir='ltr'><strong>catlcanda</strong></span> <span class='ocrx_word' id='word_1_357' title='bbox 3023 2689 3068 2736; x_wconf 89' lang='lat' dir='ltr'><strong>et</strong></span> <span class='ocrx_word' id='word_1_358' title='bbox 3109 2678 3340 2753; x_wconf 87' lang='lat' dir='ltr'><strong>periculo</strong></span> <span class='ocrx_word' id='word_1_359' title='bbox 3369 2694 3473 2733; x_wconf 89' lang='lat' dir='ltr'><strong>non</strong></span> 
     </span>
     <span class='ocr_line' id='line_1_56' title="bbox 2527 2769 2866 2806; baseline 0 0"><span class='ocrx_word' id='word_1_360' title='bbox 2527 2769 2620 2806; x_wconf 90' lang='lat' dir='ltr'><strong>con</strong></span> <span class='ocrx_word' id='word_1_361' title='bbox 2661 2770 2689 2806; x_wconf 90' lang='grc' dir='ltr'><strong><em>ο</em></strong></span> <span class='ocrx_word' id='word_1_362' title='bbox 2714 2769 2776 2806; x_wconf 88' lang='lat' dir='ltr'><strong>en</strong></span> <span class='ocrx_word' id='word_1_363' title='bbox 2802 2769 2866 2806; x_wconf 85' lang='lat' dir='ltr'><strong>ts.</strong></span> 
     </span>
    </p>
   </div>
   <div class='ocr_carea' id='block_1_56' title="bbox 2527 2769 2866 2808">
    <p class='ocr_par' dir='ltr' id='par_1_56' title="bbox 2527 2769 2866 2808">
     <span class='ocr_line' id='line_1_57' title="bbox 2527 2769 2866 2808; baseline -0.003 -1"><span class='ocrx_word' id='word_1_364' title='bbox 2527 2769 2866 2808; x_wconf 72' lang='grc' dir='ltr'><strong>σοηαοιεηιιδ.</strong></span> 
     </span>
    </p>
   </div>
   <div class='ocr_carea' id='block_1_57' title="bbox 2009 2857 3532 2943">
    <p class='ocr_par' dir='ltr' id='par_1_57' title="bbox 2009 2857 3532 2943">
     <span class='ocr_line' id='line_1_58' title="bbox 2009 2857 3532 2943; baseline -0.004 -17"><span class='ocrx_word' id='word_1_365' title='bbox 2009 2871 2226 2943; x_wconf 80' lang='lat' dir='ltr'><strong>Moyses</strong></span> <span class='ocrx_word' id='word_1_366' title='bbox 2251 2887 2263 2924; x_wconf 89' lang='lat'><strong>:</strong></span> <span class='ocrx_word' id='word_1_367' title='bbox 2291 2868 2442 2926; x_wconf 88' lang='lat' dir='ltr'><strong>Sicut</strong></span> <span class='ocrx_word' id='word_1_368' title='bbox 2463 2883 2570 2924; x_wconf 91' lang='lat' dir='ltr'><strong>non</strong></span> <span class='ocrx_word' id='word_1_369' title='bbox 2593 2876 2723 2923; x_wconf 90' lang='lat' dir='ltr'><strong>sunt</strong></span> <span class='ocrx_word' id='word_1_370' title='bbox 2752 2881 2944 2922; x_wconf 91' lang='lat' dir='ltr'><strong>omnes</strong></span> <span class='ocrx_word' id='word_1_371' title='bbox 2963 2865 3192 2936; x_wconf 89' lang='lat' dir='ltr'><strong>juvenes</strong></span> <span class='ocrx_word' id='word_1_372' title='bbox 3225 2865 3340 2934; x_wconf 86' lang='lat' dir='ltr'><strong>pari</strong></span> <span class='ocrx_word' id='word_1_373' title='bbox 3371 2857 3532 2920; x_wconf 86' lang='lat' dir='ltr'><strong>modo</strong></span> 
     </span>
    </p>
   </div>
   <div class='ocr_carea' id='block_1_58' title="bbox 1937 2960 3534 3042">
    <p class='ocr_par' dir='ltr' id='par_1_58' title="bbox 1937 2960 3534 3042">
     <span class='ocr_line' id='line_1_59' title="bbox 1937 2960 3534 3042; baseline -0.003 -21"><span class='ocrx_word' id='word_1_374' title='bbox 1937 2965 2024 3021; x_wconf 86' lang='lat' dir='ltr'><strong>vel</strong></span> <span class='ocrx_word' id='word_1_375' title='bbox 2081 2965 2348 3020; x_wconf 86' lang='lat' dir='ltr'><strong>ferventes</strong></span> <span class='ocrx_word' id='word_1_376' title='bbox 2397 2963 2628 3034; x_wconf 89' lang='lat' dir='ltr'><strong>spiritu,</strong></span> <span class='ocrx_word' id='word_1_377' title='bbox 2676 2963 2760 3042; x_wconf 74' lang='lat' dir='ltr'><strong>vel</strong></span> <span class='ocrx_word' id='word_1_378' title='bbox 2809 2962 3118 3032; x_wconf 83' lang='lat' dir='ltr'><strong>disciplinis</strong></span> <span class='ocrx_word' id='word_1_379' title='bbox 3175 2975 3238 3015; x_wconf 90' lang='lat' dir='ltr'><strong>ac</strong></span> <span class='ocrx_word' id='word_1_380' title='bbox 3287 2960 3534 3016; x_wconf 90' lang='lat' dir='ltr'><strong>moribus</strong></span> 
     </span>
    </p>
   </div>
   <div class='ocr_carea' id='block_1_59' title="bbox 1937 3053 3535 3130">
    <p class='ocr_par' dir='ltr' id='par_1_59' title="bbox 1937 3053 3535 3130">
     <span class='ocr_line' id='line_1_60' title="bbox 1937 3053 3535 3130; baseline -0.005 -14"><span class='ocrx_word' id='word_1_381' title='bbox 1937 3057 2160 3130; x_wconf 88' lang='lat' dir='ltr'><strong>optimis</strong></span> <span class='ocrx_word' id='word_1_382' title='bbox 2199 3056 2467 3125; x_wconf 81' lang='lat' dir='ltr'><strong>instituti,</strong></span> <span class='ocrx_word' id='word_1_383' title='bbox 2517 3056 2589 3111; x_wconf 90' lang='lat' dir='ltr'><strong>ita</strong></span> <span class='ocrx_word' id='word_1_384' title='bbox 2636 3071 2703 3112; x_wconf 92' lang='lat' dir='ltr'><strong>ne</strong></span> <span class='ocrx_word' id='word_1_385' title='bbox 2745 3068 2905 3110; x_wconf 87' lang='lat' dir='ltr'><strong>senes</strong></span> <span class='ocrx_word' id='word_1_386' title='bbox 2949 3055 3169 3124; x_wconf 86' lang='lat' dir='ltr'><strong>quidem</strong></span> <span class='ocrx_word' id='word_1_387' title='bbox 3213 3053 3392 3108; x_wconf 89' lang='lat' dir='ltr'><strong>cuncti</strong></span> <span class='ocrx_word' id='word_1_388' title='bbox 3425 3065 3535 3108; x_wconf 90' lang='lat' dir='ltr'><strong>uno</strong></span> 
     </span>
    </p>
   </div>
   <div class='ocr_carea' id='block_1_60' title="bbox 1939 3146 3533 3225">
    <p class='ocr_par' dir='ltr' id='par_1_60' title="bbox 1939 3146 3533 3225">
     <span class='ocr_line' id='line_1_61' title="bbox 1939 3146 3533 3225; baseline -0.006 -13"><span class='ocrx_word' id='word_1_389' title='bbox 1939 3153 2102 3212; x_wconf 88' lang='lat' dir='ltr'><strong>modo</strong></span> <span class='ocrx_word' id='word_1_390' title='bbox 2128 3152 2216 3209; x_wconf 87' lang='lat' dir='ltr'><strong>vel</strong></span> <span class='ocrx_word' id='word_1_391' title='bbox 2248 3149 2472 3225; x_wconf 88' lang='lat' dir='ltr'><strong>perfecti</strong></span> <span class='ocrx_word' id='word_1_392' title='bbox 2496 3157 2741 3224; x_wconf 87' lang='lat' dir='ltr'><strong>possunt</strong></span> <span class='ocrx_word' id='word_1_393' title='bbox 2764 3191 2779 3218; x_wconf 95' lang='lat'><strong>,</strong></span> <span class='ocrx_word' id='word_1_394' title='bbox 2809 3147 2893 3205; x_wconf 90' lang='lat' dir='ltr'><strong>vel</strong></span> <span class='ocrx_word' id='word_1_395' title='bbox 2944 3146 3346 3220; x_wconf 86' lang='lat' dir='ltr'><strong>probatissimi,</strong></span> <span class='ocrx_word' id='word_1_396' title='bbox 3376 3160 3533 3215; x_wconf 79' lang='lat' dir='ltr'><strong>repe-</strong></span> 
     </span>
    </p>
   </div>
   <div class='ocr_carea' id='block_1_61' title="bbox 231 3237 3531 3314">
    <p class='ocr_par' dir='ltr' id='par_1_61' title="bbox 231 3237 3531 3314">
     <span class='ocr_line' id='line_1_62' title="bbox 231 3237 3531 3314; baseline 0.002 -19"><span class='ocrx_word' id='word_1_397' title='bbox 231 3239 333 3295; x_wconf 84' lang='lat' dir='ltr'><strong>scd</strong></span> <span class='ocrx_word' id='word_1_398' title='bbox 382 3241 682 3306; x_wconf 64' lang='lat' dir='ltr'><strong>invisibiles</strong></span> <span class='ocrx_word' id='word_1_399' title='bbox 710 3251 872 3314; x_wconf 86' lang='lat' dir='ltr'><strong>atque</strong></span> <span class='ocrx_word' id='word_1_400' title='bbox 905 3243 1140 3300; x_wconf 89' lang='lat' dir='ltr'><strong>immites</strong></span> <span class='ocrx_word' id='word_1_401' title='bbox 1185 3245 1370 3302; x_wconf 86' lang='lat' dir='ltr'><strong>hostes</strong></span> <span class='ocrx_word' id='word_1_402' title='bbox 1406 3248 1659 3304; x_wconf 90' lang='lat' dir='ltr'><strong>diurnum</strong></span> <span class='ocrx_word' id='word_1_403' title='bbox 1702 3266 1831 3306; x_wconf 83' lang='lat' dir='ltr'><strong>noc-</strong></span> <span class='ocrx_word' id='word_1_404' title='bbox 1855 3241 1904 3310; x_wconf 89' lang='lat' dir='ltr'><strong><em>C</em></strong></span> <span class='ocrx_word' id='word_1_405' title='bbox 1936 3253 2054 3308; x_wconf 88' lang='lat' dir='ltr'><strong>riri.</strong></span> <span class='ocrx_word' id='word_1_406' title='bbox 2089 3249 2117 3290; x_wconf 74' lang='lat' dir='ltr'><strong>b</strong></span> <span class='ocrx_word' id='word_1_407' title='bbox 2160 3248 2372 3304; x_wconf 82' lang='lat' dir='ltr'><strong>Divitiae</strong></span> <span class='ocrx_word' id='word_1_408' title='bbox 2399 3248 2546 3304; x_wconf 87' lang='lat' dir='ltr'><strong>enim</strong></span> <span class='ocrx_word' id='word_1_409' title='bbox 2573 3261 2764 3304; x_wconf 87' lang='lat' dir='ltr'><strong>senum</strong></span> <span class='ocrx_word' id='word_1_410' title='bbox 2796 3260 2903 3303; x_wconf 93' lang='lat' dir='ltr'><strong>non</strong></span> <span class='ocrx_word' id='word_1_411' title='bbox 2929 3256 3055 3302; x_wconf 87' lang='lat' dir='ltr'><strong>sunt</strong></span> <span class='ocrx_word' id='word_1_412' title='bbox 3085 3242 3284 3300; x_wconf 85' lang='lat' dir='ltr'><strong>canitie</strong></span> <span class='ocrx_word' id='word_1_413' title='bbox 3312 3237 3531 3314; x_wconf 84' lang='lat' dir='ltr'><strong>capitis.</strong></span> 
     </span>
    </p>
   </div>
   <div class='ocr_carea' id='block_1_62' title="bbox 1318 3359 2454 3422">
    <p class='ocr_par' dir='ltr' id='par_1_62' title="bbox 1318 3359 2454 3422">
     <span class='ocr_line' id='line_1_63' title="bbox 1318 3359 2454 3422; baseline 0.002 -6"><span class='ocrx_word' id='word_1_414' title='bbox 1318 3361 1576 3418; x_wconf 79' lang='lat' dir='ltr'><strong>ALARDI</strong></span> <span class='ocrx_word' id='word_1_415' title='bbox 1618 3361 1854 3421; x_wconf 75' lang='lat' dir='ltr'><strong>GAZ/EI</strong></span> <span class='ocrx_word' id='word_1_416' title='bbox 1891 3359 2454 3422; x_wconf 79' lang='lat' dir='ltr'><strong>COMMENTARIUS.</strong></span> 
     </span>
    </p>
   </div>
   <div class='ocr_carea' id='block_1_63' title="bbox 235 3447 1836 3522">
    <p class='ocr_par' dir='ltr' id='par_1_63' title="bbox 235 3447 1836 3522">
     <span class='ocr_line' id='line_1_64' title="bbox 235 3447 1836 3522; baseline 0.005 -19"><span class='ocrx_word' id='word_1_417' title='bbox 235 3447 399 3521; x_wconf 80' lang='lat' dir='ltr'><strong>ptius.</strong></span> <span class='ocrx_word' id='word_1_418' title='bbox 453 3449 602 3505; x_wconf 83' lang='lat' dir='ltr'><strong>Alter</strong></span> <span class='ocrx_word' id='word_1_419' title='bbox 644 3465 838 3508; x_wconf 88' lang='lat' dir='ltr'><strong>sensus</strong></span> <span class='ocrx_word' id='word_1_420' title='bbox 873 3469 886 3506; x_wconf 85' lang='lat'><strong>:</strong></span> <span class='ocrx_word' id='word_1_421' title='bbox 930 3451 991 3508; x_wconf 87' lang='lat' dir='ltr'><strong>Si</strong></span> <span class='ocrx_word' id='word_1_422' title='bbox 1019 3467 1167 3522; x_wconf 85' lang='lat' dir='ltr'><strong>quem</strong></span> <span class='ocrx_word' id='word_1_423' title='bbox 1197 3469 1403 3522; x_wconf 76' lang='lat' dir='ltr'><strong>serpens</strong></span> <span class='ocrx_word' id='word_1_424' title='bbox 1444 3455 1683 3510; x_wconf 75' lang='lat' dir='ltr'><strong>diabolus</strong></span> <span class='ocrx_word' id='word_1_425' title='bbox 1720 3473 1836 3512; x_wconf 85' lang='lat' dir='ltr'><strong>mo-</strong></span> 
     </span>
    </p>
   </div>
   <div class='ocr_carea' id='block_1_64' title="bbox 236 3522 1837 3597">
    <p class='ocr_par' dir='ltr' id='par_1_64' title="bbox 236 3522 1837 3597">
     <span class='ocr_line' id='line_1_65' title="bbox 236 3522 1837 3597; baseline 0.004 -23"><span class='ocrx_word' id='word_1_426' title='bbox 236 3522 518 3597; x_wconf 75' lang='lat' dir='ltr'><strong>morderit,</strong></span> <span class='ocrx_word' id='word_1_427' title='bbox 547 3529 598 3576; x_wconf 89' lang='lat' dir='ltr'><strong>et</strong></span> <span class='ocrx_word' id='word_1_428' title='bbox 627 3527 771 3597; x_wconf 82' lang='lat' dir='ltr'><strong>nullo</strong></span> <span class='ocrx_word' id='word_1_429' title='bbox 800 3524 1006 3578; x_wconf 87' lang='lat' dir='ltr'><strong>conscio</strong></span> <span class='ocrx_word' id='word_1_430' title='bbox 1035 3539 1150 3578; x_wconf 88' lang='lat' dir='ltr'><strong>eum</strong></span> <span class='ocrx_word' id='word_1_431' title='bbox 1178 3527 1379 3594; x_wconf 80' lang='lat' dir='ltr'><strong>peccati</strong></span> <span class='ocrx_word' id='word_1_432' title='bbox 1417 3541 1606 3580; x_wconf 84' lang='lat' dir='ltr'><strong>ueneno</strong></span> <span class='ocrx_word' id='word_1_433' title='bbox 1638 3529 1837 3597; x_wconf 67' lang='lat' dir='ltr'><strong>infeceo</strong></span> 
     </span>
    </p>
   </div>
   <div class='ocr_carea' id='block_1_65' title="bbox 233 3593 1840 3668">
    <p class='ocr_par' dir='ltr' id='par_1_65' title="bbox 233 3593 1840 3668">
     <span class='ocr_line' id='line_1_66' title="bbox 233 3593 1840 3668; baseline 0.005 -23"><span class='ocrx_word' id='word_1_434' title='bbox 233 3593 305 3645; x_wconf 86' lang='lat' dir='ltr'><strong>rit</strong></span> <span class='ocrx_word' id='word_1_435' title='bbox 327 3597 416 3668; x_wconf 47' lang='lat' dir='ltr'><strong>,{si</strong></span> <span class='ocrx_word' id='word_1_436' title='bbox 444 3595 688 3660; x_wconf 79' lang='lat' dir='ltr'><strong>tacuerit,</strong></span> <span class='ocrx_word' id='word_1_437' title='bbox 721 3597 812 3668; x_wconf 89' lang='lat' dir='ltr'><strong>qui</strong></span> <span class='ocrx_word' id='word_1_438' title='bbox 845 3613 1116 3664; x_wconf 85' lang='lat' dir='ltr'><strong>percussus</strong></span> <span class='ocrx_word' id='word_1_439' title='bbox 1147 3593 1248 3660; x_wconf 82' lang='lat' dir='ltr'><strong>est,</strong></span> <span class='ocrx_word' id='word_1_440' title='bbox 1282 3605 1332 3650; x_wconf 85' lang='lat' dir='ltr'><strong>et</strong></span> <span class='ocrx_word' id='word_1_441' title='bbox 1361 3613 1463 3651; x_wconf 87' lang='lat' dir='ltr'><strong>non</strong></span> <span class='ocrx_word' id='word_1_442' title='bbox 1490 3598 1647 3667; x_wconf 85' lang='lat' dir='ltr'><strong>egerit</strong></span> <span class='ocrx_word' id='word_1_443' title='bbox 1680 3593 1840 3668; x_wconf 70' lang='lat' dir='ltr'><strong>poeni-</strong></span> 
     </span>
    </p>
   </div>
   <div class='ocr_carea' id='block_1_66' title="bbox 233 3666 1838 3739">
    <p class='ocr_par' dir='ltr' id='par_1_66' title="bbox 233 3666 1838 3739">
     <span class='ocr_line' id='line_1_67' title="bbox 233 3666 1838 3739; baseline 0.004 -24"><span class='ocrx_word' id='word_1_444' title='bbox 233 3666 488 3739; x_wconf 71' lang='lat' dir='ltr'><strong>tcntiam,</strong></span> <span class='ocrx_word' id='word_1_445' title='bbox 536 3680 629 3719; x_wconf 89' lang='lat' dir='ltr'><strong>nec</strong></span> <span class='ocrx_word' id='word_1_446' title='bbox 666 3667 852 3739; x_wconf 79' lang='lat' dir='ltr'><strong>uulnus</strong></span> <span class='ocrx_word' id='word_1_447' title='bbox 881 3683 1034 3720; x_wconf 84' lang='lat' dir='ltr'><strong>suum</strong></span> <span class='ocrx_word' id='word_1_448' title='bbox 1077 3669 1230 3739; x_wconf 79' lang='lat' dir='ltr'><strong>fratri</strong></span> <span class='ocrx_word' id='word_1_449' title='bbox 1271 3677 1319 3721; x_wconf 88' lang='lat' dir='ltr'><strong>et</strong></span> <span class='ocrx_word' id='word_1_450' title='bbox 1354 3666 1598 3738; x_wconf 85' lang='lat' dir='ltr'><strong>magistro</strong></span> <span class='ocrx_word' id='word_1_451' title='bbox 1625 3666 1838 3723; x_wconf 80' lang='lat' dir='ltr'><strong>uoluerit</strong></span> 
     </span>
    </p>
   </div>
   <div class='ocr_carea' id='block_1_67' title="bbox 233 3736 1832 3811">
    <p class='ocr_par' dir='ltr' id='par_1_67' title="bbox 233 3736 1832 3811">
     <span class='ocr_line' id='line_1_68' title="bbox 233 3736 1832 3811; baseline 0.003 -24"><span class='ocrx_word' id='word_1_452' title='bbox 233 3736 510 3811; x_wconf 59' lang='lat' dir='ltr'><strong>conﬁteri,</strong></span> <span class='ocrx_word' id='word_1_453' title='bbox 553 3738 800 3810; x_wconf 82' lang='lat' dir='ltr'><strong>magister</strong></span> <span class='ocrx_word' id='word_1_454' title='bbox 834 3739 925 3810; x_wconf 88' lang='lat' dir='ltr'><strong>qui</strong></span> <span class='ocrx_word' id='word_1_455' title='bbox 957 3736 1185 3811; x_wconf 81' lang='lat' dir='ltr'><strong>linguam</strong></span> <span class='ocrx_word' id='word_1_456' title='bbox 1230 3741 1381 3793; x_wconf 87' lang='lat' dir='ltr'><strong>ltabet</strong></span> <span class='ocrx_word' id='word_1_457' title='bbox 1417 3736 1486 3792; x_wconf 81' lang='lat' dir='ltr'><strong>ad</strong></span> <span class='ocrx_word' id='word_1_458' title='bbox 1523 3742 1832 3805; x_wconf 87' lang='lat' dir='ltr'><strong>curandum,</strong></span> 
     </span>
    </p>
   </div>
   <div class='ocr_carea' id='block_1_68' title="bbox 235 3805 1837 3881">
    <p class='ocr_par' dir='ltr' id='par_1_68' title="bbox 235 3805 1837 3881">
     <span class='ocr_line' id='line_1_69' title="bbox 235 3805 1837 3881; baseline 0.004 -23"><span class='ocrx_word' id='word_1_459' title='bbox 235 3805 400 3876; x_wconf 76' lang='lat' dir='ltr'><strong>facile</strong></span> <span class='ocrx_word' id='word_1_460' title='bbox 429 3807 479 3881; x_wconf 79' lang='lat' dir='ltr'><strong>ei</strong></span> <span class='ocrx_word' id='word_1_461' title='bbox 507 3805 751 3880; x_wconf 62' lang='lat' dir='ltr'><strong>prodisse</strong></span> <span class='ocrx_word' id='word_1_462' title='bbox 781 3805 884 3862; x_wconf 81' lang='lat' dir='ltr'><strong>non</strong></span> <span class='ocrx_word' id='word_1_463' title='bbox 912 3805 1116 3881; x_wconf 74' lang='lat' dir='ltr'><strong>poterit.</strong></span> <span class='ocrx_word' id='word_1_464' title='bbox 1144 3809 1206 3866; x_wconf 84' lang='lat' dir='ltr'><strong>Si</strong></span> <span class='ocrx_word' id='word_1_465' title='bbox 1236 3812 1370 3862; x_wconf 90' lang='lat' dir='ltr'><strong>enim</strong></span> <span class='ocrx_word' id='word_1_466' title='bbox 1391 3811 1652 3863; x_wconf 81' lang='lat' dir='ltr'><strong>erubescat</strong></span> <span class='ocrx_word' id='word_1_467' title='bbox 1677 3825 1837 3881; x_wconf 66' lang='lat' dir='ltr'><strong>(egro-</strong></span> 
     </span>
    </p>
   </div>
   <div class='ocr_carea' id='block_1_69' title="bbox 236 3876 1837 3951">
    <p class='ocr_par' dir='ltr' id='par_1_69' title="bbox 236 3876 1837 3951">
     <span class='ocr_line' id='line_1_70' title="bbox 236 3876 1837 3951; baseline 0.004 -21"><span class='ocrx_word' id='word_1_468' title='bbox 236 3885 323 3931; x_wconf 86' lang='lat' dir='ltr'><strong>tus</strong></span> <span class='ocrx_word' id='word_1_469' title='bbox 351 3876 542 3933; x_wconf 78' lang='lat' dir='ltr'><strong>uulnus</strong></span> <span class='ocrx_word' id='word_1_470' title='bbox 568 3881 768 3951; x_wconf 80' lang='lat' dir='ltr'><strong>medico</strong></span> <span class='ocrx_word' id='word_1_471' title='bbox 812 3876 1050 3950; x_wconf 81' lang='lat' dir='ltr'><strong>conﬁteri</strong></span> <span class='ocrx_word' id='word_1_472' title='bbox 1071 3898 1091 3947; x_wconf 90' lang='lat'><strong><em>;</em></strong></span> <span class='ocrx_word' id='word_1_473' title='bbox 1135 3882 1278 3946; x_wconf 83' lang='lat' dir='ltr'><strong>quod</strong></span> <span class='ocrx_word' id='word_1_474' title='bbox 1304 3882 1549 3951; x_wconf 89' lang='lat' dir='ltr'><strong>ignorat,</strong></span> <span class='ocrx_word' id='word_1_475' title='bbox 1581 3876 1837 3937; x_wconf 74' lang='lat' dir='ltr'><strong>medicina</strong></span> 
     </span>
    </p>
   </div>
   <div class='ocr_carea' id='block_1_70' title="bbox 237 3950 1836 4021">
    <p class='ocr_par' dir='ltr' id='par_1_70' title="bbox 237 3950 1836 4021">
     <span class='ocr_line' id='line_1_71' title="bbox 237 3950 1836 4021; baseline 0.003 -19"><span class='ocrx_word' id='word_1_476' title='bbox 237 3963 345 4002; x_wconf 85' lang='lat' dir='ltr'><strong>non</strong></span> <span class='ocrx_word' id='word_1_477' title='bbox 391 3961 562 4007; x_wconf 87' lang='lat' dir='ltr'><strong>curat.</strong></span> <span class='ocrx_word' id='word_1_478' title='bbox 604 3950 678 4005; x_wconf 84' lang='lat' dir='ltr'><strong>Ita</strong></span> <span class='ocrx_word' id='word_1_479' title='bbox 721 3952 878 4006; x_wconf 87' lang='lat' dir='ltr'><strong>divus</strong></span> <span class='ocrx_word' id='word_1_480' title='bbox 918 3952 1300 4021; x_wconf 80' lang='lat' dir='ltr'><strong>Hieronymus.</strong></span> <span class='ocrx_word' id='word_1_481' title='bbox 1331 3950 1518 4021; x_wconf 32' lang='lat' dir='ltr'><strong>’Atque</strong></span> <span class='ocrx_word' id='word_1_482' title='bbox 1559 3951 1700 4006; x_wconf 89' lang='lat' dir='ltr'><strong>hunc</strong></span> <span class='ocrx_word' id='word_1_483' title='bbox 1741 3968 1836 4018; x_wconf 82' lang='lat' dir='ltr'><strong>po-</strong></span> 
     </span>
    </p>
   </div>
   <div class='ocr_carea' id='block_1_71' title="bbox 235 4021 1829 4079">
    <p class='ocr_par' dir='ltr' id='par_1_71' title="bbox 235 4021 1829 4079">
     <span class='ocr_line' id='line_1_72' title="bbox 235 4021 1829 4079; baseline 0.003 -6"><span class='ocrx_word' id='word_1_484' title='bbox 235 4021 524 4075; x_wconf 78' lang='lat' dir='ltr'><strong>steriorem</strong></span> <span class='ocrx_word' id='word_1_485' title='bbox 573 4037 790 4077; x_wconf 82' lang='lat' dir='ltr'><strong>sensum</strong></span> <span class='ocrx_word' id='word_1_486' title='bbox 834 4023 912 4078; x_wconf 87' lang='lat' dir='ltr'><strong>illi</strong></span> <span class='ocrx_word' id='word_1_487' title='bbox 943 4024 1178 4078; x_wconf 84' lang='lat' dir='ltr'><strong>versioni</strong></span> <span class='ocrx_word' id='word_1_488' title='bbox 1207 4033 1263 4077; x_wconf 87' lang='lat' dir='ltr'><strong>et</strong></span> <span class='ocrx_word' id='word_1_489' title='bbox 1293 4037 1394 4078; x_wconf 89' lang='lat' dir='ltr'><strong>suo</strong></span> <span class='ocrx_word' id='word_1_490' title='bbox 1427 4025 1670 4079; x_wconf 89' lang='lat' dir='ltr'><strong>instituto</strong></span> <span class='ocrx_word' id='word_1_491' title='bbox 1699 4038 1829 4077; x_wconf 63' lang='lat' dir='ltr'><strong>cono</strong></span> 
     </span>
    </p>
   </div>
   <div class='ocr_carea' id='block_1_72' title="bbox 235 4092 1832 4162">
    <p class='ocr_par' dir='ltr' id='par_1_72' title="bbox 235 4092 1832 4162">
     <span class='ocr_line' id='line_1_73' title="bbox 235 4092 1832 4162; baseline 0.004 -18"><span class='ocrx_word' id='word_1_492' title='bbox 235 4103 530 4162; x_wconf 78' lang='lat' dir='ltr'><strong>gruentem</strong></span> <span class='ocrx_word' id='word_1_493' title='bbox 561 4092 648 4147; x_wconf 89' lang='lat' dir='ltr'><strong>hic</strong></span> <span class='ocrx_word' id='word_1_494' title='bbox 675 4095 843 4150; x_wconf 89' lang='lat' dir='ltr'><strong>abbas</strong></span> <span class='ocrx_word' id='word_1_495' title='bbox 870 4102 1084 4149; x_wconf 87' lang='lat' dir='ltr'><strong>secutus</strong></span> <span class='ocrx_word' id='word_1_496' title='bbox 1111 4103 1216 4160; x_wconf 88' lang='lat' dir='ltr'><strong>est,</strong></span> <span class='ocrx_word' id='word_1_497' title='bbox 1247 4097 1331 4149; x_wconf 89' lang='lat' dir='ltr'><strong>cui</strong></span> <span class='ocrx_word' id='word_1_498' title='bbox 1361 4106 1412 4148; x_wconf 90' lang='lat' dir='ltr'><strong>et</strong></span> <span class='ocrx_word' id='word_1_499' title='bbox 1439 4094 1613 4150; x_wconf 72' lang='lat' dir='ltr'><strong>Grai-ci</strong></span> <span class='ocrx_word' id='word_1_500' title='bbox 1648 4094 1832 4150; x_wconf 86' lang='lat' dir='ltr'><strong>Patres</strong></span> 
     </span>
    </p>
   </div>
   <div class='ocr_carea' id='block_1_73' title="bbox 234 4163 1829 4238">
    <p class='ocr_par' dir='ltr' id='par_1_73' title="bbox 234 4163 1829 4238">
     <span class='ocr_line' id='line_1_74' title="bbox 234 4163 1829 4238; baseline 0.004 -24"><span class='ocrx_word' id='word_1_501' title='bbox 234 4163 624 4238; x_wconf 65' lang='lat' dir='ltr'><strong>astipulantur.</strong></span> <span class='ocrx_word' id='word_1_502' title='bbox 674 4166 766 4221; x_wconf 89' lang='lat' dir='ltr'><strong>Sic</strong></span> <span class='ocrx_word' id='word_1_503' title='bbox 813 4170 955 4238; x_wconf 86' lang='lat' dir='ltr'><strong>enim</strong></span> <span class='ocrx_word' id='word_1_504' title='bbox 1001 4164 1426 4238; x_wconf 82' lang='lat' dir='ltr'><strong>Olympiodorus</strong></span> <span class='ocrx_word' id='word_1_505' title='bbox 1471 4166 1610 4220; x_wconf 88' lang='lat' dir='ltr'><strong>hunc</strong></span> <span class='ocrx_word' id='word_1_506' title='bbox 1657 4167 1829 4238; x_wconf 82' lang='lat' dir='ltr'><strong>locum</strong></span> 
     </span>
    </p>
   </div>
   <div class='ocr_carea' id='block_1_74' title="bbox 237 4235 1831 4311">
    <p class='ocr_par' dir='ltr' id='par_1_74' title="bbox 237 4235 1831 4311">
     <span class='ocr_line' id='line_1_75' title="bbox 237 4235 1831 4311; baseline 0.003 -25"><span class='ocrx_word' id='word_1_507' title='bbox 237 4239 546 4311; x_wconf 74' lang='lat' dir='ltr'><strong>explanat:</strong></span> <span class='ocrx_word' id='word_1_508' title='bbox 581 4235 642 4290; x_wconf 88' lang='lat' dir='ltr'><strong>Si</strong></span> <span class='ocrx_word' id='word_1_509' title='bbox 671 4237 870 4311; x_wconf 85' lang='lat' dir='ltr'><strong>peccati</strong></span> <span class='ocrx_word' id='word_1_510' title='bbox 902 4235 1107 4311; x_wconf 82' lang='lat' dir='ltr'><strong>serpens</strong></span> <span class='ocrx_word' id='word_1_511' title='bbox 1138 4237 1366 4311; x_wconf 78' lang='lat' dir='ltr'><strong>mordeat</strong></span> <span class='ocrx_word' id='word_1_512' title='bbox 1391 4239 1446 4290; x_wconf 88' lang='lat' dir='ltr'><strong>in</strong></span> <span class='ocrx_word' id='word_1_513' title='bbox 1474 4239 1705 4311; x_wconf 67' lang='lat' dir='ltr'><strong>silentio,</strong></span> <span class='ocrx_word' id='word_1_514' title='bbox 1733 4236 1831 4311; x_wconf 81' lang='lat' dir='ltr'><strong>hoc</strong></span> 
     </span>
    </p>
   </div>
   <div class='ocr_carea' id='block_1_75' title="bbox 236 4306 1826 4379">
    <p class='ocr_par' dir='ltr' id='par_1_75' title="bbox 236 4306 1826 4379">
     <span class='ocr_line' id='line_1_76' title="bbox 236 4306 1826 4379; baseline 0.003 -21"><span class='ocrx_word' id='word_1_515' title='bbox 236 4315 359 4379; x_wconf 80' lang='lat' dir='ltr'><strong>est,_</strong></span> <span class='ocrx_word' id='word_1_516' title='bbox 386 4306 461 4356; x_wconf 89' lang='lat' dir='ltr'><strong>ita</strong></span> <span class='ocrx_word' id='word_1_517' title='bbox 501 4314 556 4379; x_wconf 83' lang='lat' dir='ltr'><strong>at</strong></span> <span class='ocrx_word' id='word_1_518' title='bbox 598 4306 834 4379; x_wconf 79' lang='lat' dir='ltr'><strong>peccator</strong></span> <span class='ocrx_word' id='word_1_519' title='bbox 869 4310 1150 4362; x_wconf 78' lang='lat' dir='ltr'><strong>adtttissunt</strong></span> <span class='ocrx_word' id='word_1_520' title='bbox 1193 4309 1360 4362; x_wconf 78' lang='lat' dir='ltr'><strong>scelus</strong></span> <span class='ocrx_word' id='word_1_521' title='bbox 1403 4310 1530 4362; x_wconf 84' lang='lat' dir='ltr'><strong>nolit</strong></span> <span class='ocrx_word' id='word_1_522' title='bbox 1569 4309 1826 4378; x_wconf 85' lang='lat' dir='ltr'><strong>conﬁteri,</strong></span> 
     </span>
    </p>
   </div>
   <div class='ocr_carea' id='block_1_76' title="bbox 237 4375 1833 4450">
    <p class='ocr_par' dir='ltr' id='par_1_76' title="bbox 237 4375 1833 4450">
     <span class='ocr_line' id='line_1_77' title="bbox 237 4375 1833 4450; baseline 0.003 -22"><span class='ocrx_word' id='word_1_523' title='bbox 237 4375 448 4450; x_wconf 80' lang='lat' dir='ltr'><strong>nullam</strong></span> <span class='ocrx_word' id='word_1_524' title='bbox 473 4375 687 4432; x_wconf 82' lang='lat' dir='ltr'><strong>salutem</strong></span> <span class='ocrx_word' id='word_1_525' title='bbox 710 4383 753 4433; x_wconf 87' lang='lat' dir='ltr'><strong>ei</strong></span> <span class='ocrx_word' id='word_1_526' title='bbox 787 4381 975 4448; x_wconf 87' lang='lat' dir='ltr'><strong>poterit</strong></span> <span class='ocrx_word' id='word_1_527' title='bbox 1002 4388 1250 4450; x_wconf 77' lang='lat' dir='ltr'><strong>prws‘tare</strong></span> <span class='ocrx_word' id='word_1_528' title='bbox 1269 4381 1312 4432; x_wconf 88' lang='lat' dir='ltr'><strong>is</strong></span> <span class='ocrx_word' id='word_1_529' title='bbox 1335 4381 1421 4445; x_wconf 88' lang='lat' dir='ltr'><strong>qui</strong></span> <span class='ocrx_word' id='word_1_530' title='bbox 1449 4393 1629 4434; x_wconf 88' lang='lat' dir='ltr'><strong>sancta</strong></span> <span class='ocrx_word' id='word_1_531' title='bbox 1653 4375 1833 4432; x_wconf 79' lang='lat' dir='ltr'><strong>incan-</strong></span> 
     </span>
    </p>
   </div>
   <div class='ocr_carea' id='block_1_77' title="bbox 234 4447 1827 4520">
    <p class='ocr_par' dir='ltr' id='par_1_77' title="bbox 234 4447 1827 4520">
     <span class='ocr_line' id='line_1_78' title="bbox 234 4447 1827 4520; baseline 0.004 -21"><span class='ocrx_word' id='word_1_532' title='bbox 234 4447 438 4520; x_wconf 70' lang='lat' dir='ltr'><strong>tatione</strong></span> <span class='ocrx_word' id='word_1_533' title='bbox 458 4463 570 4520; x_wconf 70' lang='lat' dir='ltr'><strong>eum</strong></span> <span class='ocrx_word' id='word_1_534' title='bbox 597 4447 893 4520; x_wconf 78' lang='lat' dir='ltr'><strong>susceperit,</strong></span> <span class='ocrx_word' id='word_1_535' title='bbox 927 4447 1088 4504; x_wconf 82' lang='lat' dir='ltr'><strong>donec</strong></span> <span class='ocrx_word' id='word_1_536' title='bbox 1112 4467 1207 4504; x_wconf 86' lang='lat' dir='ltr'><strong>sua</strong></span> <span class='ocrx_word' id='word_1_537' title='bbox 1237 4461 1443 4517; x_wconf 88' lang='lat' dir='ltr'><strong>peccata</strong></span> <span class='ocrx_word' id='word_1_538' title='bbox 1465 4452 1700 4516; x_wconf 73' lang='lat' dir='ltr'><strong>confiteri</strong></span> <span class='ocrx_word' id='word_1_539' title='bbox 1726 4467 1827 4505; x_wconf 62' lang='lat' dir='ltr'><strong>nor</strong></span> 
     </span>
    </p>
   </div>
   <div class='ocr_carea' id='block_1_78' title="bbox 236 4517 1831 4592">
    <p class='ocr_par' dir='ltr' id='par_1_78' title="bbox 236 4517 1831 4592">
     <span class='ocr_line' id='line_1_79' title="bbox 236 4517 1831 4592; baseline 0.003 -22"><span class='ocrx_word' id='word_1_540' title='bbox 236 4517 425 4592; x_wconf 64' lang='lat' dir='ltr'><strong>fuerit.</strong></span> <span class='ocrx_word' id='word_1_541' title='bbox 443 4517 542 4576; x_wconf 91' lang='lat' dir='ltr'><strong>Cui</strong></span> <span class='ocrx_word' id='word_1_542' title='bbox 580 4517 841 4578; x_wconf 79' lang='lat' dir='ltr'><strong>consonat</strong></span> <span class='ocrx_word' id='word_1_543' title='bbox 870 4526 922 4575; x_wconf 91' lang='lat' dir='ltr'><strong>in</strong></span> <span class='ocrx_word' id='word_1_544' title='bbox 955 4537 1050 4574; x_wconf 88' lang='lat' dir='ltr'><strong>sua</strong></span> <span class='ocrx_word' id='word_1_545' title='bbox 1081 4521 1409 4591; x_wconf 86' lang='lat' dir='ltr'><strong>Metaphrasi</strong></span> <span class='ocrx_word' id='word_1_546' title='bbox 1439 4521 1598 4575; x_wconf 87' lang='lat' dir='ltr'><strong>divus</strong></span> <span class='ocrx_word' id='word_1_547' title='bbox 1625 4520 1831 4592; x_wconf 86' lang='lat' dir='ltr'><strong>Grego-</strong></span> 
     </span>
    </p>
   </div>
   <div class='ocr_carea' id='block_1_79' title="bbox 236 4589 1829 4661">
    <p class='ocr_par' dir='ltr' id='par_1_79' title="bbox 236 4589 1829 4661">
     <span class='ocr_line' id='line_1_80' title="bbox 236 4589 1829 4661; baseline 0.003 -19"><span class='ocrx_word' id='word_1_548' title='bbox 236 4589 354 4642; x_wconf 81' lang='lat' dir='ltr'><strong>rius</strong></span> <span class='ocrx_word' id='word_1_549' title='bbox 384 4590 840 4649; x_wconf 73' lang='lat' dir='ltr'><strong>Neocmsariensis</strong></span> <span class='ocrx_word' id='word_1_550' title='bbox 879 4609 892 4645; x_wconf 89' lang='lat'><strong>:</strong></span> <span class='ocrx_word' id='word_1_551' title='bbox 927 4589 1525 4661; x_wconf 24' lang='lat' dir='ltr'><strong>Occttltum,‘inquiens,</strong></span> <span class='ocrx_word' id='word_1_552' title='bbox 1575 4589 1829 4658; x_wconf 80' lang='lat' dir='ltr'><strong>serpentis</strong></span> 
     </span>
    </p>
   </div>
   <div class='ocr_carea' id='block_1_80' title="bbox 236 4661 1828 4718">
    <p class='ocr_par' dir='ltr' id='par_1_80' title="bbox 236 4661 1828 4718">
     <span class='ocr_line' id='line_1_81' title="bbox 236 4661 1828 4718; baseline 0.004 -6"><span class='ocrx_word' id='word_1_553' title='bbox 236 4675 469 4714; x_wconf 82' lang='lat' dir='ltr'><strong>morsum</strong></span> <span class='ocrx_word' id='word_1_554' title='bbox 492 4663 838 4718; x_wconf 87' lang='lat' dir='ltr'><strong>incantatores</strong></span> <span class='ocrx_word' id='word_1_555' title='bbox 862 4681 964 4718; x_wconf 86' lang='lat' dir='ltr'><strong>non</strong></span> <span class='ocrx_word' id='word_1_556' title='bbox 985 4665 1401 4717; x_wconf 87' lang='lat' dir='ltr'><strong>medicabuntur.</strong></span> <span class='ocrx_word' id='word_1_557' title='bbox 1429 4661 1674 4717; x_wconf 86' lang='lat' dir='ltr'><strong>Occultns</strong></span> <span class='ocrx_word' id='word_1_558' title='bbox 1695 4667 1828 4718; x_wconf 87' lang='lat' dir='ltr'><strong>enim</strong></span> 
     </span>
    </p>
   </div>
   <div class='ocr_carea' id='block_1_81' title="bbox 232 4735 1828 4807">
    <p class='ocr_par' dir='ltr' id='par_1_81' title="bbox 232 4735 1828 4807">
     <span class='ocr_line' id='line_1_82' title="bbox 232 4735 1828 4807; baseline 0.004 -24"><span class='ocrx_word' id='word_1_559' title='bbox 232 4746 440 4807; x_wconf 81' lang='lat' dir='ltr'><strong>morsus</strong></span> <span class='ocrx_word' id='word_1_560' title='bbox 482 4736 729 4807; x_wconf 82' lang='lat' dir='ltr'><strong>serpentis</strong></span> <span class='ocrx_word' id='word_1_561' title='bbox 768 4743 843 4789; x_wconf 84' lang='lat' dir='ltr'><strong>est</strong></span> <span class='ocrx_word' id='word_1_562' title='bbox 889 4744 1152 4807; x_wconf 87' lang='lat' dir='ltr'><strong>peccatum</strong></span> <span class='ocrx_word' id='word_1_563' title='bbox 1195 4753 1225 4786; x_wconf 88' lang='lat' dir='ltr'><strong>a</strong></span> <span class='ocrx_word' id='word_1_564' title='bbox 1258 4741 1522 4801; x_wconf 84' lang='lat' dir='ltr'><strong>peccatore</strong></span> <span class='ocrx_word' id='word_1_565' title='bbox 1557 4735 1778 4807; x_wconf 79' lang='lat' dir='ltr'><strong>celatum</strong></span> <span class='ocrx_word' id='word_1_566' title='bbox 1809 4752 1828 4790; x_wconf 91' lang='lat'><strong><em>:</em></strong></span> 
     </span>
    </p>
   </div>
   <div class='ocr_carea' id='block_1_82' title="bbox 232 4803 1825 4878">
    <p class='ocr_par' dir='ltr' id='par_1_82' title="bbox 232 4803 1825 4878">
     <span class='ocr_line' id='line_1_83' title="bbox 232 4803 1825 4878; baseline 0.003 -25"><span class='ocrx_word' id='word_1_567' title='bbox 232 4803 326 4878; x_wconf 77' lang='lat' dir='ltr'><strong>qui</strong></span> <span class='ocrx_word' id='word_1_568' title='bbox 348 4819 550 4878; x_wconf 82' lang='lat' dir='ltr'><strong>morsus</strong></span> <span class='ocrx_word' id='word_1_569' title='bbox 572 4804 633 4856; x_wconf 90' lang='lat' dir='ltr'><strong>ab</strong></span> <span class='ocrx_word' id='word_1_570' title='bbox 662 4803 1088 4872; x_wconf 78' lang='lat' dir='ltr'><strong>incantato-ibus,</strong></span> <span class='ocrx_word' id='word_1_571' title='bbox 1118 4807 1444 4878; x_wconf 83' lang='lat' dir='ltr'><strong>quantumvis</strong></span> <span class='ocrx_word' id='word_1_572' title='bbox 1465 4804 1825 4878; x_wconf 74' lang='lat' dir='ltr'><strong>prudentibus,</strong></span> 
     </span>
    </p>
   </div>
   <div class='ocr_carea' id='block_1_83' title="bbox 231 4871 1829 4949">
    <p class='ocr_par' dir='ltr' id='par_1_83' title="bbox 231 4871 1829 4949">
     <span class='ocr_line' id='line_1_84' title="bbox 231 4871 1829 4949; baseline 0.004 -23"><span class='ocrx_word' id='word_1_573' title='bbox 231 4871 294 4926; x_wconf 77' lang='lat' dir='ltr'><strong>id</strong></span> <span class='ocrx_word' id='word_1_574' title='bbox 320 4882 426 4938; x_wconf 87' lang='lat' dir='ltr'><strong>est,</strong></span> <span class='ocrx_word' id='word_1_575' title='bbox 456 4877 576 4949; x_wconf 77' lang='lat' dir='ltr'><strong>viris</strong></span> <span class='ocrx_word' id='word_1_576' title='bbox 603 4877 960 4949; x_wconf 83' lang='lat' dir='ltr'><strong>spiritualibus</strong></span> <span class='ocrx_word' id='word_1_577' title='bbox 1003 4887 1048 4930; x_wconf 87' lang='lat' dir='ltr'><strong>et</strong></span> <span class='ocrx_word' id='word_1_578' title='bbox 1079 4871 1436 4931; x_wconf 82' lang='lat' dir='ltr'><strong>sacerdotibus</strong></span> <span class='ocrx_word' id='word_1_579' title='bbox 1456 4871 1476 4938; x_wconf 80' lang='grc'><strong>,’</strong></span> <span class='ocrx_word' id='word_1_580' title='bbox 1501 4893 1603 4929; x_wconf 91' lang='lat' dir='ltr'><strong>non</strong></span> <span class='ocrx_word' id='word_1_581' title='bbox 1643 4871 1829 4946; x_wconf 81' lang='lat' dir='ltr'><strong>poterit</strong></span> 
     </span>
    </p>
   </div>
   <div class='ocr_carea' id='block_1_84' title="bbox 234 4947 1768 5018">
    <p class='ocr_par' dir='ltr' id='par_1_84' title="bbox 234 4947 1768 5018">
     <span class='ocr_line' id='line_1_85' title="bbox 234 4947 1768 5018; baseline 0.005 -22"><span class='ocrx_word' id='word_1_582' title='bbox 234 4952 436 5018; x_wconf 72' lang='lat' dir='ltr'><strong>curari,</strong></span> <span class='ocrx_word' id='word_1_583' title='bbox 468 4947 638 5018; x_wconf 80' lang='lat' dir='ltr'><strong>donec</strong></span> <span class='ocrx_word' id='word_1_584' title='bbox 650 4964 741 5018; x_wconf 87' lang='lat' dir='ltr'><strong>per</strong></span> <span class='ocrx_word' id='word_1_585' title='bbox 769 4949 1139 5014; x_wconf 70' lang='lat' dir='ltr'><strong>confessionem</strong></span> <span class='ocrx_word' id='word_1_586' title='bbox 1167 4949 1222 5002; x_wconf 90' lang='lat' dir='ltr'><strong>in</strong></span> <span class='ocrx_word' id='word_1_587' title='bbox 1253 4949 1424 5018; x_wconf 87' lang='lat' dir='ltr'><strong>palant</strong></span> <span class='ocrx_word' id='word_1_588' title='bbox 1455 4951 1646 5003; x_wconf 73' lang='lat' dir='ltr'><strong>ueniat.</strong></span> <span class='ocrx_word' id='word_1_589' title='bbox 1754 4991 1768 5009; x_wconf 53' lang='grc' dir='ltr'>χ</span> 
     </span>
    </p>
   </div>
   <div class='ocr_carea' id='block_1_85' title="bbox 314 5015 1823 5090">
    <p class='ocr_par' dir='ltr' id='par_1_85' title="bbox 314 5015 1823 5090">
     <span class='ocr_line' id='line_1_86' title="bbox 314 5015 1823 5090; baseline 0.001 -18"><span class='ocrx_word' id='word_1_590' title='bbox 314 5025 338 5052; x_wconf 80' lang='grc'><strong><em>⁸</em></strong></span> <span class='ocrx_word' id='word_1_591' title='bbox 380 5015 456 5072; x_wconf 86' lang='lat' dir='ltr'><strong>Ita</strong></span> <span class='ocrx_word' id='word_1_592' title='bbox 499 5015 1053 5090; x_wconf 18' lang='lat' dir='ltr'><strong>dhusiilieronytntts</strong></span> <span class='ocrx_word' id='word_1_593' title='bbox 1102 5015 1262 5073; x_wconf 73' lang='lat' dir='ltr'><strong>smmi</strong></span> <span class='ocrx_word' id='word_1_594' title='bbox 1304 5020 1578 5074; x_wconf 59' lang='lat' dir='ltr'><strong>Rusticum</strong></span> <span class='ocrx_word' id='word_1_595' title='bbox 1635 5033 1823 5074; x_wconf 83' lang='lat' dir='ltr'><strong>mona-</strong></span> 
     </span>
    </p>
   </div>
   <div class='ocr_carea' id='block_1_86' title="bbox 231 5086 1826 5160">
    <p class='ocr_par' dir='ltr' id='par_1_86' title="bbox 231 5086 1826 5160">
     <span class='ocr_line' id='line_1_87' title="bbox 231 5086 1826 5160; baseline 0.004 -22"><span class='ocrx_word' id='word_1_596' title='bbox 231 5086 402 5160; x_wconf 80' lang='lat' dir='ltr'><strong>cltum</strong></span> <span class='ocrx_word' id='word_1_597' title='bbox 433 5089 577 5142; x_wconf 87' lang='lat' dir='ltr'><strong>serio</strong></span> <span class='ocrx_word' id='word_1_598' title='bbox 609 5089 864 5145; x_wconf 90' lang='lat' dir='ltr'><strong>admonet</strong></span> <span class='ocrx_word' id='word_1_599' title='bbox 891 5086 972 5144; x_wconf 85' lang='lat' dir='ltr'><strong>Itis</strong></span> <span class='ocrx_word' id='word_1_600' title='bbox 1012 5091 1232 5145; x_wconf 87' lang='lat' dir='ltr'><strong>verbis:</strong></span> <span class='ocrx_word' id='word_1_601' title='bbox 1265 5091 1395 5144; x_wconf 79' lang='lat' dir='ltr'><strong>Mihi</strong></span> <span class='ocrx_word' id='word_1_602' title='bbox 1421 5091 1627 5160; x_wconf 85' lang='lat' dir='ltr'><strong>quidem</strong></span> <span class='ocrx_word' id='word_1_603' title='bbox 1659 5091 1826 5160; x_wconf 83' lang='lat' dir='ltr'><strong>placet</strong></span> 
     </span>
    </p>
   </div>
   <div class='ocr_carea' id='block_1_87' title="bbox 231 5159 1820 5228">
    <p class='ocr_par' dir='ltr' id='par_1_87' title="bbox 231 5159 1820 5228">
     <span class='ocr_line' id='line_1_88' title="bbox 231 5159 1820 5228; baseline 0.001 -17"><span class='ocrx_word' id='word_1_604' title='bbox 231 5167 286 5211; x_wconf 79' lang='lat' dir='ltr'><strong>ut</strong></span> <span class='ocrx_word' id='word_1_605' title='bbox 309 5159 500 5212; x_wconf 79' lang='lat' dir='ltr'><strong>habeas</strong></span> <span class='ocrx_word' id='word_1_606' title='bbox 532 5173 830 5216; x_wconf 86' lang='lat' dir='ltr'><strong>sanctorum</strong></span> <span class='ocrx_word' id='word_1_607' title='bbox 861 5163 1270 5226; x_wconf 57' lang='lat' dir='ltr'><strong>contubvrnium,</strong></span> <span class='ocrx_word' id='word_1_608' title='bbox 1296 5177 1388 5214; x_wconf 87' lang='lat' dir='ltr'><strong>nec</strong></span> <span class='ocrx_word' id='word_1_609' title='bbox 1416 5159 1594 5228; x_wconf 84' lang='lat' dir='ltr'><strong>ipsete</strong></span> <span class='ocrx_word' id='word_1_610' title='bbox 1615 5159 1820 5228; x_wconf 82' lang='lat' dir='ltr'><strong>doceas,</strong></span> 
     </span>
    </p>
   </div>
   <div class='ocr_carea' id='block_1_88' title="bbox 227 5231 1823 5302">
    <p class='ocr_par' dir='ltr' id='par_1_88' title="bbox 227 5231 1823 5302">
     <span class='ocr_line' id='line_1_89' title="bbox 227 5231 1823 5302; baseline 0.003 -22"><span class='ocrx_word' id='word_1_611' title='bbox 227 5237 281 5302; x_wconf 78' lang='lat' dir='ltr'><strong>et</strong></span> <span class='ocrx_word' id='word_1_612' title='bbox 321 5232 514 5294; x_wconf 81' lang='lat' dir='ltr'><strong>absque</strong></span> <span class='ocrx_word' id='word_1_613' title='bbox 561 5231 772 5285; x_wconf 80' lang='lat' dir='ltr'><strong>doctore</strong></span> <span class='ocrx_word' id='word_1_614' title='bbox 816 5234 1122 5302; x_wconf 86' lang='lat' dir='ltr'><strong>ingrediaris</strong></span> <span class='ocrx_word' id='word_1_615' title='bbox 1168 5233 1302 5285; x_wconf 83' lang='lat' dir='ltr'><strong>viam</strong></span> <span class='ocrx_word' id='word_1_616' title='bbox 1346 5249 1498 5302; x_wconf 88' lang='lat' dir='ltr'><strong>quam</strong></span> <span class='ocrx_word' id='word_1_617' title='bbox 1547 5248 1823 5296; x_wconf 86' lang='lat' dir='ltr'><strong>numquam</strong></span> 
     </span>
    </p>
   </div>
   <div class='ocr_carea' id='block_1_89' title="bbox 229 5300 1822 5375">
    <p class='ocr_par' dir='ltr' id='par_1_89' title="bbox 229 5300 1822 5375">
     <span class='ocr_line' id='line_1_90' title="bbox 229 5300 1822 5375; baseline 0.001 -23"><span class='ocrx_word' id='word_1_618' title='bbox 229 5300 495 5375; x_wconf 78' lang='lat' dir='ltr'><strong>ingressus</strong></span> <span class='ocrx_word' id='word_1_619' title='bbox 519 5318 588 5362; x_wconf 85' lang='lat' dir='ltr'><strong>es,</strong></span> <span class='ocrx_word' id='word_1_620' title='bbox 615 5300 891 5374; x_wconf 73' lang='lat' dir='ltr'><strong>statimque</strong></span> <span class='ocrx_word' id='word_1_621' title='bbox 907 5305 996 5357; x_wconf 88' lang='lat' dir='ltr'><strong>tibi</strong></span> <span class='ocrx_word' id='word_1_622' title='bbox 1019 5304 1072 5357; x_wconf 86' lang='lat' dir='ltr'><strong>in</strong></span> <span class='ocrx_word' id='word_1_623' title='bbox 1097 5314 1296 5375; x_wconf 89' lang='lat' dir='ltr'><strong>partem</strong></span> <span class='ocrx_word' id='word_1_624' title='bbox 1319 5301 1534 5356; x_wconf 79' lang='lat' dir='ltr'><strong>alterum</strong></span> <span class='ocrx_word' id='word_1_625' title='bbox 1557 5303 1822 5375; x_wconf 79' lang='lat' dir='ltr'><strong>declinan-</strong></span> 
     </span>
    </p>
   </div>
   <div class='ocr_carea' id='block_1_90' title="bbox 227 5372 1822 5445">
    <p class='ocr_par' dir='ltr' id='par_1_90' title="bbox 227 5372 1822 5445">
     <span class='ocr_line' id='line_1_91' title="bbox 227 5372 1822 5445; baseline 0.001 -21"><span class='ocrx_word' id='word_1_626' title='bbox 227 5372 358 5424; x_wconf 86' lang='lat' dir='ltr'><strong>dum</strong></span> <span class='ocrx_word' id='word_1_627' title='bbox 387 5373 478 5436; x_wconf 86' lang='lat' dir='ltr'><strong>sit,</strong></span> <span class='ocrx_word' id='word_1_628' title='bbox 509 5383 558 5426; x_wconf 87' lang='lat' dir='ltr'><strong>et</strong></span> <span class='ocrx_word' id='word_1_629' title='bbox 586 5375 748 5428; x_wconf 84' lang='lat' dir='ltr'><strong>errori</strong></span> <span class='ocrx_word' id='word_1_630' title='bbox 778 5372 988 5439; x_wconf 81' lang='lat' dir='ltr'><strong>pateas,</strong></span> <span class='ocrx_word' id='word_1_631' title='bbox 1033 5372 1251 5445; x_wconf 82' lang='lat' dir='ltr'><strong>plusque</strong></span> <span class='ocrx_word' id='word_1_632' title='bbox 1279 5385 1368 5426; x_wconf 88' lang='lat' dir='ltr'><strong>aut</strong></span> <span class='ocrx_word' id='word_1_633' title='bbox 1398 5375 1563 5426; x_wconf 86' lang='lat' dir='ltr'><strong>minus</strong></span> <span class='ocrx_word' id='word_1_634' title='bbox 1593 5373 1822 5426; x_wconf 86' lang='lat' dir='ltr'><strong>ambules</strong></span> 
     </span>
    </p>
   </div>
   <div class='ocr_carea' id='block_1_91' title="bbox 226 5445 1820 5513">
    <p class='ocr_par' dir='ltr' id='par_1_91' title="bbox 226 5445 1820 5513">
     <span class='ocr_line' id='line_1_92' title="bbox 226 5445 1820 5513; baseline 0.001 -19"><span class='ocrx_word' id='word_1_635' title='bbox 226 5457 385 5513; x_wconf 82' lang='lat' dir='ltr'><strong>quam</strong></span> <span class='ocrx_word' id='word_1_636' title='bbox 420 5455 628 5497; x_wconf 85' lang='lat' dir='ltr'><strong>necesse</strong></span> <span class='ocrx_word' id='word_1_637' title='bbox 653 5454 767 5511; x_wconf 86' lang='lat' dir='ltr'><strong>est;</strong></span> <span class='ocrx_word' id='word_1_638' title='bbox 794 5461 857 5499; x_wconf 90' lang='lat' dir='ltr'><strong>ne</strong></span> <span class='ocrx_word' id='word_1_639' title='bbox 882 5455 970 5499; x_wconf 90' lang='lat' dir='ltr'><strong>aut</strong></span> <span class='ocrx_word' id='word_1_640' title='bbox 999 5461 1208 5498; x_wconf 70' lang='lat' dir='ltr'><strong>currens</strong></span> <span class='ocrx_word' id='word_1_641' title='bbox 1240 5445 1477 5508; x_wconf 83' lang='lat' dir='ltr'><strong>lasseris,</strong></span> <span class='ocrx_word' id='word_1_642' title='bbox 1510 5453 1596 5495; x_wconf 88' lang='lat' dir='ltr'><strong>aut</strong></span> <span class='ocrx_word' id='word_1_643' title='bbox 1625 5459 1820 5496; x_wconf 88' lang='lat' dir='ltr'><strong>moront</strong></span> 
     </span>
    </p>
   </div>
   <div class='ocr_carea' id='block_1_92' title="bbox 227 5514 1821 5583">
    <p class='ocr_par' dir='ltr' id='par_1_92' title="bbox 227 5514 1821 5583">
     <span class='ocr_line' id='line_1_93' title="bbox 227 5514 1821 5583; baseline 0.003 -20"><span class='ocrx_word' id='word_1_644' title='bbox 227 5515 425 5583; x_wconf 77' lang='lat' dir='ltr'><strong>faciens</strong></span> <span class='ocrx_word' id='word_1_645' title='bbox 457 5517 773 5570; x_wconf 85' lang='lat' dir='ltr'><strong>obdormias.</strong></span> <span class='ocrx_word' id='word_1_646' title='bbox 818 5515 964 5570; x_wconf 86' lang='lat' dir='ltr'><strong>Idem</strong></span> <span class='ocrx_word' id='word_1_647' title='bbox 997 5517 1048 5570; x_wconf 91' lang='lat' dir='ltr'><strong>in</strong></span> <span class='ocrx_word' id='word_1_648' title='bbox 1079 5515 1281 5570; x_wconf 85' lang='lat' dir='ltr'><strong>celebri</strong></span> <span class='ocrx_word' id='word_1_649' title='bbox 1322 5516 1408 5568; x_wconf 89' lang='lat' dir='ltr'><strong>illa</strong></span> <span class='ocrx_word' id='word_1_650' title='bbox 1439 5517 1504 5568; x_wconf 89' lang='lat' dir='ltr'><strong>ad</strong></span> <span class='ocrx_word' id='word_1_651' title='bbox 1541 5514 1821 5567; x_wconf 84' lang='lat' dir='ltr'><strong>Paulinum</strong></span> 
     </span>
    </p>
   </div>
   <div class='ocr_carea' id='block_1_93' title="bbox 227 5586 1823 5656">
    <p class='ocr_par' dir='ltr' id='par_1_93' title="bbox 227 5586 1823 5656">
     <span class='ocr_line' id='line_1_94' title="bbox 227 5586 1823 5656; baseline 0.001 -20"><span class='ocrx_word' id='word_1_652' title='bbox 227 5587 460 5656; x_wconf 67' lang='lat' dir='ltr'><strong>eplslttlu</strong></span> <span class='ocrx_word' id='word_1_653' title='bbox 486 5587 725 5654; x_wconf 83' lang='lat' dir='ltr'><strong>graviter</strong></span> <span class='ocrx_word' id='word_1_654' title='bbox 753 5586 1063 5655; x_wconf 79' lang='lat' dir='ltr'><strong>perstringit</strong></span> <span class='ocrx_word' id='word_1_655' title='bbox 1090 5586 1351 5656; x_wconf 88' lang='lat' dir='ltr'><strong>quosdam</strong></span> <span class='ocrx_word' id='word_1_656' title='bbox 1380 5586 1590 5654; x_wconf 87' lang='lat' dir='ltr'><strong>absque</strong></span> <span class='ocrx_word' id='word_1_657' title='bbox 1619 5599 1823 5651; x_wconf 72' lang='lat' dir='ltr'><strong>praece-</strong></span> 
     </span>
    </p>
   </div>
   <div class='ocr_carea' id='block_1_94' title="bbox 228 5655 1820 5726">
    <p class='ocr_par' dir='ltr' id='par_1_94' title="bbox 228 5655 1820 5726">
     <span class='ocr_line' id='line_1_95' title="bbox 228 5655 1820 5726; baseline 0.001 -22"><span class='ocrx_word' id='word_1_658' title='bbox 228 5655 480 5721; x_wconf 79' lang='lat' dir='ltr'><strong>ptoribus</strong></span> <span class='ocrx_word' id='word_1_659' title='bbox 504 5656 758 5726; x_wconf 71' lang='lat' dir='ltr'><strong>jactitare</strong></span> <span class='ocrx_word' id='word_1_660' title='bbox 782 5661 1083 5712; x_wconf 77' lang='lat' dir='ltr'><strong>divinarum</strong></span> <span class='ocrx_word' id='word_1_661' title='bbox 1109 5655 1520 5725; x_wconf 81' lang='lat' dir='ltr'><strong>Setipturarmn</strong></span> <span class='ocrx_word' id='word_1_662' title='bbox 1555 5658 1820 5726; x_wconf 80' lang='lat' dir='ltr'><strong>notitiam:</strong></span> 
     </span>
    </p>
   </div>
   <div class='ocr_carea' id='block_1_95' title="bbox 227 5724 1822 5804">
    <p class='ocr_par' dir='ltr' id='par_1_95' title="bbox 227 5724 1822 5804">
     <span class='ocr_line' id='line_1_96' title="bbox 227 5724 1822 5804; baseline -0.005 -23"><span class='ocrx_word' id='word_1_663' title='bbox 227 5724 727 5804; x_wconf 38' lang='lat' dir='ltr'><strong>Agricolas—(Epist.</strong></span> <span class='ocrx_word' id='word_1_664' title='bbox 760 5730 920 5799; x_wconf 78' lang='lat' dir='ltr'><strong>I05),</strong></span> <span class='ocrx_word' id='word_1_665' title='bbox 950 5730 1149 5799; x_wconf 88' lang='lat' dir='ltr'><strong>inquit,</strong></span> <span class='ocrx_word' id='word_1_666' title='bbox 1179 5724 1493 5804; x_wconf 66' lang='lat' dir='ltr'><strong>carmentarii</strong></span> <span class='ocrx_word' id='word_1_667' title='bbox 1513 5767 1526 5789; x_wconf 94' lang='lat'><strong>,</strong></span> <span class='ocrx_word' id='word_1_668' title='bbox 1553 5724 1690 5795; x_wconf 76' lang='lat' dir='ltr'><strong>fabri</strong></span> <span class='ocrx_word' id='word_1_669' title='bbox 1720 5739 1822 5804; x_wconf 69' lang='lat' dir='ltr'><strong>me-</strong></span> 
     </span>
    </p>
   </div>
   <div class='ocr_carea' id='block_1_96' title="bbox 229 5795 1826 5875">
    <p class='ocr_par' dir='ltr' id='par_1_96' title="bbox 229 5795 1826 5875">
     <span class='ocr_line' id='line_1_97' title="bbox 229 5795 1826 5875; baseline 0.008 -28"><span class='ocrx_word' id='word_1_670' title='bbox 229 5797 504 5875; x_wconf 70' lang='lat' dir='ltr'><strong>tallorum,</strong></span> <span class='ocrx_word' id='word_1_671' title='bbox 530 5795 892 5875; x_wconf 78' lang='lat' dir='ltr'><strong>lignorumque</strong></span> <span class='ocrx_word' id='word_1_672' title='bbox 918 5795 1150 5875; x_wconf 54' lang='lat' dir='ltr'><strong>censores,</strong></span> <span class='ocrx_word' id='word_1_673' title='bbox 1181 5798 1376 5875; x_wconf 78' lang='lat' dir='ltr'><strong>lanarii</strong></span> <span class='ocrx_word' id='word_1_674' title='bbox 1405 5804 1694 5875; x_wconf 38' lang='lat' dir='ltr'><strong>attonuit,-ei</strong></span> <span class='ocrx_word' id='word_1_675' title='bbox 1719 5795 1826 5859; x_wconf 75' lang='grc' dir='ltr'><strong>Ιάί-</strong></span> 
     </span>
    </p>
   </div>
   <div class='ocr_carea' id='block_1_97' title="bbox 229 5864 1823 5936">
    <p class='ocr_par' dir='ltr' id='par_1_97' title="bbox 229 5864 1823 5936">
     <span class='ocr_line' id='line_1_98' title="bbox 229 5864 1823 5936; baseline -0.013 1"><span class='ocrx_word' id='word_1_676' title='bbox 229 5864 396 5935; x_wconf 69' lang='grc' dir='ltr'><strong>ιοηεει</strong></span> <span class='ocrx_word' id='word_1_677' title='bbox 431 5877 478 5924; x_wconf 73' lang='grc' dir='ltr'><strong>ει</strong></span> <span class='ocrx_word' id='word_1_678' title='bbox 505 5864 700 5934; x_wconf 58' lang='lat' dir='ltr'><strong>“vim.</strong></span> <span class='ocrx_word' id='word_1_679' title='bbox 734 5864 822 5934; x_wconf 72' lang='lat' dir='ltr'><strong>oui</strong></span> <span class='ocrx_word' id='word_1_680' title='bbox 849 5872 1046 5928; x_wconf 82' lang='lat' dir='ltr'><strong>variam</strong></span> <span class='ocrx_word' id='word_1_681' title='bbox 1073 5864 1450 5936; x_wconf 77' lang='lat' dir='ltr'><strong>supellectilem</strong></span> <span class='ocrx_word' id='word_1_682' title='bbox 1475 5864 1526 5921; x_wconf 84' lang='lat' dir='ltr'><strong>et</strong></span> <span class='ocrx_word' id='word_1_683' title='bbox 1549 5865 1673 5922; x_wconf 84' lang='lat' dir='ltr'><strong>vilia</strong></span> <span class='ocrx_word' id='word_1_684' title='bbox 1697 5881 1823 5932; x_wconf 85' lang='lat' dir='ltr'><strong>opu-</strong></span> 
     </span>
    </p>
   </div>
   <div class='ocr_carea' id='block_1_98' title="bbox 1857 4769 1910 4830">
    <p class='ocr_par' dir='ltr' id='par_1_98' title="bbox 1857 4769 1910 4830">
     <span class='ocr_line' id='line_1_99' title="bbox 1857 4769 1910 4830; baseline 0 0"><span class='ocrx_word' id='word_1_685' title='bbox 1857 4769 1910 4830; x_wconf 91' lang='lat' dir='ltr'><strong><em>D</em></strong></span> 
     </span>
    </p>
   </div>
   <div class='ocr_carea' id='block_1_99' title="bbox 1940 3452 3532 3529">
    <p class='ocr_par' dir='ltr' id='par_1_99' title="bbox 1940 3452 3532 3529">
     <span class='ocr_line' id='line_1_100' title="bbox 1940 3452 3532 3529; baseline -0.009 -16"><span class='ocrx_word' id='word_1_686' title='bbox 1940 3458 2085 3513; x_wconf 83' lang='lat' dir='ltr'><strong>scala</strong></span> <span class='ocrx_word' id='word_1_687' title='bbox 2131 3457 2484 3527; x_wconf 75' lang='lat' dir='ltr'><strong>fabricantur,</strong></span> <span class='ocrx_word' id='word_1_688' title='bbox 2513 3453 2714 3529; x_wconf 80' lang='lat' dir='ltr'><strong>absque</strong></span> <span class='ocrx_word' id='word_1_689' title='bbox 2758 3452 2969 3507; x_wconf 81' lang='lat' dir='ltr'><strong>doctore</strong></span> <span class='ocrx_word' id='word_1_690' title='bbox 3011 3467 3120 3506; x_wconf 87' lang='lat' dir='ltr'><strong>esse</strong></span> <span class='ocrx_word' id='word_1_691' title='bbox 3146 3465 3275 3529; x_wconf 83' lang='lat' dir='ltr'><strong>_non</strong></span> <span class='ocrx_word' id='word_1_692' title='bbox 3317 3455 3532 3529; x_wconf 72' lang='lat' dir='ltr'><strong>possunt</strong></span> 
     </span>
    </p>
   </div>
   <div class='ocr_carea' id='block_1_100' title="bbox 1940 3520 3530 3598">
    <p class='ocr_par' dir='ltr' id='par_1_100' title="bbox 1940 3520 3530 3598">
     <span class='ocr_line' id='line_1_101' title="bbox 1940 3520 3530 3598; baseline -0.008 -15"><span class='ocrx_word' id='word_1_693' title='bbox 1940 3530 2079 3598; x_wconf 74' lang='lat' dir='ltr'><strong>quod</strong></span> <span class='ocrx_word' id='word_1_694' title='bbox 2107 3520 2355 3591; x_wconf 70' lang='lat' dir='ltr'><strong>cupiunt;</strong></span> <span class='ocrx_word' id='word_1_695' title='bbox 2384 3526 2521 3598; x_wconf 76' lang='lat' dir='ltr'><strong>quod</strong></span> <span class='ocrx_word' id='word_1_696' title='bbox 2545 3520 2861 3598; x_wconf 76' lang='lat' dir='ltr'><strong>medicorum</strong></span> <span class='ocrx_word' id='word_1_697' title='bbox 2888 3531 2960 3576; x_wconf 88' lang='lat' dir='ltr'><strong>est</strong></span> <span class='ocrx_word' id='word_1_698' title='bbox 2990 3521 3292 3590; x_wconf 64' lang='lat' dir='ltr'><strong>promittunt</strong></span> <span class='ocrx_word' id='word_1_699' title='bbox 3319 3520 3530 3584; x_wconf 85' lang='lat' dir='ltr'><strong>medici,</strong></span> 
     </span>
    </p>
   </div>
   <div class='ocr_carea' id='block_1_101' title="bbox 1943 3594 3530 3668">
    <p class='ocr_par' dir='ltr' id='par_1_101' title="bbox 1943 3594 3530 3668">
     <span class='ocr_line' id='line_1_102' title="bbox 1943 3594 3530 3668; baseline -0.009 -15"><span class='ocrx_word' id='word_1_700' title='bbox 1943 3594 2167 3654; x_wconf 79' lang='lat' dir='ltr'><strong>tractant</strong></span> <span class='ocrx_word' id='word_1_701' title='bbox 2196 3598 2404 3668; x_wconf 72' lang='lat' dir='ltr'><strong>fabrilia</strong></span> <span class='ocrx_word' id='word_1_702' title='bbox 2433 3596 2590 3665; x_wconf 78' lang='lat' dir='ltr'><strong>fabri;</strong></span> <span class='ocrx_word' id='word_1_703' title='bbox 2611 3597 2730 3668; x_wconf 74' lang='lat' dir='ltr'><strong>sola</strong></span> <span class='ocrx_word' id='word_1_704' title='bbox 2759 3594 3137 3668; x_wconf 70' lang='lat' dir='ltr'><strong>scripturarum</strong></span> <span class='ocrx_word' id='word_1_705' title='bbox 3164 3607 3251 3668; x_wconf 63' lang='lat' dir='ltr'><strong>ars</strong></span> <span class='ocrx_word' id='word_1_706' title='bbox 3279 3599 3352 3643; x_wconf 84' lang='lat' dir='ltr'><strong>est</strong></span> <span class='ocrx_word' id='word_1_707' title='bbox 3371 3605 3530 3668; x_wconf 75' lang='lat' dir='ltr'><strong>quam</strong></span> 
     </span>
    </p>
   </div>
   <div class='ocr_carea' id='block_1_102' title="bbox 1939 3659 3529 3740">
    <p class='ocr_par' dir='ltr' id='par_1_102' title="bbox 1939 3659 3529 3740">
     <span class='ocr_line' id='line_1_103' title="bbox 1939 3659 3529 3740; baseline -0.008 -15"><span class='ocrx_word' id='word_1_708' title='bbox 1939 3673 2033 3725; x_wconf 86' lang='lat' dir='ltr'><strong>sibi</strong></span> <span class='ocrx_word' id='word_1_709' title='bbox 2063 3659 2253 3740; x_wconf 77' lang='lat' dir='ltr'><strong>passim</strong></span> <span class='ocrx_word' id='word_1_710' title='bbox 2283 3659 2456 3740; x_wconf 76' lang='lat' dir='ltr'><strong>omnes</strong></span> <span class='ocrx_word' id='word_1_711' title='bbox 2497 3665 2800 3740; x_wconf 68' lang='lat' dir='ltr'><strong>uindicant,</strong></span> <span class='ocrx_word' id='word_1_712' title='bbox 2831 3659 3178 3740; x_wconf 56' lang='lat' dir='ltr'><strong>etc._littrsus</strong></span> <span class='ocrx_word' id='word_1_713' title='bbox 3217 3661 3270 3740; x_wconf 78' lang='lat' dir='ltr'><strong>in</strong></span> <span class='ocrx_word' id='word_1_714' title='bbox 3298 3659 3529 3740; x_wconf 74' lang='lat' dir='ltr'><strong>epistola</strong></span> 
     </span>
    </p>
   </div>
   <div class='ocr_carea' id='block_1_103' title="bbox 1939 3730 3529 3799">
    <p class='ocr_par' dir='ltr' id='par_1_103' title="bbox 1939 3730 3529 3799">
     <span class='ocr_line' id='line_1_104' title="bbox 1939 3730 3529 3799; baseline -0.009 -4"><span class='ocrx_word' id='word_1_715' title='bbox 1939 3743 2006 3794; x_wconf 85' lang='lat' dir='ltr'><strong>ad</strong></span> <span class='ocrx_word' id='word_1_716' title='bbox 2047 3730 2447 3793; x_wconf 73' lang='lat' dir='ltr'><strong>Pammachium</strong></span> <span class='ocrx_word' id='word_1_717' title='bbox 2487 3736 2555 3789; x_wconf 88' lang='lat' dir='ltr'><strong>de</strong></span> <span class='ocrx_word' id='word_1_718' title='bbox 2595 3735 2872 3788; x_wconf 87' lang='lat' dir='ltr'><strong>erroribus</strong></span> <span class='ocrx_word' id='word_1_719' title='bbox 2916 3731 3172 3799; x_wconf 85' lang='lat' dir='ltr'><strong>Origenis</strong></span> <span class='ocrx_word' id='word_1_720' title='bbox 3221 3732 3337 3784; x_wconf 64' lang='lat' dir='ltr'><strong>haec</strong></span> <span class='ocrx_word' id='word_1_721' title='bbox 3387 3730 3529 3781; x_wconf 83' lang='lat' dir='ltr'><strong>inter</strong></span> 
     </span>
    </p>
   </div>
   <div class='ocr_carea' id='block_1_104' title="bbox 1938 3798 3527 3880">
    <p class='ocr_par' dir='ltr' id='par_1_104' title="bbox 1938 3798 3527 3880">
     <span class='ocr_line' id='line_1_105' title="bbox 1938 3798 3527 3880; baseline -0.008 -15"><span class='ocrx_word' id='word_1_722' title='bbox 1938 3811 2043 3864; x_wconf 88' lang='lat' dir='ltr'><strong>alia</strong></span> <span class='ocrx_word' id='word_1_723' title='bbox 2073 3810 2090 3876; x_wconf 91' lang='lat'><strong>(</strong></span> <span class='ocrx_word' id='word_1_724' title='bbox 2121 3809 2287 3880; x_wconf 84' lang='lat' dir='ltr'><strong>Epist.</strong></span> <span class='ocrx_word' id='word_1_725' title='bbox 2315 3807 2414 3877; x_wconf 84' lang='lat'><strong>65)</strong></span> <span class='ocrx_word' id='word_1_726' title='bbox 2447 3823 2459 3858; x_wconf 91' lang='lat'>:</span> <span class='ocrx_word' id='word_1_727' title='bbox 2493 3805 2627 3880; x_wconf 78' lang='lat' dir='ltr'><strong>Dum</strong></span> <span class='ocrx_word' id='word_1_728' title='bbox 2681 3819 2843 3858; x_wconf 86' lang='lat' dir='ltr'><strong>essem</strong></span> <span class='ocrx_word' id='word_1_729' title='bbox 2878 3798 3103 3880; x_wconf 77' lang='lat' dir='ltr'><strong>iuuenis,</strong></span> <span class='ocrx_word' id='word_1_730' title='bbox 3134 3801 3264 3854; x_wconf 87' lang='lat' dir='ltr'><strong>miro</strong></span> <span class='ocrx_word' id='word_1_731' title='bbox 3291 3798 3527 3879; x_wconf 79' lang='lat' dir='ltr'><strong>discendi</strong></span> 
     </span>
    </p>
   </div>
   <div class='ocr_carea' id='block_1_105' title="bbox 1939 3876 3526 3951">
    <p class='ocr_par' dir='ltr' id='par_1_105' title="bbox 1939 3876 3526 3951">
     <span class='ocr_line' id='line_1_106' title="bbox 1939 3876 3526 3951; baseline -0.007 -16"><span class='ocrx_word' id='word_1_732' title='bbox 1939 3881 2140 3951; x_wconf 82' lang='lat' dir='ltr'><strong>ferebar</strong></span> <span class='ocrx_word' id='word_1_733' title='bbox 2165 3876 2374 3951; x_wconf 80' lang='lat' dir='ltr'><strong>ardore,</strong></span> <span class='ocrx_word' id='word_1_734' title='bbox 2402 3893 2494 3931; x_wconf 83' lang='lat' dir='ltr'><strong>nec</strong></span> <span class='ocrx_word' id='word_1_735' title='bbox 2523 3877 2670 3951; x_wconf 67' lang='lat' dir='ltr'><strong>inccta</strong></span> <span class='ocrx_word' id='word_1_736' title='bbox 2697 3876 3037 3951; x_wconf 75' lang='lat' dir='ltr'><strong>quorumdam</strong></span> <span class='ocrx_word' id='word_1_737' title='bbox 3069 3876 3526 3951; x_wconf 65' lang='lat' dir='ltr'><strong>prtesuntptianem</strong></span> 
     </span>
    </p>
   </div>
   <div class='ocr_carea' id='block_1_106' title="bbox 1937 3939 3525 4022">
    <p class='ocr_par' dir='ltr' id='par_1_106' title="bbox 1937 3939 3525 4022">
     <span class='ocr_line' id='line_1_107' title="bbox 1937 3939 3525 4022; baseline -0.005 -16"><span class='ocrx_word' id='word_1_738' title='bbox 1937 3939 2049 4022; x_wconf 80' lang='lat' dir='ltr'><strong>ipse</strong></span> <span class='ocrx_word' id='word_1_739' title='bbox 2076 3968 2154 4005; x_wconf 88' lang='lat' dir='ltr'><strong>me</strong></span> <span class='ocrx_word' id='word_1_740' title='bbox 2178 3950 2330 4004; x_wconf 86' lang='lat' dir='ltr'><strong>docui</strong></span> <span class='ocrx_word' id='word_1_741' title='bbox 2343 3939 2369 4015; x_wconf 48' lang='lat'><strong>,4</strong></span> <span class='ocrx_word' id='word_1_742' title='bbox 2388 3939 2650 4022; x_wconf 81' lang='lat' dir='ltr'><strong>etsubdit</strong></span> <span class='ocrx_word' id='word_1_743' title='bbox 2689 3939 3237 4012; x_wconf 54' lang='lat' dir='ltr'><strong>postmodtttn,&#39;idem</strong></span> <span class='ocrx_word' id='word_1_744' title='bbox 3261 3939 3320 3996; x_wconf 82' lang='lat' dir='ltr'><strong>se</strong></span> <span class='ocrx_word' id='word_1_745' title='bbox 3350 3939 3525 4022; x_wconf 79' lang='lat' dir='ltr'><strong>adhuc</strong></span> 
     </span>
    </p>
   </div>
   <div class='ocr_carea' id='block_1_107' title="bbox 1937 4011 3526 4094">
    <p class='ocr_par' dir='ltr' id='par_1_107' title="bbox 1937 4011 3526 4094">
     <span class='ocr_line' id='line_1_108' title="bbox 1937 4011 3526 4094; baseline -0.008 -16"><span class='ocrx_word' id='word_1_746' title='bbox 1937 4011 2164 4088; x_wconf 60' lang='lat' dir='ltr'><strong>frCISSO,</strong></span> <span class='ocrx_word' id='word_1_747' title='bbox 2195 4022 2317 4075; x_wconf 85' lang='lat' dir='ltr'><strong>dum</strong></span> <span class='ocrx_word' id='word_1_748' title='bbox 2343 4011 2494 4094; x_wconf 70' lang='lat' dir='ltr'><strong>canis</strong></span> <span class='ocrx_word' id='word_1_749' title='bbox 2526 4011 2857 4094; x_wconf 73' lang='lat' dir='ltr'><strong>spargeretttr</strong></span> <span class='ocrx_word' id='word_1_750' title='bbox 2884 4026 3039 4094; x_wconf 71' lang='lat' dir='ltr'><strong>caput</strong></span> <span class='ocrx_word' id='word_1_751' title='bbox 3062 4022 3146 4094; x_wconf 77' lang='lat' dir='ltr'><strong>,_el</strong></span> <span class='ocrx_word' id='word_1_752' title='bbox 3179 4022 3416 4094; x_wconf 74' lang='lat' dir='ltr'><strong>putarent</strong></span> <span class='ocrx_word' id='word_1_753' title='bbox 3433 4011 3526 4066; x_wconf 84' lang='lat' dir='ltr'><strong>lto-</strong></span> 
     </span>
    </p>
   </div>
   <div class='ocr_carea' id='block_1_108' title="bbox 1937 4083 3524 4164">
    <p class='ocr_par' dir='ltr' id='par_1_108' title="bbox 1937 4083 3524 4164">
     <span class='ocr_line' id='line_1_109' title="bbox 1937 4083 3524 4164; baseline -0.006 -16"><span class='ocrx_word' id='word_1_754' title='bbox 1937 4096 2098 4148; x_wconf 87' lang='lat' dir='ltr'><strong>ntines</strong></span> <span class='ocrx_word' id='word_1_755' title='bbox 2143 4083 2309 4164; x_wconf 72' lang='lat' dir='ltr'><strong>ipsum</strong></span> <span class='ocrx_word' id='word_1_756' title='bbox 2351 4091 2505 4161; x_wconf 81' lang='lat' dir='ltr'><strong>ﬁnem</strong></span> <span class='ocrx_word' id='word_1_757' title='bbox 2551 4083 2731 4160; x_wconf 70' lang='lat' dir='ltr'><strong>fecisse</strong></span> <span class='ocrx_word' id='word_1_758' title='bbox 2774 4083 3028 4164; x_wconf 74' lang='lat' dir='ltr'><strong>discendi.</strong></span> <span class='ocrx_word' id='word_1_759' title='bbox 3061 4083 3322 4164; x_wconf 68' lang='lat' dir='ltr'><strong>Similiter</strong></span> <span class='ocrx_word' id='word_1_760' title='bbox 3365 4083 3524 4138; x_wconf 89' lang='lat' dir='ltr'><strong>divus</strong></span> 
     </span>
    </p>
   </div>
   <div class='ocr_carea' id='block_1_109' title="bbox 1939 4156 3526 4235">
    <p class='ocr_par' dir='ltr' id='par_1_109' title="bbox 1939 4156 3526 4235">
     <span class='ocr_line' id='line_1_110' title="bbox 1939 4156 3526 4235; baseline -0.008 -15"><span class='ocrx_word' id='word_1_761' title='bbox 1939 4156 2272 4235; x_wconf 72' lang='lat' dir='ltr'><strong>Augustinus</strong></span> <span class='ocrx_word' id='word_1_762' title='bbox 2308 4156 2565 4235; x_wconf 74' lang='lat' dir='ltr'><strong>sermone</strong></span> <span class='ocrx_word' id='word_1_763' title='bbox 2590 4160 2893 4235; x_wconf 86' lang='lat' dir='ltr'><strong>centesimo</strong></span> <span class='ocrx_word' id='word_1_764' title='bbox 2937 4158 3260 4235; x_wconf 73' lang='lat' dir='ltr'><strong>duodecimo</strong></span> <span class='ocrx_word' id='word_1_765' title='bbox 3287 4156 3356 4235; x_wconf 81' lang='lat' dir='ltr'><strong>de</strong></span> <span class='ocrx_word' id='word_1_766' title='bbox 3383 4165 3526 4235; x_wconf 34' lang='lat' dir='ltr'><strong>Item-</strong></span> 
     </span>
    </p>
   </div>
   <div class='ocr_carea' id='block_1_110' title="bbox 1938 4225 3524 4306">
    <p class='ocr_par' dir='ltr' id='par_1_110' title="bbox 1938 4225 3524 4306">
     <span class='ocr_line' id='line_1_111' title="bbox 1938 4225 3524 4306; baseline -0.008 -16"><span class='ocrx_word' id='word_1_767' title='bbox 1938 4225 2108 4306; x_wconf 72' lang='lat' dir='ltr'><strong>pore:</strong></span> <span class='ocrx_word' id='word_1_768' title='bbox 2140 4237 2286 4291; x_wconf 82' lang='lat' dir='ltr'><strong>Sicut</strong></span> <span class='ocrx_word' id='word_1_769' title='bbox 2333 4250 2521 4290; x_wconf 57' lang='grc' dir='ltr'><strong>σηοω,</strong></span> <span class='ocrx_word' id='word_1_770' title='bbox 2554 4232 2748 4306; x_wconf 82' lang='lat' dir='ltr'><strong>inquit,</strong></span> <span class='ocrx_word' id='word_1_771' title='bbox 2799 4230 3210 4306; x_wconf 30' lang='lat' dir='ltr'><strong>sineuductore,</strong></span> <span class='ocrx_word' id='word_1_772' title='bbox 3259 4228 3332 4282; x_wconf 87' lang='lat' dir='ltr'><strong>sic</strong></span> <span class='ocrx_word' id='word_1_773' title='bbox 3375 4225 3524 4279; x_wconf 81' lang='lat' dir='ltr'><strong>homo</strong></span> 
     </span>
    </p>
   </div>
   <div class='ocr_carea' id='block_1_111' title="bbox 1932 4303 3063 4372">
    <p class='ocr_par' dir='ltr' id='par_1_111' title="bbox 1932 4303 3063 4372">
     <span class='ocr_line' id='line_1_112' title="bbox 1932 4303 3063 4372; baseline -0.004 -11"><span class='ocrx_word' id='word_1_774' title='bbox 1932 4303 2041 4362; x_wconf 77' lang='lat' dir='ltr'><strong>sine</strong></span> <span class='ocrx_word' id='word_1_775' title='bbox 2069 4309 2278 4361; x_wconf 87' lang='lat' dir='ltr'><strong>doctore</strong></span> <span class='ocrx_word' id='word_1_776' title='bbox 2301 4307 2438 4360; x_wconf 85' lang='lat' dir='ltr'><strong>uiam</strong></span> <span class='ocrx_word' id='word_1_777' title='bbox 2469 4313 2659 4358; x_wconf 84' lang='lat' dir='ltr'><strong>rectam</strong></span> <span class='ocrx_word' id='word_1_778' title='bbox 2685 4305 2769 4357; x_wconf 72' lang='lat' dir='ltr'><strong>vix</strong></span> <span class='ocrx_word' id='word_1_779' title='bbox 2806 4303 3063 4372; x_wconf 84' lang='lat' dir='ltr'><strong>graditur.</strong></span> 
     </span>
    </p>
   </div>
   <div class='ocr_carea' id='block_1_112' title="bbox 2007 4370 3515 4448">
    <p class='ocr_par' dir='ltr' id='par_1_112' title="bbox 2007 4370 3515 4448">
     <span class='ocr_line' id='line_1_113' title="bbox 2007 4370 3515 4448; baseline -0.007 -15"><span class='ocrx_word' id='word_1_780' title='bbox 2007 4378 2036 4418; x_wconf 75' lang='grc' dir='ltr'><strong>ι)</strong></span> <span class='ocrx_word' id='word_1_781' title='bbox 2070 4380 2229 4433; x_wconf 84' lang='lat' dir='ltr'><strong>Divus</strong></span> <span class='ocrx_word' id='word_1_782' title='bbox 2277 4378 2635 4448; x_wconf 80' lang='lat' dir='ltr'><strong>Hieronymus</strong></span> <span class='ocrx_word' id='word_1_783' title='bbox 2669 4393 2681 4428; x_wconf 87' lang='lat'><strong>:</strong></span> <span class='ocrx_word' id='word_1_784' title='bbox 2720 4370 3007 4448; x_wconf 62' lang='lat' dir='ltr'><strong>Nouenim</strong></span> <span class='ocrx_word' id='word_1_785' title='bbox 3052 4374 3106 4448; x_wconf 81' lang='lat' dir='ltr'><strong>in</strong></span> <span class='ocrx_word' id='word_1_786' title='bbox 3137 4370 3342 4448; x_wconf 62' lang='lat' dir='ltr'><strong>nomine</strong></span> <span class='ocrx_word' id='word_1_787' title='bbox 3369 4377 3515 4448; x_wconf 65' lang='lat' dir='ltr'><strong>tetas,</strong></span> 
     </span>
    </p>
   </div>
   <div class='ocr_carea' id='block_1_113' title="bbox 1936 4439 3522 4521">
    <p class='ocr_par' dir='ltr' id='par_1_113' title="bbox 1936 4439 3522 4521">
     <span class='ocr_line' id='line_1_114' title="bbox 1936 4439 3522 4521; baseline -0.008 -16"><span class='ocrx_word' id='word_1_788' title='bbox 1936 4451 2026 4506; x_wconf 84' lang='lat' dir='ltr'><strong>sed</strong></span> <span class='ocrx_word' id='word_1_789' title='bbox 2069 4452 2228 4521; x_wconf 84' lang='lat' dir='ltr'><strong>uirtus</strong></span> <span class='ocrx_word' id='word_1_790' title='bbox 2276 4439 2557 4521; x_wconf 66' lang='lat' dir='ltr'><strong>spectanda</strong></span> <span class='ocrx_word' id='word_1_791' title='bbox 2606 4454 2699 4500; x_wconf 81' lang='lat' dir='ltr'><strong>est.</strong></span> <span class='ocrx_word' id='word_1_792' title='bbox 2734 4447 2798 4499; x_wconf 64' lang='lat' dir='ltr'><strong>lit</strong></span> <span class='ocrx_word' id='word_1_793' title='bbox 2829 4445 3019 4500; x_wconf 85' lang='lat' dir='ltr'><strong>Cicero</strong></span> <span class='ocrx_word' id='word_1_794' title='bbox 3050 4446 3101 4521; x_wconf 80' lang='lat' dir='ltr'><strong>in</strong></span> <span class='ocrx_word' id='word_1_795' title='bbox 3129 4442 3370 4521; x_wconf 64' lang='lat' dir='ltr'><strong>Catone:</strong></span> <span class='ocrx_word' id='word_1_796' title='bbox 3400 4439 3522 4521; x_wconf 84' lang='lat' dir='ltr'><strong>Non</strong></span> 
     </span>
    </p>
   </div>
   <div class='ocr_carea' id='block_1_114' title="bbox 1935 4513 3520 4590">
    <p class='ocr_par' dir='ltr' id='par_1_114' title="bbox 1935 4513 3520 4590">
     <span class='ocr_line' id='line_1_115' title="bbox 1935 4513 3520 4590; baseline -0.008 -15"><span class='ocrx_word' id='word_1_797' title='bbox 1935 4523 2052 4576; x_wconf 90' lang='lat' dir='ltr'><strong>cani</strong></span> <span class='ocrx_word' id='word_1_798' title='bbox 2073 4563 2087 4586; x_wconf 96' lang='lat'><strong>,</strong></span> <span class='ocrx_word' id='word_1_799' title='bbox 2120 4513 2321 4590; x_wconf 55' lang='lat' dir='ltr'><strong>inquit;</strong></span> <span class='ocrx_word' id='word_1_800' title='bbox 2350 4536 2452 4574; x_wconf 88' lang='lat' dir='ltr'><strong>non</strong></span> <span class='ocrx_word' id='word_1_801' title='bbox 2479 4533 2622 4585; x_wconf 72' lang='lat' dir='ltr'><strong>ruga:</strong></span> <span class='ocrx_word' id='word_1_802' title='bbox 2643 4527 2850 4590; x_wconf 81' lang='lat' dir='ltr'><strong>repente</strong></span> <span class='ocrx_word' id='word_1_803' title='bbox 2871 4517 3229 4590; x_wconf 75' lang='lat' dir='ltr'><strong>auctoritatem</strong></span> <span class='ocrx_word' id='word_1_804' title='bbox 3249 4513 3475 4581; x_wconf 69' lang='lat' dir='ltr'><strong>aﬂ&#39;erunt</strong></span> <span class='ocrx_word' id='word_1_805' title='bbox 3499 4527 3520 4577; x_wconf 87' lang='lat'><strong><em>;</em></strong></span> 
     </span>
    </p>
   </div>
   <div class='ocr_carea' id='block_1_115' title="bbox 1931 4585 3516 4664">
    <p class='ocr_par' dir='ltr' id='par_1_115' title="bbox 1931 4585 3516 4664">
     <span class='ocr_line' id='line_1_116' title="bbox 1931 4585 3516 4664; baseline -0.006 -17"><span class='ocrx_word' id='word_1_806' title='bbox 1931 4594 2024 4664; x_wconf 75' lang='lat' dir='ltr'><strong>sed</strong></span> <span class='ocrx_word' id='word_1_807' title='bbox 2044 4585 2176 4647; x_wconf 88' lang='lat' dir='ltr'><strong>recle</strong></span> <span class='ocrx_word' id='word_1_808' title='bbox 2191 4585 2306 4645; x_wconf 80' lang='lat' dir='ltr'><strong>acta</strong></span> <span class='ocrx_word' id='word_1_809' title='bbox 2327 4602 2448 4646; x_wconf 73' lang='lat' dir='ltr'><strong>tetas</strong></span> <span class='ocrx_word' id='word_1_810' title='bbox 2470 4588 2793 4664; x_wconf 78' lang='lat' dir='ltr'><strong>auctoritatis</strong></span> <span class='ocrx_word' id='word_1_811' title='bbox 2816 4591 3013 4664; x_wconf 72' lang='lat' dir='ltr'><strong>[ructus</strong></span> <span class='ocrx_word' id='word_1_812' title='bbox 3034 4585 3220 4658; x_wconf 67' lang='lat' dir='ltr'><strong>praebet</strong></span> <span class='ocrx_word' id='word_1_813' title='bbox 3241 4593 3516 4664; x_wconf 52' lang='lat' dir='ltr'><strong>eruentes.</strong></span> 
     </span>
    </p>
   </div>
   <div class='ocr_carea' id='block_1_116' title="bbox 1937 4653 3519 4727">
    <p class='ocr_par' dir='ltr' id='par_1_116' title="bbox 1937 4653 3519 4727">
     <span class='ocr_line' id='line_1_117' title="bbox 1937 4653 3519 4727; baseline -0.005 -12"><span class='ocrx_word' id='word_1_814' title='bbox 1937 4663 2182 4719; x_wconf 75' lang='lat' dir='ltr'><strong>Viderint</strong></span> <span class='ocrx_word' id='word_1_815' title='bbox 2224 4665 2338 4718; x_wconf 82' lang='lat' dir='ltr'><strong>Inec</strong></span> <span class='ocrx_word' id='word_1_816' title='bbox 2368 4662 2609 4716; x_wconf 84' lang='lat' dir='ltr'><strong>seniores</strong></span> <span class='ocrx_word' id='word_1_817' title='bbox 2641 4660 2742 4722; x_wconf 80' lang='lat' dir='ltr'><strong>illi,</strong></span> <span class='ocrx_word' id='word_1_818' title='bbox 2771 4653 2864 4727; x_wconf 82' lang='lat' dir='ltr'><strong>qui</strong></span> <span class='ocrx_word' id='word_1_819' title='bbox 2895 4659 3012 4712; x_wconf 77' lang='lat' dir='ltr'><strong>solt)</strong></span> <span class='ocrx_word' id='word_1_820' title='bbox 3034 4653 3338 4712; x_wconf 79' lang='lat' dir='ltr'><strong>senectutis</strong></span> <span class='ocrx_word' id='word_1_821' title='bbox 3366 4653 3519 4707; x_wconf 88' lang='lat' dir='ltr'><strong>titulo</strong></span> 
     </span>
    </p>
   </div>
   <div class='ocr_carea' id='block_1_117' title="bbox 1935 4727 3519 4804">
    <p class='ocr_par' dir='ltr' id='par_1_117' title="bbox 1935 4727 3519 4804">
     <span class='ocr_line' id='line_1_118' title="bbox 1935 4727 3519 4804; baseline -0.009 -15"><span class='ocrx_word' id='word_1_822' title='bbox 1935 4736 1988 4789; x_wconf 92' lang='lat' dir='ltr'><strong>in</strong></span> <span class='ocrx_word' id='word_1_823' title='bbox 2022 4737 2281 4804; x_wconf 78' lang='lat' dir='ltr'><strong>religimie</strong></span> <span class='ocrx_word' id='word_1_824' title='bbox 2311 4735 2608 4803; x_wconf 81' lang='lat' dir='ltr'><strong>gloriantur</strong></span> <span class='ocrx_word' id='word_1_825' title='bbox 2629 4771 2642 4793; x_wconf 93' lang='lat'><strong>,</strong></span> <span class='ocrx_word' id='word_1_826' title='bbox 2675 4733 2829 4804; x_wconf 70' lang='lat' dir='ltr'><strong>quasi</strong></span> <span class='ocrx_word' id='word_1_827' title='bbox 2859 4730 3245 4804; x_wconf 68' lang='lat' dir='ltr'><strong>religiosiores,</strong></span> <span class='ocrx_word' id='word_1_828' title='bbox 3265 4727 3396 4804; x_wconf 77' lang='lat' dir='ltr'><strong>quia</strong></span> <span class='ocrx_word' id='word_1_829' title='bbox 3429 4737 3519 4777; x_wconf 84' lang='lat' dir='ltr'><strong>se-</strong></span> 
     </span>
    </p>
   </div>
   <div class='ocr_carea' id='block_1_118' title="bbox 1940 4798 3520 4868">
    <p class='ocr_par' dir='ltr' id='par_1_118' title="bbox 1940 4798 3520 4868">
     <span class='ocr_line' id='line_1_119' title="bbox 1940 4798 3520 4868; baseline -0.009 -8"><span class='ocrx_word' id='word_1_830' title='bbox 1940 4798 2160 4860; x_wconf 59' lang='lat' dir='ltr'><strong>niores&#39;:</strong></span> <span class='ocrx_word' id='word_1_831' title='bbox 2193 4798 2334 4868; x_wconf 74' lang='lat' dir='ltr'><strong>quos</strong></span> <span class='ocrx_word' id='word_1_832' title='bbox 2384 4805 2469 4858; x_wconf 90' lang='lat' dir='ltr'><strong>hic</strong></span> <span class='ocrx_word' id='word_1_833' title='bbox 2508 4812 2658 4857; x_wconf 88' lang='lat' dir='ltr'><strong>certe</strong></span> <span class='ocrx_word' id='word_1_834' title='bbox 2701 4798 2870 4854; x_wconf 80' lang='lat' dir='ltr'><strong>abbas</strong></span> <span class='ocrx_word' id='word_1_835' title='bbox 2917 4800 3092 4855; x_wconf 70' lang='lat' dir='ltr'><strong>Moses</strong></span> <span class='ocrx_word' id='word_1_836' title='bbox 3131 4798 3520 4868; x_wconf 53' lang='lat' dir='ltr'><strong>pigit&#39;ittei&#39;_per-</strong></span> 
     </span>
    </p>
   </div>
   <div class='ocr_carea' id='block_1_119' title="bbox 1935 4863 3513 4947">
    <p class='ocr_par' dir='ltr' id='par_1_119' title="bbox 1935 4863 3513 4947">
     <span class='ocr_line' id='line_1_120' title="bbox 1935 4863 3513 4947; baseline -0.008 -16"><span class='ocrx_word' id='word_1_837' title='bbox 1935 4871 2170 4947; x_wconf 75' lang='lat' dir='ltr'><strong>stringit.</strong></span> <span class='ocrx_word' id='word_1_838' title='bbox 2204 4863 2336 4930; x_wconf 79' lang='lat' dir='ltr'><strong>Nam</strong></span> <span class='ocrx_word' id='word_1_839' title='bbox 2367 4876 2508 4947; x_wconf 84' lang='lat' dir='ltr'><strong>quod</strong></span> <span class='ocrx_word' id='word_1_840' title='bbox 2539 4873 2618 4947; x_wconf 78' lang='lat' dir='ltr'><strong>ait</strong></span> <span class='ocrx_word' id='word_1_841' title='bbox 2652 4873 2710 4924; x_wconf 86' lang='grc' dir='ltr'><strong>ι).</strong></span> <span class='ocrx_word' id='word_1_842' title='bbox 2741 4871 3098 4947; x_wconf 56' lang='grc' dir='ltr'><strong>Ηὶρνρηχεηιιε</strong></span> <span class='ocrx_word' id='word_1_843' title='bbox 3123 4869 3142 4939; x_wconf 86' lang='grc'><strong>(</strong></span> <span class='ocrx_word' id='word_1_844' title='bbox 3169 4866 3342 4947; x_wconf 63' lang='lat' dir='ltr'><strong>Epist.</strong></span> <span class='ocrx_word' id='word_1_845' title='bbox 3375 4863 3513 4933; x_wconf 79' lang='lat' dir='ltr'><strong>I5):</strong></span> 
     </span>
    </p>
   </div>
   <div class='ocr_carea' id='block_1_120' title="bbox 1938 4939 3519 5017">
    <p class='ocr_par' dir='ltr' id='par_1_120' title="bbox 1938 4939 3519 5017">
     <span class='ocr_line' id='line_1_121' title="bbox 1938 4939 3519 5017; baseline -0.008 -18"><span class='ocrx_word' id='word_1_846' title='bbox 1938 4939 2486 5014; x_wconf 54' lang='lat' dir='ltr'><strong>Nonvﬂierosolyinis</strong></span> <span class='ocrx_word' id='word_1_847' title='bbox 2540 4943 2744 5017; x_wconf 69' lang='lat' dir='ltr'><strong>fuisse,</strong></span> <span class='ocrx_word' id='word_1_848' title='bbox 2803 4943 2893 5017; x_wconf 81' lang='lat' dir='ltr'><strong>sed</strong></span> <span class='ocrx_word' id='word_1_849' title='bbox 2946 4939 3345 5017; x_wconf 40' lang='lat' dir='ltr'><strong>ﬂierosolytttis.</strong></span> <span class='ocrx_word' id='word_1_850' title='bbox 3385 4947 3519 5016; x_wconf 73' lang='lat' dir='ltr'><strong>recte</strong></span> 
     </span>
    </p>
   </div>
   <div class='ocr_carea' id='block_1_121' title="bbox 1932 5008 3516 5089">
    <p class='ocr_par' dir='ltr' id='par_1_121' title="bbox 1932 5008 3516 5089">
     <span class='ocr_line' id='line_1_122' title="bbox 1932 5008 3516 5089; baseline -0.006 -20"><span class='ocrx_word' id='word_1_851' title='bbox 1932 5019 2120 5070; x_wconf 70' lang='lat' dir='ltr'><strong>uixisse</strong></span> <span class='ocrx_word' id='word_1_852' title='bbox 2144 5008 2462 5089; x_wconf 69' lang='lat' dir='ltr'><strong>laudandum</strong></span> <span class='ocrx_word' id='word_1_853' title='bbox 2483 5008 2577 5066; x_wconf 82' lang='lat' dir='ltr'><strong>est.</strong></span> <span class='ocrx_word' id='word_1_854' title='bbox 2607 5011 2756 5066; x_wconf 89' lang='lat' dir='ltr'><strong>Idem</strong></span> <span class='ocrx_word' id='word_1_855' title='bbox 2779 5011 2856 5089; x_wconf 80' lang='lat' dir='ltr'><strong>_d_e</strong></span> <span class='ocrx_word' id='word_1_856' title='bbox 2886 5008 3516 5089; x_wconf 39' lang='lat' dir='ltr'><strong>religione.etreligiosis</strong></span> 
     </span>
    </p>
   </div>
   <div class='ocr_carea' id='block_1_122' title="bbox 1933 5080 3514 5157">
    <p class='ocr_par' dir='ltr' id='par_1_122' title="bbox 1933 5080 3514 5157">
     <span class='ocr_line' id='line_1_123' title="bbox 1933 5080 3514 5157; baseline -0.009 -16"><span class='ocrx_word' id='word_1_857' title='bbox 1933 5087 2039 5141; x_wconf 89' lang='lat' dir='ltr'><strong>dici</strong></span> <span class='ocrx_word' id='word_1_858' title='bbox 2067 5095 2262 5153; x_wconf 82' lang='lat' dir='ltr'><strong>potest.</strong></span> <span class='ocrx_word' id='word_1_859' title='bbox 2299 5085 2394 5157; x_wconf 73' lang='lat' dir='ltr'><strong>Est</strong></span> <span class='ocrx_word' id='word_1_860' title='bbox 2405 5093 2680 5157; x_wconf 72' lang='lat' dir='ltr'><strong>senectus</strong></span> <span class='ocrx_word' id='word_1_861' title='bbox 2702 5081 2952 5157; x_wconf 75' lang='lat' dir='ltr'><strong>quidem,</strong></span> <span class='ocrx_word' id='word_1_862' title='bbox 3004 5086 3054 5157; x_wconf 78' lang='lat' dir='ltr'><strong>in</strong></span> <span class='ocrx_word' id='word_1_863' title='bbox 3102 5080 3359 5157; x_wconf 58' lang='lat' dir='ltr'><strong>religiotie</strong></span> <span class='ocrx_word' id='word_1_864' title='bbox 3397 5091 3514 5156; x_wconf 72' lang='lat' dir='ltr'><strong>nia-</strong></span> 
     </span>
    </p>
   </div>
   <div class='ocr_carea' id='block_1_123' title="bbox 1932 5145 3513 5221">
    <p class='ocr_par' dir='ltr' id='par_1_123' title="bbox 1932 5145 3513 5221">
     <span class='ocr_line' id='line_1_124' title="bbox 1932 5145 3513 5221; baseline -0.008 -10"><span class='ocrx_word' id='word_1_865' title='bbox 1932 5145 2096 5221; x_wconf 76' lang='lat' dir='ltr'><strong>xime,</strong></span> <span class='ocrx_word' id='word_1_866' title='bbox 2125 5153 2450 5210; x_wconf 81' lang='lat' dir='ltr'><strong>venerabilis</strong></span> <span class='ocrx_word' id='word_1_867' title='bbox 2475 5162 2527 5206; x_wconf 86' lang='lat' dir='ltr'><strong>et</strong></span> <span class='ocrx_word' id='word_1_868' title='bbox 2559 5145 3072 5210; x_wconf 17' lang='lat' dir='ltr'><strong>honorabiliszrsed,</strong></span> <span class='ocrx_word' id='word_1_869' title='bbox 3102 5157 3160 5202; x_wconf 88' lang='lat' dir='ltr'><strong>nt</strong></span> <span class='ocrx_word' id='word_1_870' title='bbox 3184 5149 3259 5200; x_wconf 88' lang='lat' dir='ltr'><strong>ait</strong></span> <span class='ocrx_word' id='word_1_871' title='bbox 3287 5145 3513 5215; x_wconf 61' lang='lat' dir='ltr'><strong>Sipiens</strong></span> 
     </span>
    </p>
   </div>
   <div class='ocr_carea' id='block_1_124' title="bbox 1930 5221 3516 5294">
    <p class='ocr_par' dir='ltr' id='par_1_124' title="bbox 1930 5221 3516 5294">
     <span class='ocr_line' id='line_1_125' title="bbox 1930 5221 3516 5294; baseline -0.008 -12"><span class='ocrx_word' id='word_1_872' title='bbox 1930 5244 2053 5282; x_wconf 79' lang='lat' dir='ltr'><strong>mox</strong></span> <span class='ocrx_word' id='word_1_873' title='bbox 2080 5227 2277 5282; x_wconf 85' lang='lat' dir='ltr'><strong>citatus</strong></span> <span class='ocrx_word' id='word_1_874' title='bbox 2306 5241 2320 5277; x_wconf 89' lang='lat'>:</span> <span class='ocrx_word' id='word_1_875' title='bbox 2346 5223 2471 5277; x_wconf 87' lang='lat' dir='ltr'><strong>Non</strong></span> <span class='ocrx_word' id='word_1_876' title='bbox 2495 5223 2618 5294; x_wconf 86' lang='lat' dir='ltr'><strong>quia</strong></span> <span class='ocrx_word' id='word_1_877' title='bbox 2639 5221 3516 5294; x_wconf 42' lang='lat' dir='ltr'><strong>diuturno,aut_annorumnnuntcro</strong></span> 
     </span>
    </p>
   </div>
   <div class='ocr_carea' id='block_1_125' title="bbox 1931 5286 3511 5369">
    <p class='ocr_par' dir='ltr' id='par_1_125' title="bbox 1931 5286 3511 5369">
     <span class='ocr_line' id='line_1_126' title="bbox 1931 5286 3511 5369; baseline -0.011 -16"><span class='ocrx_word' id='word_1_878' title='bbox 1931 5309 2245 5369; x_wconf 87' lang='lat' dir='ltr'><strong>computata,</strong></span> <span class='ocrx_word' id='word_1_879' title='bbox 2265 5297 2358 5350; x_wconf 84' lang='lat' dir='ltr'><strong>sed</strong></span> <span class='ocrx_word' id='word_1_880' title='bbox 2383 5286 2517 5366; x_wconf 65' lang='lat' dir='ltr'><strong>quia</strong></span> <span class='ocrx_word' id='word_1_881' title='bbox 2535 5295 2778 5369; x_wconf 72' lang='lat' dir='ltr'><strong>conisum</strong></span> <span class='ocrx_word' id='word_1_882' title='bbox 2799 5309 2974 5369; x_wconf 83' lang='lat' dir='ltr'><strong>sensus</strong></span> <span class='ocrx_word' id='word_1_883' title='bbox 2997 5291 3220 5369; x_wconf 64' lang='lat' dir='ltr'><strong>[taminia</strong></span> <span class='ocrx_word' id='word_1_884' title='bbox 3241 5286 3511 5369; x_wconf 65' lang='lat' dir='ltr'><strong>(sapuit),</strong></span> 
     </span>
    </p>
   </div>
   <div class='ocr_carea' id='block_1_126' title="bbox 1932 5359 3512 5439">
    <p class='ocr_par' dir='ltr' id='par_1_126' title="bbox 1932 5359 3512 5439">
     <span class='ocr_line' id='line_1_127' title="bbox 1932 5359 3512 5439; baseline -0.009 -14"><span class='ocrx_word' id='word_1_885' title='bbox 1932 5369 1982 5425; x_wconf 91' lang='lat' dir='ltr'><strong>id</strong></span> <span class='ocrx_word' id='word_1_886' title='bbox 2016 5359 2119 5434; x_wconf 53' lang='lat' dir='ltr'><strong>e&#39;-t,</strong></span> <span class='ocrx_word' id='word_1_887' title='bbox 2153 5359 2629 5439; x_wconf 16' lang='lat' dir='ltr'><strong>nta&#39;turifpr‘ovidi</strong></span> <span class='ocrx_word' id='word_1_888' title='bbox 2653 5371 2708 5416; x_wconf 84' lang='lat' dir='ltr'><strong>et</strong></span> <span class='ocrx_word' id='word_1_889' title='bbox 2733 5363 3011 5439; x_wconf 73' lang='lat' dir='ltr'><strong>exercitati</strong></span> <span class='ocrx_word' id='word_1_890' title='bbox 3035 5359 3512 5439; x_wconf 76' lang='lat' dir='ltr'><strong>addiseretionem</strong></span> 
     </span>
    </p>
   </div>
   <div class='ocr_carea' id='block_1_127' title="bbox 1933 5435 3512 5510">
    <p class='ocr_par' dir='ltr' id='par_1_127' title="bbox 1933 5435 3512 5510">
     <span class='ocr_line' id='line_1_128' title="bbox 1933 5435 3512 5510; baseline -0.009 -14"><span class='ocrx_word' id='word_1_891' title='bbox 1933 5441 2058 5496; x_wconf 87' lang='lat' dir='ltr'><strong>boni</strong></span> <span class='ocrx_word' id='word_1_892' title='bbox 2084 5454 2133 5497; x_wconf 87' lang='lat' dir='ltr'><strong>et</strong></span> <span class='ocrx_word' id='word_1_893' title='bbox 2168 5441 2315 5506; x_wconf 86' lang='lat' dir='ltr'><strong>ntali,</strong></span> <span class='ocrx_word' id='word_1_894' title='bbox 2348 5435 2508 5492; x_wconf 46' lang='lat' dir='ltr'><strong>ut&#39;ait</strong></span> <span class='ocrx_word' id='word_1_895' title='bbox 2535 5435 2827 5510; x_wconf 64' lang='lat' dir='ltr'><strong>Apostolus</strong></span> <span class='ocrx_word' id='word_1_896' title='bbox 2855 5436 3003 5501; x_wconf 65' lang='lat' dir='ltr'><strong>(haec</strong></span> <span class='ocrx_word' id='word_1_897' title='bbox 3033 5435 3174 5485; x_wconf 90' lang='lat' dir='ltr'><strong>enim</strong></span> <span class='ocrx_word' id='word_1_898' title='bbox 3203 5445 3334 5510; x_wconf 37' lang='lat' dir='ltr'><strong>vera.</strong></span> <span class='ocrx_word' id='word_1_899' title='bbox 3360 5435 3512 5510; x_wconf 74' lang='lat' dir='ltr'><strong>cani-</strong></span> 
     </span>
    </p>
   </div>
   <div class='ocr_carea' id='block_1_128' title="bbox 1932 5503 3512 5580">
    <p class='ocr_par' dir='ltr' id='par_1_128' title="bbox 1932 5503 3512 5580">
     <span class='ocr_line' id='line_1_129' title="bbox 1932 5503 3512 5580; baseline -0.01 -14"><span class='ocrx_word' id='word_1_900' title='bbox 1932 5513 2063 5578; x_wconf 90' lang='lat' dir='ltr'><strong>ties,</strong></span> <span class='ocrx_word' id='word_1_901' title='bbox 2088 5529 2210 5580; x_wconf 71' lang='lat' dir='ltr'><strong>qua:</strong></span> <span class='ocrx_word' id='word_1_902' title='bbox 2241 5503 2474 5565; x_wconf 89' lang='lat' dir='ltr'><strong>mentem</strong></span> <span class='ocrx_word' id='word_1_903' title='bbox 2509 5505 2740 5580; x_wconf 64' lang='lat' dir='ltr'><strong>ornat);</strong></span> <span class='ocrx_word' id='word_1_904' title='bbox 2769 5515 2815 5557; x_wconf 85' lang='lat' dir='ltr'><strong>et</strong></span> <span class='ocrx_word' id='word_1_905' title='bbox 2838 5514 2962 5580; x_wconf 65' lang='lat' dir='ltr'><strong>tetas</strong></span> <span class='ocrx_word' id='word_1_906' title='bbox 2991 5505 3257 5556; x_wconf 81' lang='lat' dir='ltr'><strong>senectutis</strong></span> <span class='ocrx_word' id='word_1_907' title='bbox 3288 5503 3389 5580; x_wconf 78' lang='lat' dir='ltr'><strong>vita</strong></span> <span class='ocrx_word' id='word_1_908' title='bbox 3404 5503 3512 5580; x_wconf 59' lang='lat' dir='ltr'><strong>im-</strong></span> 
     </span>
    </p>
   </div>
   <div class='ocr_carea' id='block_1_129' title="bbox 1928 5568 3513 5665">
    <p class='ocr_par' dir='ltr' id='par_1_129' title="bbox 1928 5568 3513 5665">
     <span class='ocr_line' id='line_1_130' title="bbox 1928 5568 3513 5665; baseline -0.009 -28"><span class='ocrx_word' id='word_1_909' title='bbox 1928 5568 2189 5638; x_wconf 74' lang='lat' dir='ltr'><strong>maculata</strong></span> <span class='ocrx_word' id='word_1_910' title='bbox 2214 5581 2402 5665; x_wconf 68' lang='lat' dir='ltr'><strong>(Hebr.</strong></span> <span class='ocrx_word' id='word_1_911' title='bbox 2436 5599 2459 5665; x_wconf 58' lang='grc' dir='ltr'>γ</span> <span class='ocrx_word' id='word_1_912' title='bbox 2558 5568 2803 5665; x_wconf 57' lang='grc' dir='ltr'><strong>ςιηξίιξεε,</strong></span> <span class='ocrx_word' id='word_1_913' title='bbox 2830 5580 2903 5629; x_wconf 90' lang='lat' dir='ltr'><strong>ait</strong></span> <span class='ocrx_word' id='word_1_914' title='bbox 2923 5574 3342 5665; x_wconf 49' lang='lat' dir='ltr'><strong>Chrysa-Liminis</strong></span> <span class='ocrx_word' id='word_1_915' title='bbox 3372 5568 3513 5665; x_wconf 73' lang='lat' dir='ltr'><strong>(Ho-</strong></span> 
     </span>
    </p>
   </div>
   <div class='ocr_carea' id='block_1_130' title="bbox 1927 5643 3511 5722">
    <p class='ocr_par' dir='ltr' id='par_1_130' title="bbox 1927 5643 3511 5722">
     <span class='ocr_line' id='line_1_131' title="bbox 1927 5643 3511 5722; baseline -0.008 -15"><span class='ocrx_word' id='word_1_916' title='bbox 1927 5659 2036 5710; x_wconf 83' lang='lat' dir='ltr'><strong>mil.</strong></span> <span class='ocrx_word' id='word_1_917' title='bbox 2064 5657 2093 5710; x_wconf 89' lang='lat'><strong>7</strong></span> <span class='ocrx_word' id='word_1_918' title='bbox 2115 5658 2167 5708; x_wconf 90' lang='lat' dir='ltr'><strong>in</strong></span> <span class='ocrx_word' id='word_1_919' title='bbox 2192 5643 2362 5722; x_wconf 76' lang='lat' dir='ltr'><strong>Epist.</strong></span> <span class='ocrx_word' id='word_1_920' title='bbox 2384 5650 2451 5704; x_wconf 89' lang='lat' dir='ltr'><strong>ad</strong></span> <span class='ocrx_word' id='word_1_921' title='bbox 2483 5643 2696 5722; x_wconf 73' lang='lat' dir='ltr'><strong>Helm),</strong></span> <span class='ocrx_word' id='word_1_922' title='bbox 2724 5656 2844 5700; x_wconf 82' lang='lat' dir='ltr'><strong>tunc</strong></span> <span class='ocrx_word' id='word_1_923' title='bbox 2869 5656 2938 5701; x_wconf 85' lang='lat' dir='ltr'><strong>est</strong></span> <span class='ocrx_word' id='word_1_924' title='bbox 2963 5643 3511 5722; x_wconf 74' lang='lat' dir='ltr'><strong>uenerabil_ts,quantlo</strong></span> 
     </span>
    </p>
   </div>
   <div class='ocr_carea' id='block_1_131' title="bbox 1925 5717 3513 5798">
    <p class='ocr_par' dir='ltr' id='par_1_131' title="bbox 1925 5717 3513 5798">
     <span class='ocr_line' id='line_1_132' title="bbox 1925 5717 3513 5798; baseline -0.005 -20"><span class='ocrx_word' id='word_1_925' title='bbox 1925 5741 1986 5778; x_wconf 88' lang='lat' dir='ltr'><strong>ea</strong></span> <span class='ocrx_word' id='word_1_926' title='bbox 2004 5729 2132 5798; x_wconf 84' lang='lat' dir='ltr'><strong>gerit</strong></span> <span class='ocrx_word' id='word_1_927' title='bbox 2152 5717 2266 5795; x_wconf 52' lang='lat' dir='ltr'><strong>quae</strong></span> <span class='ocrx_word' id='word_1_928' title='bbox 2285 5723 2527 5798; x_wconf 75' lang='lat' dir='ltr'><strong>canitiem</strong></span> <span class='ocrx_word' id='word_1_929' title='bbox 2548 5721 2760 5798; x_wconf 66' lang='lat' dir='ltr'><strong>decent;</strong></span> <span class='ocrx_word' id='word_1_930' title='bbox 2783 5735 2900 5798; x_wconf 80' lang='lat' dir='ltr'><strong>cum</strong></span> <span class='ocrx_word' id='word_1_931' title='bbox 2922 5733 3038 5798; x_wconf 69' lang='lat' dir='ltr'><strong>uero</strong></span> <span class='ocrx_word' id='word_1_932' title='bbox 3057 5717 3335 5798; x_wconf 58' lang='lat' dir='ltr'><strong>iuuenili“:</strong></span> <span class='ocrx_word' id='word_1_933' title='bbox 3361 5731 3513 5798; x_wconf 57' lang='lat' dir='ltr'><strong>senex</strong></span> 
     </span>
    </p>
   </div>
   <div class='ocr_carea' id='block_1_132' title="bbox 1927 5788 3512 5868">
    <p class='ocr_par' dir='ltr' id='par_1_132' title="bbox 1927 5788 3512 5868">
     <span class='ocr_line' id='line_1_133' title="bbox 1927 5788 3512 5868; baseline -0.004 -19"><span class='ocrx_word' id='word_1_934' title='bbox 1927 5788 2276 5863; x_wconf 72' lang='lat' dir='ltr'><strong>conversatur,</strong></span> <span class='ocrx_word' id='word_1_935' title='bbox 2304 5796 2423 5868; x_wconf 67' lang='lat' dir='ltr'><strong>plus</strong></span> <span class='ocrx_word' id='word_1_936' title='bbox 2457 5788 2735 5868; x_wconf 73' lang='lat' dir='ltr'><strong>juvenibus</strong></span> <span class='ocrx_word' id='word_1_937' title='bbox 2759 5789 3017 5868; x_wconf 70' lang='lat' dir='ltr'><strong>ridiculus</strong></span> <span class='ocrx_word' id='word_1_938' title='bbox 3052 5792 3178 5868; x_wconf 62' lang='lat' dir='ltr'><strong>erit.</strong></span> <span class='ocrx_word' id='word_1_939' title='bbox 3201 5789 3334 5846; x_wconf 85' lang='lat' dir='ltr'><strong>Hinc</strong></span> <span class='ocrx_word' id='word_1_940' title='bbox 3367 5790 3512 5868; x_wconf 47' lang='lat' dir='ltr'><strong>bipe-</strong></span> 
     </span>
    </p>
   </div>
   <div class='ocr_carea' id='block_1_133' title="bbox 1926 5860 3510 5932">
    <p class='ocr_par' dir='ltr' id='par_1_133' title="bbox 1926 5860 3510 5932">
     <span class='ocr_line' id='line_1_134' title="bbox 1926 5860 3510 5932; baseline -0.006 -10"><span class='ocrx_word' id='word_1_941' title='bbox 1926 5868 2099 5924; x_wconf 86' lang='lat' dir='ltr'><strong>stolus</strong></span> <span class='ocrx_word' id='word_1_942' title='bbox 2130 5860 2472 5925; x_wconf 61' lang='lat' dir='ltr'><strong>sencs&#39;scrio&#39;</strong></span> <span class='ocrx_word' id='word_1_943' title='bbox 2510 5864 2768 5922; x_wconf 80' lang='lat' dir='ltr'><strong>adInOnet</strong></span> <span class='ocrx_word' id='word_1_944' title='bbox 2793 5901 2807 5929; x_wconf 89' lang='lat'><strong>,</strong></span> <span class='ocrx_word' id='word_1_945' title='bbox 2840 5871 2894 5915; x_wconf 87' lang='lat' dir='ltr'><strong>ut</strong></span> <span class='ocrx_word' id='word_1_946' title='bbox 2945 5860 3099 5916; x_wconf 77' lang='lat' dir='ltr'><strong>sobrii</strong></span> <span class='ocrx_word' id='word_1_947' title='bbox 3133 5862 3268 5932; x_wconf 89' lang='lat' dir='ltr'><strong>sint,</strong></span> <span class='ocrx_word' id='word_1_948' title='bbox 3300 5865 3510 5931; x_wconf 78' lang='lat' dir='ltr'><strong>pmtrct,</strong></span> 
     </span>
    </p>
   </div>
  </div>
