4014 6200
356 558 359 565 ,
446 497 732 568 stipendiis
762 490 1071 549 tnetiendte.
1123 497 1150 525 ι
1199 488 1329 555 Quae
1376 489 1510 542 enim
1558 504 1658 542 non
1693 489 2040 560 congregasti,

3266 248 3293 284 ἒ

446 290 554 351 sis
860 339 862 341 .
1469 277 1756 337 JOANNIS
1797 246 2107 336 CASSIANI
2146 272 2637 333 COLLATIONES.
3266 248 3293 284 "
3626 270 3744 326 ass

445 407 541 465 sed
575 399 843 461 industria
889 395 1186 467 iuventutis
1234 408 1297 449 ac
1342 394 1739 464 praeteritomm
1790 394 2037 449 laborum
2067 398 2119 460 Α
2144 393 2210 449 ad
2239 392 2401 449 vitam
2432 390 2802 463 perfectionis,
2827 390 2907 447 vel
2932 390 3045 472 suis
3066 388 3152 445 vel
3179 387 3407 443 aliorum
3437 394 3743 457 potuerunt

2148 486 2373 542 monitis
2415 486 2665 552 incitari,
2715 486 3037 541 subvertere
3081 498 3144 538 ac
3186 482 3441 552 decipere
3472 481 3741 550 exemplis

2146 594 2330 635 eorum
2356 577 2692 634 fraudulenta
2713 578 3010 632 subtilitate
3036 576 3275 639 festinat;
3298 576 3383 629 vel
3410 576 3461 627 in
3490 583 3743 642 teporem

2147 686 2265 737 eos,
2293 671 2502 725 scilicet
2531 670 2776 733 noxium,
2811 670 2896 724 vel
2942 670 2994 723 in
3028 668 3282 723 lethalem
3306 667 3751 735 desperationem

2148 777 2335 819 eorum
2360 762 2622 818 doctrinis
2664 762 3036 830 institutisque
3083 762 3407 832 perducens.
3451 758 3615 829 Cujus
3669 761 3757 813 rei

2149 857 2335 913 volens
2360 858 2606 924 prolerrc
2624 856 2779 912 vobis
2805 857 3076 924 exempla,
3104 856 3340 910 auctoris
3363 854 3582 908 nomine
3603 868 3759 922 pra:-

452 590 655 660 inquit,
706 588 762 639 in
800 592 1085 655 iuventute,
1136 582 1394 651 quomodo
1438 581 1658 634 invenies
1692 581 1748 634 in
1787 591 2046 634 senectute

453 695 545 739 tua
576 681 759 751 (Eccl.
794 679 974 747 xxv)?
1008 676 1255 733 Senectus
1285 677 1419 731 enim
1465 675 1771 729 venerabilis
1811 684 1905 739 est,
1938 690 2044 728 non

454 779 735 841 diuturna,
786 790 949 845 neque
988 787 1201 826 numero
1246 786 1504 825 annorum
1544 777 1865 840 computata.
1915 766 2046 821 Cani

456 870 591 924 enim
619 875 735 921 sunt
763 881 944 920 sensus
984 863 1226 929 hominis,
1267 870 1312 916 et
1354 872 1481 916 tetas
1511 862 1783 915 senectutis
1824 860 1924 913 vita
1949 859 2045 912 im-

458 962 725 1017 maculata
760 958 1030 1030 (Sapient.
1073 954 1171 1025 tv).
1216 954 1282 1010 Et
1325 938 1525 1009 idcirco
1558 968 1666 1008 non
1696 956 1937 1007 omnium
1964 966 2049 1007 se-

460 1057 717 1120 niorum,
775 1066 1006 1122 quorum
1062 1050 1235 1118 capita
1296 1045 1528 1104 canities
1574 1047 1745 1116 tegit,
1805 1060 2048 1116 quosque

458 1148 585 1203 vita:
614 1146 932 1216 longaevitas
961 1143 1076 1198 sola
1100 1139 1466 1205 commendat,
1499 1139 1657 1194 nobis
1684 1150 1811 1193 sunt
1834 1136 2052 1192 imitan-

459 1240 526 1297 da
552 1239 781 1310 vestigia
812 1238 897 1292 vel
928 1236 1218 1300 sectanda,
1265 1248 1360 1290 seu
1395 1231 1717 1288 traditiones
1757 1247 1821 1286 ac
1850 1232 2051 1286 monita

458 1331 833 1404 suscipienda,
883 1330 911 1369 δ
954 1330 1050 1386 sed
1098 1344 1285 1385 eorum
1326 1342 1462 1398 quos
1502 1326 1845 1382 laudabiliter
1886 1328 2051 1380 vitam

461 1441 613 1483 suam
643 1439 708 1481 ac
738 1422 1118 1494 probatissime
1149 1419 1516 1490 comperimus
1561 1419 1614 1473 in
1652 1417 1937 1488 iuventute
1979 1417 2054 1472 si-

460 1534 679 1591 gnasse,
707 1533 807 1574 nec
836 1515 1347 1587 praesumptionibus
1376 1513 1638 1585 propriis,
1667 1513 1763 1568 sed
1789 1512 2053 1582 majorum

462 1610 845 1668 traditionibus
868 1610 1171 1664 institutos.
1198 1607 1337 1663 Sunt
1355 1607 1501 1662 enim
1524 1603 1795 1669 nonnulli,
1820 1618 2054 1673 quorum

464 1703 625 1759 etiam
648 1745 663 1769 ,
694 1700 837 1772 quod
867 1712 951 1755 est
983 1699 1281 1769 lugubrius,
1312 1698 1486 1768 major
1511 1706 1594 1753 est
1620 1695 1929 1763 multitudo,
1961 1696 2053 1767 qui

2152 951 2407 1007 termisso
2431 949 2523 1023 (ne
2554 964 2654 1005 nos
2682 964 2901 1019 quoque
2922 949 3068 1004 illius
3095 949 3185 1019 qui
3212 948 3475 1016 patefacta
3500 947 3598 1001 sibi
3632 947 3743 999 ira-

2152 1043 2250 1099 tris
2276 1043 2403 1097 vitia
2429 1042 2741 1112 publicavit,
2773 1042 2951 1097 simile
2974 1041 3179 1112 aliquid
3200 1039 3593 1111 admittamus),
3629 1054 3760 1093 rem

2154 1144 2364 1191 tantum
2401 1142 2631 1205 gestam,
2662 1150 2784 1205 quze
2806 1134 3225 1190 instructionem
3258 1132 3621 1188 necessariam
3655 1147 3770 1185 vo-

2154 1228 2237 1283 bis
2279 1226 2531 1283 conlerre
2574 1228 2775 1294 possit,
2810 1226 2997 1294 paucis
3041 1240 3332 1294 exponam.
3365 1223 3391 1261 ά
3420 1222 3555 1279 Cum
3585 1222 3769 1292 igitur

2155 1321 2222 1375 ad
2252 1335 2436 1376 senem
2468 1319 2756 1390 quemdam
2802 1318 2961 1373 nobis
2985 1318 3190 1388 optime
3219 1318 3494 1385 cognitum
3523 1314 3767 1384 quidam

2158 1428 2264 1469 non
2298 1412 2771 1484 ignavissimorum
2796 1411 3059 1482 iuvenum
3093 1408 3368 1480 prolectus
3395 1408 3478 1463 sui
3510 1418 3565 1462 et
3593 1423 3768 1460 cura-

2158 1507 2320 1562 tionis
2365 1507 2538 1578 gratia
2592 1504 2942 1576 perrexisset,
2975 1514 3031 1559 et
3071 1513 3095 1541 ο
3123 1503 3432 1557 carnalibus
3464 1501 3771 1556 incentivis

2157 1613 2223 1654 ac
2252 1598 2622 1654 fornicationis
2663 1595 2855 1668 spiritu
2899 1593 3253 1661 semetipsum
3294 1592 3575 1661 inquietati
3620 1591 3769 1645 siut-

2160 1691 2372 1762 pliciter
2408 1690 2773 1763 prodidisset,
2818 1687 3245 1745 consolationem
3272 1685 3509 1742 credens
3556 1683 3779 1737 labori-

465 1792 521 1848 in
554 1780 866 1862 tepore‘suo
884 1805 1044 1861 quem
1067 1788 1136 1845 ab
1156 1789 1520 1844 adolescentia
1546 1802 1641 1843 sua
1663 1796 2052 1859 conceperunt,
2086 1784 2134 1846 Β
2163 1785 2263 1840 bus
2292 1784 2403 1839 suis
2430 1783 2677 1838 oratione
2704 1780 2857 1836 senis
2897 1790 2952 1834 et
2989 1777 3233 1834 remedia
3270 1774 3492 1831 inﬂictis
3520 1773 3779 1829 vulneri-

466 1894 627 1956 atque
649 1886 857 1955 ignavia
884 1893 1253 1949 senescentes,
1276 1881 1663 1938 auctoritatem
1692 1880 1797 1936 sibi
1822 1898 1927 1937 non
1952 1896 2059 1937 ma-

467 1979 688 2035 turitate
718 1993 951 2043 morum,
984 1977 1081 2033 sed
1109 1991 1374 2033 annorum
1408 1974 1799 2030 numerositate
1825 1977 2057 2046 conqui-

468 2077 594 2125 runt
616 2068 779 2140 (Vide
795 2067 971 2123 collat.
992 2068 1082 2137 ει,
1101 2084 1150 2122 c.
1174 2065 1251 2137 l).
1277 2067 1351 2122 De
1371 2066 1569 2138 quibus
1590 2066 1945 2137 exprobratio
1964 2067 2057 2122 illa

468 2162 682 2218 Domini
698 2161 916 2232 proprie
930 2163 1064 2217 satis
1075 2161 1324 2232 dirigitur
1338 2175 1435 2231 per
1448 2159 1777 2231 Prophetam
1787 2203 1802 2227 ,
1821 2160 1887 2214 Et
1899 2177 2059 2216 come-

468 2256 654 2311 derunt
668 2257 825 2311 alieni
837 2256 997 2311 robur
1011 2260 1146 2329 ejus,
1162 2265 1210 2311 et
1226 2257 1337 2327 ipse
1352 2255 1588 2321 nescivit;
1601 2254 1692 2311 sed
1708 2264 1756 2310 et
1770 2258 1886 2309 cani
1904 2255 1981 2323 eli
1976 2257 2058 2311 usi

468 2360 588 2406 sunt
611 2352 665 2406 in
692 2367 772 2417 eo,
806 2364 854 2407 et
879 2353 987 2423 ipse
1006 2351 1263 2424 ignoravit
1293 2349 1441 2416 (Ose.
1469 2352 1602 2420 vtt).
1640 2350 1771 2418 Hos,
1799 2350 2052 2421 inquam,

469 2442 526 2499 in
554 2444 860 2514 exemplum
886 2443 1211 2513 junioribus,
1234 2458 1340 2498 non
1370 2444 1497 2498 vitae
1527 2442 1791 2513 probitas,
1824 2458 1925 2499 nec
1947 2442 2057 2498 ulla

470 2535 732 2609 propositi
762 2535 919 2606 huius
952 2534 1234 2592 laudabilis
1264 2544 1425 2606 atque
1465 2535 1723 2591 imitanda
1763 2535 2053 2605 districtio,

473 2626 569 2683 scd
595 2627 870 2683 annositas
908 2627 1021 2682 sola
1058 2627 1326 2699 provexit.
1356 2627 1596 2695 Quorum
1619 2628 1876 2683 canitiem
1908 2628 2060 2684 calli-

475 2719 730 2776 dissimtts
779 2720 1076 2790 inimicus,
1128 2719 1195 2774 ad
1252 2719 1625 2788 deceptionem
1666 2719 1943 2790 iuniorum
2005 2720 2056 2776 in

480 2824 504 2854 ε
534 2812 882 2886 praeiudicata
911 2814 1232 2871 auctoritate
1260 2828 1591 2886 proponens,
1614 2815 1779 2871 etiam
1822 2816 1946 2871 illos
1966 2818 2059 2887 qui

2164 1888 2262 1943 bus
2305 1895 2648 1957 reperturum
2668 1925 2684 1950 ,
2718 1883 2809 1938 ille
2835 1880 3190 1936 amarissimis
3215 1894 3337 1934 eum
3368 1875 3553 1932 verbis
3583 1876 3768 1930 incre-

2161 2006 2316 2062 pans,
2341 1988 2706 2045 miserabilem
2729 1994 2783 2042 et
2800 1985 3102 2054 indignum,
3129 1997 3228 2038 nec
3260 1980 3515 2037 monachi
3537 1978 3775 2034 nomine

2159 2092 2494 2150 censendum
2523 2104 2643 2145 esse
2664 2085 3048 2161 pronuntians,
3071 2084 3163 2155 qui
3186 2082 3423 2155 potuerit
3446 2076 3775 2150 huiusmodi

2161 2198 2298 2253 vitio
2327 2205 2380 2253 et
2409 2192 2847 2264 concupiscentia
2891 2188 3135 2255 titillari,
3185 2188 3259 2242 ita
3298 2186 3411 2242 suis
3447 2183 3771 2239 econtrario

2161 2296 2600 2368 correptionibus
2640 2292 2976 2356 vulneravit,
3007 2299 3066 2346 ut
3092 2305 3215 2345 eum
3251 2302 3463 2343 summa
3492 2285 3771 2355 despera-

2164 2404 2309 2459 tione
2368 2400 2641 2470 dejectum
2700 2404 3064 2464 mmstumque
3119 2388 3407 2445 admodum
3454 2400 3521 2440 ac
3575 2384 3779 2439 letltali

2162 2506 2382 2564 tristitia
2422 2509 2831 2559 consternatum
2878 2512 2911 2553 e
2949 2511 3048 2552 sua
3077 2494 3371 2550 dimitteret
3410 2488 3568 2545 cella.
3600 2485 3778 2542 Cum-

2163 2624 2267 2683 que
2296 2609 2346 2664 ei
2377 2608 2431 2663 in
2460 2606 2550 2661 tali
2578 2616 2812 2659 maerore
2833 2600 3118 2670 depresso,
3147 2610 3246 2651 nec
3271 2594 3383 2663 iam
3413 2591 3484 2649 de
3520 2588 3776 2646 remedio

2166 2708 2471 2784 passionis,
2511 2703 2607 2761 sed
2658 2703 2727 2757 de
2773 2699 3091 2770 expletione
3139 2703 3421 2761 conceptae
3470 2687 3777 2758 concupis-

2163 2814 2357 2872 centiae
2414 2806 2684 2881 profunda
2737 2802 3066 2876 cogitatione
3126 2794 3426 2861 tractanti,
3498 2791 3519 2831 ί
3584 2790 3775 2847 Abbas

1547 2930 1803 2986 ALARDI
1843 2930 2077 2987 GAZ/El
2119 2922 2700 2986 COMMENTARIUS.

480 3050 775 3121 prudentes,
798 3046 995 3121 saniin
1021 3046 1148 3121 ﬁde,
1178 3047 1231 3100 in
1256 3045 1630 3121 dile_ctione,in
1651 3047 1901 3121 patientia
1930 3044 2060 3121 (Tit,

483 3116 567 3187 11).
598 3118 662 3172 Et
691 3127 849 3172 acute
889 3117 1024 3172 dixit
1062 3118 1266 3173 Seneca
1304 3116 1510 3188 (Epist.
1550 3116 1615 3186 1)
1638 3157 1655 3182 ,
1688 3116 1775 3170 vix
1807 3117 2067 3185 appellari

483 3203 645 3260 posse
670 3203 830 3243 senes
852 3189 997 3253 illos,
1041 3189 1094 3243 in
1125 3188 1322 3260 quibus
1350 3200 1539 3260 exacta
1566 3190 1678 3256 iam
1722 3191 1950 3257 pueritia
1982 3203 2069 3243 re-

486 3259 700 3331 inanet,
732 3261 877 3331 quod
907 3260 1126 3329 gravius
1147 3259 1238 3315 est
1262 3300 1275 3322 .
1310 3259 1611 3331 puerilitas.

560 3340 584 3402 εξ
614 3329 870 3402 Egregius
885 3344 969 3387 est
995 3331 1551 3395 locusEchesiastici,
1568 3330 1749 3398 plures
1773 3329 2073 3386 sententias

486 3400 678 3458 eodem
723 3410 1072 3472 spectantes,
1128 3413 1183 3457 et
1234 3404 1615 3472 concatenatas
1666 3401 2075 3470 complectens:

488 3473 717 3543 proinde
744 3470 887 3529 totus
928 3473 1013 3527 ltic
1055 3470 1373 3529 referendus
1407 3490 1419 3524 :
1459 3470 1617 3540 Tres,
1651 3472 1854 3541 inqttit,
1885 3473 2081 3543 species

491 3542 649 3598 adivit
676 3545 853 3597 anima
895 3560 1027 3615 mea,
1071 3552 1118 3597 et
1149 3560 1421 3615 aggravor
1446 3542 1595 3597 valde
1635 3543 2083 3615 animwgillgrum

492 3561 649 3598 oannt
676 3561 853 3597 anima
895 3561 1027 3613 utea,
1071 3561 1118 3597 et
1149 3562 1212 3615 ag
1252 3561 1401 3598 ravor
1446 3561 1595 3597 ratae
1635 3561 1820 3597 anima:
1869 3561 2083 3597 tuorum

492 3615 614 3681 (pro
643 3630 752 3684 quo
784 3616 884 3669 70:
916 3614 979 3668 Et
1002 3617 1172 3684 gravis
1201 3561 1275 3685 ﬂii
1307 3614 1453 3669 valde
1479 3611 1861 3681 vitteillorunt)
1888 3633 1901 3667 :
1934 3613 2083 3668 Pau-

494 3701 663 3756 perem
689 3686 995 3758 superbum,
1027 3686 1231 3741 divitem
1260 3686 1577 3751 mendacem,
1608 3702 1780 3739 senem
1810 3686 2007 3755 fatuum
2037 3695 2083 3758 et

492 3756 834 3812 insensatum.
884 3756 1014 3824 Qua:
1054 3758 1106 3811 in
1140 3761 1411 3829 juventute
1461 3770 1553 3810 tua
1595 3772 1697 3829 non
1742 3756 2084 3827 eongregasti,

496 3828 752 3896 quomodo
798 3829 852 3882 in
901 3827 1156 3882 senectute
1198 3839 1289 3883 tua
1317 3829 1586 3883 invenies?
1612 3827 1777 3893 Quam
1801 3830 2087 3896 speciosum

498 3900 701 3973 canitiei
722 3900 1006 3973 judicium,
1036 3908 1083 3953 et
1111 3901 1413 3973 presbyteris
1446 3916 1750 3973 cognoscere
1780 3898 2089 3973 consilium!

503 3967 669 4042 Quam
700 3967 1213 4042 speciosaveteranis
1245 3967 1527 4041 sapientia;
1557 3982 1607 4025 et
1653 3970 1897 4042 gloriosis
1932 3969 2090 4025 intel-

505 4039 684 4105 lectus,
719 4051 762 4093 et
788 4039 1102 4093 consilium!
1133 4039 1337 4095 Corona
1373 4058 1549 4096 senum
1594 4039 1757 4095 multa
1788 4043 2004 4110 peritia,
2039 4047 2090 4093 et

503 4110 669 4179 gloria
697 4110 905 4164 illorum
935 4111 1086 4163 timor
1114 4110 1230 4165 Dei.

581 4180 606 4218 δ
638 4180 796 4234 Tales
846 4180 921 4234 illi
953 4194 1114 4235 senes
1153 4196 1279 4235 vere
1311 4181 1573 4250 religiosi,
1619 4190 1675 4235 et
1721 4196 1827 4235 non
1862 4188 1965 4233 tam
2002 4194 2091 4234 ca-

512 4250 643 4304 nitie
673 4266 830 4317 quam
861 4252 1062 4304 virtute
1104 4251 1431 4316 venerandi,
1463 4253 1629 4305 immo
1658 4250 1990 4311 admirandi,
2024 4250 2091 4305 de

508 4321 705 4390 quibus
739 4318 976 4375 Joannes
998 4321 1265 4375 Climacus
1292 4324 1461 4391 gradu
1489 4320 1523 4374 4
1548 4340 1561 4374 :
1596 4319 1822 4375 Plurimi
1846 4360 1860 4385 ,
1897 4322 2088 4390 inquit,

511 4390 883 4462 apudsanctos
926 4391 1044 4444 illos
1070 4392 1204 4445 viros
1232 4390 1536 4462 deprehensi
1562 4402 1681 4445 sunt
1710 4401 1830 4445 actu
1857 4433 1871 4452 ,
1901 4401 1948 4446 et
1973 4409 2091 4462 spe-

511 4409 650 4459 apua
675 4409 883 4444 sanctos
926 4409 1044 4444 tuos
1070 4409 1204 4445 viros
1232 4409 1536 4462 aeprenenst
1562 4409 1681 4445 sunt
1710 4409 1830 4445 actu
1857 4433 1871 4452 ,
1901 4409 1948 4446 et
1973 4410 1995 4444 s
2035 4409 2090 4445 e-

507 4461 785 4532 culatione,
815 4461 1235 4532 districtioneque
1272 4472 1317 4517 et
1346 4462 1636 4516 humilitate
1680 4461 1958 4516 mirabiles.
1995 4409 2090 4515 βί-

513 4534 657 4585 deres
682 4531 736 4585 in
768 4532 838 4586 eis
865 4531 1089 4586 terribile
1114 4531 1395 4601 quoddam,
1422 4534 1805 4602 angelicumque
1831 4542 2092 4603 spectacu-

516 4604 642 4675 lum,
671 4618 813 4655 senes
840 4603 1025 4656 canitie
1054 4605 1313 4666 verendos,
1336 4604 1633 4673 augustiore
1660 4604 1790 4675 facie
1814 4604 2092 4675 infantium

514 4673 568 4726 in
598 4687 789 4726 morem
819 4676 887 4727 ad
922 4674 1257 4728 obediendum
1283 4690 1476 4741 semper
1499 4673 1718 4743 paratos~
1755 4676 1848 4727 ‘tuc
1868 4674 2092 4744 illucque

513 4744 823 4807 discurrere,
846 4746 1162 4815 gloriamque
1200 4744 1295 4797 sibi
1321 4745 1596 4797 maximam
1624 4761 1714 4813 per
1752 4745 2092 4798 humilitatem

516 4814 859 4881 comparare.’
880 4815 998 4869 Vidi
1031 4814 1140 4868 illic
1164 4818 1295 4868 viros
1319 4815 1693 4884 quinquaginta
1717 4815 1822 4883 fere
1851 4831 2010 4868 annos
2039 4816 2091 4869 in

518 4885 817 4941 obedientite
864 4888 1140 4940 certamine
1169 4887 1353 4955 egisse,
1394 4900 1425 4937 a
1468 4887 1651 4956 quibus
1682 4902 1799 4939 cum
1829 4884 2093 4939 addiscere

519 4972 739 5017 orarem.
763 4974 915 5029 quant
942 4972 1005 5011 ea:
1031 4958 1202 5029 labore
1226 4958 1321 5009 ista
1349 4958 1774 5022 consolationem,
1794 4971 2093 5029 quempre-

518 5029 707 5099 fectum
728 5026 1074 5091 invenissent;
1099 5028 1190 5081 alii
1215 5029 1418 5097 quidem
1445 5030 1501 5080 in
1525 5030 1761 5097 abyssum
1782 5026 2092 5080 humilitatis

513 5104 625 5173 jam
655 5115 709 5153 se
749 5100 1031 5173 pervenisse
1068 5099 1338 5162 dicebant,
1392 5113 1480 5166 per
1522 5115 1675 5173 quam
1721 5100 1909 5151 bellant
1948 5113 2095 5152 omne

519 5169 716 5241 semper
743 5169 1065 5225 excluderent
1091 5185 1151 5223 ac
1178 5178 1513 5241 superarent;
1543 5169 1635 5223 alii
1664 5185 1870 5223 sensum
1895 5184 2095 5241 omnem

525 5239 716 5294 laboris
737 5251 782 5294 et
804 5240 997 5295 doloris
1017 5241 1073 5292 in
1095 5239 1376 5292 maledictis
1394 5248 1443 5291 et
1466 5241 1787 5294 contumeliis
1807 5256 1858 5293 se
1880 5239 2099 5309 perfecte

520 5313 721 5366 exitisse
745 5311 997 5365 dicebant.
1034 5310 1156 5364 Vidi
1184 5310 1314 5363 alius
1334 5326 1398 5364 ea:
1421 5310 1526 5364 illis
1540 5320 1730 5365 aeterne
1756 5311 2097 5363 memorandis

521 5383 662 5447 viris,
696 5383 926 5451 angelico
963 5392 1191 5448 aspectu,
1224 5382 1612 5447 venerandaque
1655 5381 1839 5433 canitie
1874 5382 1947 5451 ad
1970 5395 2095 5451 pro-

522 5450 882 5520 fundissimam
923 5452 1288 5515 innocentiant,
1331 5451 1812 5520 simplicitatemque
1837 5450 2100 5519 sapientia:

524 5519 893 5593 plenissimam,
924 5539 1123 5575 summa
1152 5521 1419 5577 alacritate
1444 5523 1695 5591 propositi
1724 5519 1920 5589 Deique
1944 5520 2099 5593 adju-

526 5591 657 5645 torio
678 5594 965 5660 qutcsitam,
995 5609 1097 5646 non
1125 5593 1529 5645 irrationabilem
1556 5593 1862 5661 quamdam,
1900 5599 1946 5644 et
1973 5591 2101 5643 insi-

529 5663 728 5730 pidam,
751 5671 807 5714 ut
827 5663 881 5715 in
900 5665 1074 5715 steculi
1094 5664 1296 5715 senibus
1318 5664 1561 5733 contingit
1583 5664 1778 5734 (quales
1800 5663 1986 5715 deliros
2009 5677 2099 5715 va-

526 5747 644 5802 care
668 5734 873 5797 solent),
896 5734 1198 5798 pervcnisse,
1214 5735 1525 5785 extrinsecus
1548 5734 1754 5802 quidem
1780 5735 1924 5785 mites
1946 5744 2096 5797 totos,

529 5800 767 5864 blandos,
796 5802 1048 5866 placidos,
1080 5803 1247 5866 littus,
1271 5801 1403 5853 nihil
1430 5800 1629 5868 ﬁctum,
1660 5804 1791 5857 nihil
1820 5805 2098 5874 negligens,

2122 4649 2172 4710 D

2176 3043 2310 3097 niltil
2338 3038 2715 3100 adulterinum,
2738 3034 2793 3087 in
2822 3031 2926 3085 suis
2954 3028 3117 3084 verbis
3138 3035 3227 3080 aut
3249 3023 3475 3100 moribus
3508 3023 3777 3100 habentes,

2174 3096 2515 3184 remiquiAdem
2545 3123 2662 3180 qua:
2692 3096 2745 3159 in
2778 3104 2955 3172 paucis
2986 3100 3279 3184 invenitur;
3307 3096 3531 3184 iit-terius
3561 3110 3680 3149 vero
3720 3096 3777 3148 in

2176 3171 2348 3239 animo
2380 3171 2745 3244 Deum'ipsum
2773 3171 2833 3228 ac
2869 3173 3141 3245 prwlatum
3180 3171 3459 3245 infantium
3492 3171 3548 3220 in
3587 3182 3779 3245 moreris

2099 3263 2144 3326 C
2174 3238 2474 3317 ambientes,
2502 3238 2782 3326 mentisque
2809 3238 3245 3326 aciemadversus
3271 3238 3777 3326 dce‘monesuetAt-itia

2182 3309 2435 3382 audacem
2461 3309 2930 3392 ﬁrmissimumque
2972 3316 3312 3392 intendentes.
3355 3309 3448 3392 Si_c
3495 3309 3590 3392 ille
3607 3322 3776 3392 senes

2186 3377 2320 3453 iiiis
2340 3377 2625 3463 religiosos
2654 3377 2946 3463 imitandos
2977 3396 3031 3463 et
3058 3384 3368 3463 audiendps‘
3386 3381 3664 3463 describit.
3693 3377 3775 3432 De

2189 3451 2394 3524 honore
2425 3451 2479 3519 ei
2508 3460 2862 3517 veneratione
2889 3456 3196 3512 senioribus
3219 3451 3529 3508 exhibenda
3551 3466 3615 3503 ex
3639 3463 3772 3517 pra-

2186 3540 2392 3605 scripto
2435 3536 2651 3604 Regulae
2694 3532 2756 3605 _D.
2806 3528 3101 3591 Benedicti,
3131 3526 3257 3580 vide
3300 3524 3771 3579 Turrecrematum

2187 3602 2342 3667 tract.
2373 3609 2443 3665 50
2470 3602 2537 3661 ini
2554 3602 2821 3660 eamdem.
3158 3667 3169 3670 _
3323 3665 3336 3670 _
3378 3663 3407 3670 _
3451 3663 3464 3670 _
3605 3660 3647 3670 η

2264 3661 2771 3735 ένῦίίιὶθτοηγιιιυς
2800 3672 2856 3727 in
2885 3685 3004 3735 cap.
3040 3684 3058 3723 1
3087 3667 3245 3730 epist.
3272 3665 3337 3720 ad
3368 3663 3527 3720 Galat
3552 3681 3566 3717 :
3598 3661 3774 3732 Neque

2264 3691 2287 3720 ε
2316 3690 2380 3734 υ.
2415 3690 2610 3733 Illel'Oll
2655 3690 2771 3727 tuus
2800 3690 2856 3727 In
2885 3690 3004 3735 ρει).
3041 3690 3058 3723 ι
3087 3690 3245 3730 Βιηδι.
3272 3690 3337 3720 au
3368 3690 3527 3720 Uillill
3552 3690 3566 3717 ;
3598 3690 3637 3716 u
3651 3690 3771 3732 eque

2187 3768 2308 3807 vero
2341 3766 2480 3804 more
2509 3690 2852 3817 Pythagorico
2891 3739 3139 3817 quidquid
3186 3738 3552 3817 responderant
3586 3745 3771 3817 rectum

2191 3804 2423 3893 putabat,
2448 3835 2539 3893 nec
2556 3804 3557 3893 ‘sineratione'prtejudieataapudeam
3578 3804 3771 3893 rat-ebut

2190 3881 2489 3949 auctoritas.
2519 3890 2591 3944 Ita
2618 3886 2929 3955 llieronym.
2957 3881 3309 3955 Prwjudicata
3340 3881 3520 3947 itaque
3550 3881 3772 3929 auctori-

2192 3974 2324 4028 tate,
2353 3963 2404 4017 id
2432 3971 2513 4016 est
2534 4002 2550 4027 ,
2583 3959 2724 4012 male
2748 3951 3078 4028 praesumpta
3100 3951 3183 4028 ob
3202 3951 3375 4004 solam
3402 3956 3729 4028 senectutem
3747 3987 3764 4012 ,

2191 4022 2331 4090 sicut
2353 4033 2497 4089 enim
2523 4022 2688 4083 causa
2714 4022 3059 4097 praeiudicata
3081 4022 3280 4075 dicitur
3301 4034 3423 4099 qtae
3447 4026 3768 4099 praesumpta

2193 4106 2446 4173 opinione
2483 4090 2742 4173 damnata
2773 4090 2891 4162 es't,
2939 4106 3068 4173 ante
3093 4092 3441 4173 sententiam
3475 4090 3773 4173 Iit.t:im_;.sic

2194 4159 2494 4230 aitctoritas
2540 4159 2887 4240 pririndicata
2939 4166 3027 4219 hic
3074 4162 3270 4240 dicitur
3317 4159 3774 4240 quamiusulsift

2195 4245 2477 4316 irreligiosi
2521 4232 2677 4316 senes
2707 4242 2836 4316 sola
2862 4235 3155 4316 senectutis
3193 4232 3566 4316 obtentuhsibi
3600 4232 3770 4316 vindi-

2194 4301 2319 4372 cant
2388 4330 2494 4386 quo
2524 4312 2683 4386 etiam
2732 4310 2992 4386 dlﬂbt)lll_§_
3022 4304 3251 4386 subinde
3296 4303 3538 4357 abutitur
3588 4303 3655 4356 ad
3683 4301 3773 4355 de-

2197 4378 2503 4453 ception'ent
2529 4385 2830 4455 iuniorum,
2860 4390 2915 4433 ut
2942 4379 3031 4433 hic
3052 4378 3275 4455 dicitur.
3548 4449 3559 4455 Δ
3633 4441 3666 4455 ν

2266 4441 2293 4497 ἶί
2317 4457 2492 4511 Habes
2510 4441 2610 4507 lioc
2623 4468 2683 4507 es
2693 4451 2926 4520 emplum
2945 4458 3000 4504 et
3015 4442 3446 4522 aliauhujtt‘smodi
3462 4444 3600 4522 lectu
3615 4441 3771 4522 digna

2199 4530 2250 4584 in
2274 4527 2416 4583 Vitis
2441 4527 2654 4580 Patrum
2684 4515 2839 4576 lib.'v
2869 4536 3021 4575 novae
3047 4519 3208 4593 edit._,
3242 4515 3678 4593 liliel._v._gni_est
3702 4515 3771 4593 de

2198 4582 2572 4655 lornicatione.
2585 4594 2713 4648 Vide
2729 4594 2905 4647 simile
2924 4590 3064 4657 apud
3084 4582 3373 4642 Palladium
3389 4584 3439 4638 in
3454 4582 3571 4657 Vita
3588 4582 3770 4657 Musis.

2273 4652 2311 4707 δέ
2331 4669 2470 4723 Infra
2505 4663 2890 4718 Incentivorum
2922 4652 3163 4715 stimulis.
3206 4660 3282 4712 lta
3314 4656 3565 4713 Sidonius
3594 4652 3687 4707 lib.
3718 4670 3769 4709 vi

2194 4742 2407 4810 epistol.
2442 4736 2799 4810 {carnalium
2829 4734 3079 4787 vitiorum
3132 4731 3407 4810 incentiva
3450 4725 3608 4810 dixit.
3654 4727 3771 4810 Am?

2196 4801 2409 4867 brosins
2438 4809 2533 4861 lib.
2568 4821 2618 4859 νι
2648 4806 3050 4862 Hexaemeron.
3084 4803 3333 4855 oliorum
3377 4801 3677 4857 incentiva;
3719 4805 3771 4851 et

2196 4882 2248 4935 in
2282 4880 2545 4951 psalmum
2599 4891 2795 4936 cxvnt,
2836 4876 3166 4951 delitito_rnm.
3194 4871 3487 4951 inretttiva.
3522 4869 3771 4951 llierony-

2198 4940 2316 5007 Inus
2346 4950 2410 5003 ad
2437 4949 2795 5017 Nepotianum
2827 4959 2881 5001 et
2918 4947 2984 4998 ad
3021 4944 3295 5017 Rusticum
3324 4986 3338 5007 ,
3373 4940 3679 5017 pubertatis
3694 4940 3766 4989 in-

2197 5022 2431 5083 ceutiva,
2464 5009 2701 5073 carnalia
2742 5016 3032 5079 incentiva,
3085 5011 3478 5083 incentivorutu
3507 5009 3762 5083 stimulos.

2197 5093 2369 5147 Porro
2399 5079 2678 5156 incentor,
2712 5088 2948 5143 iurentio
2979 5094 3035 5140 et
3075 5082 3429 5156 incentivum,
3466 5094 3571 5156 non
3602 5079 3765 5156 ab_in_-

2198 5146 2395 5228 cendo,
2425 5170 2483 5214 ut
2504 5160 2615 5213 vult
2644 5146 2896 5213 Isodorus
2923 5156 3060 5227 (Lib.
3085 5171 3114 5207 x
3143 5153 3368 5229 Etymol.
3392 5152 3473 5205 lit.
3500 5149 3575 5219 t);
3598 5148 3684 5229 sed
3708 5146 3769 5201 ub

2201 5218 2401 5293 incino'.
2433 5232 2698 5293 iocinere,
2727 5218 3061 5287 derivantur,
3109 5218 3252 5295 quod
3306 5230 3392 5277 est
3429 5218 3552 5275 cum
3606 5218 3768 5288 aliqua

2203 5304 2569 5359 modulatione
2599 5316 2812 5360 canere,
2849 5300 2929 5351 vel
2968 5297 3127 5370 alicui
3153 5336 3169 5361 ,
3200 5295 3349 5370 velut
3380 5294 3431 5347 itt
3460 5306 3647 5370 aurem
3683 5303 3768 5370 ca-

2202 5390 2331 5431 nere
2360 5375 2422 5427 ad
2450 5371 2864 5428 demulcendum
2897 5369 2977 5424 vel
3008 5361 3655 5441 incitandum.‘ut_solent
3680 5361 3769 5441 mi-

2370 5445 2680 5499 ittcentione
2716 5439 3076 5513 tubarumad
3118 5438 3318 5493 bellum
3338 5434 3595 5513 incitari,
3641 5429 3770 5513 unde

2207 5517 2662 5588 frequentativum
2697 5515 2931 5588 incauto,
2980 5511 3303 5588 incantatur.
3338 5506 3519 5587 Itaque
3550 5503 3767 5588 incauti:

2206 5579 2330 5641 vutt't
2358 5588 2495 5641 idem
2524 5586 2666 5655 quod
2700 5586 3129 5655 incitamentum,
3152 5580 3243 5655 _vel
3277 5579 3691 5655 irritamentum.
3720 5580 3770 5627 et

2208 5660 2474 5721 incentor,
2510 5647 2560 5710 id
2598 5666 2702 5717 est,
2736 5657 3008 5719 incitator,
3042 5650 3342 5721 instigator,
3377 5662 3482 5699 non
3511 5647 3771 5721 inceusor,

2210 5712 2317 5786 nisi
2345 5712 2711 5797 metapltorice
2738 5724 2894 5797 (Gell.
2927 5712 3084 5797 Noc‘t.
3117 5712 3274 5774 Altic.
3368 5731 3420 5797 tv
3447 5731 3565 5783 cap.
3766 5790 3767 5793 η

2288 5800 2305 5838 ί
2331 5783 2521 5855 υιπιιέ
2552 5798 2639 5850 hic
2666 5805 2722 5851 et
2742 5783 2993 5850 ‘celebris
3038 5793 3179 5854 inter
3221 5785 3551 5857 antiquiores
3578 5792 3631 5838 et
3658 5783 3773 5841 illus
