4026 6204
208 222 315 280 διδ

1274 210 1615 270 COLLATIO
1650 210 1718 267 Il.
1746 241 1820 257 —
1849 212 1940 267 DE
1983 208 2465 269 DISCRETIONE.

3394 218 3500 280 546

211 334 403 404 Apollo
425 332 706 390 seniorum
731 326 1150 400 probatissimos
1171 336 1518 389 occurrisset,
1545 326 1809 380 laoorcm-
1835 329 1878 384 Α
1906 322 2119 392 juve‘nts
2171 322 2263 378 ille
2298 323 2646 377 discesserat.
2691 322 2859 391 Quem
2907 324 3076 380 abbas
3122 330 3315 397 Apollo
3353 335 3503 389 velut

210 444 317 498 que
363 440 417 481 et
447 424 867 496 Oppugnationis
906 423 1338 486 vehementiam,
1372 435 1494 487 qua:
1538 418 1594 472 in
1640 416 1810 472 corde

210 521 331 589 ejus
360 519 528 573 tacite
569 516 907 583 volvebatur,
948 514 1018 569 de
1057 511 1510 582 contemplatione
1549 509 1730 564 vultus
1753 517 1809 564 et

208 613 522 680 dejectio-ie
552 611 889 677 conjectaos,
915 622 1141 662 causam
1186 616 1344 661 tantae
1387 602 1806 675 perturbationis

211 707 546 777 inquireret,
570 714 731 771 atque
755 704 847 758 ille
880 702 1122 756 molliter
1144 716 1204 755 se
1226 700 1569 769 compellanti
1594 698 1708 754 seni
1742 712 1811 753 ne

211 812 541 865 reslionsum
574 795 792 897 quidem
824 794 990 847 ullnm
1022 802 1206 861 posset
1237 790 1445 846 referre
1470 832 1485 854 ,
1530 789 1702 859 magis
1748 803 1812 842 ac

216 891 391 961 magis
441 883 859 944 eum'sentiens
917 901 1089 941 senex
1145 901 1253 940 non
1307 883 1543 939 inaniter
1594 896 1810 936 causam

219 991 384 1036 tanta:
424 980 659 1035 tri~titize
711 979 928 1033 silentio
960 977 1099 1033 velle
1154 985 1481 1047 contegere,
1533 989 1695 1043 quam
1746 987 1815 1028 ne

217 1076 373 1127 voltu
403 1072 622 1144 quidem
667 1070 1015 1125 dissimulare
1045 1070 1329 1140 quivisset,
1360 1068 1623 1123 intentius
1652 1066 1719 1120 ab
1748 1079 1815 1120 eo

213 1181 412 1221 causas
450 1163 647 1219 occulti
690 1163 899 1217 doloris
929 1162 1091 1230 caepit
1141 1161 1438 1231 inquirere.
1485 1159 1693 1225 Quibus
1724 1157 1815 1213 ille

213 1256 566 1317 eoostrictns,
599 1270 822 1324 pergere
849 1269 910 1309 se
941 1254 1007 1306 ad
1039 1255 1216 1307 vicum
1248 1252 1537 1308 conﬁtetur
1557 1292 1570 1313 ,
1604 1258 1662 1304 ut
1690 1251 1816 1319 quia

214 1348 518 1403 secundum
541 1349 866 1401 sententiam
898 1345 1045 1399 illius
1060 1345 1214 1409 senis
1238 1342 1541 1398 monachus
1564 1356 1687 1396 esse
1709 1355 1814 1394 non

217 1449 423 1509 posset,
458 1452 559 1493 nec
583 1438 859 1493 refrenare
882 1437 1134 1490 stimulos
1156 1436 1339 1489 carnis
1368 1444 1424 1488 et
1453 1430 1815 1502 impugnatio-

216 1532 303 1585 nis
333 1530 575 1585 remedia
605 1529 867 1597 consequi
900 1530 1011 1599 jam
1042 1528 1292 1593 valeret,
1325 1542 1543 1582 uxorem
1570 1526 1812 1591 duceret,

214 1637 283 1678 ac
336 1622 530 1696 relicto
595 1621 926 1675 monasterio
979 1628 1355 1673 reverteretur
1410 1617 1477 1672 ad
1531 1616 1810 1671 saxulum.

1910 424 2185 470 amentem
2239 413 2434 468 factum
2478 413 2800 485 quihusdam
2848 417 3003 472 furiis
3046 421 3235 489 agitari
3287 427 3504 494 conspi-

1910 507 2081 570 ciens,
2114 507 2387 562 intellexit
2410 507 2638 577 ignitum
2668 507 2871 565 diaboli
2898 510 3093 577 telum,
3124 514 3269 582 quod
3299 515 3506 572 viderat

1909 600 1979 655 ab
2005 599 2102 655 illo
2121 600 2411 664 directum,
2440 600 2494 654 in
2521 600 2643 668 ejus
2662 602 2828 658 corde
2856 603 3023 660 fuisse
3047 607 3309 673 defixum,
3334 609 3508 665 illam-

1902 709 2017 764 que
2061 694 2211 749 ineo
2256 692 2632 750 confusionem
2680 695 2879 751 mentis
2923 711 2989 752 ac
3044 700 3506 767 perturbationem

1911 799 2171 840 sensuum
2204 784 2560 840 intolerandis
2599 786 2829 843 aestibus
2854 788 3102 859 operari;
3137 792 3512 864 accedensqne

1911 876 1980 933 ad
2026 893 2175 945 eum,
2228 878 2369 946 Quo,
2431 878 2626 949 inquit,
2682 894 2963 950 properas,
3015 893 3109 939 aut
3161 901 3410 955 quamam
3460 897 3513 945 te

1914 985 2092 1026 causae
2119 970 2306 1027 senilis
2339 971 2485 1026 illius
2530 972 2818 1043 gravitatis
2859 975 3089 1031 oblitum
3119 976 3192 1032 ita
3225 981 3514 1049 pueriliter

1915 1062 2213 1132 inquietant
2258 1077 2323 1118 ac
2368 1063 2640 1120 mobiliter
2666 1066 2933 1123 cursitare
2958 1070 3326 1140 compellunt?
3351 1074 3515 1129 Cum-

1914 1172 2020 1226 que
2042 1156 2132 1213 ille
2158 1171 2258 1227 pro
2288 1157 2638 1213 conscientiae
2666 1172 2779 1233 sua:
2807 1169 2958 1217 reatu
3002 1177 3066 1218 ac
3097 1164 3240 1234 turpi
3281 1167 3517 1238 exagita-

1916 1252 2063 1306 tione
2081 1250 2371 1320 confusus,
2403 1250 2656 1308 crederet
2696 1252 2949 1309 ardorem
3002 1257 3087 1310 sui
3133 1260 3368 1325 pectoris
3410 1261 3509 1317 de-

1919 1343 2289 1416 prehensum,
2337 1359 2402 1399 ac
2454 1346 2678 1402 retectis
2728 1348 2843 1403 seni
2893 1348 2977 1405 sui
3028 1351 3210 1406 cordis
3268 1353 3515 1423 arcanis,

1918 1438 2117 1493 nullam
2153 1438 2568 1507 responsionem
2615 1442 2993 1511 percunctanti
3021 1445 3250 1502 reddere
3294 1463 3519 1517 prorsus

1918 1529 2146 1585 auderet
2177 1547 2193 1585 :
2222 1531 2544 1600 Revertere,
2578 1532 2786 1604 inquit,
2827 1534 2894 1589 ad
2941 1537 3159 1602 cellam,
3192 1540 3519 1612 tandemque

1920 1631 1972 1679 te
2002 1624 2243 1697 intellige
2269 1626 2352 1681 vel
2384 1626 2686 1697 ignoratum
2734 1627 2999 1685 hactenus
3045 1647 3075 1686 a
3124 1632 3348 1690 diabolo
3373 1676 3388 1702 ,
3434 1636 3519 1693 vel

213 1715 392 1783 Quem
425 1728 591 1770 senex
625 1712 827 1782 Apollo
857 1711 1052 1765 blanda
1081 1710 1452 1765 consolatione
1477 1708 1812 1771 demulcens,
1846 1706 1893 1767 Β
1921 1713 2264 1785 despectum,
2294 1731 2399 1772 nec
2428 1716 2482 1771 in
2514 1731 2705 1772 eorum
2736 1733 2967 1777 numero
2993 1733 3297 1793 reputatum
3324 1728 3523 1797 quibus

212 1824 453 1879 seseque
495 1821 749 1862 asserens
793 1805 985 1862 iisdem
1030 1803 1271 1875 quotidie
1304 1803 1691 1859 incentivorum
1722 1800 1821 1856 sti-

212 1899 390 1954 mulis
419 1908 580 1968 atque
606 1896 824 1951 :leibus
854 1896 1082 1966 agitari,
1132 1903 1188 1950 et
1236 1892 1440 1949 idcirco
1471 1908 1578 1948 non
1619 1892 1822 1948 debere

214 2008 343 2047 eum
372 2004 596 2061 prorsus
625 1988 1007 2059 desperatione
1035 1985 1346 2052 concidere,
1379 2000 1481 2041 nec
1507 1985 1693 2039 mirari
1730 1988 1821 2039 su-

218 2101 317 2156 per
360 2080 787 2153 impugnationis
813 2079 1033 2144 ardore,
1063 2079 1158 2148 qui
1191 2094 1297 2133 non
1328 2088 1435 2132 tam
1481 2078 1682 2133 laboris
1710 2088 1821 2133 stu-

216 2177 311 2231 dio
339 2191 499 2246 quam
533 2172 909 2229 misericordia
940 2171 1154 2226 Domini
1181 2180 1237 2227 et
1257 2172 1430 2243 gratia
1461 2171 1774 2227 vinceretur
1805 2188 1818 2225 :

220 2268 383 2324 unius
414 2275 619 2322 tantum
648 2265 755 2321 diei
786 2268 856 2320 ab
885 2264 1078 2320 eodem
1109 2265 1361 2335 poposcit
1388 2263 1654 2330 inducias,
1685 2272 1741 2319 et
1763 2272 1823 2318 ut

182 2370 591 2417 creverteretur
613 2358 681 2412 ad
710 2372 860 2412 suam
883 2357 1137 2412 cellulam
1166 2357 1513 2426 deprecatus,
1535 2356 1603 2411 ad
1630 2370 1822 2410 mona-

213 2454 447 2511 sterium
496 2453 734 2522 praedicti
784 2452 935 2507 senis
988 2458 1097 2506 tota
1154 2451 1508 2507 festinatione
1556 2449 1817 2521 perrexit.

214 2548 467 2619 Cumque
495 2547 671 2603 eidem
703 2546 1092 2617 proximasset,
1114 2547 1369 2615 expansis
1391 2544 1667 2612 manibus,
1699 2559 1823 2599 ora-

217 2644 420 2699 tionem
454 2657 576 2696 cum
626 2639 884 2711 lacrymis
915 2639 1150 2695 fundens
1185 2655 1200 2693 :
1229 2639 1534 2706 Converte,
1567 2640 1680 2704 ait,
1708 2638 1820 2694 Do-

215 2738 387 2802 mine,
420 2735 511 2806 qui
540 2735 875 2790 occultarum
905 2733 1098 2788 virium
1119 2744 1171 2788 et
1195 2733 1523 2788 infirmitatis
1569 2733 1821 2789 humana:

212 2830 370 2885 solus
392 2827 595 2883 arbiter
637 2828 755 2898 pius
798 2842 863 2882 ac
896 2836 1143 2882 secretus
1169 2841 1229 2881 es
1256 2826 1501 2881 medicus
1532 2827 1818 2897 impugna-

216 2921 425 2978 tionem
456 2922 600 2977 illius
626 2920 844 2990 juvenis
875 2921 928 2975 in
960 2935 1144 2976 senem
1178 2921 1364 2986 istum,
1399 2928 1460 2975 ut
1487 2919 1820 2975 condescen-

213 3016 351 3071 dere
374 3014 781 3069 infirmitatibus
804 3013 1166 3067 laborantium
1193 3023 1249 3069 et
1272 3012 1512 3082 compati
1537 3011 1821 3082 fragilitati

1926 1806 2017 1861 ille
2044 1808 2288 1877 quotidie
2314 1809 2609 1880 confligere
2636 1817 2695 1866 et
2736 1812 3017 1869 colluctari
3063 1818 3398 1885 profectibus
3426 1835 3523 1878 eo-

1924 1915 2042 1956 rum
2074 1916 2138 1959 ac
2162 1901 2358 1957 studiis
2401 1901 2717 1973 instigatur,
2749 1906 2839 1975 qui
2873 1921 3040 1962 unum
3068 1908 3191 1978 ejus
3221 1911 3273 1965 in
3299 1922 3350 1969 te
3378 1911 3524 1970 dire-

1922 2003 2065 2050 ctum
2088 1995 2329 2064 jaculum
2358 2005 2482 2066 post
2510 2004 2717 2052 tantam
2764 2013 3032 2055 annorum
3085 2001 3309 2072 seriem,
3358 2021 3521 2077 quam

1923 2086 1976 2141 in
2004 2085 2104 2142 hac
2134 2086 2479 2157 professione
2508 2088 2728 2154 trivisti,
2761 2105 2869 2146 non
2895 2089 3073 2147 dicam
3106 2109 3390 2163 respuere,
3424 2098 3522 2154 sed

1924 2196 1993 2236 ne
2016 2181 2247 2238 sufferre
2274 2182 2495 2251 quidem
2533 2183 2617 2239 vel
2644 2198 2751 2239 uno
2778 2183 2869 2239 die
2895 2184 3153 2255 quivisti;
3189 2203 3295 2256 quo
3319 2199 3371 2243 te
3398 2204 3524 2245 sau-

1923 2272 2055 2328 ciari
2084 2274 2342 2330 Dominus
2374 2274 2581 2331 idcirco
2609 2289 2802 2343 passus
2829 2284 2934 2344 est,
2967 2283 3026 2331 ut
3063 2278 3257 2334 saltem
3286 2280 3342 2335 in
3364 2296 3524 2337 sene-

1922 2372 2007 2419 cta
2034 2364 2276 2421 disceres
2305 2366 2541 2438 compati
2571 2366 2980 2425 infirmitatibus
3007 2368 3231 2437 alienis,
3278 2378 3335 2427 et
3364 2370 3524 2443 fragi-

1922 2457 2065 2514 litati
2095 2459 2535 2516 condescendere
2572 2461 2849 2532 juniorum
2892 2462 3002 2517 tuis
3049 2464 3318 2534 exemplis
3354 2473 3521 2536 atque

1923 2553 2269 2623 experientia
2299 2553 2580 2610 docereris
2602 2594 2618 2619 ,
2648 2556 2740 2626 qui
2771 2555 3076 2626 suscipiens
3101 2556 3356 2628 juvenem
3387 2560 3524 2615 infe-

1921 2647 2155 2701 statione
2184 2645 2452 2700 diabolica
2486 2645 2846 2713 laborantem,
2881 2662 2988 2703 non
3021 2648 3185 2705 modo
3211 2648 3359 2706 nulla
3388 2664 3523 2706 con-

1921 2738 2190 2794 solatione
2234 2739 2439 2805 fovisti,
2471 2738 2569 2795 sed
2607 2740 2770 2795 etiam
2803 2742 3111 2811 perniciosa
3141 2742 3523 2814 desperatione

1923 2830 2214 2900 dejectum,
2250 2830 2457 2887 inimici
2488 2832 2739 2888 manibus
2762 2833 3058 2904 tradidisti,
3090 2846 3350 2907 quantum
3381 2840 3435 2895 in
3470 2850 3524 2897 te

1922 2932 2023 2993 est,
2057 2923 2125 2979 ab
2154 2921 2348 2978 eodem
2386 2922 2686 2994 lugubriter
2732 2924 3136 2992 devorandum,
3190 2944 3353 2999 quem
3403 2932 3524 2988 sine

1923 3016 2090 3073 dubio
2130 3031 2468 3087 nequaquam
2515 3024 2622 3071 tam
2664 3016 2979 3074 vehementi
3027 3021 3286 3079 conﬂictu
3332 3022 3524 3084 fuisset

212 3109 499 3181 juniorut’o
544 3109 626 3164 vel
681 3110 735 3164 in
791 3118 1076 3165 senectute
1126 3108 1411 3165 doceatur.
1454 3109 1699 3179 Cumque
1729 3107 1820 3164 ille
1846 3098 1893 3164 C
1924 3123 2235 3179 aggressus,
2270 3124 2379 3178 quo
2409 3117 2462 3165 te
2490 3123 2634 3165 nunc
2662 3125 2835 3181 usque
2862 3122 2946 3168 est
2972 3126 3230 3185 appetere
3258 3116 3524 3188 dedigna-

214 3204 362 3259 Iianc
426 3220 645 3275 precem
728 3220 850 3260 cum
908 3206 1111 3275 gemitu
1180 3205 1582 3273 conclusisset,
1648 3206 1824 3262 cernit

217 3307 242 3335 ⁸
276 3296 587 3363 Ᾰίίιιιίορριιι
635 3306 830 3352 tetrum
876 3306 1064 3352 contra
1107 3297 1254 3352 illius
1279 3296 1531 3352 cellulam
1560 3306 1820 3363 stantem,

216 3401 387 3457 atque
409 3392 667 3445 adversus
694 3405 817 3445 emn
850 3390 1016 3459 ignita
1040 3388 1221 3460 jacula
1250 3389 1590 3459 dirigentem.
1612 3389 1822 3457 Quibus

215 3501 347 3542 cum
377 3483 569 3540 fuisset
599 3484 691 3539 ille
721 3484 969 3554 protinus
998 3482 1295 3548 sauciatus,
1343 3491 1399 3537 et
1440 3495 1759 3551 progressus
1789 3496 1822 3537 e

220 3582 389 3646 cella,
424 3580 527 3636 huc
558 3580 792 3650 illucque
816 3579 967 3634 velut
990 3592 1177 3633 amens
1206 3586 1262 3632 et
1291 3576 1478 3633 ebrius
1506 3577 1815 3642 cursitaret,

218 3686 388 3744 atque
417 3674 703 3744 egrediens
726 3685 780 3727 et
804 3671 1139 3743 ingrediens.
1168 3670 1277 3740 jam
1306 3669 1586 3725 continere
1615 3669 1740 3723 sein
1755 3682 1817 3722 ea

219 3784 333 3823 non
361 3776 562 3838 posset,
594 3766 783 3822 eadem
828 3766 913 3821 via
952 3765 1199 3820 concitus
1244 3777 1470 3835 pergere
1494 3763 1682 3832 erepit,
1714 3776 1818 3832 qua

1926 3211 2034 3267 tus,
2089 3200 2195 3257 nisi
2234 3199 2418 3256 futuro
2472 3200 2740 3272 profectui
2788 3202 2909 3274 ejus
2956 3205 3210 3262 invidens
3267 3208 3525 3266 inimicus

1922 3296 2071 3352 illam
2100 3300 2356 3352 virtutem
2398 3312 2557 3368 quam
2609 3298 2791 3354 animo
2839 3299 2959 3368 ejus
3012 3301 3196 3357 inesse
3238 3303 3523 3370 cernebat,

1923 3390 2219 3461 anticipare
2241 3406 2307 3447 ac
2338 3399 2659 3461 pervertere
2689 3391 2801 3447 suis
2824 3392 3012 3462 ignitis
3054 3394 3249 3462 jaculis
3276 3395 3528 3454 festinas-

1921 3495 2038 3550 set;
2092 3484 2446 3554 proculdubio
2496 3484 2815 3554 intelligens
2868 3485 3176 3552 fortiorem,
3234 3490 3323 3544 cui
3375 3500 3525 3547 tanta

1923 3576 2269 3630 vehementia
2290 3572 2586 3643 conﬂigere
2597 3589 2780 3643 operte
2803 3575 3034 3641 pretium
3052 3574 3339 3643 judicavit.
3365 3579 3528 3636 Disce

1927 3668 2109 3735 itaque
2135 3668 2241 3721 tuis
2269 3665 2546 3736 exemplis
2582 3664 2962 3721 laborantibus
2994 3667 3263 3735 compati,
3294 3677 3347 3724 et
3381 3670 3527 3740 peri-

1927 3759 2183 3815 clitautes
2206 3770 2545 3827 nequaquam
2570 3754 2871 3827 perniciosa
2884 3755 3271 3827 desperatione
3290 3766 3521 3831 terrere,

1302 3898 1565 3956 ALARDI
1603 3896 1841 3955 GAZEI
1878 3892 2447 3953 COMMENTARIUS.

219 4022 453 4078 Striores
499 4019 875 4076 anachoretas.
929 4018 1073 4074 Vixit
1126 4017 1272 4075 enim
1325 4026 1571 4084 tempore
1618 4014 1818 4071 Jttliani

220 4097 523 4163 Apostatze,
556 4093 977 4162 quingentorum
1000 4092 1397 4163 monachorum
1429 4088 1609 4151 Pater,
1655 4086 1820 4163 mira-

218 4159 475 4220 culorum
504 4159 677 4233 gloria
707 4162 955 4216 illustris.
995 4161 1127 4229 Ejus
1158 4161 1321 4215 vitam
1352 4169 1416 4233 et
1444 4174 1525 4233 res
1559 4159 1820 4233 praeclare

218 4244 411 4304 gestas
456 4228 728 4289 Palladius
768 4235 900 4287 satis
949 4228 1127 4295 ample
1157 4232 1445 4304 describit
1473 4229 1692 4304 Lausia.
1723 4228 1812 4284 52.

218 4302 476 4362 Meminit
506 4306 745 4371 ejusdem
787 4310 1122 4358 Soromenns
1156 4302 1250 4355 lib.
1286 4318 1334 4355 vi
1388 4316 1509 4368 rap.
1542 4302 1635 4364 20,
1668 4311 1720 4355 et
1752 4316 1819 4354 ex

219 4392 297 4434 eo
324 4374 661 4437 Nicephorus
690 4376 761 4429 lib
793 4392 843 4429 st
871 4390 995 4442 cap.
1044 4373 1133 4438 54,
1170 4382 1227 4427 et
1255 4372 1615 4426 Cassiodorus
1641 4373 1695 4424 in
1726 4371 1817 4425 Hi-

220 4448 400 4503 storia
430 4446 668 4514 'l‘ripart.
702 4446 798 4500 lib.
826 4462 917 4500 vttt
946 4460 1070 4511 cap.
1104 4443 1154 4496 1.
1200 4444 1382 4497 Dictus
1434 4452 1518 4497 est
1560 4442 1811 4514 Apollos,

220 4518 315 4572 vel
352 4512 564 4586 Apollo,
597 4533 727 4572 voce
755 4515 1153 4571 indeclinabili:
1183 4515 1456 4586 quomodo
1485 4517 1648 4586 etiam
1672 4512 1816 4579 Apo-

221 4583 439 4656 stolus}
476 4588 497 4643 Ι
526 4586 646 4642 Cor.
677 4603 759 4654 tu,
787 4586 888 4657 16)
915 4587 1204 4656 quemdam
1230 4584 1487 4657 Ecclesia:
1506 4583 1816 4657 ministrum

226 4660 477 4715 nominat
502 4661 714 4726 Apollo,
741 4674 845 4712 non
872 4656 1213 4725 Apollinem;
1247 4656 1313 4709 ad
1342 4656 1813 4726 supprimendam,

224 4743 285 4785 ut
318 4731 535 4799 opinor,
554 4723 777 4799 profani
825 4723 971 4782 illius
1000 4737 1053 4779 et
1076 4727 1270 4782 famosi
1313 4727 1582 4793 Apollinis
1622 4723 1814 4799 Pythii

220 4795 613 4867 sive'Delplnci
640 4799 978 4854 memoriam.
1005 4799 1244 4854 Meminit
1262 4799 1427 4852 etiam
1456 4795 1693 4852 cmuobii
1715 4800 1814 4849 ab-

219 4871 372 4927 batis
420 4871 619 4938 Apollo
675 4869 1017 4939 Sophronins
1069 4872 1122 4923 in
1178 4870 1340 4924 Prato
1372 4868 1660 4937 Spiritual.
1691 4881 1811 4937 cap.

220 4944 359 4998 184.
396 4944 515 4996 Fuit
571 4953 627 4997 et
661 4941 979 5009 Apollonius
1006 4940 1330 4995 anachoreta
1359 4955 1463 4995 non
1507 4941 1769 4994 obscurus
1794 4978 1811 5003 ,

218 5016 292 5069 de
319 5028 429 5081 quo
480 5012 753 5066 Palladius
777 5012 995 5066 Lausia.
1028 5012 1117 5075 66,
1148 5024 1201 5067 et
1246 5011 1577 5079 Nicephorus
1609 5011 1706 5063 lib.
1757 5025 1813 5063 xl

215 5099 351 5151 cap.
383 5084 473 5146 55,
500 5100 663 5152 quem
697 5083 937 5137 nonnulli
968 5099 1090 5138 cum
1125 5083 1225 5136 hoc
1257 5082 1455 5149 Apollo
1497 5083 1635 5135 male
1674 5094 1811 5134 con-

220 5156 487 5217 fundunt,
524 5170 809 5221 perperam
844 5155 922 5207 illi
954 5156 1314 5208 attrihuentes
1331 5167 1452 5221 qua:
1478 5154 1545 5206 de
1561 5156 1663 5205 hoc
1691 5164 1819 5220 pro-

210 5227 344 5281 dita
372 5227 557 5296 sunt.(
596 5224 812 5279 Vincen.
859 5225 1014 5295 Spec.
1054 5224 1247 5296 Histor_.
1278 5224 1364 5296 lib_.
1403 5225 1730 5296 xv_;_An10tr.
1765 5223 1819 5275 ἔτι

213 5314 258 5354 ll
298 5314 416 5362 par.
449 5300 527 5351 tit.
549 5292 647 5360 15,
682 5314 800 5366 cap.
834 5292 939 5360 1ος
980 5296 1088 5348 Pet.
1120 5296 1173 5347 in
1204 5292 1442 5361 Catuloy.
1476 5293 1567 5366 lib.
1603 5308 1673 5366 tv.
1702 5293 1720 5361 )

298 5378 328 5405 ει
366 5368 650 5421 Diabolum
679 5363 931 5421 interlita
966 5366 1262 5431 A‘Ithtopis,
1297 5382 1390 5417 seu
1418 5363 1653 5415 hominis
1683 5364 1817 5425 nigri

210 5456 493 5507 apparere
525 5439 745 5493 sntit-int
785 5439 972 5491 multis
1004 5438 1270 5493 exentnls
1326 5445 1673 5507 coinpertnnt
1710 5445 1815 5507 est.

221 5504 367 5565 Viili-
392 5526 557 5573 supra
590 5512 775 5562 collat.
810 5520 831 5562 1
860 5525 982 5574 cap.
1016 5512 1108 5575 τι,
1146 5510 1503 5561 Atha~a~inm
1541 5504 1735 5575 lll‘Vttu
1758 5505 1815 5556 S.

211 5586 479 5644 Antonii,
507 5583 657 5635 Vitas
681 5579 897 5633 Patrum
917 5573 969 5632 in
1002 5573 1261 5642 Macario,
1282 5579 1555 5630 Victorem
1575 5573 1817 5629 Uticens.

214 5657 326 5711 lib.
363 5654 859 5709 tPersecutionutn
892 5650 1120 5705 Vandal.
1147 5695 1160 5717 ,
1212 5650 1530 5718 Gregorium
1569 5661 1820 5718 magnum

210 5728 373 5785 libro
406 5723 654 5781 secundo
688 5722 894 5790 Dialog.
939 5737 1059 5790 cap.
1096 5724 1121 5777 ut
1150 5733 1201 5775 et
1236 5716 1340 5775 libi
1363 5735 1412 5772 iv
1444 5732 1563 5788 cap.
1605 5717 1688 5782 18,
1727 5716 1825 5772 Pe-

1925 4021 2069 4068 trum
2102 4011 2518 4067 Cluniacensem
2558 4007 2616 4064 in
2638 4008 2761 4082 lib.
2794 4014 2810 4064 l
2842 4008 2910 4065 de
2936 4008 3133 4082 Mirac.
3177 4024 3299 4082 cap.
3328 4012 3381 4068 8.
3414 4012 3521 4070 Sed

1927 4085 2167 4154 lepidum
2198 4091 2306 4147 est,
2339 4092 2394 4154 et
2423 4081 2682 4137 memoria
2710 4080 2961 4151 dignum,
2993 4080 3138 4154 quod
3163 4080 3261 4154 “in'
3280 4083 3399 4139 Vita
3427 4086 3525 4142 ab-

1924 4150 2067 4210 ba'tis
2099 4155 2312 4223 Apollo,
2345 4152 2414 4208 de
2441 4169 2553 4220 quo
2584 4150 2961 4219 sttpra.’refert
2993 4150 3267 4210 Palladius
3291 4154 3373 4209 his
3398 4171 3525 4212 ver-

1927 4226 2009 4282 bis
2035 4242 2049 4285 ;
2080 4226 2149 4287 Is,
2179 4224 2376 4295 inquit,
2407 4240 2527 4278 cum
2556 4224 2866 4295 quindecim
2894 4239 3070 4280 annos
3093 4235 3253 4282 natus
3275 4231 3522 4285 amundo

1924 4296 2917 4367 secessisset,etquadragtntaannos
2954 4301 3006 4350 in
3040 4297 3525 4355 suliludinetrans-

1925 4368 2153 4439 egisset,
2187 4380 2240 4422 et
2263 4370 2316 4421 in
2343 4384 2403 4439 ea
2437 4366 2654 4421 omnem
2688 4366 2948 4439 virtutem
2973 4373 3337 4432 exercuisset,
3372 4372 3522 4427 visus

1923 4437 2005 4494 est
2039 4438 2445 4511 posteaaudire
2472 4439 2568 4511 Dei
2598 4453 2786 4493 vocem
2810 4437 3047 4511 (ﬂrentis
3074 4441 3121 4492 ei
3145 4457 3157 4490 :
3185 4442 3406 4509 Apollo,
3427 4458 3525 4511 per

1924 4518 1982 4564 te
2010 4510 2766 4581 sapientiamsapientumin
2801 4508 3064 4581 Egypto,
3096 4520 3151 4581 et
3177 4508 3521 4581 prudentiam

1921 4593 2167 4655 gentium
2187 4580 2441 4655 abolebo.
2467 4580 2769 4655 Generabis
2798 4580 2944 4635 enim
2977 4580 3108 4635 mihi
3140 4580 3403 4655 populum
3426 4600 3522 4655 pe-

1845 4637 1898 4698 D
1922 4637 2213 4719 culiarem,
2248 4654 2623 4723 temnlatorem
2655 4654 2923 4708 bonorum
2976 4637 3228 4723 operum:
3259 4653 3310 4708 Is
3336 4637 3518 4710 autem

1922 4723 2267 4791 respondens
2287 4722 2459 4778 dixit:
2482 4722 2694 4795 Aufera
2719 4739 2824 4786 me,
2856 4725 3100 4791 Domine,
3126 4727 3518 4795 arrogantiam,

1924 4810 1993 4850 ne
2020 4798 2163 4849 forte
2194 4795 2369 4848 elatus
2396 4809 2557 4861 supra
2606 4794 3001 4849 fraternitatem
3030 4835 3045 4860 ,
3104 4794 3339 4850 mulcter
3369 4797 3519 4851 otnni

1887 4914 1891 4921 .
1923 4865 2069 4919 bono
2095 4880 2282 4933 opere.
2303 4864 2361 4918 Ei
2388 4873 2566 4917 autem
2598 4878 2790 4919 rursus
2812 4864 2949 4919 dixit
2979 4879 3084 4919 vox
3115 4866 3330 4920 divina:
3367 4867 3518 4921 Mitte

1921 4951 2143 4990 manum
2177 4943 2322 5004 tuam
2352 4947 2516 5001 super
2541 4934 2742 5004 collum
2801 4944 2976 5000 tuum,
3029 4946 3084 4989 et
3112 4935 3314 4990 deinde
3345 4951 3519 5004 pones

1920 5021 2066 5072 eam,
2091 5015 2143 5059 et
2168 5002 2399 5056 infodies
2427 5018 2629 5057 arente.
2657 5003 2708 5058 ls
2732 5014 2915 5057 autem
2935 5021 3054 5057 cum
3081 5014 3264 5059 statim
3297 5002 3517 5061 manuni

1923 5078 2168 5131 misisset
2197 5076 2361 5140 super
2385 5072 2617 5136 collum,
2659 5074 3027 5141 apprehendit
3061 5089 3286 5142 parvum
3311 5075 3520 5130 :Ethio-

1928 5162 2069 5215 pem.
2103 5154 2157 5199 et
2182 5159 2306 5198 eum
2331 5143 2526 5215 infudit
2556 5148 2608 5197 in
2632 5159 2795 5197 arena
2842 5145 3193 5215 clatiiainetn,
3240 5153 3295 5200 et
3330 5146 3521 5199 dicen-

1925 5213 2032 5272 tem
2059 5234 2072 5270 :
2105 5216 2215 5287 Ego
2238 5213 2599 5287 sumdaamon
2633 5214 2923 5287 superbiai.
2951 5213 3077 5267 Haec
3098 5215 3198 5270 ibi.
3236 5216 3305 5271 Et
3328 5231 3519 5287 revera

1923 5284 2173 5358 congruit
2216 5287 2332 5340 [nec
2360 5286 2526 5355 figura
2551 5284 2820 5358 daemoni,
2856 5285 2973 5338 sive
3010 5299 3078 5358 ex
3111 5287 3283 5358 ipsius
3330 5286 3521 5341 condi-

1927 5354 2090 5419 tione.
2123 5372 2211 5412 aut
2241 5354 2413 5412 etiam
2436 5357 2740 5425 electione;
2778 5357 2894 5410 sive
2928 5369 2994 5409 ex
3047 5354 3145 5410 Dei
3169 5356 3520 5413 ordinatione

1924 5442 1977 5485 et
2012 5432 2309 5490 voluntate.
2363 5444 2525 5497 quam
2559 5429 2672 5493 ipsa
2724 5428 2905 5497 signat
2947 5427 3190 5482 nominis
3243 5429 3516 5495 analogia.

1929 5503 2057 5573 Nam
2096 5496 2390 5566 JEtltiops,
2421 5499 2531 5554 cmi
2565 5500 2834 5573 llebrzt-is,
2862 5496 3033 5573 id_est
3055 5499 3222 5570 niger,
3243 5509 3297 5554 et
3328 5500 3519 5573 Δίθιὼψ

1930 5572 2140 5630 Grtccis
2190 5575 2473 5645 incendens
2514 5571 2601 5626 vel
2638 5572 2879 5645 incensus
2921 5567 3357 5645 interpretatur;
3398 5567 3521 5645 qua:

1931 5661 2094 5716 quam
2118 5645 2217 5715 ipsi
2247 5643 2607 5710 conveniant,
2640 5644 2756 5715 ipse
2784 5638 3005 5696 viderit.
