4014 6200
555 261 662 322 M7

1614 242 1896 309 ιοΑΝΝιε
1932 234 2251 301 CASSIANI
2287 230 2790 295 COLLATIONBS.

3732 225 3817 284 ω

558 395 658 437 nec
678 372 989 432 durissimis
1018 365 1368 428 sermonibus
1398 378 1677 435 asperare,
1709 361 1803 419 sed
1837 359 2019 431 potius
2046 356 2157 411 leni
2184 356 2230 419 Α
2262 354 2308 411 si
2336 354 2467 409 nihil
2498 353 2715 422 penitus
2745 347 3004 407 aii'ectare
3035 356 3224 406 nostro
3249 344 3454 419 judicio
3492 356 3560 400 ac
3586 354 3817 414 praesum-

559 472 871 537 blandaque
901 464 1287 523 consolatione
1316 459 1578 527 reficere,
1606 466 1656 513 et
1686 454 1985 512 secundum
2017 466 2155 522 pra:-

561 579 779 634 ceptum
822 557 1218 631 sapientissimi
1262 556 1575 611 Salomonis
1605 566 1783 607 eruere
1820 564 1907 605 eos
1927 546 2017 617 qui
2057 544 2159 601 du—

562 669 749 713 cuntur
795 656 864 712 ad
910 662 1145 717 mortem,
1191 660 1240 705 et
1268 650 1525 707 redimere
1549 662 1634 702 eos
1659 646 1746 714 qui
1771 641 2158 712 interﬁciuntur

564 769 628 806 ne
649 766 838 823 parcus
866 747 1108 817 (Prover.
1138 743 1325 816 xstv);
1351 742 1635 811 nostrique
1661 739 2157 796 Salvatorisexemv

562 845 653 914 pio
682 841 1005 897 arundinem
1045 845 1359 910 quasSatam
1408 851 1515 890 non
1543 845 1867 893 conterere,
1899 838 1951 885 et
1985 828 2156 883 linum

565 936 835 1005 iumigans
866 950 971 990 non
1016 933 1379 1002 exstinguere
1412 927 1613 1001 (Isaia:
1660 940 1799 990 xui;
1830 923 1983 976 Matt.
2013 920 2155 990 xu),

564 1028 825 1097 illamque
853 1042 882 1081 a
912 1026 1144 1083 Domino
1172 1024 1401 1095 gratiam
1428 1018 1725 1089 postulare,
1751 1030 1855 1085 qua
1880 1015 2001 1085 ipse
2026 1028 2162 1083 quo-

564 1133 669 1189 que
717 1116 1046 1177 liducialiter
1075 1117 1259 1171 valeas
1289 1128 1454 1183 opere
1502 1126 1567 1168 ac
1610 1109 1845 1167 veritate
1887 1116 2158 1163 cantare:

564 1208 823 1265 Dominus
851 1210 993 1264 dedit
1032 1206 1161 1263 mihi
1196 1207 1430 1277 linguam
1473 1203 1763 1266 eruditam,
1788 1209 1844 1255 ut
1879 1200 2040 1256 sciam
2072 1215 2162 1254 su-

564 1313 795 1379 stentare
822 1319 939 1361 eum
987 1304 1075 1373 qui
1118 1300 1298 1369 lapsus
1335 1310 1407 1359 est
1445 1298 1594 1356 uerbo
1640 1295 1819 1368 (Isaia!
1849 1293 1922 1366 ι).
1971 1292 2164 1349 Nullus

572 1401 719 1453 enim
754 1405 940 1467 posset
968 1394 1197 1451 insidias
1245 1392 1454 1451 inimici
1493 1390 1754 1454 sufferre,
1787 1404 1883 1445 seu
1919 1386 2166 1443 carnales

565 1499 728 1545 aestus
777 1488 1014 1544 naturali
1074 1484 1483 1556 quodammodo
1554 1484 1679 1553 igne
1742 1481 2036 1550 ﬂagrantes
2080 1478 2163 1534 vel

567 1582 937 1651 exstinguere,
963 1578 1051 1634 vel
1078 1577 1410 1646 reprimere,
1451 1573 1556 1633 nisi
1583 1573 1758 1643 gratia
1784 1571 1879 1626 Dei
1903 1569 1988 1624 vel
2009 1568 2167 1638 juva-

565 1684 651 1730 ret
680 1672 1029 1745 fragilitatem
1062 1680 1327 1734 nostram,
1358 1668 1444 1725 vel
1476 1673 1789 1737 protegeret
1813 1679 1876 1720 ac
1904 1664 2165 1721 muniret.

2258 447 2446 517 ptione
2473 452 2761 500 tentemus.

2847 537 3076 595 CAPUT
3115 536 3256 594 XIV.

2723 633 2803 689 De
2828 633 3092 689 vocatione
3116 628 3393 688 Samuelis.

2336 750 2574 818 Denique
2598 749 2650 804 in
2685 756 2889 804 tantum
2920 748 3113 818 placita
3143 746 3256 802 Deo
3279 746 3394 800 haec
3414 740 3689 799 sententia
3707 753 3825 795 com.

2261 842 2547 913 probatur,
2581 850 2636 897 nt
2675 841 2837 896 etiam
2868 842 2922 895 in
2955 839 3254 909 Scripturis
3282 839 3483 895 sanctis
3515 836 3661 891 banc
3705 851 3828 891 eam-

2261 935 2384 991 dem
2418 934 2815 989 institutionem
2866 948 2973 989 non
3002 933 3181 988 otiose
3205 932 3545 1002 reperiamus
3580 929 3829 995 insertam,

2264 1028 2335 1082 ita
2388 1036 2446 1082 nt
2483 1042 2707 1097 puerum
2764 1036 2790 1065 ι
2840 1024 3382 1095 Samuelemjudicio
3432 1024 3714 1095 praefatum
3756 1036 3835 1076 suo

2263 1118 2284 1193 [
2309 1119 2454 1189 Lips.
2508 1122 2562 1174 in
2590 1136 2755 1189 marg.
2790 1120 3136 1190 praeelectum
3159 1118 3367 1188 judicio
3394 1134 3494 1175 suo
3517 1116 3540 1189 ]
3573 1116 3735 1172 nollet
3760 1130 3839 1185 per

2264 1213 2617 1281 semetipsum
2640 1211 2806 1267 divini
2835 1213 3088 1281 colloquii
3122 1211 3407 1281 disciplina
3450 1211 3715 1265 Dominus
3737 1224 3839 1264 eru-

2264 1307 2401 1374 dire,
2426 1308 2521 1363 sed
2554 1322 2832 1363 recurrere
2855 1307 3024 1363 semel
3054 1318 3110 1362 et
3143 1308 3337 1363 iterum
3368 1313 3656 1374 pateretur
3683 1301 3747 1357 ad
3771 1316 3841 1356 se-

2265 1415 2420 1465 nem;
2473 1415 2705 1470 eumque
2754 1417 2910 1470 quem
2953 1400 3021 1453 ad
3068 1414 3224 1454 suum
3257 1398 3487 1453 vocabat
3541 1396 3839 1467 alloquium,

2267 1493 2428 1547 etiam
2454 1493 2598 1547 illius
2625 1493 2715 1563 qui
2749 1492 3053 1548 otienderat
3077 1492 3266 1556 Deum,
3284 1490 3587 1546 dummodo
3615 1488 3843 1550 senioris,

2266 1582 2513 1639 doctrina
2543 1586 2704 1639 vellet
2728 1585 2965 1649 institui;
2989 1593 3044 1639 et
3064 1599 3224 1655 quem
3239 1599 3334 1638 sua
3359 1584 3651 1637 vocatione
3667 1579 3845 1649 dignis-

2268 1676 2464 1732 simum
2486 1677 2774 1747 indicarat,
2795 1677 3025 1733 senioris
3038 1677 3217 1733 mallet
3249 1676 3597 1732 institutione
3627 1671 3844 1739 formari,

572 1768 643 1823 Et
673 1768 879 1822 idcirco
922 1766 1175 1821 salutaris
1208 1764 1372 1831 hujus
1401 1758 1827 1831 dispensationis
1858 1757 2071 1814 ratione
2101 1756 2165 1812 ii-

2276 1776 2325 1824 ut
2348 1769 2632 1826 scilicetet
2662 1769 2809 1824 illius
2830 1772 2917 1841 qui
2945 1770 3010 1825 ad
3040 1770 3281 1825 divinum
3313 1767 3681 1824 ministerium
3710 1779 3845 1821 voca-

570 1861 708 1926 nita,
758 1874 863 1930 qua
911 1858 996 1914 vel
1047 1857 1198 1915 illum
1259 1856 1513 1926 iuvenem
1569 1851 1897 1922 perniciosis
1943 1851 2166 1907 aestibus

569 1951 839 2008 Dominus
874 1951 1146 2018 liberare,
1185 1949 1271 2007 vel
1300 1949 1367 2007 de
1416 1947 1846 2018 impugnationis
1874 1945 2168 2001 vehemen-

570 2045 666 2113 tia,
690 2054 746 2102 et
773 2044 1144 2115 compatiendi
1187 2044 1389 2103 allectu
1426 2054 1480 2101 te
1522 2042 1701 2098 voluit
1736 2041 1986 2105 erudire,
2018 2054 2164 2095 com—

571 2143 827 2197 munibus
868 2156 993 2196 eum
1028 2139 1285 2209 precibus
1314 2138 1709 2209 imploremus,
1738 2150 1851 2206 quo
1894 2134 2165 2205 ﬂagellum

571 2230 713 2289 istud
741 2231 889 2303 quod
917 2231 1169 2287 utilitatis
1199 2230 1373 2301 gratia
1410 2227 1510 2287 tibi
1540 2227 1809 2285 Dominus
1855 2225 2056 2281 inferre
2084 2225 2167 2279 di-

567 2336 762 2396 gnatus
780 2334 888 2393 est,
920 2325 1110 2397 iubeat
1136 2324 1379 2383 amoveri
1412 2323 1547 2394 (ipse
1585 2322 1723 2378 enim
1763 2319 1939 2376 dolere
1968 2320 2093 2391 facit
2120 2329 2169 2373 et

569 2436 775 2477 rursum
804 2420 1055 2481 medetur,
1076 2420 1358 2490 percutitet
1380 2434 1561 2472 manus
1578 2419 1693 2488 ejus
1712 2428 1901 2471 sanant
1924 2414 2064 2488 μοι.
2083 2413 2165 2485 v];

570 2513 680 2581 ipse
704 2514 943 2566 Itumiliat
970 2522 1017 2565 et
1063 2512 1277 2577 exultat,
1311 2512 1420 2579 ipse
1467 2510 1655 2566 occidit
1696 2520 1746 2566 et
1789 2510 2032 2577 viviﬁcat,
2082 2508 2172 2562 de-

571 2604 712 2658 ducit
739 2606 806 2659 ad
828 2606 1092 2676 infernum
1118 2614 1167 2661 et
1196 2604 1395 2658 reducit
1427 2604 1467 2676 [Ι
1500 2602 1629 2676 Reg.
1659 2601 1740 2674 tt],
1772 2611 1832 2658 et
1864 2602 2024 2670 ignita
2057 2599 2171 2654 dia—

572 2699 683 2756 boli
708 2699 889 2769 jacula
915 2713 1038 2767 quae
1068 2714 1152 2753 me
1188 2697 1399 2754 arbitro
1433 2698 1531 2751 tibi
1563 2695 1809 2764 permisit
1836 2695 2000 2765 iniligi
2021 2735 2034 2757 ,
2067 2692 2167 2749 do-

573 2799 741 2846 nante
753 2790 991 2860 Spiritus
1004 2791 1249 2855 suirure,
1271 2788 1769 2860 restinguat.0uam
1793 2787 2166 2850 tentationem,

573 2882 695 2939 licet
722 2883 913 2941 eadem
940 2884 1222 2941 celeritate
1251 2899 1355 2950 qua
1386 2880 1579 2938 inferri
1605 2898 1725 2938 eam
1760 2882 2020 2936 Dominus
2048 2895 2170 2947 pas-

573 2990 668 3033 sus
715 2984 822 3041 est,
865 2974 931 3030 ad
962 2990 1122 3031 unam
1164 2976 1312 3031 senis
1355 2975 1658 3030 orationem
1704 2988 1893 3029 rursus
1933 2972 2172 3027 abstule-

574 3068 672 3134 rit;
705 3066 943 3129 evidenti
994 3078 1171 3123 tamen
1218 3067 1593 3136 experimento
1625 3068 1830 3133 docuit,
1864 3081 1968 3121 non
2010 3064 2171 3119 modo

2266 1861 2424 1917 batur
2454 1862 2773 1930 probaretur
2802 1861 3106 1927 humilitas,
3138 1860 3524 1932 etjunioribus
3551 1856 3845 1915 formasub—

2263 1955 2517 2026 jectionis
2548 1955 2708 2025 hujus
2738 1968 3133 2026 proponeretur
3163 1955 3418 2025 exemplo
3444 1954 3490 2024 (l
3517 1953 3653 2025 Reg.
3686 1951 3781 2022 nt).

2863 2046 3091 2102 CAPUT
3120 2046 3239 2103 XV.

2670 2140 2746 2195 De
2772 2144 3034 2195 vocatione
3063 2139 3224 2195 Pauli
3246 2141 3493 2210 apostoli.

2343 2232 2568 2288 Paulum
2599 2249 2814 2305 quoque
2858 2249 2953 2304 per
2979 2235 3336 2308 semetipsum
3382 2246 3589 2289 vocans
3634 2241 3683 2287 et
3723 2230 3842 2285 alio.

2269 2339 2442 2396 quens
2470 2324 2741 2391 Christus,
2776 2340 2897 2381 cum
2923 2334 3110 2395 posset
3129 2326 3179 2381 ei
3212 2324 3566 2395 perfectionis
3598 2324 3732 2379 viam
3771 2337 3843 2377 re-

2273 2434 2459 2476 serare
2483 2421 2790 2488 confestim,
2815 2420 3049 2490 dirigere
3073 2420 3141 2476 ad
3174 2422 3439 2477 Ananiam
3471 2420 3697 2485 mavult,
3729 2416 3848 2471 etab

2271 2529 2337 2568 eo
2362 2513 2515 2584 jubet
2539 2514 2679 2568 viam
2721 2513 2967 2569 veritatis
2993 2528 3312 2584 agnoscere,
3341 2513 3533 2569 dii-ens
3567 2530 3580 2565 :
3606 2512 3768 2581 Surge
3810 2515 3848 2561 et

2272 2610 2541 2681 ingredere
2569 2610 2853 2677 civitatem,
2883 2619 2932 2663 et
2969 2609 3039 2662 ibi
3068 2610 3157 2663 tibi
3194 2609 3396 2664 dicetur
3416 2606 3544 2678 quid
3567 2616 3613 2662 te
3638 2609 3849 2673 oporteat

2270 2707 2440 2783 facere
2464 2702 2755 2772 (Actor.v).
2785 2706 2811 2740 δ
2838 2702 2998 2758 Mittit
3022 2703 3205 2773 itaque
3227 2712 3279 2757 et
3314 2700 3456 2755 hunc
3487 2700 3550 2754 ad
3576 2698 3845 2757 seniorem.

2277 2810 2510 2865 eumque
2539 2793 2686 2849 illius
2709 2795 2891 2865 potius
2919 2795 3167 2850 doctrina
3198 2809 3355 2863 quam
3389 2808 3487 2849 sna
3516 2799 3697 2849 censet
3717 2790 3849 2843 inst-

2274 2888 2384 2953 tui;
2415 2902 2482 2942 ne
2529 2888 2735 2943 scilicet
2762 2888 2907 2959 quod
2939 2896 3085 2943 recte
3130 2896 3343 2958 gestum
3381 2887 3576 2944 luisset
3602 2886 3653 2942 in
3681 2882 3842 2945 Paulo.

2276 2979 2508 3049 posteris
2541 2981 2739 3035 malum
2775 2981 3212 3051 praesumptionis
3244 2980 3513 3050 praeberet
3542 2976 3843 3047 exemplum.

2275 3074 2402 3131 dum
2427 3077 2796 3147 unusquisque
2817 3077 3035 3131 sibimet
3054 3076 3399 3146 persuaderet
3434 3075 3601 3130 simili
3632 3072 3778 3127 modo
3799 3081 3845 3122 se

576 3176 681 3224 non
700 3162 1019 3230 exprobrari
1036 3160 1300 3233 patefacta
1319 3162 1585 3231 cujusque
1603 3162 1726 3214 vitia
1746 3160 2080 3227 debere,sed
2106 3175 2171 3216 ne
2200 3149 2246 3213 C
2276 3183 2490 3238 quoque
2513 3168 2711 3223 debere
2740 3152 2835 3221 Dei
2877 3168 3050 3222 solius
3089 3167 3406 3237 magisterio
3435 3175 3601 3238 atque
3626 3160 3845 3220 doctrina

580 3255 776 3313 leviter
801 3255 1018 3324 quidem
1048 3256 1346 3312 laborantis
1366 3256 1609 3311 dolorem
1637 3255 1837 3311 debere
1866 3256 2165 3311 contemni.

577 3349 642 3403 Et
669 3348 870 3403 idcirco
906 3363 1244 3419 nequaquam
1271 3364 1369 3403 nos
1400 3346 1569 3420 [Lips.
1595 3348 1648 3401 in
1671 3364 1839 3419 marg.
1870 3348 1989 3421 vos]
2014 3350 2169 3403 unius

577 3440 696 3497 sive
716 3456 1005 3510 paucorum
1027 3439 1111 3495 vel
1127 3440 1402 3511 imperitia
1420 3440 1499 3495 vel
1520 3438 1712 3494 levitas
1730 3439 1799 3494 ab
1817 3438 1907 3493 illa
1920 3441 2167 3506 salutari,

578 3550 738 3606 quam
774 3535 1144 3606 pradiximus,
1173 3534 1259 3590 via
1290 3544 1346 3590 et
1377 3533 1666 3589 traditione
1692 3533 1958 3601 majorum
1989 3533 2170 3588 deter-

585 3638 697 3685 reat
718 3642 769 3686 et
795 3630 1077 3697 excludat,
1108 3644 1336 3700 quorum
1360 3626 1561 3683 canitie
1582 3627 1648 3684 ad
1676 3627 2054 3697 deceptionem
2084 3627 2172 3698 ju-

582 3724 795 3783 niorum
826 3721 1213 3781 callidissimus
1240 3721 1475 3777 abutitur
1499 3722 1750 3777 inimicus
1777 3737 1793 3776 :
1830 3721 1926 3776 sed
1973 3722 2178 3791 absque

588 3818 703 3875 ullo
723 3816 1055 3875 confusionis
1075 3817 1415 3885 operimento
1434 3818 1613 3872 omnia
1642 3816 1844 3873 debent
1873 3816 2178 3871 senioribus

584 3910 853 3976 revelari,
909 3920 1072 3980 atque
1101 3910 1169 3965 ab
1222 3910 1299 3965 eis
1348 3910 1430 3964 vel
1476 3910 1714 3966 remedia
1745 3910 2063 3978 vulnerum,
2092 3910 2191 3966 vel.

583 4004 831 4076 exempla
860 4003 1291 4059 conversationis
1320 4018 1382 4057 ac
1409 4004 1536 4059 vita:
1562 4004 1883 4060 ﬁduciaiiter
1910 4008 2087 4070 sumi;
2123 4005 2175 4060 in

584 4097 782 4169 quibus
810 4110 990 4166 parem
1015 4109 1172 4164 opem
1195 4101 1251 4151 et
1271 4094 1503 4151 similem
1527 4096 1871 4167 experiemur
1898 4096 2176 4167 eil‘ectum,

2277 3261 2456 3329 potius
2508 3275 2667 3329 quam
2730 3259 3007 3314 seniorum
3037 3258 3376 3313 institutione
3400 3259 3648 3314 formari.
3693 3256 3842 3323 Quam

2276 3354 2755 3423 praesumptionem
2788 3351 3114 3409 omnimodis
3145 3352 3527 3407 detestandam
3556 3352 3713 3407 etiam
3742 3348 3844 3416 ipse

2275 3443 2588 3514 Apostolus,
2626 3462 2732 3500 non
2754 3446 2929 3501 Solum
2955 3443 3175 3511 litteris,
3200 3444 3293 3499 sed
3324 3445 3488 3500 etiam
3517 3458 3677 3515 opere
3704 3448 3846 3507 atque

2278 3541 2528 3607 exemplo
2581 3538 2763 3606 docet,
2807 3540 2878 3595 ob
2910 3538 3014 3595 hoc
3043 3537 3386 3594 solummodo
3413 3554 3473 3594 se
3501 3548 3740 3592 asserens
3764 3528 3845 3586 Je-

2279 3632 2607 3702 rosolymam
2639 3631 3045 3697 conscendisse,
3076 3639 3136 3685 ut
3185 3630 3550 3702 evangelium,
3583 3626 3739 3699 quod,
3774 3635 3849 3677 c0-

2282 3727 2508 3780 mitante
2538 3724 2703 3796 gratia
2736 3725 2971 3794 Spiritus
2998 3724 3195 3791 sancti,
3225 3738 3348 3778 cum
3380 3731 3653 3793 potestate
3687 3718 3849 3787 signo.

2281 3836 2400 3875 rum
2452 3829 2509 3875 et
2532 3820 2901 3891 prodigiorum
2950 3818 3203 3887 gentibus
3230 3817 3583 3887 praedicabat,
3612 3828 3728 3871 cum
3755 3807 3851 3864 suis

2283 3914 2610 3985 coapostolis
2651 3922 2707 3969 et
2739 3910 3199 3986 antecessoribus,
3229 3911 3436 3981 privata
3477 3899 3850 3981 quodammodo

2284 4024 2348 4063 ac
2371 4008 2669 4063 domestica
2691 4006 3093 4061 examinatione
3116 4002 3393 4060 conferret
3421 4022 3433 4055 :
3470 4001 3537 4057 Et
3558 3998 3762 4062 contuli,
3783 3994 3853 4047 in-

2284 4100 2502 4171 quiens.
2534 4114 2654 4155 cum
2676 4098 2783 4153 illis
2811 4096 3155 4169 Evangelium
3183 4096 3318 4165 quod
3348 4094 3578 4166 prtedico
3599 4094 3723 4147 inter
3748 4100 3852 4155 gen-

1656 4272 1919 4329 ALARDl
1958 4273 2192 4330 GAZIEI
2230 4275 2798 4333 COMMENTARIUS.

661 4421 686 4448 ει
713 4408 937 4484 Constat
967 4407 1107 4484 ltunc
1135 4406 1231 4463 Dei
1262 4420 1466 4484 morem
1512 4421 1635 4484 esse
1680 4417 2025 4484 perpetuum,
2080 4422 2172 4467 aut
2199 4414 2249 4474 D
2346 4412 2375 4454 ι
2421 4412 2573 4480 Quod
2619 4412 2813 4484 merito
2860 4413 3137 4469 admirans
3169 4414 3231 4468 D.
3269 4414 3572 4469 Bernardns
3618 4404 3855 4484 (teriri-1,

589 4492 735 4541 certe
756 4480 1113 4545 ordinarium,
1143 4487 1201 4533 ut
1224 4493 1344 4534 cum
1372 4479 1485 4545 ipse
1510 4480 1595 4533 vel
1622 4496 1717 4548 per
1739 4482 1919 4543 se,vel
1954 4498 2047 4549 per
2075 4499 2173 4538 an-

590 4556 741 4627 gelos
767 4553 1073 4627 illuminare
1103 4566 1291 4627 omnes
1318 4552 1896 4627 pos_sit,‘malit_tatnen
1927 4553 2175 4611 homines

592 4622 661 4683 ab
687 4623 994 4680 hominibus
1016 4623 1198 4677 doceri
1222 4630 1381 4691 atque
1409 4622 1644 4689 institui;
1664 4623 1777 4678 sive
1796 4631 1853 4677 ut
1876 4639 1937 4678 ea
1966 4627 2176 4681 ratione

594 4708 836 4753 mutuam
864 4694 1204 4761 citaritatem,
1236 4695 1381 4748 velut
1426 4694 1566 4747 inter
1597 4694 1859 4760 membra,
1891 4697 2173 4764 conciliet;

592 4770 709 4825 sive
740 4778 795 4822 ut
826 4770 1053 4820 alterum
1082 4764 1233 4819 alteri
1263 4764 1601 4831 subjicienda
1632 4766 1987 4821 humilitatem
2020 4783 2177 4823 exer-

592 4849 712 4897 ceat
740 4849 796 4893 et
825 4836 1187 4893 commendet.
1214 4834 1486 4908 Quodiltic
1511 4837 1685 4892 Moses
1724 4836 1992 4892 Samuelis
2030 4845 2177 4908 pueri

594 4912 845 4979 exemplo
870 4909 1175 4964 conﬁrmat.
1201 4923 1362 4976 quem
1382 4907 1643 4979 Dominus
1668 4910 1786 4976 ipse
1812 4910 1863 4962 in
1889 4907 2057 4978 prima
2092 4926 2181 4964 vo.

594 4978 810 5040 cati-uie
840 4982 1060 5036 erudire
1090 4979 1280 5045 uoluit,
1313 4978 1408 5033 sed
1446 4980 1615 5034 semel
1646 4992 1700 5035 et
1744 4981 1961 5041 iterum,
2015 4981 2183 5038 immo

595 5065 649 5111 et
701 5054 880 5119 tet-tio,
935 5052 1000 5106 ad
1052 5066 1235 5105 senem
1286 5051 1399 5106 iicli
1449 5066 1639 5119 passus
1660 5061 1744 5106 est
1773 5067 2089 5118 recurrere;
2125 5064 2181 5109 et

595 5142 755 5196 quem
799 5124 865 5179 ad
914 5140 1069 5178 suum
1101 5121 1326 5177 Vocabat
1351 5123 1703 5196 colloquium,
1735 5123 1852 5188 ejus
1880 5134 2059 5178 tamen
2090 5126 2179 5193 qui

597 5194 761 5253 {elate
803 5198 1072 5263 superior.
1121 5202 1406 5249 sancitum
1431 5194 1658 5249 inferior
1682 5205 1818 5259 erat,
1845 5195 2183 5251 institutione

596 5268 846 5330 formari,
896 5277 955 5320 ut
1010 5264 1078 5319 ab
1116 5280 1183 5320 eo
1230 5267 1473 5327 edoctus,
1505 5266 1717 5319 tandem
1742 5269 1955 5320 vocanti
1982 5282 2039 5321 se
2074 5268 2183 5322 Deo

600 5338 956 5408 re~ponderet
973 5355 983 5391 :
1002 5335 1255 5407 Loquere,
1276 5336 1520 5408 Domine,
1537 5337 1815 5408 quiaaudit
1844 5354 2018 5391 servus
2044 5345 2178 5391 tuus.

600 5406 793 5465 Simile
822 5406 1127 5477 exctnplunt
1146 5410 1323 5463 elucet
1356 5410 1405 5462 in
1435 5406 1686 5463 Cornelio
1707 5406 2038 5462 Centurione
2062 5411 2177 5473 (Ac-

602 5488 705 5532 tor.
733 5481 815 5548 x),
850 5481 934 5533 cui
983 5495 1105 5534 cum
1149 5480 1374 5542 angelus
1418 5479 1775 5548 apparuisset,
1819 5477 2007 5532 eadem
2037 5488 2186 5533 certe

602 5564 768 5619 opera
800 5552 1057 5618 potuisset
1083 5551 1133 5605 ei
1165 5553 1345 5605 omnia
1378 5551 1497 5605 [idet
1530 5551 1783 5621 mysteria
1808 5552 2070 5621 revelare.
2098 5550 2177 5603 id-

603 5635 711 5690 que
759 5622 972 5691 utrique
1010 5621 1349 5691 commodius
1392 5628 1448 5676 et
1495 5620 1931 5690 compendiosius
1960 5620 2183 5686 fuisset;

605 5690 934 5745 tamencum
964 5690 1029 5744 atl
1060 5691 1275 5749 Petrum
1318 5692 1515 5761 allegat
1546 5709 1561 5748 :
1593 5692 1829 5759 Accerse,
1865 5693 2054 5762 inquit,
2102 5692 2187 5749 Si-

602 5772 828 5825 monem,
858 5762 937 5817 hic
967 5763 1102 5839 dicet
1127 5765 1214 5817 tibi
1235 5764 1358 5832 quid
1381 5774 1428 5818 te
1456 5773 1683 5833 oporteat
1709 5766 1893 5833 facere.
2158 5774 2161 5777 ’

2278 4486 2342 4539 de
2372 4485 2614 4539 (Ionvers.
2643 4484 2704 4540 S.
2755 4483 2934 4552 Pauli,
2979 4486 3153 4539 Actor.
3180 4486 3278 4557 lx),
3323 4486 3576 4553 illamque
3603 4482 3855 4557 Civitatem

2278 4557 2549 4625 religiOsis
2572 4557 2941 4626 interpretans
2968 4558 3137 4625 ipsam
3162 4553 3285 4611 esse
3319 4558 3647 4625 religionem,
3678 4553 3744 4604 ita
3773 4562 3858 4626 ex:

2278 4615 2482 4683 clamat
2513 4644 2527 4683 :
2561 4627 2604 4682 0
2627 4615 2884 4699 sapientia
2910 4615 3132 4683 sudvitcr
3161 4645 3277 4682 vere
3303 4615 3537 4699 univcrsa
3568 4615 3859 4699 disponens!

2279 4715 2397 4753 eum
2422 4700 2507 4752 cui
2538 4709 2590 4752 tu
2606 4692 2854 4768 (aq-ueris,
2878 4699 3220 4753 erudiendum
3243 4699 3309 4753 de
3332 4709 3423 4751 tua
3448 4692 3703 4768 voluntate
3722 4692 3858 4768 mittis

2282 4770 2350 4823 ad
2377 4764 2681 4831 hominenﬂ
2704 4778 2759 4823 ut
2783 4771 2996 4824 socialis
3029 4772 3145 4825 υὲιω
3166 4771 3549 4823 commendetur
3574 4767 3767 4822 utilitas
3784 4802 3795 4819 .
3821 4764 3858 4809 rt

2282 4840 2501 4895 edoctus
2528 4857 2615 4909 per
2638 4840 2921 4905 hominem,
2975 4842 3138 4895 discat
3163 4852 3211 4895 et
3248 4837 3855 4911 ipsesecundum‘datqm

2282 4912 2383 4983 sibi
2425 4913 2648 4983 gratiam
2700 4913 2991 4966 hominibus
3024 4909 3305 4966 subuenire.
3341 4909 3644 4981 Ingredere,
3674 4909 3854 4983 ianllt

2285 4972 2565 5036 civitdtetn.
2607 4982 2823 5046 Videtis,
2857 4984 3063 5053 fratres,
3092 5000 3193 5036 non
3228 4983 3338 5036 sine
3358 4972 3539 5035 divino
3564 4972 3856 5053 auﬁliofaf'

2286 5062 2393 5107 tum
2421 5070 2529 5108 esse
2560 5064 2611 5106 ut
2636 5053 2773 5107 hanc
2798 5048 3058 5108 ciuitatem
3095 5053 3298 5106 Domini
3323 5057 3572 5107 virtutum
3600 5048 3856 5120 ingredrrf'

2285 5127 2435 5188 mini,
2469 5126 2696 5199 divinam
2734 5125 2930 5199 discere
2958 5129 3288 5199 voluntatem.
3321 5113 3774 5199 ldent‘conlirma‘l‘
3801 5113 3850 5164 Ι)-

2287 5198 2642 5262 Angnstinus,
2667 5197 2780 5265 qui,
2813 5214 2932 5249 cum
2962 5197 3149 5249 eadem
3184 5200 3429 5261 exempla
3461 5195 3615 5248 Pauli
3643 5203 3690 5248 et
3722 5189 3852 5265 βψ·

2287 5267 2411 5321 nelii
2482 5262 2991 5330 commemorasset,
3052 5265 3167 5320 bare
3193 5270 3473 5335 aptissime
3529 5262 3755 5333 adjutth
3792 5264 3852 5321 (³η

2287 5338 2491 5409 prolog.
2525 5339 2588 5390 de
2610 5337 2844 5409 Doctrin.
2883 5336 3191 5409 Christian.)
3226 5356 3237 5390 :
3268 5336 3521 5390 Poterant
3549 5338 3714 5404 utique
3756 5343 3850 5409 orti.-

2288 5395 2376 5461 itia
2401 5395 2490 5477 per
2515 5409 2753 5478 angelum
2780 5407 2918 5476 ﬁeri,
2947 5408 3035 5459 sed
3067 5410 3268 5477 abjecta
3291 5418 3423 5461 esset
3454 5395 3677 5460 humana
3698 5395 3854 5472 condi-

2289 5482 2381 5543 tio,
2415 5482 2458 5531 si
2492 5496 2579 5543 per
2610 5481 2837 5532 homines
2866 5478 3157 5531 hominibus
3187 5480 3396 5532 verbum
3447 5495 3596 5532 suum
3624 5478 3747 5530 Deus
3775 5481 3852 5518 nn-

2290 5551 2512 5603 ttistrare
2540 5547 2949 5603 nollet.‘Deinde
2978 5549 3094 5617 ipsa
3122 5552 3374 5615 Charitas,
3407 5566 3523 5615 qua
3550 5550 3642 5603 sibi
3672 5543 3850 5617 inricrm

2292 5622 2523 5675 homines
2546 5623 2685 5674 nodo
2715 5621 2982 5693 citaritatis
3010 5622 3269 5693 astringit,
3319 5637 3421 5675 non
3449 5620 3656 5693 haberet
3682 5616 3848 5693 adit!!!”

2291 5692 2731 5764 refundendorum
2756 5690 2958 5745 sibimet
2990 5680 3304 5755 uuimoFum,
3350 5693 3394 5747 si
3422 5692 3651 5747 homines
3676 5701 3757 5756 per
3780 5680 3851 5731 θιο·

2292 5763 2455 5821 mines
2486 5763 2616 5821 nihil
2645 5763 2919 5817 discerent.
