4026 6204
222 202 338 265 549

1286 195 1632 259 COLLATIO
1668 192 1740 257 II.
1769 228 1841 247 -ι
1869 192 1961 256 DE
2002 198 2489 261 DISCRETIONE.

3422 214 3534 278 550

225 329 328 389 tes,
356 336 423 376 ne
446 319 580 390 forte
601 317 657 376 in
682 331 904 377 saeuum
933 331 1196 375 curret-sm
1218 324 1304 372 aut
1325 317 1672 374 cucurrissem
1692 314 1827 392 (Ga—
1850 321 1907 380 Α
1932 316 2124 387 potuit.
2150 318 2495 390 Quapropter
2534 319 2834 379 secundum
2881 321 3224 397 Apostolum,
3264 347 3355 399 per
3380 350 3532 393 arma

227 413 328 469 tat.
358 412 441 485 ιι).
466 414 597 482 Quis
620 428 751 485 ergo
774 423 879 469 tam
911 420 1269 483 praesumptor
1309 420 1365 467 et
1406 416 1584 469 caecus
1609 412 1702 477 sit,
1731 411 1823 482 qui

226 524 293 564 se
320 510 522 565 audeat
541 523 640 565 suo
666 508 870 579 judicio
898 520 963 562 ac
983 502 1668 574 discretionicommittere,
1698 518 1826 560 cum

233 601 346 657 Vas
376 602 661 658 electionis
713 600 1014 670 indiguisse
1042 599 1476 666 coapostolorum
1516 612 1739 655 suorum
1764 612 1825 652 se

227 695 527 750 collatione
559 693 831 749 testetur?
864 690 1015 749 Unde
1043 691 1486 748 manifestissime
1505 691 1825 761 comproba-

226 796 319 842 tur
349 788 482 845 nulli
506 802 537 842 a
561 786 789 843 Domino
816 787 959 842 viam
982 784 1336 856 perfectionis
1360 784 1701 856 ostendi,qui
1732 783 1825 837 ba-

224 881 363 937 bens
408 881 549 936 unde
592 881 765 936 valeat
817 878 1046 947 erudiri,
1097 878 1405 934 doctrinam
1438 876 1715 932 seniorum
1743 877 1827 934 vel

224 976 476 1032 instituta
503 974 921 1043 contempserit,
962 970 1362 1042 parvipendens
1391 969 1529 1027 illud
1554 970 1824 1040 eloquium

224 1072 370 1138 quod
395 1075 614 1138 oportet
661 1066 1073 1137 diligentissime
1093 1063 1355 1119 custodiri
1388 1080 1401 1118 ε
1433 1061 1708 1135 Interroga
1734 1080 1827 1134 pa-

222 1172 358 1217 trem
381 1173 547 1231 tuum,
569 1173 620 1216 et
640 1160 971 1222 annuntiabit
996 1159 1121 1227 tibi;
1150 1160 1381 1214 seniores
1410 1168 1545 1226 tuos,
1580 1166 1628 1219 et
1658 1156 1825 1212 dicent

223 1251 321 1306 tibi
350 1251 583 1322 (Denter.
607 1251 801 1321 xxx").

818 1341 1053 1399 CAPUT
1092 1340 1231 1397 XVI.

653 1435 734 1489 De
750 1437 1043 1507 appetenda
1062 1436 1393 1495 discretione.

296 1526 458 1583 Omni
486 1527 652 1599 igitur
679 1540 879 1583 conatu
910 1527 1075 1583 debet
1101 1528 1445 1584 discretionis
1491 1528 1693 1584 bonum
1717 1529 1823 1585 vir-

218 1627 336 1676 tute
364 1621 691 1677 humilitatis
713 1622 944 1695 acquiri,
975 1636 1095 1692 qua
1125 1636 1227 1677 nos
1270 1622 1468 1676 illaesos
1497 1623 1564 1677 ab
1595 1632 1820 1694 utraque

1927 408 2151 481 justitia:
2180 427 2297 481 qua:
2326 429 2359 466 a
2388 411 2581 468 dextris
2612 422 2733 468 sunt
2769 421 2814 468 et
2858 432 2890 469 a
2916 416 3139 472 sinistris
3176 420 3244 493 (II
3276 420 3398 478 Cor.
3426 429 3526 497 vr),

1932 514 2083 560 recto
2136 505 2506 563 moderamine
2557 508 2943 565 transeundum
2996 520 3100 577 est,
3152 525 3207 568 et
3258 516 3328 571 ita
3388 518 3529 575 inter

1934 605 2197 668 utrasque
2225 598 2530 657 nimietat’es
2563 600 2896 658 discretione
2934 604 3249 660 moderante
3276 610 3519 677 gradien-

1929 688 2058 744 dum
2109 701 2211 754 est,
2267 700 2328 745 ut
2357 707 2456 748 nec
2507 709 2536 749 a
2569 694 2770 750 tradito
2799 699 3145 754 continentiae
3179 704 3395 758 tramite
3440 718 3520 759 ac-

1929 782 2275 852 quiescamus
2304 784 2519 857 abduci,
2563 802 2662 841 nec
2684 802 2897 843 rursum
2929 792 3250 850 remissione
3279 796 3439 851 noxia
3469 796 3525 852 in

1928 875 2069 945 gulae
2101 877 2414 951 ventrisque
2453 879 2723 936 desideria
2754 883 3126 947 concidamus.

2523 1013 2753 1070 CAPUT
2789 1015 2954 1072 XVII.

2211 1125 2290 1181 De
2313 1127 2666 1185 immoderatis
2680 1133 2900 1203 jejuniis
2928 1142 2976 1187 et
3014 1135 3222 1207 vigiliis.

1998 1261 2213 1318 Etenim
2244 1264 2465 1319 memini
2497 1280 2585 1323 me
2612 1265 2925 1335 frequenter
2975 1272 3047 1327 ita
3074 1273 3373 1340 appetitum
3404 1276 3514 1334 cibi

1931 1354 2149 1424 penitus
2179 1358 2476 1425 reSpnisse,
2509 1370 2563 1412 ut
2589 1358 2799 1415 duobus
2827 1361 3019 1418 diebus
3050 1379 3112 1419 ac
3137 1366 3305 1421 tribus
3346 1368 3523 1426 refec-

1930 1448 2076 1503 tione
2107 1449 2291 1513 dilata,
2325 1466 2393 1504 ne
2424 1454 2686 1511 memoria
2732 1456 2948 1523 quidem
2978 1459 3122 1513 illius
3145 1460 3310 1517 edulii
3344 1479 3518 1520 meam

1927 1538 2352 1608 interpellaverit
2375 1550 2609 1599 mentem
2636 1563 2648 1597 :
2682 1554 2738 1601 et
2763 1563 2952 1602 rursus
2980 1550 3049 1604 ab
3073 1552 3246 1606 oculis
3273 1555 3407 1609 meis
3436 1557 3513 1613 ita

1927 1646 2180 1686 somnum
2210 1633 2408 1687 diaboli
2439 1636 2842 1704 impugnatione
2872 1641 3231 1711 subtractum,
3258 1654 3315 1699 ut
3338 1648 3523 1716 plures

218 1721 408 1785 potest
436 1713 720 1769 nimietate
778 1728 1019 1771 servare.
1050 1712 1222 1771 Vetus
1271 1730 1503 1785 namque
1554 1716 1823 1771 sententia
1854 1712 1903 1774 B
1931 1734 2118 1780 noctes
2160 1740 2225 1781 ac
2268 1726 2385 1782 dies
2436 1729 2710 1798 paululum
2740 1731 2867 1799 quid
2899 1736 3078 1792 somni
3110 1738 3243 1795 meis
3271 1712 3442 1797 oculis
3489 1758 3523 1799 a

212 1814 309 1861 est
337 1814 364 1844 ι
389 1807 672 1885 ἀκρότητες
701 1806 955 1875 iacitur“,
984 1804 1037 1863 id
1066 1815 1170 1872 est,
1203 1807 1513 1861 nimietates
1540 1806 1818 1877 aequalita-

214 1907 304 1953 tes
326 1906 474 1953 sunt.
499 1897 581 1953 Ad
614 1914 778 1952 unum
796 1897 939 1954 enim
965 1898 1124 1953 finem
1153 1898 1408 1952 nimietas
1432 1897 1619 1967 jejunii
1642 1906 1695 1952 et
1720 1913 1816 1953 vo-

215 1992 425 2047 racitas
464 1992 734 2061 pervenit,
759 1990 1058 2063 eodemque
1081 1990 1369 2062 dispendio
1396 1991 1696 2063 vigiliarum
1716 1992 1819 2051 im-

212 2081 495 2137 moderata
520 2082 863 2147 continuatio
884 2082 1233 2150 monachum,
1261 2098 1371 2153 quo
1401 2084 1577 2139 somni
1604 2082 1817 2155 gravis-

212 2173 343 2231 simi
370 2186 559 2246 torpor
581 2176 827 2231 involvit.
856 2175 990 2232 Nam
1025 2192 1117 2245 per
1146 2192 1433 2233 excessum
1463 2179 1815 2235 continentiae

214 2267 563 2325 debilitatum
588 2285 857 2342 quemque
880 2270 947 2325 ad
1001 2271 1152 2326 illum
1194 2280 1396 2327 statum
1442 2274 1687 2329 revocari
1720 2290 1817 2330 ne-

210 2374 373 2418 cesse
408 2371 491 2419 est
519 2363 575 2421 in
595 2379 704 2433 quo
734 2363 1017 2434 negligens
1043 2364 1273 2435 quisque
1304 2380 1400 2435 per
1429 2365 1694 2422 incuriam
1718 2368 1817 2424 de-

213 2455 462 2521 tinetur;
512 2455 585 2511 ita
632 2465 690 2511 ut
736 2457 1053 2527 frequenter
1079 2472 1217 2528 quos
1262 2472 1358 2527 per
1378 2459 1813 2529 gastrimargiam

210 2548 399 2620 decipi
432 2566 539 2605 non
571 2549 817 2622 potuisse
847 2553 1250 2623 conspeximus,
1277 2566 1374 2622 per
1400 2550 1812 2607 immoderatio-

212 2659 343 2701 netn
369 2643 701 2715 ieiuniorum
730 2643 1025 2702 viderimus
1080 2645 1248 2701 fuisse
1270 2646 1534 2719 deiectos,
1558 2657 1720 2717 atque
1745 2647 1813 2704 ad

211 2740 467 2797 eamdem
498 2755 659 2812 quam
686 2741 931 2796 vicerant
961 2744 1269 2811 passionem
1302 2742 1629 2797 infirmitatis
1658 2758 1816 2799 occa-

210 2833 373 2889 sione
421 2832 711 2906 collapsos.
758 2832 962 2904 Vigilize
1004 2848 1219 2904 quoque
1269 2844 1323 2888 et
1371 2835 1813 2903 pernoctationes

209 2929 561 2987 irrationales
585 2927 899 2999 deiecerunt
946 2942 1083 3000 quos
1111 2943 1336 2984 somnus
1392 2943 1652 2999 superare
1702 2944 1811 2985 non

1929 1818 2159 1873 Domino
2205 1834 2457 1888 precarer
2487 1823 2720 1893 infundi,
2752 1827 3078 1898 graviusque
3126 1848 3214 1887 me
3246 1836 3525 1901 periclita-

1926 1917 2039 1965 tum
2067 1910 2246 1964 somni
2278 1911 2493 1983 cibique
2524 1912 2764 1977 fastidio,
2798 1933 2957 1985 quam
2990 1926 3204 1991 soporis
3237 1933 3291 1978 et
3318 1912 3538 1996 μευ-μ’

1927 2003 2144 2073 margia:
2176 2003 2566 2063 colluctatione
2616 2011 2881 2078 personsi.
2926 2013 3128 2086 Itaque,
3155 2018 3292 2074 sicut
3315 2018 3344 2059 ι’
3369 2021 3525 2079 festi-

1926 2094 2165 2152 nandum
2198 2096 2355 2153 nobis
2375 2106 2461 2153 est
2488 2114 2557 2155 ne
2577 2103 2817 2169 appetitu
2839 2118 3117 2173 corporeae
3150 2109 3442 2179 voluptatis
3465 2115 3520 2169 in

1922 2185 2332 2243 dissolutionem
2366 2190 2581 2244 noxiam
2613 2190 2938 2260 dilabamur,
2984 2207 3039 2251 et
3082 2209 3213 2255 ante
3242 2206 3522 2270 praestitu—

1922 2286 2036 2334 tum
2092 2288 2306 2348 tempus
2357 2282 2440 2337 vel
2487 2281 2610 2339 cibo
2664 2284 2967 2356 indulgere,
3023 2290 3107 2346 vel
3149 2292 3369 2348 modum
3399 2296 3517 2369 ejus

1921 2387 2316 2442 pra‘sumamus
2359 2376 2665 2443 excedere;
2702 2377 2773 2435 ita
2802 2388 2887 2436 est
2922 2394 3065 2438 escae
3094 2385 3382 2456 somnique
3434 2404 3521 2444 re-

1920 2464 2084 2520 fectio
2128 2466 2262 2521 hora
2314 2467 2574 2539 legitima,
2607 2471 2769 2525 etiam
2812 2471 2856 2526 si
2899 2473 3141 2544 horreat,
3196 2478 3513 2548 ingerenda.

1919 2557 2222 2629 Utrumque
2238 2561 2381 2615 cnim
2406 2563 2609 2617 bellum
2635 2564 2930 2621 adversarii
2958 2566 3193 2626 factione
3217 2575 3518 2644 consurgit,

1924 2657 1979 2706 et
1999 2651 2363 2722 perniciosius
2384 2657 2717 2711 continentia
2751 2658 3105 2717 immoderata
3136 2679 3296 2732 quam
3320 2667 3519 2723 saturi-

1923 2752 2006 2799 tas
2054 2746 2280 2801 remissa
2323 2749 2652 2818 supplantat.
2682 2751 2767 2805 Ab
2811 2752 2910 2807 hac
2941 2770 3172 2827 namque
3200 2757 3265 2811 ad
3293 2773 3518 2814 mensu-

1923 2854 2060 2910 ram,
2091 2839 2449 2895 districtionis
2492 2843 2860 2901 intercedentc
2900 2853 3322 2920 compunctione
3370 2855 3516 2911 salu-

1926 2933 2046 3001 tari,
2075 2934 2361 2989 conscendi
2388 2944 2583 3005 potest,
2605 2938 2671 2995 ab
2690 2924 2782 2996 illa
2814 2955 2921 2997 non
2953 2951 3150 3013 potest.
3452 2934 3455 2939 ’

1288 3063 1544 3122 ALARDI
1584 3064 1821 3123 GAZIEI
1857 3068 2421 3128 COMMENTARIUS.

296 3193 324 3221 ι
344 3182 405 3238 In
438 3181 991 3269 codicib.nBasileens'i
1012 3181 1447 3269 .et_I)ionIysia_lio
1479 3197 1583 3269 non
1615 3180 1814 3269 legitur
1841 3184 1887 3248 ο
1919 3184 2179 3269 deputari.
2206 3184 2362 3269 Unde
2380 3195 2433 3241 et
2455 3187 2689 3269 unnsde
2718 3199 2925 3269 septem
2951 3193 3296 3269 Sapientibus
3321 3212 3335 3247 τ
3358 3197 3516 3269 μηδὲν

211 3254 338 3310 hac
369 3254 636 3311 sententia
664 3253 986 3320 Grmce,sed
1012 3252 1203 3307 Latine
1232 3255 1707 3323 duintaxat,qnam
1735 3254 1816 3310 sic

214 3329 443 3395 exponit
458 3326 775 3397 Dionysius:
802 3324 1109 3397 Nimietates
1130 3326 1453 3397 tequalitates
1475 3336 1612 3389 sunt,
1632 3325 1681 3378 id
1707 3333 1810 3392 est,

212 3413 362 3466 atque
393 3396 617 3451 nocirte.‘
635 3398 818 3451 malim
852 3396 1055 3463 dicere,
1079 3396 1253 3466 ambae
1275 3397 1483 3450 vitiosa:
1504 3408 1558 3451 et
1582 3398 1809 3465 nocivm,

213 3470 360 3538 quod
391 3468 604 3537 plenius
632 3468 942 3522 declaratur
970 3482 1092 3536 cap.
1124 3465 1231 3538 ‘22,
1267 3468 1356 3522 ubi
1392 3468 1534 3534 paria
1565 3467 1680 3522 fere
1719 3483 1810 3522 os-

214 3536 517 3594 tenduntur
539 3539 721 3595 nimite
774 3540 967 3595 inediae
1004 3550 1054 3593 et
1084 3536 1264 3594 nimias
1283 3539 1567 3595 edacitatis
1599 3541 1809 3594 incom—

212 3613 401 3665 moda.
454 3610 601 3666 Hanc
660 3627 821 3679 porro
868 3611 1218 3675 sententiam,
1275 3609 1746 3675 ntGra:cam,sen
1781 3624 1809 3662 a

214 3680 431 3737 Gratcis
446 3682 734 3751 prolatam,
751 3681 939 3735 Latine
956 3693 1135 3735 tamen
1158 3681 1391 3735 reddidit
1416 3682 1646 3735 Faustus
1676 3682 1813 3736 Rhe-

214 3755 425 3824 gicusis
473 3753 615 3807 libro
644 3768 663 3807 ι
694 3753 762 3807 de
787 3752 969 3808 Gratia
992 3764 1046 3807 et
1076 3751 1272 3824 Libero
1305 3753 1561 3813 Arbitrio,
1586 3766 1812 3821 eamque

217 3823 321 3877 Stin
345 3825 591 3879 instituto
623 3828 692 3876 ita
722 3824 1123 3879 accommodat:
1147 3823 1286 3876 Pene
1312 3833 1531 3893 utraque
1551 3824 1808 3888 nimietas,

216 3895 343 3948 dum
364 3895 724 3949 discretionem
751 3906 900 3964 atque
917 3895 1195 3948 discrimen
1221 3906 1390 3946 tenere
1406 3896 1587 3955 nescit,
1613 3894 1813 3964 azquale

214 3967 417 4039 crimen
447 3966 685 4020 incurrit.
719 3969 782 4020 ιιι
804 3964 1208 4039 rursns(cap.I
1239 3976 1286 4019 et
1318 3964 1407 4035 I7)
1456 3982 1468 4017 :
1502 3965 1634 4039 Cum
1678 3966 1812 4039 inter

220 4036 334 4090 Itth
362 4054 496 4090 unus
525 4047 723 4092 tantum
744 4039 931 4110 labori,
962 4036 1269 4110 altertotnm
1296 4039 1476 4109 gratia:
1489 4038 1695 4110 jutticet
1722 4037 1811 4110 de-

221 4109 535 4175 putandum,
562 4110 804 4177 impletur
847 4107 902 4161 in
946 4118 1165 4178 utroque
1192 4107 1373 4163 Grtet'a
1395 4107 1647 4161 sententia
1679 4122 1698 4161 :
1728 4108 1809 4160 ni-

219 4180 450 4251 mietates
480 4180 798 4249 wqualitates
822 4187 961 4247 sunt,
992 4180 1177 4232 similis
1204 4182 1460 4251 impietas,
1485 4190 1531 4232 et
1559 4196 1653 4247 par
1703 4195 1811 4232 esse

217 4249 471 4321 probatur
498 4251 819 4321 improbitas,
853 4251 899 4321 si
920 4259 1081 4302 talum
1104 4252 1204 4321 soli
1231 4249 1433 4318 gratia’,
1463 4251 1541 4303 vel
1568 4252 1611 4303 si
1649 4259 1809 4321 totum

220 4320 327 4373 soli
351 4320 633 4373 aseribatur
654 4321 837 4375 labori.
867 4320 991 4374 Ilaec
1019 4321 1125 4375 ille.
1164 4320 1267 4374 Pro
1289 4321 1482 4390 quibus
1506 4321 1645 4389 apud
1669 4320 1811 4373 Mar-

219 4393 471 4462 garinum
504 4405 779 4460 perperam
811 4391 1011 4462 legitur
1052 4391 1311 4462 (biblioth.
1345 4391 1419 4444 tlt.
1450 4398 1506 4455 4,
1544 4393 1669 4445 edit.
1702 4392 1754 4457 5)
1793 4409 1806 4445 :

223 4459 534 4516 Nimietates
552 4459 1003 4525 etinarqualitates
1032 4459 1152 4517 sunt
1181 4463 1365 4516 similis
1406 4463 1724 4529 improbitas,
1760 4471 1809 4516 et

221 4549 323 4603 par
345 4550 452 4587 esse
477 4534 721 4604 probatur
754 4535 1009 4599 impietas,
1031 4544 1161 4594 etc..
1194 4540 1254 4587 ut
1281 4548 1347 4587 ex
1378 4534 1562 4599 priore
1592 4543 1806 4588 senten-

224 4606 297 4657 tia
319 4616 371 4659 et
393 4613 505 4657 toto
525 4607 640 4672 ejus
664 4605 784 4659 libri
813 4612 1039 4659 tractatu
1067 4605 1356 4673 colligitur.
1386 4604 1607 4658 Videtur
1623 4617 1804 4661 autem

222 4674 341 4729 htec
373 4678 659 4740 ~ententia,
685 4692 780 4731 seu
807 4676 1159 4746 proverbialis
1178 4677 1394 4741 locutio,
1418 4692 1484 4730 ex
1513 4675 1805 4731 Aristotele

218 4746 506 4815 desumpta
533 4762 571 4801 ll
602 4747 798 4811 Ethic.,
824 4762 945 4816 cap.
979 4748 1032 4810 6,
1062 4749 1153 4802 ubi
1198 4748 1357 4802 docet
1387 4748 1667 4817 plerasque
1697 4749 1802 4802 vir-

220 4826 365 4871 tutes
397 4819 631 4889 morales
655 4818 707 4873 in
737 4820 934 4882 medio,
965 4818 1067 4873 hoc
1090 4830 1190 4889 est,
1223 4818 1364 4873 inter
1412 4818 1518 4872 duo
1558 4829 1802 4875 extrema

215 4889 349 4942 vitia
382 4892 703 4944 consistere.
740 4889 874 4944 Huic
902 4905 1061 4957 porro
1087 4888 1264 4944 affinis
1292 4891 1379 4942 illa
1412 4891 1684 4944 veteribus
1713 4904 1804 4944 ce-

217 4959 426 5031 lebrata
450 4963 718 5015 sententia
746 4978 762 5014 :
783 4960 935 5031 μηδὲν
960 4958 1110 5031 ἄγαν,
1153 4978 1215 5015 ne
1244 4962 1368 5031 quid
1399 4962 1573 5026 nimis,
1600 4962 1667 5016 de
1696 4977 1800 5031 qua

218 5030 470 5084 Stobtrm
497 5030 859 5093 sermolteﬂl,
886 5043 943 5085 et
962 5030 1062 5085 alia
1085 5030 1328 5087 Cleobuli
1355 5033 1492 5098 apud
1524 5030 1798 5098 eumdem,

218 5098 437 5181 ᾅριστεν
465 5106 669 5181 perper,
700 5104 887 5181 modus
911 5103 1641 5181 omniumaptiinnsdluibus
1664 5104 1803 5181 allu-

216 5172 353 5227 d'ens
384 5173 452 5226 D.
485 5172 846 5244 Hieronymus
878 5176 931 5227 in
958 5173 1183 5244 epistola
1214 5174 1268 5232 8.
1298 5173 1368 5227 ita
1399 5172 1799 5227 Demetriadem

214 5246 592 5312 virgunculam
624 5242 882 5300 adinOuet
922 5262 936 5297 :
986 5242 1169 5315 Neque
1198 5260 1314 5297 vero
1343 5244 1683 5297 immoderata
1712 5244 1804 5298 tibi

215 5316 536 5389 imperamus
552 5318 765 5389 jejunio
799 5325 845 5368 et
874 5331 1131 5369 enormem
1159 5315 1389 5368 ciborum
1419 5316 1800 5382 abstinentiam,

216 5387 410 5457 quibus
456 5387 627 5440 statim
667 5388 890 5441 delicata
945 5402 1165 5457 corpora
1222 5389 1555 5456 franguntur,
1600 5395 1647 5439 et
1687 5396 1806 5439 ante

216 5456 474 5531 (egrotare
501 5460 773 5531 incipiunt,
803 5473 960 5531 quam
988 5469 1178 5511 saneta:
1215 5456 1614 5531 conversationis
1631 5460 1807 5528 jecere

215 5528 1085 5597 fundamenta.'Philosophorum
1131 5542 1360 5597 quoque_
1385 5528 1649 5580 sententia
1700 5534 1803 5596 est,

214 5593 511 5680 μσόιςητας
545 5601 757 5679 ἀρετὰς,
788 5593 1078 5680 suspecta:
1102 5593 1289 5680 training:
1312 5593 1471 5680 εξναις
1500 5599 1643 5667 quod
1670 5593 1809 5680 Lati-

215 5670 321 5725 itus
348 5673 423 5725 ita
457 5670 635 5738 potest
662 5688 844 5728 sermo
873 5670 1131 5728 resanare
1163 5692 1176 5725 :
1234 5670 1532 5723 Moderatus
1565 5684 1673 5722 esse
1698 5671 1805 5722 vir-

218 5748 352 5797 tutes
368 5755 393 5808 ε
418 5742 717 5800 medentes
744 5745 953 5799 modum
981 5751 1135 5812 atque
1159 5754 1451 5796 mensuram
1500 5740 1631 5793 inter
1680 5739 1805 5793 vitia

1907 5102 2149 5174 verbium
2181 5118 2193 5152 :
2228 5102 2418 5174 Modus
2446 5112 2517 5155 est
2545 5105 2666 5174 pulc

1917 3254 2151 3341 haud
2180 3266 2282 3341 est,
2318 3275 2379 3311 ne
2399 3261 2525 3329 quid
2555 3261 2709 3314 nimis
2737 3278 2756 3315 .-
2785 3254 2921 3332 quod
2948 3254 3051 3318 tam
3082 3268 3276 3341 celebre
3318 3254 3515 3341 facim

1918 3340 2007 3410 est,
2038 3338 2093 3381 ut
2121 3338 2313 3383 comico
2343 3347 2540 3415 quoque
2560 3349 2705 3387 versu
2730 3351 3024 3415 cupressum
3049 3339 3246 3415 sit.‘Sic
3271 3338 3418 3394 debes
3430 3345 3517 3415 je-

1907 3400 2102 3467 junare
2127 3410 2179 3455 ut
2199 3418 2296 3454 non
2314 3400 2532 3475 palpites
2552 3417 2597 3458 et
2627 3400 2887 3472 respirare
2904 3409 2988 3461 vim
3007 3410 3190 3473 possis,
3210 3419 3257 3463 et
3273 3400 3516 3467 comitum

1917 3481 2123 3524 tuarum
2150 3476 2232 3553 vel
2257 3475 2493 3553 porteris,
2517 3478 2596 3529 rel
2624 3476 2849 3553 traharis
2876 3481 3143 3553 manibus;
3170 3485 3260 3533 sed
3292 3496 3346 3535 ut
3394 3486 3507 3553 fra-

1916 3551 1997 3595 cto
2028 3546 2277 3621 corporis
2303 3550 2552 3621 appetitu,
2580 3563 2670 3621 nec
2712 3551 2768 3621 in
2807 3550 3043 3614 lectione,
3070 3567 3163 3602 nec
3196 3552 3246 3603 in
3270 3546 3506 3621 psalmis,

1915 3627 2005 3687 nec
2026 3614 2079 3666 in
2113 3614 2301 3683 vigiliis
2328 3616 2479 3687 solito
2504 3618 2628 3687 quid
2652 3618 2821 3669 minus
2850 3621 3036 3687 facias.
3066 3621 3210 3673 Ideni
3244 3614 3296 3674 in
3322 3614 3512 3679 Isaiam

1916 3682 2018 3756 lib.
2049 3682 2306 3750 stvpcap.
2340 3683 2409 3736 52
2444 3703 2454 3735 :
2493 3684 2675 3754 Neque
2705 3682 2995 3741 enim'vitia
3021 3700 3067 3741 et
3101 3694 3513 3756 perturbationes

1916 3752 2129 3829 invicem
2153 3771 2204 3829 se
2227 3762 2531 3829 sequuntur,
2552 3752 2693 3829 quod
2708 3763 2770 3829 de
2796 3758 3070 3829 rirtutibns
3100 3752 3311 3827 dicitur,
3329 3764 3513 3829 quibus

1916 3838 2003 3901 nec
2031 3822 2349 3901 ὕπερϐᾄσεις
2369 3834 2509 3901 sunt,
2537 3842 2627 3878 nec
2659 3826 2924 3901 ἐλλείψειςἶ
2946 3830 3000 3881 id
3027 3840 3120 3894 est,
3149 3847 3242 3884 nec
3273 3822 3393 3901 plus
3420 3851 3511 3889 nec

1914 3894 2105 3956 minus,
2135 3894 2225 3948 sed
2249 3896 2421 3947 omnia
2445 3905 2743 3960 temperata.
2775 3894 2848 3953 Ita
2886 3894 3502 3960 HieronvmusiEodetu

1915 3976 2158 4034 spectant
2190 3966 2303 4020 haec
2326 3966 2511 4020 lsidot‘i
2540 3966 2824 4024 Pelusiotae
2853 3974 3011 4035 epist.
3036 3966 3158 4034 151,
3190 3973 3283 4029 lib.
3304 3991 3403 4032 ut:
3438 3975 3509 4031 Ut

1913 4053 2171 4118 corporeis
2196 4036 2595 4118 pulchritudinis
2636 4057 2817 4095 norma
2849 4045 3201 4118 membrorum
3229 4056 3354 4118 apta
3384 4065 3507 4117 pro-

1912 4112 2077 4185 portio
2106 4118 2203 4185 est,
2228 4111 2301 4163 ita
2329 4110 2479 4163 etiam
2509 4120 2734 4185 eatrema
2779 4115 3068 4185 spiritualis
3119 4110 3508 4173 exercitationis

1913 4180 2049 4234 linea
2080 4184 2132 4235 in
2160 4184 2403 4235 virtutum
2428 4183 2782 4239 mediocritate
2806 4180 3059 4241 consistit.
3095 4186 3239 4241 Nam
3265 4190 3311 4243 si
3337 4198 3509 4245 extre-

1910 4253 2137 4331 mitates,
2164 4263 2220 4307 ut
2250 4254 2465 4331 quidam
2493 4256 2749 4331 sapientes
2775 4258 2872 4311 viri
2897 4261 3321 4331 pronuntiarunt,
3350 4262 3406 4315 in
3434 4262 3509 4315 vi-

1913 4324 2037 4396 tium
2061 4326 2366 4396 degenerent
2390 4326 2552 4395 (unde
2580 4329 2734 4381 etiam
2756 4324 2964 4383 virtutes
2994 4324 3369 4387 mediocritates
3395 4348 3509 4387 esse

1912 4394 2272 4486 deﬁnierunt),
2298 4394 2437 4486 haud
2467 4398 2561 4486 αρε
2579 4416 2633 4453 re
2659 4401 2881 4486 Sapiens
2899 4418 3104 4486 quoque
3125 4406 3359 4486 monuit:
3377 4403 3508 4486 oli

1911 4481 2021 4547 esse
2041 4468 2476 4547 justusfnultum.
2518 4470 2644 4547 Ilaec
2668 4473 2763 4547 ille
2795 4468 2991 4543 (Epist.
3015 4468 3095 4530 ’19
3123 4485 3169 4529 et
3194 4476 3271 4547 6).
3301 4475 3507 4544 Quibus

1911 4537 2048 4592 adde
2069 4538 2197 4593 illud
2221 4540 2427 4596 Horatii
2452 4542 2496 4612 (ι
2521 4541 2635 4597 Sat.
2660 4541 2714 4613 I)

2039 4690 2205 4760 [irtus
2228 4702 2303 4760 est
2322 4696 2539 4760 medium
2556 4698 2781 4746 vitiorum
2805 4705 3053 4760 utrimque
3076 4700 3356 4752 reductum.

2040 4753 2124 4823 Est
2151 4756 2319 4823 modus
2345 4758 2393 4823 in
2413 4759 2563 4807 rebus
2590 4766 2736 4808 :sunt
2758 4762 2881 4810 certi
2905 4753 3119 4823 denique
3143 4763 3285 4823 ﬁnes,

1998 4840 2001 4843 λ
2043 4817 2175 4875 Quos
2201 4816 2324 4867 ultra
2349 4821 2571 4882 citraque
2596 4824 2769 4882 nequit
2790 4816 3061 4873 consistere
3084 4816 3293 4876 rectum:

1911 4960 2163 5029 Idemque
2212 4961 2338 5015 alibi
2392 4963 2585 5031 insigni
2635 4965 2887 5032 epitheto
2914 4983 3125 5021 auream
3151 4971 3504 5027 commendat

1912 5032 2342 5084 mediocritatem.
2387 5032 2629 5102 Denique
2669 5038 3037 5155 pervulgatum
3090 5048 3174 5093 est
3219 5040 3350 5096 illud
3376 5056 3503 5112 pro«

1912 5102 2149 5155 verbium
2181 5118 2193 5152 :
2228 5102 2418 5154 Modus
2446 5112 2517 5155 est
2545 5105 2666 5155 nulc
2704 5107 2894 5155 errima
2919 5110 3099 5155 virtus.

2704 5107 2894 5158 crrima
2919 5110 3099 5162 virtus.

1979 5170 2007 5210 ιι
2036 5171 2094 5225 Id
2140 5181 2254 5247 est,
2307 5170 2887 5239 sollicite'cavendum,
2918 5178 3317 5247 satagendum;
3351 5180 3502 5237 festi-

1910 5259 2039 5317 nare
2066 5243 2210 5296 enim
2244 5259 2350 5317 non
2383 5259 2599 5311 semper
2630 5260 2923 5313 properare
2952 5243 3252 5317 significat,
3287 5243 3382 5305 sed
3418 5253 3502 5307 in-

1910 5316 2121 5371 terdum
2146 5316 2435 5382 trepidare,
2461 5327 2550 5368 aut
2576 5318 2800 5379 turbari,
2828 5316 3117 5373 sollicitum
3144 5333 3241 5373 aut
3267 5324 3500 5379 anxium

1912 5402 2051 5442 esse.
2082 5388 2351 5462 §allust.’__:
2381 5384 2773 5462 Festinantibns
2804 5391 2854 5440 in
2882 5405 3088 5462 summa
3119 5392 3297 5460 inopia
3338 5395 3499 5462 patri-

1917 5462 2029 5536 bus.
2083 5458 2143 5511 Et
2193 5458 2634 5536 Gellius_(.’Yoct.
2671 5460 2824 5511 Attio.
2873 5458 2963 5511 lib.
3006 5458 3228 5536 x,__cap.
3280 5458 3380 5536 14)
3433 5482 3498 5523 ex

1917 5530 2162 5603 Varrone
2192 5531 2352 5603 ducet
2374 5529 2515 5583 alzud
2545 5545 2666 5583 esse
2696 5544 3010 5599 properare,
3035 5529 3182 5585 aliud
3208 5529 3496 5603 festinare;

1914 5611 1969 5656 et
1989 5602 2256 5677 festinare
2286 5602 2488 5677 dictum
2515 5604 2674 5677 quasi
2710 5606 2909 5656 fessum
2940 5616 3063 5677 esse
3086 5617 3267 5677 :_nam,
3301 5608 3495 5677 inquit,

1914 5673 2003 5750 qui
2044 5672 2224 5727 multis
2256 5672 2416 5727 simul
2452 5672 2636 5750 rebus-
2681 5672 3039 5750 properandis
3090 5675 3337 5736 defessus
3376 5672 3495 5750 est,

1909 5743 2021 5811 jam
2047 5758 2153 5800 non
2175 5752 2448 5815 properat,
2484 5744 2580 5801 sed
2612 5743 2850 5803 festinat.
