4004 6198
191 244 291 309 553

778 364 1001 425 CAPUT
1022 364 1175 423 XXI.

194 460 473 533 Responsio
501 462 753 532 quomodo
794 463 1040 533 praedicta
1090 463 1412 518 continentia:
1443 463 1528 517 lea:
1574 476 1766 516 seruari

876 534 1071 588 debeat.

258 647 509 719 Moyses:
538 657 564 686 ι
594 648 650 703 Si
698 648 859 705 vultis
903 648 1153 717 experiri
1183 650 1293 704 vim
1340 649 1523 704 statuti
1571 648 1764 717 hujus,

193 739 406 794 modum
439 739 601 795 istum
628 739 827 811 jugiter
854 745 1105 807 retinete,
1132 738 1159 778 δ
1187 740 1392 796 nullum
1435 741 1769 795 extrinsecus

191 832 451 888 coctionis
473 834 806 902 pulmentum
840 845 864 873 ο
890 834 978 890 die
1006 834 1280 889 dominico
1308 834 1392 889 vel
1418 833 1651 907 sabbati,
1679 847 1770 887 ne-

191 940 294 994 que
318 925 418 979 sub
445 924 627 995 aliqua
664 924 1068 981 advenientium
1103 925 1327 980 fratrum
1368 924 1655 979 occasione
1683 940 1774 978 su-

191 1028 429 1085 mentes;
476 1035 599 1075 nam
645 1019 728 1075 bis
769 1021 971 1076 refecta
1012 1034 1141 1075 caro
1191 1034 1299 1074 non
1347 1020 1520 1073 solum
1565 1018 1774 1074 minore

191 1111 489 1181 quantitate
530 1110 715 1167 diebus
742 1111 973 1167 residuis
1001 1112 1202 1182 poterit
1236 1110 1551 1177 sustentari,
1589 1125 1774 1166 verum

190 1203 352 1259 etiam
380 1212 543 1258 totam
572 1202 916 1260 refectionem
946 1205 1062 1259 sine
1084 1204 1266 1259 labore
1285 1202 1526 1270 differre,
1554 1202 1775 1258 illorum

189 1296 400 1351 scilicet
419 1296 657 1352 ciborum
685 1310 822 1367 quos
842 1298 1177 1352 extrinsecus
1201 1293 1491 1365 sumpserit
1517 1294 1777 1364 adjectio-

189 1404 259 1443 ne
281 1388 515 1443 suffulta.
540 1388 691 1454 Quod
720 1390 867 1444 nullo
887 1388 1049 1444 modo
1073 1388 1270 1456 facere,
1302 1403 1400 1444 nec
1427 1387 1775 1444 refectionem

189 1484 346 1552 panis
371 1481 585 1537 differre
615 1482 672 1536 in
701 1482 847 1538 diem
877 1492 1151 1552 posterum
1172 1482 1508 1552 praevalebit,
1534 1480 1776 1553 quisquis

187 1573 361 1629 fuerit
388 1589 602 1644 semper
627 1574 892 1644 praedictae
921 1589 1189 1630 mensura:
1231 1575 1527 1644 quantitate
1556 1582 1779 1629 conten-

186 1674 300 1719 tus.
333 1666 554 1721 Etenim
572 1666 793 1721 memini
813 1668 1058 1722 seniores
1081 1676 1296 1722 nostros
1326 1666 1500 1738 (quod
1526 1681 1624 1722 nos
1646 1680 1774 1736 quo-

1228 244 1569 310 COLLA'I'IO
1605 250 1669 308 ll.
1698 281 1768 294 —
1792 248 1881 308 DE
1920 244 2385 309 BISCRETIONE.
2960 338 2963 341 Α

1795 371 2049 438 Acarnis
2103 370 2417 427 lassitudine
2461 368 2627 425 nimia
2666 381 2996 441 praegravata
3040 374 3444 439 condormitare

3339 249 3445 319 εει

1868 463 2036 536 [ιὶρε.
2064 466 2119 518 in
2154 481 2320 537 marg.
2352 463 2665 535 dormitare]
2693 467 3067 536 compellitur;
3112 471 3187 526 ita
3228 489 3443 532 rursum

1867 556 2144 611 nimietate
2174 556 2488 611 voracitatis
2515 570 2773 626 oppressa
2802 561 3053 617 emittere
3091 578 3218 621 suas
3256 582 3445 637 preces

1868 648 1934 702 ad
1967 648 2132 703 Deum
2161 663 2323 718 puras
2348 648 2609 719 levesque
2636 665 2740 704 non
2773 654 2994 720 poterit.
3020 653 3127 712 Sed
3159 674 3259 716 nec
3286 664 3447 717 casti-

1869 739 2069 795 moniae
2097 740 2313 810 quidem
2356 740 2526 810 ipsius
2570 741 2857 811 puritatem
2908 744 3205 817 indisrupta
3254 753 3451 809 valebit

1866 830 2091 901 jugitate
2136 846 2358 887 servare
2384 874 2400 900 ,
2451 830 2579 887 dum
2626 831 2675 888 ei
2712 833 2877 890 etiam
2908 835 3101 893 diebus
3126 841 3230 896 illis
3258 845 3452 913 quibus

1872 936 2089 978 carnem
2110 923 2320 978 acriore
2334 923 2549 979 videtur
2563 924 2896 980 continentia
2918 928 3200 998 castigare,
3226 943 3451 1001 praeter-

1873 1014 1948 1071 ita
1992 1015 2100 1071 cibi
2145 1014 2403 1081 materia,
2444 1017 2692 1087 quamvis
2733 1017 2800 1072 ad
2846 1033 3087 1088 presens
3129 1021 3340 1079 defecto
3384 1026 3456 1082 sit

1874 1123 2124 1180 corpore,
2146 1110 2325 1181 ignem
2346 1110 2577 1166 carnalis
2592 1113 3047 1183 concupiscentia
3064 1116 3453 1176 subministrat.

2436 1250 2660 1309 CAPUT
2709 1251 2894 1309 XXIII.

1963 1360 2405 1427 Quemadmodum
2428 1364 2756 1448 abundantia:
2780 1370 3053 1423 humorum
3079 1373 3376 1442 genitalium

2509 1445 2838 1508 castigentur.

1948 1569 2081 1625 Nam
2111 1570 2253 1640 quod
2277 1570 2438 1626 semel
2462 1585 2563 1640 per
2610 1585 2855 1629 escarum
2898 1574 3279 1635 abundantiam
3329 1596 3460 1639 con-

1878 1672 2083 1717 cretum
2109 1662 2270 1717 fuerit
2296 1662 2350 1717 in
2386 1662 2669 1729 medullis,
2705 1678 2929 1721 necesse
2967 1676 3051 1722 est
3084 1670 3259 1739 egeri,
3302 1682 3463 1743 atque

184 1776 295 1831 que
324 1762 534 1817 retineo
561 1761 867 1830 frequenter
904 1760 1072 1817 fuisse
1117 1759 1425 1831 perpessos)
1469 1775 1590 1816 cum
1631 1769 1779 1815 tanto
1807 1768 1856 1829 Β
1880 1754 1949 1810 ab
1978 1753 2092 1823 ipsa
2123 1763 2328 1808 natura:
2356 1752 2473 1823 lege
2499 1754 2748 1823 propelli,
2781 1771 2901 1826 quae
2929 1758 3339 1818 exuberantiam
3370 1781 3461 1820 cu-

180 1852 381 1908 labore
405 1867 468 1907 ac
492 1852 806 1909 difficultate
835 1854 973 1908 hanc
1004 1853 1387 1922 parcimoniam
1417 1860 1770 1919 sustentasse,

181 1954 449 2015 tantaque
477 1945 528 1999 vi
556 1953 717 2015 atque
740 1945 917 2001 inedia
946 1945 1255 2015 pradictam
1284 1945 1585 2000 custodisse
1619 1959 1774 1999 men-

180 2052 400 2103 suram,
429 2046 489 2092 ut
516 2037 667 2092 inviti
698 2037 1114 2107 quodammodo,
1138 2052 1238 2092 nec
1259 2037 1376 2092 sine
1393 2037 1596 2107 gemitu
1618 2047 1777 2107 atque

183 2129 412 2183 tristitia
441 2129 583 2184 hunc
611 2128 773 2185 finem
801 2129 900 2184 sibi
929 2128 1245 2184 refectionis
1275 2130 1632 2201 imponerent.

762 2239 992 2297 CAPUT
1034 2240 1199 2295 XXII.

368 2331 589 2399 Quinam
612 2332 865 2403 generalis
893 2332 1216 2457 emitinentiae
1242 2349 1303 2386 ac
1322 2332 1611 2402 refectioni:

422 2426 435 2439 ~
845 2419 928 2457 mo
968 2419 1029 2457 us
1058 2412 1140 2457 sit.

422 2426 435 2439 ‘
845 2412 1029 2457 modus
1058 2412 1140 2457 ιη.

261 2493 552 2551 Generalis
595 2504 775 2550 tamen
816 2494 903 2550 hic
940 2496 1284 2551 continentiae
1315 2494 1508 2551 modus
1539 2502 1643 2562 est,
1668 2504 1729 2550 ut
1753 2492 1781 2533 ά

182 2587 491 2644 secundum
521 2589 870 2657 capacitatem
898 2587 1113 2655 virium,
1136 2589 1221 2643 vel
1251 2590 1519 2659 corporis,
1541 2590 1628 2645 vel
1656 2598 1785 2645 aeta-

183 2683 284 2747 tis,
319 2689 527 2735 tantum
552 2680 767 2737 sibimet
784 2682 889 2738 cibi
915 2682 1284 2753 unusquisque
1308 2684 1589 2749 concedat,
1612 2699 1784 2754 quan-

181 2784 302 2829 tum
334 2774 658 2829 sustentatio
683 2775 886 2842 carnis,
917 2790 1023 2830 non
1051 2784 1311 2846 quantum
1341 2775 1671 2832 desiderium
1700 2792 1787 2831 sa-

180 2864 433 2921 turitatis
463 2865 724 2936 exposcit.
760 2876 783 2903 ⁸
811 2866 869 2920 1η
900 2876 1127 2936 utraque
1147 2868 1290 2923 enim
1318 2880 1471 2939 parte
1500 2869 1786 2926 sustinebit

178 2957 489 3012 maximum
519 2957 937 3024 detrimentum,
965 2958 1207 3029 quisquis
1250 2959 1670 3030 inaequalitatem
1706 2969 1786 3016 te-

178 3064 358 3116 nens,
381 3063 523 3104 nunc
548 3058 789 3105 ventrem
805 3049 1139 3120 jejuniorum
1168 3050 1420 3107 ariditate
1442 3052 1781 3124 constringit,

1874 1847 2097 1918 juslibet
2126 1845 2370 1901 humoris
2393 1846 2674 1916 superflui,
2701 1849 2848 1904 velut
2887 1851 3101 1908 noxiam
3152 1855 3258 1910 sibi
3301 1867 3463 1928 atque

1877 1939 2223 2005 contrariam,
2256 1940 2311 1994 in
2337 1939 2628 2009 semetipsa
2659 1942 2899 1999 residere
2924 1960 3031 2000 non
3060 1948 3280 2017 patitur.
3312 1952 3460 2008 Ideo-
3544 1952 3545 1955 “

1878 2048 1982 2103 que
2005 2031 2311 2087 rationabili
2341 2046 2556 2100 semper
2583 2042 2637 2088 et
2661 2035 2858 2103 aequali
2886 2046 2969 2092 est
2995 2054 3192 2109 corpus
3221 2055 3460 2100 nOSIrum

1879 2126 2209 2197 parcimonia
2240 2124 2635 2195 castigandum,
2662 2133 2719 2179 ut
2741 2127 2786 2181 si
2819 2130 3049 2184 naturali
3085 2130 3186 2188 hac
3229 2137 3463 2190 necessi-

1881 2224 1992 2273 tate
2020 2225 2418 2273 commorautes
2447 2215 2500 2269 in
2545 2230 2709 2271 carne
2755 2219 3081 2274 omnimodis
3126 2238 3319 2281 carere
3360 2242 3469 2284 non

1882 2326 2191 2381 possumus,
2222 2311 2413 2367 saltem
2440 2309 2616 2365 rarius
2640 2325 2740 2366 nos
2764 2320 2821 2366 et
2857 2309 2877 2349 τ
2910 2327 3017 2368 non
3047 2317 3277 2386 amplius
3307 2335 3466 2388 quam

1883 2405 2026 2460 trina
2056 2405 2175 2460 vice
2202 2417 2484 2473 respersos
2516 2403 2617 2458 ista
2642 2403 2949 2460 colluvione
2987 2407 3150 2463 totius
3179 2411 3305 2465 anni
3348 2426 3467 2468 cur-

1883 2510 1978 2553 sus
2004 2496 2261 2552 inveniat.
2292 2494 2446 2563 Quod
2474 2503 2655 2550 tamen
2700 2493 2818 2551 sine
2856 2496 2966 2550 ullo
3006 2500 3215 2565 pruritu
3258 2503 3469 2572 quietus

1886 2596 2071 2660 egerat
2094 2602 2277 2657 sopor,
2308 2603 2411 2641 non
2447 2586 2606 2641 fallax
2635 2586 2811 2657 imago
2845 2586 3009 2644 index
3048 2593 3273 2647 occultae
3318 2596 3465 2651 volu-

1885 2681 2050 2750 ptatis
2067 2679 2268 2740 eliciat.
2282 2678 2644 2746 Quamobrem
2662 2677 2779 2732 haec
2795 2688 2879 2734 est
2898 2685 3287 2755 temperantiae,
3308 2702 3468 2758 quam

1886 2772 2142 2839 diximus,
2169 2768 2502 2827 continentia
2530 2777 2584 2825 et
2610 2769 2838 2839 qualitas
2864 2782 3023 2843 atque
3052 2789 3328 2853 mensura,
3351 2796 3471 2850 quae

1886 2874 2098 2934 patrum
2127 2877 2344 2934 quoque
2362 2862 2570 2932 judicio
2590 2862 2993 2933 comprobatur,
3019 2874 3075 2919 ut
3100 2869 3470 2937 quotidianam

1888 2956 2040 3027 panis
2081 2954 2427 3012 refectionem
2472 2952 3111 3024 quotidiana-comitetur
3153 2965 3379 3031 esuries,
3416 2965 3473 3022 in

1887 3063 1998 3105 uno
2018 3048 2316 3116 eodemque
2336 3055 2477 3103 statu
2501 3047 2734 3103 animam
2765 3049 2966 3118 pariter
2991 3065 3295 3125 corpusque
3340 3071 3473 3112 cou~

178 3159 342 3199 nunc
390 3158 633 3199 escarum
684 3144 963 3200 nimietate
1008 3144 1283 3201 distendit.
1336 3145 1405 3203 Ut
1448 3148 1591 3202 enim
1635 3161 1787 3202 mens
1814 3157 1860 3221 ο
1890 3157 2148 3208 servans;
2182 3155 2280 3197 nec
2304 3140 2493 3211 jejunii
2522 3139 2840 3209 fatigatione
2863 3142 3185 3211 concidere,
3216 3162 3317 3203 nec
3345 3164 3473 3218 gra-

175 3236 296 3292 cibi
331 3235 595 3293 inanitate
614 3235 810 3292 lassata
839 3236 1343 3307 perditoratiouum
1368 3239 1628 3309 vigorem,
1652 3238 1781 3293 dum
1886 3235 1999 3292 vari
2028 3244 2265 3290 mentem
2306 3234 2588 3291 saturitate
2636 3234 2973 3305 permittens.
3021 3235 3193 3294 Tanta
3242 3257 3474 3314 namque

1261 3330 1518 3387 ALARDI
1560 3330 1792 3387 GAZEI
1828 3327 2396 3387 COMMENTARIUS.

254 3434 287 3463 ι
316 3421 389 3479 Id
417 3430 499 3477 est
528 3420 773 3491 probare,
808 3436 936 3476 num
965 3421 1053 3477 illa
1078 3436 1351 3489 mensura,
1387 3424 1547 3479 unius
1583 3424 1791 3481 scilicet
1892 3423 2053 3489 solet,
2084 3431 2140 3477 ut
2163 3436 2231 3477 ex
2259 3422 2394 3479 Vitis
2421 3419 2636 3478 Patrum
2667 3431 2722 3479 et
2764 3423 3043 3482 Lausiacis
3090 3429 3330 3486 historiis
3379 3448 3475 3488 no-

174 3500 349 3555 librm
385 3492 533 3562 panis
572 3493 626 3546 in
672 3492 837 3559 diem,
867 3494 938 3547 sit
964 3493 1095 3548 satis
1131 3494 1337 3549 modica
1384 3505 1437 3549 et
1466 3495 1685 3563 exigua,
1727 3510 1791 3550 ac
1892 3504 2003 3550 tum
2031 3502 2131 3551 est.

170 3575 415 3626 servatu
437 3563 968 3629 difﬁcilis;eamdem
990 3579 1206 3633 semper
1225 3580 1290 3620 ac
1306 3562 1787 3636 perpetuo'tenete,
1963 3564 1992 3602 ά
2019 3565 2093 3620 Ita
2140 3563 2204 3617 D.
2251 3562 2482 3618 Basilius
2527 3563 2597 3619 de
2641 3564 2815 3636 Instit.
2858 3566 3103 3621 Monach.
3148 3583 3197 3623 c.
3243 3572 3309 3626 10
3337 3572 3475 3630 hanc

172 3642 343 3709 nulla
384 3635 669 3709 occasione
698 3637 1189 3709 eamexcedeutes.
1410 3634 1421 3636 ⁷
1462 3706 1476 3709 _
1892 3636 2051 3691 docet
2075 3648 2196 3689 esse
2225 3648 2535 3709 mensuram
2568 3634 2916 3709 continentia;
2955 3636 3135 3709 quoad
3181 3640 3365 3707 cibos,
3419 3657 3476 3699 ut

251 3711 286 3751 δ
322 3704 755 3764 Ρυιηιθηιειι-ἱιῐπη
803 3705 947 3766 dixit
982 3705 1045 3760 Ι).
1095 3704 1415 3761 Benedictus
1461 3706 1583 3761 loco
1630 3720 1793 3775 supra
1892 3712 2053 3775 prout
2076 3720 2204 3759 usus
2231 3704 2495 3775 deposcit,
2527 3705 2614 3775 vel
2641 3714 2802 3769 aetas,
2828 3707 2913 3760 vel
2954 3704 3138 3773 labor,
3182 3711 3265 3764 vel
3310 3704 3476 3769 rubur

169 3783 401 3841 citato;
427 3778 514 3831 ubi
536 3775 1007 3831 Turrecrematus:
1035 3776 1418 3841 Pulmentaria,
1445 3776 1637 3847 inquit,
1664 3773 1792 3831 mul-
1892 3773 2170 3847 corporis,
2200 3774 2304 3847 vel
2352 3773 2861 3847 commoditas__est;
2909 3775 2979 3829 ita
3010 3779 3169 3831 etiam
3202 3782 3393 3837 modus
3423 3795 3475 3841 et

172 3857 252 3909 tis
290 3848 485 3906 modis
511 3847 791 3923 dicuntur,
840 3847 1135 3923 secundum
1180 3848 1492 3923 varietatem
1519 3843 1793 3923 :materia-
1892 3843 2125 3923 qualitas
2166 3843 2271 3898 cibi
2298 3852 2666 3923 temperetur:
2700 3844 2880 3923 Neque
2900 3848 3055 3915 enim,
3086 3849 3276 3919 inquit,
3308 3857 3473 3923 passi.

168 3943 307 3982 rum
338 3936 415 3977 ex
435 3918 628 3990 quibus
650 3916 810 3983 fiunt;
834 3920 928 3990 sed
953 3919 1055 3972 hoc
1074 3918 1192 3973 loco
1215 3918 1628 3990 pulmentarium
1652 3917 1791 3990 idem
1895 3917 1996 3970 bile
2024 3924 2097 3990 est
2123 3931 2294 3969 omnes
2318 3920 2537 3990 [ratre_s_,_
2556 3930 2716 3968 unum
2749 3917 2999 3990 ordinem,
3038 3934 3101 3971 ac
3128 3916 3333 3976 modum
3350 3966 3365 3990 ,
3398 3929 3475 3980 vel

168 4008 263 4052 est
296 3984 469 4065 quod
487 3988 815 4065 pulmentum
842 3988 1038 4065 factum
1070 4005 1135 4065 ex
1163 3984 1416 4057 piscibus,
1448 3988 1793 4065 aut_le_gumi—
1892 3989 2125 4057 regulam
2146 3988 2429 4065 custodire.
2466 3984 2538 4038 Hi
2565 4000 2681 4040 vero
2707 3989 2793 4065 qui
2814 3989 2925 4065 sani
2953 3984 3476 4065 sunt,_pos§uut'om-

168 4058 385 4126 nibu's,
419 4060 532 4115 sive
564 4061 631 4113 de
656 4060 854 4122 herbis,
886 4060 968 4113 vel
998 4059 1188 4119 farina.
1223 4070 1510 4114 autcaseo.
1536 4059 1789 4114 Pulmen-
1894 4074 1981 4112 nes
2010 4059 2237 4112 eamdem
2260 4072 2549 4111 mensuram
2575 4065 2741 4111 tenere
2769 4059 2821 4110 in
2842 4058 3166 4114 abstinentia.
3200 4061 3476 4120 Immntari

166 4148 298 4193 tum
357 4134 509 4188 enim
528 4172 542 4194 ,
567 4140 645 4203 7ut
678 4129 809 4184 dicit
834 4126 1237 4203 lsidorus7(Lib.7
1270 4147 1339 4185 xx
1367 4128 1603 4203 Etymol.
1630 4128 1789 4203 (λβ),
1894 4138 2066 4203 autem
2093 4139 2286 4203 oportet
2310 4144 2399 4203 per
2425 4128 2689 4203 singulos,
2704 4130 2757 4183 in
2787 4129 3149 4203 quibuscausa
3182 4137 3358 4203 aliqua
3389 4139 3473 4189 di-

162 4210 410 4265 dicitur
437 4217 465 4254 a
493 4199 672 4281 pulte;
703 4203 816 4255 sive
845 4202 988 4255 enim
1014 4198 1127 4281 sola
1155 4202 1303 4271 puls,
1336 4198 1454 4255 sive
1487 4202 1609 4281 quid
1645 4198 1791 4255 aliud
1894 4198 2149 4281 uanitatis
2176 4200 2374 4281 existit,
2404 4198 2723 4281 providentia
2746 4215 2806 4251 ac
2838 4198 3477 4281 provisione_e_ornm7qui-

162 4282 311 4348 ejus
339 4274 705 4348 permixtione
726 4281 989 4348 sumatur,
1015 4270 1341 4348 pulmentum
1368 4288 1471 4348 non
1496 4270 1792 4348 incongrue
1897 4272 1990 4348 bas
2015 4271 2346 4348 dispensandi
2369 4286 2492 4323 rura
2515 4270 2624 4348 haec
2667 4270 2940 4348 commissa
2982 4282 3075 4325 est.
3125 4273 3270 4329 Idem
3320 4270 3477 4334 docet

160 4341 433 4407 dicitiir.
471 4342 657 4396 Dicunt
683 4342 841 4397 etiam
871 4343 1029 4412 aliqui
1055 4344 1194 4413 quod
1218 4341 1471 4414 quidquid
1499 4348 1621 4411 pani
1644 4341 1795 4414 addi-

161 4434 297 4484 tur,
343 4423 415 4469 nt
441 4414 631 4468 melius
660 4415 999 4477 comedatur,
1034 4413 1361 4481 pulmentum
1407 4415 1621 4467 dicitur.
1668 4413 1794 4469 Haec

340 4456 700 4542 alimentum
733 4484 931 4556 itaque,
962 4456 1080 4556 s’iv'e
1123 4456 1532 4552 puiriientarium
1579 4456 1795 4553 proprie
1896 4498 2014 4556 rum
2045 4456 2310 4556 babe‘itda,
2340 4456 2406 4556 ei,
2423 4482 2490 4536 de
2506 4456 2901 4556 7menstti’racibi
2936 4491 2991 4556 et
3034 4456 3477 4556 poni;

160 4565 409 4620 dicitur
434 4556 576 4625 puis,
600 4555 685 4610 vel
708 4551 858 4608 cibus
880 4556 929 4607 in
960 4551 1175 4608 modum
1204 4555 1365 4625 pultis
1397 4551 1603 4607 factus':
1636 4569 1796 4621 gene-
1898 4554 2044 4608 tione
2070 4553 2265 4625 aetatis,
2304 4551 2664 4619 valetudinis,
2713 4552 2915 4607 laboris
2951 4551 3198 4624 fratrum,
3227 4551 3476 4618 accurate

158 4636 365 4691 ralius
416 4624 601 4683 tamen
637 4640 732 4694 pro
759 4624 945 4695 quovis
971 4624 1485 4689 obsonio’sumitur;
1513 4625 1792 4695 obsonium
1896 4624 2152 4692 diaponit.

155 4716 411 4765 autem,
437 4698 693 4795 q|uidquid
720 4693 992 4795 iu‘c7ibum,
1021 4708 1234 4795 prater;
1248 4710 1459 4795 panem,
1487 4694 1790 4795 adhibetur;
1820 4732 1875 4795 Β
1909 4766 1924 4785 7
1973 4694 2274 4795 ¢7Explicat7
2306 4694 2467 4749 modo
2492 4693 2619 4777 quid
2652 4694 2753 4774 sibi
2783 4693 3018 4776 voluerit
3046 4697 3133 4780 illa
3163 4704 3433 4783 sententia
3459 4744 3471 4756 .

158 4778 347 4835 Unde
384 4764 751 4843 pulmentum,
782 4774 837 4822 et
863 4770 1170 4843 προσφάγιον
1196 4767 1384 4843 Graece
1403 4766 1627 4843 dictum,
1651 4766 1781 4843 quod

1897 4766 2167 4843 ἁκρᾶτητςες
2196 4767 2458 4843 ἰσότητας)
2496 4764 2917 4843 quia_nimirum
2962 4770 3238 4843 utriusque
3284 4774 3475 4827 nimie-

158 4834 233 4903 ἑά
275 4834 537 4915 pultem,
571 4839 621 4915 id
648 4834 972 4915 est,_pa_ném
1000 4834 1322 4915 adiungatur
1350 4839 1402 4891 in
1432 4834 1792 4915 cibum._Pul-
1901 4834 2044 4915 taiis,
2075 4838 2189 4915 sive
2223 4837 2608 4915 extremitatis,
2640 4834 2745 4915 hoc
2776 4834 3478 4915 est,_nimiae_ab5tinentia:

154 4907 290 4977 tem-
324 4914 497 4971 enim
525 4908 714 4979 priscae
739 4908 811 4961 illi
843 4907 1153 4963 Latinorum
1173 4907 1322 4979 genti
1354 4923 1451 4978 pro
1472 4922 1608 4977 pane
1631 4907 1795 4963 fuisse
1899 4917 1955 4963 et
1981 4909 2159 4963 nimia:
2192 4907 2494 4976 edacitatis,
2523 4908 2744 4977 aequalia
2773 4907 3074 4979 sentiuntur
3112 4910 3472 4978 incommoda,

156 4992 442 5047 idoneus
473 4978 661 5035 auctor
682 4989 763 5034 est
786 4979 986 5033 Plinius
1014 4980 1034 5051 (
1050 4980 1165 5034 Lib.
1190 4978 1317 5035 xvnt
1338 4996 1383 5033 c.
1407 4979 1485 5049 2),
1511 4993 1797 5048 argumen-
1902 4979 2017 5033 sive
2041 4980 2219 5051 quoad
2240 4980 2559 5051 orationem,
2591 4978 2706 5032 sive
2735 4978 2910 5051 quoad
2935 4980 3287 5051 _castimoniae
3328 4984 3478 5051 puri-

155 5046 354 5133 ioque
398 5054 471 5133 id
490 5059 827 5133 esseupotest
846 5051 986 5133 quod
1021 5046 1370 5133 pulmentaria
1398 5046 1492 5120 pro
1525 5046 1665 5133 cibis
1698 5063 1794 5103 sua
1901 5046 2089 5133 tatem,
2122 5058 2180 5103 ut
2208 5049 2296 5104 hic
2323 5048 2642 5118 explicatur,
2669 5056 2724 5103 et
2750 5048 2845 5103 lib.
2877 5062 2910 5102 v
2933 5046 3474 5133 Institutionum'cap.

154 5118 352 5189 etiam
393 5131 567 5180 aetate
594 5118 917 5191 dicerentur.
955 5118 1337 5191 lit—Evangelia
1372 5118 1584 5191 quoque
1611 5118 1793 5191 (Joan.
1900 5119 1935 5174 8
1959 5128 2012 5191 e_t
2040 5122 2093 5191 79.
2316 5189 2325 5191 7
2538 5189 2548 5191 7
2626 5190 2631 5191 7
2906 5189 2916 5191 7
2989 5190 2995 5191 7
3202 5190 3205 5191 7
3310 5128 3319 5145 ‘

154 5186 293 5273 ﬁt)
318 5195 618 5273 legimus:
653 5190 829 5273 Pﬂueri,
857 5193 1104 5273 numquid
1135 5186 1800 5273 pu'lnieuta’riumftabetis‘?
1905 5260 1918 5273 7
1976 5186 1999 5226 τ
2028 5190 2199 5271 Quam
2223 5189 2449 5273 moleste
2476 5189 2699 5273 tulerint
2726 5198 2782 5271 et
2808 5204 2876 5244 ex
2904 5189 3093 5273 intimo
3121 5190 3286 5273 animi
3315 5204 3479 5247 sensu

152 5258 648 5349 υὺίιπρῐσφάηαεν
678 5262 882 5326 Graece,
916 5274 970 5317 et
994 5258 1422 5347 pulmentarium
1470 5262 1655 5315 Latine
1702 5275 1798 5330 pro
1904 5260 2264 5343 ingemuerint
2292 5260 2393 5343 viri
2418 5260 2679 5349 religiosi.
2711 5258 2759 5313 si
2787 5259 3360 5349 quattdo7contingeret
3382 5276 3479 5318 eos

154 5330 455 5416 piscitius
480 5330 750 5416 positum
781 5346 904 5416 esse
942 5330 1286 5416 consentiunt
1311 5333 1807 5416 ἱῃιεξιψνειεεερλιες)⁹
1906 5332 1961 5416 in
1988 5331 2210 5416 somnis,
2238 5332 2399 5416 etiam
2423 5330 2578 5416 nulla
2597 5344 2690 5416 s7ua
2721 5330 2903 5416 culpa,
2924 5330 3233 5416 7pollui;7et
3275 5342 3479 5399 quanto

152 5400 352 5473 ctiam
387 5400 571 5466 modo
590 5403 887 5460 verisimile
910 5414 996 5460 est
1015 5419 1045 5458 a
1066 5405 1131 5459 D.
1164 5403 1452 5460 Benedicto
1481 5402 1651 5470 accipi
1678 5400 1807 5470 (Ubi
1907 5403 2087 5458 studio
2106 5412 2160 5459 et
2181 5401 2544 5457 sollicitudine
2563 5401 2859 5455 laborarint
2885 5409 2942 5452 ut
2964 5400 3166 5473 hoc_vel
3189 5415 3477 5473 numquam

1904 5475 1987 5528 vel
2019 5474 2293 5529 rarissime
2317 5480 2644 5539 paterentur,
2680 5478 2823 5539 patet
2856 5478 2966 5523 tum
2988 5484 3052 5523 ex
3076 5469 3177 5524 hoc
3198 5469 3343 5535 loco,
3366 5480 3478 5529 tum

1905 5545 2172 5613 pracipue
2214 5557 2279 5613 ex
2320 5538 2506 5613 collat.
2550 5540 2639 5613 η.
2676 5539 2767 5613 u7bi
2794 5538 2871 5613 de
2889 5540 3063 5613 causis
3088 5541 3397 5613 pollutionis
3424 5553 3479 5597 et

1903 5608 2180 5669 nocturnis
2208 5609 2545 5681 illusionibus
2573 5609 2784 5681 plenius
2809 5608 3134 5681 disseritur;
3178 5611 3245 5668 de
3279 5610 3477 5681 quibus

1903 5686 2063 5741 etiam
2089 5685 2200 5753 agit
2224 5677 2494 5735 Climacus
2511 5677 2681 5751 gradu
2705 5678 2915 5737 decimo
2942 5680 3151 5751 quinto.

2968 5845 3043 5912 18

1896 4341 2050 4396 divus

2139 4341 2414 4415 enedictus
2460 4342 2639 4415 capite
2686 4341 2971 4415 trigesimo
2993 4354 3168 4409 sexto,
3202 4348 3475 4415 trigesimo

1897 4427 2065 4481 nono,
2093 4422 2146 4466 et
2172 4411 2579 4481 quadragesimo
2604 4410 2843 4481 Regulae.
2875 4410 2974 4466 Ubi
2997 4414 3063 4467 de
3081 4429 3208 4469 cura
3235 4410 3473 4474 infirmo-

152 5503 405 5544 sumat.

227 5484 594 5622 Ifitfit-aque
624 5549 871 5622 nimirum
900 5546 1040 5618 apud
1070 5545 1381 5622 Orientales»
1400 5542 1590 5599 festivo
1627 5552 1682 5598 et
1715 5556 1803 5597 so-

156 5630 391 5695 lemni,
428 5617 902 5695 ut'alibisaapius
928 5617 1212 5695 notatum;
1261 5617 1471 5695 quibus
1502 5630 1606 5695 pro
1646 5628 1803 5695 reve-

156 5685 388 5763 issu;
404 5691 750 5763 festivitatis,
774 5685 975 5759 aliquid
998 5689 1226 5763 subinde
1258 5685 1341 5743 vel
1370 5686 1496 5763 oiei,
1527 5685 1623 5763 vei
1636 5686 1802 5763 oleris

156 5755 353 5841 cocti,
399 5779 525 5840 pro
550 5762 779 5818 obsonio
804 5755 899 5815 seu
932 5760 1206 5829 pulmento
1232 5759 1508 5816 monachis
1536 5755 1799 5830 indulgeri

515 5858 782 5950 Peneon.
831 5853 1057 5949 Χιιξίτ
