4026 6204
635 226 737 295 555

635 436 833 492 sentiat
856 439 949 485 aut
974 423 1276 482 meminerit
1306 421 1576 476 refecisse.

1190 577 1415 635 CAPUT
1452 575 1640 633 XXIV.

628 726 711 797 De
734 728 903 781 labore
928 721 1141 805 aqualis
1184 716 1529 841 τείέιέἓίέῗῖἑίϐ
1553 722 1599 805 et
1640 712 1704 799 de
1732 712 1904 783 fratris
1934 709 2207 797 Benjamin

694 940 761 994 Et
788 937 839 992 in
867 944 1070 1003 tantum
1100 931 1204 986 hoc
1231 944 1339 983 non
1378 927 1496 985 sine
1543 924 1731 983 labore
1779 922 2100 993 perﬁcitur,
2152 929 2209 991 ut

624 1006 821 1099 malint
862 1030 917 1089 hi
946 1028 1037 1099 qui
1085 1022 1471 1095 perfectionem
1519 1017 1869 1089 discretionis
1918 1016 2204 1085 ignorant,

622 1128 783 1193 etiam
810 1122 972 1189 biduo
995 1118 1263 1191 protelare
1283 1112 1508 1185 jejunio,
1536 1110 1697 1179 idque
1720 1107 1860 1175 quod
1884 1106 2044 1173 hodie
2067 1120 2209 1161 sum.

621 1220 763 1289 pturi
806 1216 1017 1270 fuerant
1060 1211 1114 1265 in
1162 1207 1458 1264 crastinum
1489 1215 1790 1289 reservare,
1822 1198 2112 1253 dummodo
2140 1198 2206 1253 ad

617 1308 971 1364 refectionem
1001 1300 1373 1373 pervenientes
1402 1295 1703 1350 desiderata
1726 1292 1975 1346 satietate
1998 1290 2208 1359 potian-

617 1410 725 1456 tur.
756 1399 909 1468 Quod
942 1411 1111 1465 nuper
1140 1403 1166 1430 ι
1198 1390 1474 1459 Benjamin
1506 1387 1675 1441 civem
1705 1394 1943 1439 vestrum
1971 1383 2208 1453 pertina-

616 1493 755 1549 citer
786 1491 1019 1545 tenuisse
1048 1483 1397 1553 cognoscitis,
1424 1480 1511 1548 qui
1542 1495 1609 1533 ne
1634 1477 1875 1546 quotidie
1908 1476 2203 1542 paximacia

616 1586 727 1647 duo
754 1582 1054 1653 percipiens
1084 1576 1275 1647 aequali
1300 1573 1655 1642 castigatione
1683 1572 1991 1623 continuam
2027 1568 2201 1637 parci-

616 1686 781 1733 tatem
803 1674 999 1743 jugiter
1026 1677 1346 1727 retentaret.
1370 1664 1557 1719 maluit
1578 1662 1806 1718 hiduana
1826 1660 2029 1729 jejunia
2058 1672 2203 1712 sem-

1677 208 1958 266 JOANNIS
1992 206 2303 267 CASSIANI
2338 208 2826 267 COLLATIONES.

568 404 573 407 _
634 340 942 407 frugalitate
964 331 1170 397 finitur,
1202 336 1262 382 ut
1284 323 1552 380 interdum
1575 338 1634 381 se
1654 333 1776 392 post
1796 338 2080 394 veSperam
2109 338 2207 379 nec
2230 327 2287 385 Α

3771 209 3857 269 556

2870 322 3099 381 CAPUT
3136 322 3273 381 XXV

2310 413 2657 489 Interrogatio
2685 416 2946 487 quomodo
2985 433 3090 469 una
3120 433 3321 489 semper
3346 418 3628 487 eademque
3650 434 3859 475 mensura

2979 497 3231 543 seruetur.

2379 576 2714 634 Germanus:
2739 579 3024 646 Quomodo
3050 581 3210 650 igitur
3231 580 3321 637 hic
3350 581 3547 637 modus
3569 597 3597 636 a
3629 583 3776 638 nobis
3796 583 3860 638 in-

2306 668 2521 739 dirupte
2568 671 2770 726 valebit
2796 672 3100 727 custodiri?
3143 673 3277 728 Nam
3321 690 3724 745 nonnumquam
3754 679 3858 731 hora

2307 779 2481 830 nona,
2504 763 2529 801 δ
2558 765 2732 818 soluta
2756 763 2866 833 jam
2890 764 3121 819 statione
3143 765 3363 835 jejunii,
3383 767 3861 836 supervenientibus

2306 858 2582 923 fratribus,
2604 872 2831 914 necesse
2860 865 2944 913 est
2982 873 3173 914 eorum
3201 860 3454 925 obtentu,
3487 869 3587 915 aut
3611 861 3761 930 adjici
3779 862 3862 914 ali-

2307 951 2435 1021 quid
2474 951 2540 1005 ad
2588 960 2843 1006 statutam
2886 953 3211 1018 solitamque
3254 968 3569 1007 mensuram
3593 996 3607 1020 ,
3643 961 3730 1006 aut
3768 968 3862 1007 cer-

2306 1052 2360 1098 te
2395 1054 2417 1082 ο
2442 1043 2856 1107 humanitatem,
2882 1059 3043 1114 quam
3061 1044 3316 1113 jubernur
3330 1044 3587 1099 omnibus
3607 1044 3859 1107 exhibere,

2307 1134 2524 1204 penitus
2561 1135 2826 1191 abdicari.

2873 1202 3100 1263 CAPUT
3138 1204 3331 1265 XXVI.

2414 1295 2705 1367 Responsio
2738 1297 2807 1371 de
2835 1313 2936 1350 non
2967 1296 3257 1351 excedenda
3287 1299 3587 1369 refectionis
3615 1299 3775 1353 modo.

2376 1390 2615 1463 Moyses:
2658 1391 2896 1463 Utraque
2940 1406 3046 1444 uno
3077 1391 3239 1449 modo
3271 1405 3333 1445 ac
3365 1392 3731 1446 sollicitudine
3768 1393 3859 1459 pari

2304 1484 2561 1547 convenit
2612 1482 2915 1537 observari.
2960 1481 3091 1537 Nam
3123 1492 3177 1538 et
3222 1497 3539 1539 mensuram
3586 1484 3687 1539 cibi
3726 1498 3860 1537 causa

2304 1577 2657 1632 continentiae
2683 1590 2746 1630 ac
2770 1577 3017 1645 puritatis
3045 1591 3166 1631 cum
3212 1577 3360 1631 omni
3409 1578 3665 1645 scrupulo
3707 1588 3860 1631 custo.

2304 1669 2423 1722 dire
2452 1669 2741 1733 debemus,
2770 1678 2825 1722 et
2844 1667 2869 1703 ἀ
2901 1668 3297 1724 humanitatem
3326 1679 3490 1738 atque
3520 1670 3857 1723 adorationem

615 1783 715 1837 per
743 1768 1058 1820 continuare
1083 1800 1098 1825 ,
1132 1758 1424 1815 dummodo
1473 1756 1540 1810 ad
1582 1753 1929 1809 refectionem
1977 1753 2199 1806 Veniens
2230 1731 2277 1791 B
2302 1758 2709 1814 advenientibUs
2756 1757 3013 1827 fratribus
3059 1758 3345 1814 charitatis
3375 1760 3604 1815 obtentu
3641 1760 3857 1814 similiter

616 1858 883 1928 duplicata
910 1867 1162 1908 mensura
1190 1850 1423 1918 repleret
1454 1846 1655 1902 ventris
1678 1844 1999 1915 ingluviem,
2024 1842 2076 1897 id
2099 1852 2200 1909 est,

615 1960 848 2023 quatuor
886 1945 1183 2018 paximacia
1226 1942 1516 2011 comedens
1565 1939 1870 1995 desiderata
1920 1938 2202 1992 saturitate

614 2042 888 2114 gauderet,
915 2048 969 2093 et
992 2035 1359 2107 expletionem
1386 2031 1592 2085 ventris
1620 2031 1702 2084 sui
1732 2030 1967 2083 biduano
1995 2028 2201 2097 jejunio

613 2133 1013 2209 quodammodo
1040 2136 1400 2200 compararet.
1431 2126 1534 2191 Qui
1562 2124 1923 2180 obstinatione
1952 2133 2007 2178 et
2038 2123 2203 2193 perti-

611 2229 763 2285 nacia
796 2226 991 2281 mentis
1018 2237 1129 2277 sua:
1153 2217 1560 2276 definitionibus
1587 2214 1765 2284 potius
1786 2215 2014 2285 propriis
2040 2230 2198 2285 quam

610 2323 883 2379 seniorum
919 2316 1298 2373 traditionibus
1323 2312 1701 2381 acquiescens,
1734 2309 1881 2379 Quali
1916 2310 2021 2363 line
2042 2324 2198 2362 suum

609 2414 945 2486 prOpositum
978 2409 1301 2471 terminarit,
1328 2404 1684 2476 proculdubio
1725 2403 2070 2457 meministis.
2116 2402 2200 2458 Si-

610 2508 829 2579 quidem
858 2506 1044 2560 relicta
1083 2516 1267 2556 eremo
1290 2541 1306 2567 ,
1358 2514 1547 2554 rursus
1585 2498 1652 2553 ad
1698 2499 1912 2553 inanem
1950 2496 2199 2573 philoso-

610 2600 793 2670 phiam
826 2597 1009 2653 mundi
1041 2594 1199 2665 hujus
1228 2608 1295 2648 ac
1332 2593 1625 2647 vanitatem
1665 2591 1850 2665 saeculi
1889 2590 2195 2656 devolutus,

609 2693 925 2766 prmdictam
975 2688 1296 2745 sententiam
1351 2685 1621 2741 seniorum
1678 2685 1759 2738 sui
1815 2696 1975 2738 casus
2022 2681 2198 2751 signet

612 2786 885 2853 exemplo,
916 2781 1177 2851 ruinaque
1223 2793 1325 2834 sua
1374 2787 1599 2833 cunctos
1640 2776 1871 2841 doceat,
1925 2776 2193 2830 neminem

610 2879 727 2943 suis
756 2874 1155 2931 deﬁnitionibus
1182 2872 1267 2927 vel
1308 2870 1529 2940 prOprio
1568 2868 1775 2939 judicio
1814 2866 2193 2927 conlidentem,

610 2966 968 3041 perfectionis
1009 2966 1222 3021 culmen
1271 2962 1558 3031 aliquando
1607 2976 1765 3029 posse
1801 2961 2193 3029 conscendere,

611 3062 708 3121 sed
726 3076 825 3117 nec
842 3057 1044 3116 diaboli
1058 3055 1276 3127 quidem
1294 3054 1624 3127 perniciosas
1643 3052 1923 3107 illusiones
1941 3050 2192 3106 evadere.

2301 1853 2604 1917 exhibere;
2637 1852 2757 1921 quia
2792 1853 2925 1906 satis
2952 1852 3248 1907 absurdum
3280 1862 3400 1919 est,
3428 1864 3490 1908 ut
3523 1853 3693 1917 fratri,
3724 1854 3857 1907 immo

2302 1943 2522 1999 Christo
2554 1959 2793 1998 mensam
2824 1945 3059 2001 offerens
3080 1986 3095 2010 ,
3123 1962 3230 2001 non
3253 1961 3375 2001 cum
3397 1962 3467 2005 eo
3486 1947 3660 2002 cibum
3691 1948 3855 2016 pariter

2301 2051 2506 2103 sumas,
2526 2044 2619 2091 aut
2647 2037 2715 2091 ab
2736 2036 2853 2107 ejus
2882 2038 3179 2094 refectione
3211 2050 3263 2094 te
3294 2040 3464 2095 facias
3505 2042 3750 2095 alienum.
3774 2038 3855 2092 Ita-

2302 2142 2407 2195 que
2438 2127 2487 2180 in
2522 2138 2711 2181 neutra
2742 2135 2893 2197 parte
2918 2129 3378 2200 reprehensibiles
3408 2132 3771 2197 inveniemur,
3818 2128 3853 2181 si

2302 2218 2420 2273 haec
2458 2234 2486 2271 a
2518 2220 2677 2273 nobis
2706 2220 3040 2275 consuetudo
3089 2230 3367 2287 teneatur,
3400 2233 3464 2278 ut
3490 2224 3617 2277 hora
3656 2237 3777 2277 nona
3802 2220 3853 2273 de

2300 2310 2511 2365 duobus
2566 2312 2918 2380 paximaciis,
2972 2328 3093 2383 quae
3139 2315 3298 2369 nobis
3338 2317 3601 2371 canonica
3635 2326 3850 2370 mensura

2294 2402 2421 2472 jure
2449 2401 2748 2468 debentur,
2780 2420 2887 2456 uno
2911 2405 3216 2473 paximacio
3258 2407 3552 2475 praelibato
3572 2449 3587 2472 ,
3619 2406 3749 2459 aliud
3770 2404 3850 2456 hu-

2295 2496 2385 2565 jus
2414 2494 2845 2563 exspectationis
2876 2498 3045 2566 gratia
3088 2498 3141 2551 in
3186 2512 3473 2567 vesperam
3504 2510 3847 2555 reservemus:

2298 2588 2443 2658 quod
2482 2588 2528 2643 si
2572 2589 2951 2659 supervenerit
2994 2590 3261 2660 quispiam
3312 2592 3579 2658 fratrum,
3611 2608 3718 2647 cum
3743 2592 3844 2658 ipso

2299 2681 2506 2751 pariter
2549 2682 2918 2748 insumamus,
2970 2681 3097 2735 nihil
3148 2685 3531 2740 consuetudini
3562 2684 3721 2740 solitte
3751 2696 3845 2757 am-

2299 2772 2439 2843 plius
2465 2772 2846 2842 adjungentes,
2886 2782 2940 2827 et
2971 2772 3069 2829 hac
3100 2774 3511 2843 dispensatione
3555 2786 3843 2846 nequaquam

2298 2862 2483 2918 fratris
2523 2880 2622 2917 nos
2675 2864 3019 2921 contristabit
3066 2852 3365 2931 adventus,
3410 2869 3506 2939 qui
3535 2869 3680 2924 nobis
3712 2864 3841 2919 debet

2298 2972 2421 3025 esse
2453 2957 2814 3028 gratissimus.
2865 2957 3142 3027 Siquidem
3176 2960 3249 3015 ita
3276 2960 3623 3016 humanitatis
3653 2956 3837 3015 exhibe-

2298 3065 2419 3133 mus
2456 3050 2713 3121 obsequia
2739 3091 2755 3118 ,
2783 3058 2845 3106 ut
2866 3051 3003 3107 nihil
3030 3066 3059 3106 ε
3088 3053 3267 3124 rigore
3287 3055 3637 3113 continentia:
3663 3051 3835 3108 relaxe-

1664 3234 1921 3297 ALARDI
1958 3234 2207 3291 GAZA‘SI‘
2230 3232 2787 3291 COMMENTARIUS.

696 3391 720 3419 ι
734 3378 866 3447 Quis
887 3378 990 3431 iste
1008 3372 1293 3447 Beniamin
1308 3369 1775 3447 fueriticuriosum
1796 3377 1850 3447 et
1868 3368 2195 3447 superfluum
2223 3369 2268 3429 C

612 3462 697 3508 est
725 3440 1001 3518 indagare.
1056 3440 1179 3518 Fuit
1207 3443 1423 3518 quidem
1472 3440 1757 3518 Beniamin
1797 3440 1964 3518 abbas
1993 3440 2192 3518 hydri)-

610 3525 785 3593 picus,
804 3509 1535 3593 etvputiemissimus,dequo
1556 3511 1828 3593 Palladius
1851 3509 2078 3593 Lausin._
2104 3510 2186 3593 l3,

610 3582 669 3649 ist
704 3582 1059 3645 Cassiodorus
1101 3588 1304 3641 Histor.
1337 3584 1548 3651 Tripar.
1591 3582 1687 3636 lib.
1716 3594 1813 3635 νιιῐ
1850 3582 2025 3649 capite
2060 3584 2109 3645 1,
2138 3592 2193 3637 at

609 3665 769 3733 longe
796 3663 863 3716 ab
890 3662 991 3713 hoc
1014 3660 1283 3733 diversus,
1304 3664 1357 3710 et
1372 3658 1494 3733 _vi_ta
1524 3668 1589 3707 ac
1620 3653 1725 3733 line
1768 3652 2072 3733 dissimilis.

609 3723 733 3790 venit
757 3744 934 3787 autem
971 3732 1057 3784 hic
1086 3730 1263 3783 vocari
1295 3726 1571 3791 existimo,
1596 3723 1683 3779 vel
1711 3739 1777 3779 ex
1808 3723 1995 3778 eadem
2026 3724 2183 3789 urbe,

609 3822 704 3861 seu
746 3802 998 3870 oppidulo
1039 3798 1466 3866 Bethleemitico,
1528 3796 1615 3852 vel
1645 3812 1710 3850 ex
1737 3794 1924 3849 eadem
1966 3797 2188 3865 regione

609 3875 892 3931 Palaestini
921 3872 1226 3926 oriundum.

683 3947 708 3984 ι»
738 3947 791 3999 Id
816 3952 921 4001 est.
949 3941 1376 4007 Solutoiejunio.
1402 3948 1458 3993 ut
1483 3937 1600 3992 fieri
1626 3936 1836 3992 solebat
1864 3936 1993 3992 hora
2021 3952 2185 3998 nona.

610 4026 760 4072 extra
808 4013 1313 4081 Quadragesimam.
1350 4009 1593 4063 Sumitur
1634 4008 1795 4081 etiam
1838 4008 1997 4081 statio
2046 4008 2186 4072 apud

608 4077 929 4141 Cassianum
987 4077 1084 4149 pro
1143 4083 1259 4148 ipso
1301 4080 1506 4146 jejunio
1535 4080 1727 4149 ,‘sive
1771 4077 2083 4149 quotidi-ano
2133 4086 2189 4131 et

610 4168 945 4225 spontaneo,
970 4147 1094 4225 sive
1112 4147 1460 4225 prmceptoet
1494 4147 1818 4225 a_Pat_ribus
1860 4147 2062 4225 indicto
2083 4190 2096 4212 ,
2130 4157 2187 4225 ut

608 4216 796 4279 multis
840 4227 970 4277 locis
1014 4216 1196 4276 videre
1236 4229 1323 4273 est
1352 4220 1443 4272 lib.
1475 4234 1506 4266 v
1536 4217 1770 4271 Institut.
1813 4231 1930 4281 cap.
1961 4216 2051 4279 20,
2097 4218 2185 4271 ubi

610 4298 767 4351 docet
790 4312 893 4347 non
912 4295 1073 4345 licere
1088 4294 1350 4344 monacho
1366 4288 1652 4356 quidquam
1669 4288 1851 4352 edere,
1872 4296 1963 4341 aut
1978 4288 2180 4355 bibere,

609 4378 732 4421 ante
787 4366 1059 4417 stationem
1109 4362 1386 4429 legitimam
1422 4374 1842 4418 communemque
1890 4359 2185 4427 refectionis

610 4439 812 4491 horam.
844 4435 906 4488 Et
936 4448 1055 4500 cap.
1089 4430 1177 4495 24,
1211 4433 1295 4484 ubi
1320 4432 1471 4484 docet
1504 4431 1787 4500 stationem
1820 4430 2181 4493 quotidianam

610 4509 769 4567 solvi,
805 4506 858 4560 id
890 4513 990 4561 est.
1022 4504 1209 4557 horam
1240 4499 1552 4554 refectionis
1581 4500 1934 4567 praeveniriin
1953 4500 2181 4555 adventu

610 4579 908 4645 hosiiitum,
940 4574 1183 4645 exceptis
1206 4573 1455 4645 legitimis
1477 4580 1677 4645 quartae
1708 4580 1980 4645 scalaeque
1998 4571 2157 4645 ferite

611 4614 1171 4715 iiiiiiq‘iiﬁoitaﬁ'et
1214 4614 1333 4715 etip.
1383 4640 1453 4694 ‘29
1494 4614 1629 4693 ilicit
1679 4614 1965 4715 Statiungtn
1989 4614 2183 4715 jejunii

610 4711 1029 4782 superveniente
1060 4716 1234 4780 aliqua
1266 4712 1487 4765 honesta
1516 4715 1839 4764 necessitate
1864 4726 1892 4763 a
1934 4711 2181 4767 Patrihus

608 4758 785 4844 :ellhx-a
799 4791 860 4842 ri.
887 4788 1029 4842 Solvi
1052 4758 1227 4838 autiem
1255 4783 1537 4848 jejunium,
1565 4796 1657 4834 seu
1689 4783 1975 4835 stationem
2000 4782 2145 4836 ﬁniri
2167 4825 2180 4849 ,
2208 4758 2261 4818 υ

605 4872 773 4916 extrzr
806 4870 1015 4925 tempus
1056 4852 1794 4922 Quadragesimalisjejunii,
1845 4850 2032 4925 solere
2051 4854 2182 4907 hora

606 4948 747 4987 nona
768 4973 781 4995 ,
816 4942 871 4984 ut
900 4922 986 4982 hic
1029 4929 1255 4980 habetur
1277 4969 1291 4989 ,
1323 4925 1375 4977 id
1405 4936 1488 4976 est
1516 4967 1530 4989 ,
1565 4928 1718 4977 tertia
1777 4922 2138 4990 pomeridiana
2165 4964 2180 4987 ,

605 4994 776 5057 (Ιοουι
809 5002 993 5055 itidem
1025 5002 1225 5052 Auctor
1278 4995 1436 5063 hujus
1475 4994 1777 5047 collationis
1803 5008 1923 5060 cap.
1956 4995 2079 5061 ult.,
2130 5004 2187 5049 et

603 5090 792 5129 rursus
819 5074 1107 5127 collatione
1135 5067 1203 5120 21
1240 5082 1359 5133 cap.
1388 5066 1478 5131 23,
1513 5065 1602 5118 ubi
1658 5067 1804 5133 plura
1855 5067 1925 5120 de
1983 5065 2083 5119 hac
2124 5081 2183 5121 re

604 5145 936 5198 notabimus.
970 5140 1223 5208 Idemque
1249 5138 1534 5191 confirmat
1571 5134 1937 5208 Tertullianus
1972 5136 2063 5189 lib.
2116 5136 2183 5191 de

600 5217 814 5285 jeiunio
849 5228 971 5281 cap.
1025 5207 1148 5285 10,7
1187 5210 1420 5285 basilius
1459 5207 2003 5285 adhtnphilocldum
2056 5222 2176 5285 cap.

602 5276 691 5349 75,
732 5276 1058 5353 Epiphanius
1099 5281 1152 5335 in
1180 5282 1432 5353 ‘Epitotne
1463 5276 1636 5353 _tldei,
1678 5277 2180 5353 Hieronymus-cpi-

601 5358 729 5410 stol.
764 5348 845 5408 ea
862 5356 926 5407 ad
978 5351 1348 5412 Eustochium,
1381 5358 1434 5403 et
1463 5348 1571 5402 Leo
1600 5362 1733 5415 papa
1758 5349 1971 5415 epistol.
2005 5350 2095 5410 65,
2125 5357 2181 5402 et

602 5428 697 5481 alii
731 5426 936 5479 Patres.
968 5424 1157 5477 Fuisse
1185 5432 1365 5475 tamen
1395 5419 1532 5485 apud
1564 5429 1778 5474 veteres
1815 5418 2029 5485 aliquod
2063 5418 2176 5472 dis-

600 5502 810 5552 crimen
843 5498 982 5549 inter
1012 5496 1295 5548 stationem
1322 5531 1337 5554 ,
1367 5490 1595 5558 vigiliam
1615 5497 1669 5542 et
1698 5488 1959 5557 jejunium
1989 5529 2003 5553 ,
2048 5504 2177 5556 pro-

602 5569 721 5635 prie
749 5565 1038 5635 loquendo,
1070 5564 1227 5635 ducet
1250 5561 1458 5635 erudite
1486 5558 1979 5635 cardinuliellarm.
2014 5558 2107 5635 lib.
2141 5574 2181 5613 ιι

604 5628 675 5691 tie
723 5628 883 5689 Bonis
920 5634 1182 5701 Operibus
1216 5632 1267 5684 in
1303 5634 1500 5701 partio.
1538 5643 1655 5701 cap.
1680 5629 1788 5701 722.
1842 5628 1971 5683 Vide
2016 5632 2178 5683 etiam

607 5706 906 5758 Pamchurn
938 5699 1008 5757 ad
1034 5702 1423 5757 Tertulliauum
1451 5699 1543 5754 lib.
1567 5699 1633 5754 de
1653 5700 1909 5759 Oratione
1944 5716 2062 5769 cap.
2080 5703 2181 5755 ult.

2376 3380 2396 3408 ο
2428 3369 2481 3422 Id
2509 3378 2613 3435 est,
2632 3370 2982 3424 humanitatis
3008 3378 3059 3425 et
3091 3370 3478 3439 hospitalitatis
3498 3371 3679 3428 ofﬁcia.
3702 3367 3831 3439 Vides

2301 3440 2728 3505 hOSpitalitatem
2760 3442 2951 3508 priscis
2979 3444 3140 3496 etiam
3173 3436 3456 3499 monachis
3488 3446 3745 3502 usitatam;
3779 3436 3832 3490 de

2295 3528 2395 3581 qna
2430 3512 2612 3585 itidem
2637 3512 2931 3585 gassiatitis
2975 3512 3067 3585 lib.
3105 3529 3136 3564 v
3167 3512 3403 3568 Institut.
3437 3530 3558 3585 cap.
3601 3513 3661 3567 25
3683 3520 3730 3564 el
3754 3522 3826 3561 se-

2294 3584 2603 3651 quentibus.
2637 3583 2699 3637 Et
2718 3584 2827 3637 div.
2856 3583 3176 3653 Benedictus
3198 3599 3316 3653 cap.
3343 3587 3434 3651 5'5,
3460 3583 3548 3642 ubi
3578 3584 3718 3639 etiam
3746 3585 3827 3653 hu-

2295 3656 2609 3707 manitatem
2634 3665 2790 3707 vocat
2822 3669 2836 3707 :
2874 3652 3074 3719 Omnis,
3106 3651 3311 3722 inquit,
3337 3656 3409 3711 eis
3446 3660 3721 3712 exhibentur
3742 3651 3825 3701 htt-

2294 3725 2613 3798 manitas.D.
2641 3725 2999 3798 Hieronymus
3022 3726 3075 3779 in
3105 3728 3351 3795 apologia
3379 3740 3564 3783 contra
3616 3725 3827 3798 [inlinunt

2292 3794 2407 3865 (lib.
2434 3812 2490 3850 ιιι
2519 3814 2637 3865 cap.
2661 3797 2717 3866 5)
2749 3815 2761 3848 :
2790 3790 2953 3849 Nobis
2974 3797 3028 3869 in
3053 3790 3826 3869 mohastériohospitalitascvrdi

2292 3878 2387 3929 est,
2420 3884 2692 3937 omnesque
2717 3870 2783 3921 ad
2808 3884 2896 3920 nos
2918 3868 3168 3921 venientes
3197 3871 3318 3921 laeta
3340 3866 3661 3923 humanitatis
3684 3866 3821 3937 [rente

2290 3935 2622 4001 suscipimus.
2645 3937 2894 3992 Veremur
2914 3938 3050 3990 enim
3066 3955 3129 3993 ne
3152 3937 3324 3992 Maria
3342 3956 3461 3993 cum
3482 3937 3665 4005 Ioseph
3689 3935 3825 3988 locum

2290 4024 2394 4061 non
2423 4010 2643 4061 inueniat
2673 4010 2725 4061 in
2754 4009 3055 4075 diversorio,
3090 4026 3152 4062 ne
3181 4011 3325 4063 nobis
3346 4010 3502 4065 Jesus
3533 4014 3657 4063 dicat
3683 4006 3825 4059 exclu‘

2290 4095 2376 4151 sus
2408 4078 2660 4151 {Hospes
2676 4094 2855 4151 cram,
2898 4089 2944 4131 et
2983 4096 3084 4132 non
3123 4083 3416 4150 suscepistis
3457 4082 3589 4151 met
3611 4079 3819 4151 Lucan;

2290 4147 2475 4222 Matth.
2492 4150 2638 4222 xxv).
2662 4149 2814 4203 Solos
2837 4149 3096 4204 hatreticos
3114 4167 3215 4204 non
3230 4146 3521 4220 recipimus.
3540 4146 3821 4222 Prapositum

2286 4220 2477 4341 Zttippe
2504 4220 2647 4273 nobis
2677 4231 2750 4273 est
2778 4222 2931 4288 pedes
2957 4221 3128 4275 lavare
3161 4223 3500 4290 venientium,
3551 4238 3642 4275 non
3670 4220 3821 4270 merita

2325 4298 2563 4341 tscutere.

2325 4291 2563 4343 iscutere.

2360 4359 2385 4395 α
2430 4361 2527 4415 Hic
2556 4377 2739 4416 rursus
2771 4361 3078 4416 humanitas
3113 4378 3209 4430 pro
3242 4363 3619 4432 hospitalitate.
3650 4356 3820 4432 Adera-

2288 4430 2489 4501 tionem
2533 4443 2711 4485 autem
2766 4434 3007 4501 intellige
3053 4425 3312 4488 honorem
3347 4425 3817 4501 'supervenimitibus

2284 4500 2543 4557 fratribus
2568 4505 2681 4557 sive
2705 4496 3006 4570 hospitibus
3023 4504 3407 4559 exhibendum.
3431 4496 3505 4558 De
3527 4516 3626 4569 quo
3650 4500 3707 4551 D.
3737 4496 3819 4547 Be-

2285 4573 2528 4647 nedictus
2558 4576 2639 4647 ita
2659 4577 2847 4629 statuit
2886 4574 3035 4644 (cap.
3186 4576 3337 4647 Reg.)
3363 4593 3377 4630 :
3409 4577 3582 4647 Omnes
3606 4580 3817 4642 superve-

2284 4645 2471 4698 nientes
2492 4644 2750 4713 hospites,
2781 4656 3039 4715 tamquam
3068 4644 3302 4701 Christus
3330 4646 3653 4714 suscipiantur
3674 4679 3688 4703 9
3713 4648 3813 4715 (1⁸39

2284 4715 2391 4783 ipse
2416 4703 2655 4789 dicturus
2684 4703 2798 4771 est:
2829 4703 3033 4789 ospes
3064 4718 3147 4789 fui
3166 4756 3202 4789 ,γ
3238 4729 3283 4770 et
3322 4703 3604 4789 suscepistis
3631 4703 3732 4765 me.
3762 4703 3812 4757 El

2286 4786 2519 4855 onmibus
2570 4803 2824 4855 congruas
2856 4785 3024 4839 honor
3063 4786 3399 4853 exhibeatur,
3448 4785 3652 4841 maxime
3679 4789 3813 4855 ιρπιεξξ

2286 4854 2579 4931 domesticis
2612 4852 2729 4920 ﬁdei
2757 4869 2802 4911 et
2831 4858 3129 4931 peregrinis.
3164 4856 3233 4913 Ut
3260 4852 3391 4931 ergo
3410 4860 3659 4931 nuntiatus
3688 4852 3813 4931 fu”!

2286 4926 2499 4994 hospes,
2533 4938 2832 4981 occurratur
2872 4930 2918 4979 ei
2954 4926 2998 4982 7a
3039 4929 3242 4995 priore,
3276 4926 3354 4985 υᾱι
3396 4948 3427 4984 ιι
3453 4926 3682 4997 fratribus
3720 4928 3811 4994 cui]!

2284 5000 2421 5070 omni
2450 4998 2624 5068 ofﬁcio
2654 4998 3016 5070 charitatishet
3035 5000 3274 5067 primitus
3303 5010 3446 5055 orent
3472 4998 3667 5070 pariter,
3695 4997 3735 5042 et
3754 4997 3811 5037 stt

2282 5066 2378 5140 sibi
2410 5066 2665 5140 sociantur
2694 5070 2747 5121 in
2773 5084 2918 5137 pace.
2944 5067 3011 5122 In
3036 5066 3153 5138 ipsa
3175 5082 3344 5124 autem
3364 5066 3655 5124 salutatione
3676 5070 3807 5140 ᾳξπηιε

2285 5138 2580 5192 eahibeatur
2609 5133 2893 5193 humilitas.
2930 5133 3176 5193 Omnibus
3215 5141 3526 5199 venientibus
3553 5140 3643 5192 sire
3670 5133 3805 5184 disce"

2284 5207 2520 5262 dentibus
2572 5210 2855 5280 hospitibus
2881 5250 2895 5272 ,
2947 5211 3194 5282 inclinato
3236 5213 3454 5282 capite,
3487 5209 3559 5264 uel
3594 5201 3806 5282 prostrtﬂf

2284 5282 2420 5331 omni
2446 5268 2736 5351 corpore'in
2765 5268 2929 5351 terra,
2950 5278 3186 5351 Christus
3208 5282 3262 5334 in
3288 5268 3362 5336 eis
3389 5268 3652 5351 adoretur,
3678 5268 3751 5338 ᾳιιί
3771 5268 3803 5314 εί

2279 5345 2577 5421 suscipitur.
2614 5352 2735 5405 lltec
2768 5350 2840 5404 ibi
2864 5350 3024 5419 (Vide
3060 5350 3132 5404 ibi
3166 5351 3490 5421 iTurreerem.
3520 5358 3565 5404 et
3594 5345 3801 5421 Saturast

2280 5403 2430 5480 dum:
2438 5431 2483 5475 et
2504 5403 2968 5477 Petrum'Cluniac.
2984 5403 3131 5490 epist.
3243 5403 3290 5475 c.
3503 5436 3575 5475 vr.
3590 5415 3717 5489 epist.

2281 5476 2451 5559 Hujus
2484 5507 2643 5558 porro
2669 5476 3024 5547 adorationis'
3047 5502 3101 5544 et
3131 5476 3659 5561 liorrori—sdlospiill".Is
3676 5476 3798 5561 .6th-

2281 5550 2441 5633 bendi
2473 5550 2780 5632 exemplum
2817 5562 3098 5629 praebuere
3124 5566 3318 5617 summi
3341 5550 3644 5633 patriarchae
3661 5550 3794 5633 Δὺςίξ·

2284 5632 2402 5685 ham
2430 5644 2484 5688 et
2510 5635 2610 5688 Ι.οι
2636 5629 2653 5699 ζ
2681 5635 2769 5701 qui
2801 5633 3039 5701 hospites
3080 5629 3354 5689 adorasse
3380 5634 3612 5700 leguntur
3648 5629 3795 5695 promi

2283 5714 2339 5758 et
2370 5710 2621 5771 prestrati
2654 5705 2709 5758 in
2742 5714 2943 5758 terram
2973 5700 3182 5773 (Geries.
3215 5719 3308 5759 vin
3338 5714 3387 5769 et
3412 5704 3512 5774 ta).

3894 5549 3903 5575 ς
