4026 6204
241 316 345 373 561
968 315 1304 374 COLLATIO
1340 314 1426 371 III.
1457 344 1529 358 —
1557 315 1648 370 DE
1692 313 1935 372 TRIBUS
1973 314 2752 382 ABRENUNTIATIONIBUS.
3386 336 3497 396 563

244 431 523 488 monacho
546 432 601 487 in
622 446 964 503 quocumque
986 433 1288 487 vocationis
1317 432 1504 487 ordine
1534 432 1837 485 constituto
1862 438 1911 494 Α
1940 432 2234 487 l-tberrima
2260 435 2572 491 cohortatur
2600 456 2614 504 ;
2643 451 2699 493 ut
2726 442 2776 494 in
2798 442 3094 513 Scripturis
3121 450 3318 505 sanctis
3344 452 3514 510 Abra~

248 526 596 582 necessarias
628 527 957 582 noverimus.
990 526 1058 580 Et
1096 528 1325 595 primum
1363 524 1575 593 quidem
1610 537 1833 578 causam
1939 525 2063 579 bam
2094 541 2227 580 voce
2275 528 2566 594 llominica,
2604 531 2669 587 de
2697 533 2917 599 genitali
2961 537 3102 605 solo,
3137 550 3191 594 ct
3219 541 3384 596 totius
3412 558 3511 598 co-

249 633 423 688 quare
453 629 564 673 tres
588 633 713 673 esse
740 620 1084 674 vocationum
1123 616 1342 678 ordines
1371 616 1623 681 diximus,
1655 631 1829 685 opor-

251 722 332 768 tet
364 727 463 767 nos
490 712 775 782 diligenter
821 712 1118 782 inquirere,
1144 725 1266 765 cum
1306 709 1685 780 agnoveritnus
1732 722 1831 762 nos

248 806 317 859 ad
350 806 445 860 Dei
487 805 691 860 cultum
732 805 907 873 primo
937 803 1103 871 gradu
1142 804 1446 857 vocationis
1486 804 1709 865 ascitos,
1741 816 1829 856 se-

245 895 488 950 cundum
528 895 645 964 ejus
695 895 1079 949 sublimitatem
1129 892 1567 949 conversationis
1621 907 1830 963 quoque

245 999 451 1044 nostrae
480 990 889 1058 congruentiam
915 998 1303 1058 temperemus.
1331 986 1476 1041 Nihil
1500 986 1646 1041 enim
1672 986 1831 1055 prod-

245 1083 348 1137 erit
377 1082 685 1138 sublimiter
725 1082 1035 1148 inchoasse,
1067 1082 1111 1136 si
1140 1081 1376 1135 similem
1399 1080 1682 1149 principiis
1720 1095 1825 1134 non

244 1175 652 1231 exhibuerimus
678 1184 732 1231 et
758 1176 946 1237 finem.
976 1175 1131 1242 Quod
1170 1175 1214 1230 si
1253 1176 1423 1229 etiam
1465 1173 1660 1228 ultimo
1681 1172 1829 1227 ordi-

245 1282 316 1323 ne
344 1282 445 1322 nos
465 1284 495 1323 ιι
524 1269 936 1323 conversatione
987 1268 1178 1323 saeculi
1232 1276 1509 1322 extractos
1539 1265 1709 1320 fuisse
1737 1280 1827 1321 co-

242 1361 575 1429 gnoscimus,
600 1370 804 1431 quanto
841 1359 1022 1415 minus
1074 1358 1341 1429 probabili
1378 1341 1459 1413 'ad
1504 1357 1826 1427 religionem

241 1452 512 1521 principio
545 1452 791 1506 videmur
821 1450 1006 1515 inniti,
1032 1458 1184 1506 tanto
1234 1451 1417 1506 acrius
1463 1453 1826 1521 nosmetipsos

240 1548 307 1603 ad
350 1548 635 1603 meliorem
687 1546 850 1602 ﬁnem
902 1546 1132 1615 spiritali
1165 1545 1382 1602 fervore
1419 1544 1645 1602 incitare
1673 1561 1825 1602 cure-

242 1654 387 1695 mus.
415 1637 727 1695 Secundam
757 1653 975 1708 quoque
1002 1652 1218 1694 causam
1270 1639 1424 1693 trinae
1469 1638 1822 1694 abrenuntia-

240 1734 410 1788 tionis
454 1731 784 1787 omnimodis
832 1746 996 1787 nosse
1049 1746 1149 1787 nos
1189 1732 1466 1799 convenit,
1497 1735 1623 1802 quia
1673 1732 1822 1787 nullo

1934 619 2205 686 gnationis
2235 618 2543 685 affectibus,
2574 624 2846 694 patrisque
2876 626 3035 682 domo
3065 629 3291 699 legimus
3320 648 3512 688 evoca-

1936 721 2073 777 tum,
2104 713 2318 769 dicente
2348 715 2574 769 Domino
2601 733 2615 774 ξ
2648 719 2749 772 Exi
2778 720 2843 773 de
2867 730 3003 775 terra
3031 733 3141 790 tua,
3163 735 3208 779 et
3235 727 3298 780 de
3320 744 3510 799 cogna-

1930 805 2069 859 tione
2098 816 2208 869 tua,
2240 817 2288 859 et
2334 808 2396 861 de
2444 807 2593 863 domo
2650 812 2809 879 patris
2850 815 2926 866 tui
2955 812 3121 879 (Gen.
3156 817 3274 887 ιιι).
3306 817 3334 856 δ
3386 820 3505 887 Quo

1932 898 2096 952 etiam
2140 898 2302 953 modo
2342 900 2560 955 beatum
2585 902 2875 957 Antonium
2907 906 3135 960 accitum
3165 922 3284 962 esse
3307 924 3494 979 cogno-

1932 990 2143 1056 vimus,
2194 992 2283 1060 qui
2333 994 2677 1048 occasionem
2728 1009 2840 1049 sute
2893 998 3267 1052 conversionis
3312 1014 3344 1053 a
3390 999 3508 1054 sola

1933 1081 2225 1136 Divinitate
2274 1084 2530 1151 percepit.
2588 1084 2868 1155 Ingressus
2912 1102 3143 1157 namque
3194 1088 3505 1155 ecclesiam,

1930 1172 2114 1243 ibique
2133 1173 2357 1227 audiens
2385 1174 2439 1228 in
2460 1174 2752 1245 Evangelio
2776 1177 3062 1232 Dominum
3087 1180 3467 1247 praedicantem
3489 1199 3506 1236 :

1933 1265 2035 1331 Qui
2063 1282 2165 1319 non
2204 1268 2313 1319 odit
2343 1275 2564 1337 patrem,
2595 1278 2642 1321 et
2671 1278 2908 1334 matrem,
2933 1280 2981 1323 et
3002 1270 3163 1339 ﬁlios,
3193 1280 3242 1325 et
3270 1288 3505 1341 uxorem,

1931 1362 1979 1408 et
2008 1372 2182 1426 agros,
2223 1357 2431 1427 insuper
2458 1367 2505 1410 et
2547 1358 2771 1411 animam
2818 1376 2986 1425 suam,
3017 1378 3119 1415 non
3158 1373 3321 1434 potest
3364 1382 3507 1419 meus

1929 1467 2039 1504 esse
2068 1450 2356 1521 discipulus
2380 1451 2573 1519 (Luca:
2601 1451 2737 1525 xiv);
2772 1460 2846 1520 et,
2877 1454 2937 1509 Si
2968 1455 3043 1508 vis
3090 1458 3346 1528 perfectus
3376 1474 3499 1519 esse,

1928 1542 2076 1606 uade,
2107 1552 2154 1595 et
2186 1542 2346 1595 vende
2362 1558 2474 1610 qua:
2497 1540 2673 1609 habes,
2697 1552 2748 1595 et
2775 1543 2844 1596 da
2872 1545 3200 1614 pauperibus,
3224 1556 3273 1600 et
3297 1546 3507 1602 habebis

1927 1632 2227 1687 thesaurum
2263 1634 2319 1686 in
2344 1632 2492 1699 creto,
2521 1643 2567 1687 et
2598 1635 2732 1700 veni,
2756 1652 2967 1706 sequere
3002 1652 3083 1691 me
3109 1636 3324 1704 (Matth.
3360 1639 3502 1712 xu);

1925 1736 2256 1796 praeceptum
2292 1727 2393 1782 hoc
2429 1727 2642 1783 Domini
2672 1730 2819 1785 velut
2848 1730 3155 1798 specialiter
3182 1732 3248 1786 ad
3277 1748 3335 1788 se
3362 1734 3508 1789 dirc-

240 1826 409 1882 modo
438 1825 825 1895 perfectionem
854 1827 1149 1895 poterimus
1175 1825 1463 1896 attingere,
1490 1825 1535 1879 si
1580 1839 1698 1880 eam
1732 1825 1818 1880 vel
1850 1825 1897 1886 Β
1924 1827 2070 1873 ctum
2124 1833 2246 1872 cum
2295 1833 2505 1872 summa
2548 1821 2728 1876 cordis
2769 1823 3184 1891 compunctione
3227 1826 3503 1893 suscepit,

240 1917 712 1988 ignoraverimus,
761 1917 849 1973 vel
913 1919 1145 1973 scientes
1208 1933 1322 1973 non
1380 1918 1817 1976 contenderimus

240 2024 411 2081 opere
438 2024 836 2067 consummare.

865 2102 1093 2161 CAPUT
1130 2104 1213 2160 IV.

617 2194 890 2262 Expositio
916 2199 1071 2252 trium
1116 2199 1452 2255 vacationum.

314 2285 387 2342 Ut
416 2285 581 2355 igitur
610 2296 638 2325 ι
664 2295 773 2342 tres
803 2288 858 2342 bi
884 2289 1229 2344 vocationum
1280 2291 1421 2345 modi
1467 2293 1686 2362 speciali
1727 2293 1812 2348 di-

238 2378 532 2434 stinctione
570 2380 895 2448 pandantur,
925 2382 1132 2452 primus
1164 2399 1230 2438 ex
1273 2384 1387 2441 Deo
1407 2395 1511 2453 est,
1540 2388 1812 2443 secundus

232 2483 339 2538 per
359 2470 651 2537 hominem,
671 2472 859 2528 tertius
883 2488 950 2528 ex
976 2474 1325 2533 necessitate.
1352 2479 1429 2532 Ex
1458 2478 1568 2534 Deo
1593 2481 1811 2549 quidem

232 2571 339 2627 est,
364 2563 577 2632 quoties
606 2564 889 2634 inspiratio
914 2566 1159 2636 quaedam
1192 2568 1436 2624 immissa
1464 2571 1519 2625 in
1561 2586 1657 2627 cor
1681 2588 1811 2627 nos-

233 2664 374 2709 trum
405 2671 810 2728 nonnumquam
840 2660 1005 2715 etiam
1028 2660 1363 2725 dormientes
1393 2679 1490 2719 nos
1514 2666 1581 2720 ad
1605 2667 1816 2722 deside-

230 2748 374 2803 rium
426 2758 643 2805 aeternae
681 2751 809 2806 vitas
856 2766 921 2808 ac
949 2753 1140 2809 salutis
1186 2757 1506 2825 exsuscitat,
1537 2759 1814 2830 Deumque

228 2846 386 2914 sequi
415 2855 471 2901 et
495 2846 613 2916 ejus
650 2846 921 2903 inhaerere
945 2848 1238 2919 praeceptis
1278 2853 1699 2921 compunctione
1725 2868 1816 2908 sa-

1929 1908 2327 1976 confestimque
2367 1911 2685 1967 renuntiatis
2714 1914 2944 1981 cunctis,
2975 1924 3192 1970 secutus
3219 1926 3307 1971 est
3348 1914 3505 1971 Chri-

1926 2014 2096 2069 stum,
2129 2005 2279 2059 nulla
2316 2005 2696 2062 exhortatione
2727 2023 2902 2078 neque
2940 2008 3185 2064 doctrina
3219 2009 3502 2066 hominum

1924 2108 2270 2161 provocatus.
2324 2098 2605 2154 Secundus
2639 2100 2935 2155 vocationis
2974 2101 3166 2156 modus
3208 2112 3292 2157 est
3341 2119 3501 2173 quem

1924 2190 2044 2244 ﬂeri
2094 2205 2192 2260 per
2241 2189 2515 2245 hominem
2567 2192 2829 2257 diximus,
2862 2206 2984 2245 cum
3039 2193 3124 2247 vel
3173 2202 3193 2230 ο
3240 2195 3502 2263 exemplis

1924 2284 2281 2353 quorumdam
2318 2272 2673 2350 sanctorum,
2719 2287 2803 2340 vel
2854 2285 3070 2341 monitis
3122 2285 3383 2356 instigati,
3432 2288 3501 2342 ad

1924 2379 2253 2435 desiderium
2277 2381 2468 2437 salutis
2492 2380 2858 2436 accendimur.
2885 2380 3005 2446 Quo
3038 2395 3138 2434 nos
3165 2394 3380 2449 quoque
3404 2395 3501 2450 per

1920 2475 2147 2545 gratiam
2182 2474 2393 2530 Domini
2426 2476 2723 2530 retinemus
2762 2473 2983 2542 ascitos,
3008 2474 3097 2544 qui
3131 2472 3374 2543 praedicti
3398 2472 3500 2527 viri

1919 2568 2143 2623 monitis
2173 2582 2237 2622 ac
2264 2568 2557 2623 virtutibus
2583 2568 2794 2623 incitari
2839 2566 2962 2622 huic
3005 2580 3106 2620 nos
3150 2565 3330 2620 studio
3374 2581 3499 2635 pro-

1919 2662 2257 2733 fessionique
2288 2664 2644 2728 tradidimus;
2674 2679 2779 2734 quo
2809 2663 3002 2718 ordine
3029 2663 3194 2718 etiam
3235 2661 3289 2715 in
3318 2661 3498 2732 Scrip-

1918 2760 2056 2814 turis
2085 2760 2288 2814 sanctis
2328 2774 2423 2829 per
2470 2759 2657 2813 Mosen
2704 2758 2846 2812 filios
2892 2756 3059 2811 Israel
3108 2755 3177 2811 de
3204 2755 3498 2810 afflictione

1918 2851 2140 2923 A'Igypti
2190 2853 2414 2922 legimus
2465 2851 2727 2906 liberatos
2780 2848 2988 2921 (Exod.
3035 2844 3236 2919 xw).d
3282 2847 3497 2904 Tertius

1292 2967 1549 3024 ALARDI
1588 2970 1815 3028 GAZAEI
1854 2968 2423 3027 COMMENTARIUS.

227 3065 337 3121 est,
366 3072 470 3126 qua
501 3059 820 3114 vocabulum
865 3059 1111 3116 Graecum
1158 3062 1549 3117 ἄποτάσσεσθαι
1611 3062 1815 3120 Graecis

225 3128 487 3202 Patribus
509 3129 769 3199 Dionysio
795 3132 1021 3197 Areop.,
1057 3132 1276 3198 Basilio,
1311 3132 1515 3202 Cyrillo
1545 3149 1559 3197 ;
1585 3143 1643 3187 ut
1671 3136 1812 3191 idem

228 3199 413 3275 sit__ac
445 3209 746 3275 extremum
792 3203 1117 3275 valedicere,
1145 3213 1237 3256 aut
1269 3199 1486 3275 penitus
1512 3205 1807 3275 dimittere,

1923 3065 2125 3133 pectori
2154 3065 2406 3134 subjecit,
2439 3076 2493 3120 ut
2516 3078 2804 3134 numquam
2827 3062 3026 3127 animo,
3043 3079 3329 3134 numquam
3361 3079 3494 3119 con-

1920 3135 2145 3190 scientia
2191 3138 2574 3204 conquiescere
2616 3135 2885 3204 potuerit,
2914 3134 3091 3191 donec
3132 3137 3244 3205 ipse
3282 3150 3494 3205 quoque

1920 3208 2120 3261 saacnlo
2147 3209 2453 3263 renuntiare
2479 3220 2531 3263 et
2558 3207 2766 3262 ctelesti
2792 3208 2917 3261 vitae
2945 3207 3213 3262 inhaerere
3241 3208 3493 3261 decreve-

223 3268 491 3347 obiicere,
540 3272 816 3347 abdicare.
864 3272 1087 3347 Mutuati
1139 3268 1319 3347 autem
1364 3274 1618 3347 videntur
1673 3268 1810 3334 hanc
1837 3280 1883 3345 C
1914 3278 2004 3332 rit.
2034 3277 2111 3333 Ita
2142 3278 2362 3333 Antonii
2390 3280 2698 3347 exemplum
2721 3279 2863 3332 duos
2888 3278 3011 3331 illos
3039 3278 3261 3341 milites,
3284 3282 3491 3332 utrius-

224 3340 519 3416 locutionis
542 3341 830 3416 formulam
860 3353 975 3398 tum
1000 3343 1197 3416 Graeci,
1228 3356 1337 3399 tum
1380 3344 1555 3399 Latini
1598 3346 1804 3416 Patres,

228 3427 341 3466 non
366 3428 435 3465 ex
458 3414 702 3467 formulis
727 3415 1245 3482 jureconsultorum,
1269 3424 1326 3470 ut
1352 3418 1593 3471 nonnulli
1620 3414 1810 3474 existi-

222 3492 401 3550 mant,
434 3483 578 3565 apud
599 3499 754 3565 _quos
778 3486 1105 3565 renuntiatio
1135 3486 1276 3540 idem
1306 3487 1448 3565 quod
1475 3489 1672 3565 cessio,
1713 3502 1807 3545 aut

224 3555 503 3609 recusatio
533 3555 615 3627 rei
640 3573 758 3622 quae
788 3557 841 3611 in
880 3566 1093 3623 pactum
1124 3567 1215 3611 aut
1243 3558 1661 3627 promissionem
1710 3577 1799 3616 ve‘

225 3634 429 3698 uerat;
457 3625 549 3679 sed
575 3628 751 3695 potius
763 3628 937 3682 exillo
957 3626 1119 3698 Luem
1137 3625 1347 3683 decimo
1376 3640 1567 3698 quarto
1592 3629 1805 3685 :Omnis

224 3711 292 3769 ea:
316 3695 459 3749 vobis
492 3698 578 3764 qui
597 3714 709 3757 non
735 3695 1257 3755 rettuntiat’omm’bus
1280 3695 1410 3765 quoi
1426 3700 1668 3769 possidet,
1698 3715 1803 3756 etc.

221 3764 498 3839 caeterum
530 3769 841 3824 meminisse
869 3779 1101 3838 oportet,
1132 3771 1274 3839 quod
1294 3764 1436 3823 alibi
1463 3772 1620 3823 etiam
1652 3782 1806 3825 nota-

222 3836 432 3899 vimus.
465 3838 734 3906 duplicem
765 3854 884 3894 esse
907 3836 1391 3902 renuntiationem,
1417 3854 1513 3892 seu
1538 3840 1807 3895 abrenun-

224 3906 535 3972 tiationem,
564 3910 787 3964 alteram
816 3925 1156 3965 communem
1182 3910 1433 3966 omnibus
1460 3907 1802 3977 Christianis,

220 3981 430 4051 gumlit
463 3982 513 4033 in
547 3981 833 4050 baptismo,
875 3984 942 4034 de
969 3996 1073 4051 qua
1096 3982 1252 4037 divus
1280 3981 1551 4044 Clemens,
1583 3991 1639 4034 et
1675 3982 1805 4036 Am-

220 4049 445 4122 brosius
492 4052 582 4105 ubi
618 4049 817 4118 supra,
868 4049 1157 4122 Dionysius
1225 4053 1543 4121 Areopagita
1592 4051 1799 4122 Eccles.

218 4118 512 4177 Hierarch.
562 4124 740 4189 capite
782 4123 843 4186 1,
888 4118 1248 4179 ΤετιύΙΙίθηιιε
1297 4118 1545 4178 Iibro'de
1590 4121 1802 4179 Corona

217 4190 418 4264 militis
440 4206 558 4257 cap.
575 4193 628 4258 5,
652 4193 953 4264 Cyprianus
975 4198 1131 4262 epist.
1164 4197 1194 4250 7
1217 4203 1272 4249 et
1293 4192 1381 4256 54,
1402 4206 1456 4248 et
1485 4196 1573 4247 alii
1593 4196 1799 4261 Patres;

220 4260 459 4314 alteram
506 4260 869 4331 apostolorum
901 4277 955 4320 et
995 4260 1381 4321 monachorum
1430 4265 1700 4333 propriam
1750 4260 1805 4321 et

221 4333 584 4406 peculiarem,
606 4335 674 4390 de
700 4350 803 4404 qua
832 4334 921 4391 hic
946 4338 1143 4406 agitur,
1167 4338 1322 4404 cujus
1350 4344 1458 4390 tres
1487 4347 1667 4404 partes
1688 4338 1803 4393 sive

216 4403 429 4477 gradus
460 4404 509 4456 in
538 4403 637 4477 hac
662 4403 951 4461 collatione
979 4403 1337 4477 explicantur.

300 4482 327 4510 ι
362 4472 507 4528 Idem
545 4476 665 4530 aliis
699 4480 880 4531 verbis
916 4477 979 4530 D.
1016 4472 1321 4533 B'ernardus
1369 4480 1419 4530 in
1463 4479 1751 4532 sententiis
1784 4476 1809 4532 ε’

225 4541 559 4610 Vocationes,
599 4548 693 4612 ait,
750 4559 850 4602 tres
898 4558 1040 4614 sunt,
1073 4548 1269 4609 divina,
1300 4550 1429 4602 sicut
1483 4550 1536 4601 in
1590 4548 1800 4615 Paulo;

218 4616 474 4690 humana,
501 4618 553 4670 in
583 4620 808 4689 quinque
835 4618 1057 4673 millibus
1095 4620 1349 4674 conversis
1378 4620 1445 4690 ad
1472 4636 1643 4690 uocem
1676 4636 1799 4690 apo-

211 4685 515 4759 stolorum;
546 4685 854 4759 necessaria,
878 4691 931 4742 in
960 4692 1124 4759 primo
1154 4693 1361 4744 eremita
1386 4689 1575 4743 Paulo.

292 4754 319 4793 δ
350 4756 405 4811 Id
441 4768 558 4823 est,
588 4758 848 4814 divinitus
887 4754 1156 4815 vocatum.
1191 4762 1280 4818 Sic
1319 4763 1463 4816 enim
1506 4771 1562 4815 et
1604 4761 1796 4817 iisdem

211 4829 775 4901 peneuverbisirefert
801 4829 1123 4885 Athanasius
1155 4834 1205 4885 itt
1238 4832 1355 4901 ejus
1386 4832 1524 4887 Vita.

296 4908 317 4935 ε
349 4898 464 4953 Hoc
482 4900 639 4954 modo
664 4901 842 4954 vocati
869 4910 922 4954 et
949 4901 1015 4955 ad
1038 4898 1360 4958 desiderium
1385 4903 1573 4958 salutis
1594 4912 1650 4959 et
1667 4919 1793 4969 per-

207 4968 474 5043 fectionis
505 4971 718 5043 accensi
746 4970 853 5024 duo
884 4971 960 5025 illi
986 4974 1183 5028 milites
1211 4990 1346 5042 quos
1371 4975 1434 5029 D.
1470 4977 1794 5043 Augustinus

209 5037 360 5114 (Lib.
395 5056 508 5114 AVII!
561 5041 934 5114 Confes._cap.
960 5043 1005 5114 A6
1040 5053 1087 5095 et
1131 5037 1263 5114 seq.)
1300 5037 1689 5099 commcnforat
1726 5063 1793 5100 ex

207 5111 339 5164 aula
394 5112 741 5181 imperatoris
786 5112 1098 5181 Theodosii,
1151 5111 1271 5168 cum
1320 5117 1370 5168 in
1427 5116 1597 5169 Vitam
1649 5117 1789 5171 beati

204 5182 434 5235 Antonii
467 5184 723 5254 scriptam
749 5184 1245 5251 incidissent,inter
1277 5185 1560 5254 legendum
1584 5188 1787 5254 coepis-

206 5266 277 5305 se
310 5253 544 5324 (mirari,
577 5263 634 5307 et
679 5254 935 5317 accendi;
972 5254 1203 5324 denique
1256 5253 1346 5308 ita
1383 5253 1684 5318 exarsisse,
1730 5267 1788 5311 ut

203 5323 374 5377 ambo
419 5327 472 5377 in
504 5324 694 5380 eodem
727 5325 847 5378 loco
878 5324 931 5378 in
972 5339 1079 5391 quo
1119 5323 1501 5385 constiterant,
1540 5327 1786 5383 saeculari

202 5393 403 5449 militia
436 5395 647 5465 relicta,
675 5411 866 5448 novam
912 5396 1160 5450 militiam
1188 5398 1239 5451 in
1279 5396 1372 5449 Dei
1403 5396 1659 5448 famulatu
1688 5412 1784 5450 ex-

203 5465 322 5519 orsi
374 5468 505 5519 sint.
542 5466 696 5532 Quod
728 5465 926 5520 factum
977 5481 1097 5520 cum
1130 5470 1181 5521 in
1233 5482 1489 5521 sermone
1539 5467 1783 5522 familiari

202 5534 512 5591 Potitiattus
540 5538 843 5607 Augustino
874 5550 1204 5601 enarrasset,
1237 5538 1507 5604 simulque
1538 5539 1781 5607 Antonii,

201 5607 360 5677 cujus
396 5608 573 5662 adhuc
609 5611 660 5663 ei
692 5623 890 5662 nomen
937 5610 1179 5677 ignotum
1212 5608 1408 5671 fuerat,
1440 5606 1703 5669 instituta,
1730 5619 1784 5662 et

199 5674 583 5749 Egyptiorum
614 5674 1065 5733 monasteriorum
1095 5695 1306 5749 greges,
1340 5693 1405 5732 ac
1434 5677 1778 5749 mores‘tllos,
1826 5725 1839 5738 ,

199 5758 264 5801 nt
294 5748 409 5817 ipse
445 5749 542 5814 ait,
570 5751 955 5804 suaveoletttia:
1001 5751 1097 5803 Dei
1141 5748 1359 5805 uberius
1404 5748 1776 5817 exposuisset;

200 5828 385 5877 tantos
420 5835 482 5876 ea
516 5835 601 5877 res
648 5820 939 5889 igniculos,
964 5821 1050 5875 vel
1080 5818 1228 5876 faces
1270 5820 1466 5891 potius,
1494 5818 1776 5887 Augustini

1911 3365 2017 3419 que
2046 3365 2175 3405 vero
2210 3350 2600 3419 Augustinum,
2633 3348 2920 3419 Augustini
2950 3349 3078 3402 item
3122 3350 3320 3402 multos
3356 3350 3491 3403 alios

1909 3422 1976 3474 ad
2008 3423 2231 3475 salutem
2263 3424 2543 3490 pertraxit.

1979 3490 2007 3527 ά
2039 3491 2204 3559 Hujus
2244 3487 2546 3547 vocationis
2567 3491 2875 3561 exemplum
2906 3498 3064 3561 notat
3078 3487 3146 3561 D_.
3178 3488 3485 3561 Bernartius

1909 3560 1965 3615 in
1994 3558 2167 3616 Paulo
2195 3566 2368 3629 primo
2406 3563 2631 3617 eremita
2667 3580 2680 3613 :
2711 3558 2868 3630 quem
2902 3558 3105 3630 scribit_
3125 3559 3483 3630 D._7Hierony-

1910 3647 2031 3685 mus
2070 3627 2208 3686 casui
2253 3633 2305 3684 in
2336 3648 2556 3700 specum
2589 3627 2912 3700 ingressum.
2940 3642 3048 3694 quo
3078 3627 3230 3700 Decii
3257 3637 3325 3700 et
3379 3627 3481 3683 va-

1910 3700 2100 3755 leriani
2130 3696 2390 3755 saevitiam
2427 3696 2812 3771 fugeretifcum
2838 3696 3166 3771 aliquamdiu
3196 3696 3269 3749 ibi
3299 3698 3482 3751 latuis-

1908 3780 2014 3833 set,
2057 3772 2287 3835 cmpisse
2329 3765 2508 3825 etiam'
2558 3768 2818 3823 delectari
2868 3765 3191 3837 solitudine;
3236 3776 3290 3820 et
3340 3770 3483 3837 quod

1908 3843 2060 3909 prius
2090 3840 2433 3904 necessitate,
2463 3841 2717 3905 deinceps
2752 3838 3027 3909 voluntate
3056 3835 3305 3909 (fecisset
3324 3835 3481 3909 idque

1910 3904 2019 3964 iota
2043 3912 2145 3964 vita
2174 3910 2431 3966 tenuisse.
2451 3910 2611 3981 (Vide
2631 3924 2787 3980 supra
2809 3907 3100 3981 Hieronjn
3140 3904 3252 3981 Vita
3277 3904 3481 3979 Pauli.)

1908 3982 2135 4036 Arsenio
2165 3982 2350 4035 itidem
2381 3977 2498 4035 viro
2528 3977 2716 4034 sancto
2738 3977 2952 4033 Arcadii
2995 3978 3073 4032 ira
3098 3977 3481 4045 adolescentis,

1906 4068 2068 4122 quem
2110 4054 2441 4118 instituebat,
2472 4067 2687 4106 causam
2737 4050 2967 4120 praebuit
3013 4060 3069 4103 ut
3112 4051 3368 4105 saaculutn
3398 4050 3482 4106 fu-

1905 4126 2057 4193 giens
2086 4132 2255 4178 totum
2282 4140 2341 4178 se
2364 4125 2454 4178 Dei
2477 4122 2737 4191 obsequio
2759 4130 3135 4193 consecraret;
3160 4136 3325 4185 quare
3352 4122 3480 4177 dum

1907 4192 2148 4265 corporis
2179 4197 2337 4248 saluti
2366 4196 2620 4260 consulit,
2645 4195 2838 4247 anima:
2863 4192 3090 4265 salutem
3129 4192 3296 4247 multo
3326 4206 3477 4263 opta-

1906 4263 2154 4321 biliorem
2199 4268 2420 4321 invenit.
2452 4266 2605 4321 Alter
2653 4265 2813 4320 etiam
2864 4263 3475 4333 Paulus,cognomento

1908 4336 2169 4407 Simplex,
2219 4337 2329 4404 qui,
2390 4352 2556 4392 uxore
2604 4338 2655 4389 in
2714 4334 2979 4389 adulterio
3032 4335 3390 4405 deprehensa,
3423 4351 3479 4393 et

1905 4407 2050 4462 illam
2100 4420 2155 4463 et
2198 4409 2413 4463 domum
2470 4410 2805 4477 relinquens,
2839 4415 2982 4461 recta
3030 4421 3090 4461 se
3136 4407 3200 4461 ad
3258 4411 3479 4462 Antonii

1904 4480 2143 4532 scholam
2168 4482 2417 4543 contulit,
2450 4480 2502 4532 in
2533 4495 2636 4549 qua
2668 4478 2734 4533 ad
2777 4492 3001 4531 summae
3027 4478 3327 4532 sanctitatis
3353 4496 3476 4543 per-

1904 4550 2187 4603 fectionem
2225 4551 2543 4605 brevissimo
2581 4561 2825 4617 tempore
2856 4564 3169 4614 progressus
3199 4560 3302 4603 est.
3339 4551 3471 4603 Illttd

1904 4631 2084 4674 autem
2120 4621 2513 4687 admirabilius,
2547 4619 2686 4688 quod
2717 4619 2785 4673 de
2814 4620 3008 4673 abbate
3038 4620 3205 4672 Mulio
3244 4622 3475 4674 sanetis-

1825 4665 1881 4726 Β
1906 4690 2046 4745 sinto
2076 4702 2131 4746 et
2154 4665 2513 4747 celeberrimo,
2538 4665 2654 4745 viro
2684 4692 2900 4759 legitur,
2930 4704 3050 4743 cum
3070 4692 3282 4756 gentilis
3305 4701 3467 4755 esset,

1906 4770 1960 4816 et
1990 4762 2148 4830 latro,
2174 4773 2227 4817 et
2254 4766 2321 4818 ad
2346 4764 2610 4831 virginum
2638 4763 2988 4831 quarumdam
3017 4762 3324 4815 coenobium
3348 4778 3475 4829 spo-

1907 4832 2143 4887 liandum
2171 4836 2221 4887 in
2256 4830 2453 4890 tectum
2498 4834 2849 4892 ascendisset.
2881 4830 2934 4883 in
2964 4831 3078 4896 ipso
3117 4842 3258 4885 tecto
3280 4849 3475 4885 conso-

1906 4904 2098 4971 pitum,
2129 4906 2329 4959 vidisse
2374 4919 2553 4971 regem
2595 4904 2904 4971 quemdam.
2934 4916 2963 4953 a
3004 4918 3108 4970 quo
3154 4905 3473 4956 monebatur

1902 4986 1956 5025 nt
1979 4974 2192 5026 tandem
2221 4989 2250 5026 a
2282 4975 2579 5027 sceleribus
2606 4973 2922 5026 desisteret:
2948 4988 3053 5040 quo
3086 4972 3173 5025 ille
3201 4984 3473 5038 permotus

1904 5043 2228 5109 baptismum
2266 5045 2430 5106 illico,
2489 5042 2682 5095 deinde
2714 5042 2873 5094 etiam
2919 5044 3270 5094 monasticam
3304 5044 3468 5093 vitam

1902 5117 2159 5178 suscepit,
2194 5112 2245 5166 itt
2276 5129 2379 5181 qua
2416 5121 2616 5164 tantam
2649 5112 2873 5177 adeptus
2904 5122 2985 5163 est
3020 5121 3385 5169 sanctitatem,
3415 5122 3473 5163 ut

1899 5194 2096 5249 praeter
2138 5183 2239 5234 alia
2293 5182 2581 5243 miracula,
2609 5183 2777 5234 solem
2810 5181 2969 5232 etiam
3017 5191 3285 5246 tamquam
3335 5181 3471 5233 alter

1895 5252 2059 5307 Josue
2085 5264 2227 5307 stare
2250 5254 2488 5321 jusserit.
2509 5253 2696 5307 Simile
2716 5251 3017 5315 exemplum
3043 5252 3238 5321 Moysis
3260 5250 3470 5304 IEthio-

1895 5326 1979 5393 pis
2031 5324 2196 5379 babes
2247 5320 2468 5378 inferius
2518 5331 2994 5393 contmentOratum
3028 5320 3183 5388 (Cap.
3216 5321 3293 5388 5),
3323 5322 3468 5373 aliud

1893 5390 2021 5449 item
2062 5396 2269 5466 Evagrii
2301 5396 2439 5466 apud
2483 5396 2839 5466 Sozomenum
2888 5390 2981 5466 lib.
3021 5407 3073 5466 vt
3118 5405 3238 5466 cap.
3292 5392 3380 5466 5_0.
3414 5401 3467 5444 et

1891 5467 2037 5521 aliud
2089 5460 2256 5536 magis
2304 5460 2549 5521 mirabile
2595 5466 2733 5536 apud
2788 5460 3145 5536 Sophroniutn
3185 5462 3464 5536 _itt_Praot

1892 5538 2131 5607 Spiritali
2178 5531 2303 5607 cap.
2340 5540 2424 5591 78.
2459 5536 2637 5607 (Apud
2687 5531 2981 5607 Metaphra.
3021 5531 3460 5607 §_Maii_._Bttron.

1886 5602 2010 5661 to'm.
2054 5610 2119 5663 IV
2162 5602 2265 5664 an;
2294 5608 2419 5664 385.
2468 5602 2744 5660 Palladius
2778 5602 2988 5656 Laust'a.
3035 5602 3129 5665 28,
3170 5602 3458 5669 Nicephor.

1882 5678 1920 5730 ι.
1959 5697 2048 5734 vttt
2100 5698 2213 5749 cap.
2258 5681 2349 5743 40,
2394 5676 2664 5733 Cassiodo.
2693 5676 2896 5749 Hister.
2931 5671 3073 5745 Trip.
3104 5671 3144 5728 ι.
3167 5688 3187 5728 ι
3212 5688 3328 5742 cap.
3366 5670 3457 5741 11,

1879 5749 2030 5805 Petr.
2055 5754 2109 5805 in
2140 5747 2372 5824 Catalog.
2405 5750 2443 5803 ι.
2478 5766 2508 5803 v
2534 5765 2649 5817 cap.
2679 5747 2797 5819 48.)
