4004 6198
543 376 648 439 563

1598 367 1868 427 JOANNIS
1906 360 2213 421 CASSIAM
2247 354 2737 416 COLLATIONES.

3684 344 3783 405 564

546 511 677 552 vero
720 495 1024 551 vocationis
1068 490 1259 547 modus
1299 494 1401 550 est,
1426 484 1515 554 qui
1548 497 1617 538 ex
1671 480 1995 535 necessitate
2025 488 2119 530 ue-
2146 481 2200 539 Α
2224 479 2536 525 terminare.
2569 473 2678 519 Nec
2731 462 2875 516 enim
2899 458 2929 499 ιι
2961 458 3138 523 abbati
3191 458 3341 524 Mosi,
3400 456 3491 527 qui
3537 454 3785 511 habitavit

547 589 782 657 scendit,
815 603 938 645 cum
971 584 1175 641 divitiis
1212 578 1396 635 mundi
1429 577 1585 646 hujus
1622 574 1705 629 vel
1747 568 2117 640 voluptatibus

547 681 791 753 obligati,
839 676 1212 749 ingruentibus
1256 679 1480 739 repente
1535 666 1948 731 tentationibus,
1997 675 2119 731 qua:

548 776 638 831 vel
684 772 875 829 mortis
916 768 1150 840 pericula
1209 765 1651 827 comminantur,
1701 760 1785 813 vel
1828 756 2120 811 amissione

548 868 815 923 bonorum
852 874 915 915 ac
947 856 1338 930 proscriptione
1364 854 1698 924 percutiunt,
1721 850 1805 905 vel
1830 849 2120 905 charorum

548 964 727 1013 morte
775 958 1163 1022 compungunt,
1195 947 1262 1002 ad
1301 945 1587 1001 Dominum
1642 955 1803 1014 quem
1852 940 2004 1010 sequi
2064 938 2121 991 in

548 1063 730 1106 rerum
786 1046 1149 1117 prosperitate
1219 1040 1674 1109 contempsimus,
1724 1036 1914 1092 saltem
1968 1030 2122 1087 inviti

547 1154 842 1213 properare
869 1136 1270 1207 compellimur.
1304 1131 1475 1201 Cujus
1504 1130 1807 1187 vocationis
1834 1128 2126 1183 necessita-

550 1244 656 1290 tem
688 1234 741 1288 in
774 1229 1072 1301 Scriptnris
1102 1239 1315 1297 quoque
1336 1226 1634 1296 saepissime
1657 1222 1984 1291 reperimus,
2003 1230 2123 1273 cum

550 1325 689 1380 ﬁlios
719 1323 886 1378 lsrael
919 1324 989 1377 ob
1030 1320 1223 1376 merita
1264 1329 1607 1387 peccatorum
1639 1322 1861 1370 Suarum
1900 1312 2125 1382 legimus

548 1431 581 1472 ι
611 1417 839 1472 1)οωίηο
867 1414 1092 1469 traditos
1124 1410 1370 1467 hostibus
1403 1411 1536 1473 suis,
1568 1408 1638 1463 ob
1675 1408 1904 1478 quorum
1948 1402 2124 1457 domi-

554 1511 828 1566 nationem
857 1506 1343 1574 crudelitatemque
1373 1504 1746 1566 smvissimam,
1780 1512 1968 1553 rursus
1996 1510 2125 1551 con-

552 1615 740 1659 versos
770 1602 837 1655 ad
867 1598 1155 1655 Dominum
1185 1597 1578 1667 proclamasse;
1603 1602 1657 1648 et
1686 1594 1820 1646 misit
1851 1589 2130 1658 eis,inquit

552 1694 833 1759 Dominus,
853 1690 1177 1747 Salvatorem
1204 1687 1338 1754 Aod,
1361 1688 1525 1757 ﬁlium
1541 1683 1695 1749 Gera,
1717 1685 1883 1753 ﬁlium
1907 1679 2124 1744 Jemini,

551 1790 642 1859 qui
659 1798 872 1857 utraque
898 1800 1054 1838 manu
1082 1783 1319 1838 utebatur
1345 1799 1436 1845 pro
1462 1783 1675 1836 dextera
1703 1779 1902 1851 (ludio.
1935 1776 2040 1846 In).
2066 1778 2132 1831 Et

2223 564 2277 619 in
2326 563 2445 618 loco
2500 560 2656 614 istius
2703 556 2874 612 eremi
2926 554 3017 623 qui
3066 564 3086 591 ε
3117 552 3370 608 Calamus
3432 562 3781 619 nuncupatur,

2222 656 2511 726 quidquam
2541 651 2709 707 deluit
2742 648 2805 703 ad
2846 648 3106 720 perfecta.-
3145 644 3494 699 beatitudinis
3521 644 3784 707 meritum,

2224 750 2363 819 quod
2388 757 2533 802 metu
2564 743 2778 809 mortis,
2807 758 2925 813 qua:
2949 742 2999 797 ei
3030 746 3250 810 propter
3280 736 3555 791 homicidii
3586 735 3783 789 crimen

2227 834 2921 905 intentabatur,impulsus,
2952 833 3018 886 ad
3050 829 3433 887 monasterium
3460 827 3790 882 decucurrit:

2224 934 2352 1003 quia
2392 933 2460 985 ita
2492 930 2874 983 necessitatem
2906 925 3273 980 conversionis
3314 922 3567 990 arripuit,
3602 930 3659 975 ut
3682 933 3792 976 eam

2227 1028 2280 1082 in
2314 1025 2642 1079 voluntatem
2673 1028 2919 1091 prompta
2960 1019 3121 1072 animi
3155 1018 3356 1071 virtute
3383 1024 3705 1069 convertens
3730 1014 3792 1067 ad

2227 1116 2585 1189 perfectionis
2626 1112 2832 1180 fastigia
2876 1123 3083 1165 summa
3115 1106 3613 1177 pervcnerit;sicut
3640 1104 3794 1159 etiam

2228 1226 2263 1269 θ
2306 1211 2581 1268 contrario
2638 1207 2884 1277 plurimis
2938 1220 3073 1274 quos
3122 1201 3436 1257 nominatim
3498 1213 3797 1253 memorare

2228 1314 2339 1363 non
2367 1305 2563 1370 debeo,
2590 1301 2721 1381 nihil
2754 1298 2954 1371 profuit
2984 1296 3193 1353 Domini
3233 1295 3550 1350 servitutem
3582 1292 3799 1346 meliore

2231 1400 2530 1469 arripuisse
2560 1394 2845 1465 principio,
2878 1394 2971 1463 qui
3007 1391 3263 1460 deinceps
3291 1388 3475 1443 cordis
3508 1388 3718 1455 ignavia
3741 1402 3798 1441 ac

2232 1493 2427 1547 doritia
2458 1490 2823 1559 subsequente
2866 1488 2917 1540 in
2963 1495 3205 1553 teporem
3248 1482 3464 1537 noxium
3495 1496 3557 1535 ac
3591 1482 3644 1534 in
3681 1493 3799 1550 pro-

2232 1582 2453 1638 fundum
2486 1581 2674 1636 mortis
2708 1578 3025 1634 barathrum
3067 1574 3441 1630 conciderunt.
3473 1571 3644 1639 Quam
3692 1588 3796 1625 rem

2234 1679 2286 1731 in
2316 1676 2679 1746 apostolorum
2710 1686 2927 1742 quoque
2954 1672 3237 1725 vocatione
3258 1669 3504 1722 videmus
3530 1668 3800 1721 evidenter

2234 1782 2567 1837 expressam.
2600 1765 2740 1833 Quid
2763 1766 2906 1820 enim
2947 1763 3149 1832 profuit
3177 1762 3330 1818 Judac
3354 1763 3689 1831 apostolatus
3720 1776 3801 1813 sn-

554 1896 792 1945 rursum,
818 1878 1200 1943 Clamaverunt,
1227 1877 1421 1947 inquit,
1446 1877 1513 1930 ad
1536 1874 1814 1928 Dominum
1837 1875 1924 1943 qui
1958 1873 2127 1926 susci-
2161 1867 2209 1927 Β
2238 1862 2614 1915 blimissimum
2644 1859 2890 1928 gradum,
2925 1857 3115 1911 eodem
3147 1855 3339 1909 ordine
3369 1869 3473 1924 quo
3495 1848 3690 1908 Petrus
3711 1866 3805 1907 ca?-

556 1975 682 2027 tavit
723 1974 797 2027 eis
843 1971 1169 2039 salvatorem,
1195 1979 1245 2023 et
1275 1968 1504 2022 liberavit
1533 1983 1642 2032 eos,
1673 1965 1917 2019 Uthoniel
1960 1965 2129 2032 ﬁlium

557 2063 723 2119 Cenes
750 2064 963 2133 fratrem
998 2060 1151 2117 Caleb
1186 2061 1453 2131 juniorem
1481 2058 1699 2131 (Ibid.).
1735 2059 1798 2112 Et
1836 2057 1905 2111 de
1937 2057 2130 2110 talibus

558 2161 615 2214 in
646 2160 851 2229 psalmo
872 2157 1066 2212 dicitur
1090 2172 1105 2209 :
1129 2155 1258 2211 Cum
1288 2154 1539 2209 occideret
1567 2167 1671 2217 eos,
1698 2161 1815 2205 tunc
1836 2151 2133 2221 quarebant

559 2267 696 2319 eum,
728 2260 775 2305 et
814 2249 1217 2312 revertebantur,
1246 2255 1295 2300 et
1340 2245 1569 2299 diluculo
1596 2243 1865 2297 veniebant
1902 2242 1968 2295 ad
1991 2256 2129 2305 eum,

558 2353 608 2399 et
626 2342 882 2399 recordati
899 2350 1017 2397 sunt
1040 2341 1161 2410 quia
1190 2340 1329 2395 Deus
1349 2338 1561 2411 adjutor
1582 2353 1760 2391 eorum
1788 2344 1882 2395 est.
1913 2344 1961 2389 et
1992 2333 2130 2387 Deus

560 2436 793 2507 excelsus
836 2437 1148 2503 Redemptor
1193 2450 1367 2488 eorum
1398 2442 1471 2487 est
1497 2431 1670 2502 (Psal.
1714 2426 1944 2500 Lxxvn).
1994 2426 2133 2481 Rur-

561 2543 785 2598 sumque
819 2526 927 2582 :Et
950 2527 1300 2581 clamauerunt
1324 2524 1393 2577 ad
1443 2521 1729 2577 Dominum
1764 2537 1878 2574 cum
1920 2517 2137 2573 tiibula-

560 2631 769 2691 rentur,
821 2630 872 2676 et
929 2619 993 2675 de
1049 2618 1440 2674 necessitatibus
1493 2631 1671 2671 eorum
1738 2613 1973 2668 liberavit
2049 2626 2132 2665 eos

564 2711 739 2785 (Psal.
768 2712 902 2784 ενι).

1187 2802 1416 2861 CAPUT
1453 2803 1521 2860 Υ.

569 2900 721 2971 Quod
748 2907 796 2955 et
816 2897 1077 2953 desidioso
1095 2898 1297 2951 vacatio
1316 2897 1485 2965 prima
1513 2911 1617 2971 non
1649 2895 1839 2966 prosit,
1863 2900 1915 2948 et
1935 2900 2141 2949 strenuo

1076 2980 1336 3041 postrema
1363 2985 1468 3021 non
1494 2968 1647 3025 obsit.

637 3063 720 3119 Ex
750 3063 837 3119 bis
864 3062 1047 3132 itaque
1090 3062 1264 3117 tribus
1293 3062 1468 3118 modis
1500 3063 1626 3117 licet
1650 3063 1863 3132 priores
1892 3061 2001 3116 duo
2033 3075 2146 3115 me-

568 3156 799 3211 lioribus
844 3155 997 3209 inuiti
1052 3152 1334 3223 principiis
1375 3152 1685 3222 videantur,
1740 3168 2145 3221 nonnumquam

2236 1955 2445 2022 terique
2477 1952 2705 2023 apostoli
2744 1951 2896 2005 asciti
2946 1959 3098 2014 sunt,
3130 1948 3435 2003 voluntarie
3477 1947 3797 2013 suscepisse.

2237 2046 2333 2115 qui
2364 2044 2662 2099 vocationis
2687 2058 2799 2097 suae
2828 2043 3084 2112 praeclara
3124 2040 3385 2110 principia
3413 2039 3724 2107 cupiditatis
3745 2052 3802 2090 ac

2244 2137 2586 2207 philargyriae
2623 2135 2881 2204 pestifero
2928 2132 3032 2187 fine
3079 2145 3486 2194 consummans,
3530 2145 3703 2199 usque
3744 2129 3805 2181 ad

2246 2229 2592 2283 traditionem
2623 2228 2832 2282 Domini
2869 2226 3277 2281 crudelissimus
3318 2222 3588 2291 parricida
3626 2236 3808 2291 proru-

2242 2322 2320 2392 pit
2342 2321 2555 2392 (Matth.
2587 2319 2759 2390 xxvt)?
2783 2321 2889 2375 Aut
2916 2319 3043 2388 quid
3068 2316 3239 2372 obfuit
3260 2314 3426 2368 Paulo
3450 2315 3592 2383 quod
3627 2329 3810 2381 repen-

2245 2424 2298 2470 te
2322 2425 2555 2470 ctecatus
2586 2415 2781 2486 (Actor.
2806 2413 2883 2483 ix)
2913 2412 2977 2467 ad
3018 2412 3158 2465 viam
3191 2409 3379 2463 salutis
3426 2408 3571 2463 velut
3621 2409 3809 2462 invitus

2245 2507 2459 2563 videtur
2488 2516 2770 2571 attractus,
2803 2506 2891 2573 qui
2922 2514 3105 2573 postea
3138 2502 3429 2556 Dominum
3458 2509 3604 2553 tanto
3650 2498 3810 2552 animi

2243 2600 2459 2657 fervore
2482 2608 2743 2663 sectatus,
2769 2598 2982 2651 initium
3018 2594 3355 2650 necessitatis
3386 2590 3682 2646 voluntaria
3722 2589 3815 2643 de-

2244 2695 2459 2748 votione
2506 2705 2917 2754 consummans,
2960 2688 3252 2759 gloriosam
3302 2686 3463 2739 tantis
3522 2682 3812 2739 virtutibus

2245 2788 2408 2842 vitam
2440 2783 2850 2855 incomparabili
2895 2782 3001 2836 line
3030 2778 3334 2835 conclusit?
3362 2777 3554 2832 Totum
3585 2788 3716 2845 ergo
3761 2774 3810 2827 in

2246 2880 2353 2933 line
2384 2878 2651 2943 consistit,
2684 2877 2736 2929 in
2763 2889 2867 2944 quo
2895 2880 3073 2942 potest
3100 2870 3221 2940 quis
3259 2877 3313 2924 et
3352 2867 3571 2937 Optimae
3598 2879 3813 2921 conver-

2247 2973 2421 3027 sionis
2470 2970 2640 3025 initiis
2683 2969 2961 3024 dedicatus
3014 2965 3240 3019 inferior
3293 2978 3389 3032 per
3439 2960 3813 3031 negligentiam

2250 3065 2507 3134 reperiri,
2528 3072 2582 3118 et
2612 3062 2937 3118 necessitate
2968 3066 3224 3113 attractus
3250 3056 3317 3111 ad
3345 3069 3541 3110 nomen
3576 3051 3815 3109 monachi

2251 3158 2615 3229 profitendum
2649 3154 2785 3211 efﬁci
2816 3170 2911 3225 per
2940 3155 3192 3208 timorem
3240 3151 3333 3207 Dei
3381 3149 3815 3220 diligentiamque

569 3258 751 3303 tamen
776 3246 1081 3302 invenimus
1103 3245 1265 3301 etiam
1296 3245 1365 3299 de
1397 3246 1557 3299 tertio
1584 3245 1779 3315 gradu,
1808 3247 1899 3316 qui
1928 3244 2143 3299 infimus
2168 3248 2215 3312 C
2248 3251 2541 3323 perfectus.

568 3342 785 3419 videtur
809 3336 874 3397 ac
894 3340 1126 3411 tepidus,
1158 3337 1427 3417 perfectos
1458 3339 1607 3395 viros
1633 3356 1696 3395 ac
1717 3342 1912 3410 spiritu
1936 3340 2144 3397 ferven-

570 3435 813 3491 tissimos
859 3433 1152 3499 exstitisse,
1184 3433 1401 3503 illisque
1443 3434 1770 3499 consimiles,
1804 3436 1894 3505 qui
1945 3436 2149 3504 optimo

571 3532 842 3602 principio
912 3530 1154 3599 aggressi
1223 3527 1433 3583 Domini
1499 3528 1836 3593 famulatum,
1887 3530 2147 3599 reliquam

571 3637 787 3695 quoque
826 3620 989 3675 vitam
1019 3618 1273 3674 laudabili
1302 3616 1516 3673 fervore
1553 3620 1777 3688 spiritus
1817 3631 2146 3689 exegerunt;

572 3728 629 3772 et
657 3718 854 3771 iterum
883 3713 952 3769 de
1002 3712 1098 3767 illo
1144 3710 1411 3782 superiori
1440 3712 1611 3783 gradu
1645 3713 1908 3782 plurimos
1938 3712 2147 3783 tepefa-

573 3818 693 3864 ctos
715 3809 781 3862 ad
804 3805 1221 3895 vituperabilem
1248 3805 1411 3860 linem
1431 3805 1734 3875 saepissime
1765 3806 2061 3861 recidisse:
2087 3821 2152 3863 ac

571 3903 800 3975 perinde
829 3900 1000 3974 [Lips.
1025 3900 1080 3953 in
1109 3916 1274 3971 marg.
1304 3898 1556 3971 proinde]
1583 3902 1726 3955 sicut
1755 3900 1863 3954 illis
1890 3901 2024 3955 nihil
2051 3901 2149 3955 ob-

572 3997 678 4051 fuit
705 3993 850 4065 quod
888 4007 997 4047 non
1025 4006 1127 4046 suo
1151 3992 1464 4047 viderentur
1502 3992 1751 4058 arbitrio,
1784 3994 1879 4048 sed
1913 3994 2152 4048 necessi-

571 4091 699 4144 tatis
741 4084 1112 4155 compulsione
1155 4086 1430 4149 conversi,
1475 4086 1674 4154 quippe
1720 4094 1747 4121 ι
1774 4085 1971 4153 quibus
2010 4085 2150 4140 hanc

571 4185 744 4252 ipsam
798 4177 1169 4240 occasionem,
1221 4191 1324 4243 qua
1369 4187 1881 4247 compungerentur,
1935 4178 2148 4232 Domini

572 4272 880 4341 benignitas
908 4266 1247 4337 procuravit;
1294 4268 1366 4321 ita
1398 4267 1559 4321 etiam
1590 4268 1711 4322 istis
1750 4269 1973 4324 omnino
2014 4270 2153 4326 nihil

572 4362 781 4435 profuit
810 4357 1123 4415 sublimiora
1160 4356 1535 4413 conversionis
1566 4359 1825 4415 habuisse
1863 4362 2145 4431 principia,

574 4456 703 4529 quia
732 4467 838 4509 non
867 4449 1191 4508 studuerunt
1232 4448 1498 4519 reliquam
1544 4454 1708 4508 vitam
1754 4453 1863 4509 line
1912 4469 2150 4525 congruo

2859 3318 3086 3375 CAPUT
3126 3318 3214 3371 Vl.

2532 3414 2799 3485 Expositio
2830 3415 2985 3467 trium
3018 3412 3544 3467 abrenuntiationum.

2321 3528 2474 3584 Nunc
2496 3528 2561 3583 de
2590 3526 3149 3581 ahrenuntiationibus
3165 3522 3543 3578 disserendum
3574 3529 3677 3588 est,
3696 3534 3819 3591 quas

2254 3633 2364 3678 tres
2386 3637 2506 3678 esse
2526 3633 2577 3677 et
2604 3622 2821 3676 Patrum
2846 3621 3085 3685 traditio,
3118 3628 3171 3675 et
3192 3619 3594 3687 Scripturarutn
3624 3626 3821 3673 sancta-

2256 3732 2376 3771 rum
2404 3716 2737 3771 demonstrat
2775 3713 3090 3777 auctoritas,
3123 3725 3365 3780 quasque
3394 3720 3821 3778 unumquemque

2258 3817 2505 3863 nostrum
2539 3806 2686 3861 omni
2724 3804 2906 3860 studio
2948 3811 3161 3872 oportet
3214 3802 3455 3869 implere.
3507 3801 3687 3855 Prima
3748 3803 3824 3853 est

2257 3917 2361 3973 qua
2391 3900 2746 3970 corporaliter
2772 3901 3051 3952 universas
3076 3896 3290 3950 divitias
3316 3894 3501 3949 mundi
3534 3894 3824 3948 facultates-

2257 4008 2363 4062 que
2408 3992 2842 4055 contemnimus;
2890 3987 3125 4043 secunda
3152 4002 3256 4057 qua
3300 4000 3519 4047 mores,
3553 3999 3616 4039 ac
3661 3982 3820 4047 vitia,

2252 4085 2583 4152 adectnsque
2637 4082 2889 4150 pristinos
2940 4080 3104 4134 animi
3156 4078 3440 4147 carnisque
3483 4074 3821 4144 respnimus;

2254 4177 2408 4233 tertia
2432 4191 2535 4244 qua
2559 4182 2791 4228 mentem
2816 4182 3054 4226 nostram
3085 4171 3151 4225 de
3179 4169 3534 4241 praesentibus
3561 4164 3823 4221 universis

2253 4285 2317 4324 ac
2337 4267 2638 4321 visibilibus
2660 4273 2969 4329 evocantes,
2997 4264 3175 4318 futura
3206 4260 3573 4316 tantummodo
3591 4268 3825 4315 contem-

2256 4363 2504 4431 plamur,
2535 4368 2589 4415 et
2619 4375 2681 4414 ea
2726 4374 2845 4428 qua:
2890 4366 3015 4411 sunt
3059 4356 3346 4411 invisibilia
3377 4354 3826 4424 concupiscimus.

2254 4455 2384 4522 Quae
2417 4453 2541 4518 tria,
2575 4461 2632 4506 ut
2658 4451 2818 4506 simul
2848 4449 3217 4522 perficiantur,
3250 4449 3408 4504 etiam
3432 4445 3660 4502 Abrahm
3687 4445 3827 4513 legi-

1639 4608 1891 4669 ALARDI
1927 4613 2153 4669 GAZ/El
2190 4611 2755 4670 COMMENTARIUS.

651 4747 679 4777 ι
720 4738 779 4793 S.
809 4732 1079 4810 Macarius
1119 4729 1176 4784 in
1203 4728 1424 4810 humilia
1450 4729 1679 4798 quadam
1712 4728 1893 4810 (Hom.
2049 4730 2149 4810 hoc
2176 4731 2229 4790 D
2252 4745 2405 4799 quam
2433 4728 2525 4782 illa
2543 4743 2671 4810 quae
2694 4726 2794 4810 fuit
2812 4724 3132 4810 deliberata;
3172 4726 3310 4810 sicut
3338 4723 3727 4810 semen‘cadens
3765 4724 3826 4804 de

578 4825 723 4879 saepe
754 4800 1250 4879 evenirealﬂrmat,
1275 4810 1343 4879 _ut
1376 4802 1511 4879 Deus
1554 4803 1807 4879 aerumnis
1832 4817 1894 4855 ac
1926 4802 2148 4879 tribula-

577 4872 813 4937 tionibus
842 4876 1111 4930 hominem
1136 4873 1388 4942 exagitet,
1413 4883 1470 4925 ut
1491 4872 1537 4926 is
1558 4872 1647 4942 qui
1672 4872 1894 4925 nimium
1924 4872 2151 4926 terrenis

576 4953 741 5009 rebus
769 4951 948 5002 animo
978 4960 1041 4999 ac
1081 4942 1354 4997 desiderio
1385 4944 1641 5006 inhaeret,
1685 4958 1805 4997 cum
1840 4944 2017 4995 omnia
2049 4942 2150 4996 sibi

579 5021 873 5080 infeliciter
903 5016 1193 5071 succedere
1221 5014 1386 5081 videt,
1416 5015 1484 5067 ita
1516 5030 1696 5069 secum
1731 5014 2039 5069 ratiocinari
2073 5015 2151 5066 in—

579 5096 773 5172 cipiat;
799 5090 1240 5172 Quandoquidem
1268 5100 1373 5172 non
1398 5088 1594 5172 possim
1612 5087 1873 5140 inmundo
1895 5087 2151 5172 canseqni

580 5156 703 5238 qua:
734 5156 1011 5238 volebam,
1036 5156 1445 5238 ecce-mundum
1486 5156 1755 5238 relinquo,
1788 5164 1863 5237 et.
1886 5156 1950 5208 ad
1976 5158 2152 5238 ‘Deutn

580 5227 738 5301 v'ado,
773 5242 830 5288 ut
859 5236 904 5287 ei
928 5234 1012 5285 nni
1046 5230 1308 5292 serviam;
1332 5228 1511 5301 itaque
1536 5227 1629 5280 ﬁni
1656 5228 1927 5301 ntgratias
1958 5227 2153 5301 deinde

581 5317 703 5377 agat
728 5299 797 5361 de
831 5304 1056 5377 adversa
1103 5303 1351 5377 fortuna,
1384 5300 1537 5377 Cujus
1565 5301 1849 5377 occasione
1896 5299 2151 5364 impulsus

580 5368 653 5433 sit
682 5378 746 5431 ad
780 5374 1155 5429 suavissimum
1190 5372 1278 5423 Dei
1312 5369 1645 5422 fnn'nilatum.
1680 5368 1733 5420 In
1763 5370 2007 5422 eamdem
2031 5382 2154 5419 sen-

582 5452 803 5505 tentiam
826 5446 1060 5500 Joannes
1091 5443 1359 5494 Climacus
1392 5439 1534 5492 hunc
1566 5440 1654 5492 Dei
1687 5455 1888 5493 morem
1914 5453 2032 5490 esse
2054 5441 2149 5501 ait,

581 5532 637 5573 ut
669 5518 938 5574 interdum
972 5514 1217 5569 homines
1246 5512 1385 5565 hono
1435 5511 1559 5563 dulO
1608 5513 1801 5578 capiat,
1837 5518 1890 5561 et
1926 5508 1978 5560 in
2009 5509 2148 5559 viain

582 5590 776 5647 salutis
799 5588 1076 5655 deceptos,
1100 5593 1191 5655 aut
1214 5583 1543 5655 nihilminus
1561 5582 1877 5651 cogitantes,
1914 5579 2147 5655 inducat.

582 5664 715 5733 Ejus
746 5663 920 5733 verba
937 5651 1064 5711 sunt
1105 5653 1309 5733 (Gradu
1339 5652 1391 5723 1)
1417 5671 1459 5733 :_
1485 5651 1605 5706 Non
1639 5651 2153 5733 contemnamusnin-

586 5721 724 5803 quit,
757 5730 1008 5803 quosdam
1027 5721 1219 5803 mundo
1256 5721 1604 5803 renuntiantes
1632 5726 1755 5803 sine
1785 5721 2154 5803 sap_ienti_deli-

589 5794 875 5863 beratione,
893 5800 1019 5867 quia
1040 5796 1265 5867 Spiritus
1285 5800 1590 5867 quandoque
1614 5796 1906 5867 piedecipil
1934 5794 2149 5867 animas.

587 5874 749 5936 Sitne
773 5863 915 5925 enim’
947 5863 1091 5922 talis'
1111 5863 1423 5918 renuntiatio
1450 5863 1653 5920 meliori
1676 5866 1783 5933 ﬁne
1829 5866 2152 5929 terminatur,

2256 4795 2410 4851 manu
2441 4795 2703 4870 agricolae,
2737 4797 2824 4850 ubi
2846 4814 2948 4849 non
2974 4798 3102 4870 vult,
3128 4795 3617 4870 uberiusinlerdnm
3640 4795 3831 4870 germi-

2256 4816 2410 4851 manu
2441 4812 2703 4870 agricolae,
2737 4812 2823 4850 uas
2846 4814 2948 4849 non
2974 4812 3102 4858 vult,
3128 4812 3335 4848 tlDt’l’luS
3366 4812 3617 4846 tmeranm
3681 4812 3831 4845 erun-

2256 4882 2378 4934 nat,
2406 4887 2557 4933 quant
2593 4870 2657 4921 de
2692 4870 2947 4921 industria
2972 4868 3295 4937 seminatum.
3342 4864 3465 4918 Vidi
3483 4812 3737 4937 quosdgtm
3763 4865 3831 4915 ad

2258 4944 2621 4992 monasterium
2648 4949 2819 4991 euntes
2864 4955 2967 4991 non
2991 4935 3130 4991 recta
3159 4937 3460 5001 intentione,
3489 4935 3576 4988 sed
3611 4937 3825 4988 necessi-

2260 5022 2363 5064 tate
2379 5022 2603 5076 coactos,
2622 5013 2705 5079 qui
2734 5011 2918 5063 deinde
2942 5014 3147 5078 fuemmt
3171 5010 3307 5078 capti
3331 5024 3362 5058 a
3385 5009 3553 5079 multa
3574 5006 3827 5079 sapientia

2258 5083 2479 5145 abbatis,
2509 5093 2552 5133 et
2571 5076 3170 5151 plat'ida‘convorsatione
3192 5076 3577 5132 monac/torum.
3594 5077 3667 5131 Hi
3694 5084 3827 5141 post-

2259 5156 2463 5204 modum
2484 5150 2775 5223 recbpernnt
2808 5171 2839 5204 α
2860 5150 2971 5223 Deo
2999 5151 3398 5223 lumenggratiaz,
3427 5157 3473 5223 et
3492 5154 3829 5223 pervenerunt

2259 5223 2328 5276 ad
2357 5227 2515 5277 altum
2538 5218 2745 5277 statum.
2773 5224 2847 5276 Ita
2872 5222 3142 5276 Climacus
3175 5218 3461 5290 Paphnutii
3488 5218 3645 5286 hujus
3671 5218 3827 5273 dictis

2258 5298 2622 5349 consentiens.

2328 5364 2356 5402 δ
2390 5366 2467 5420 Illi
2498 5366 2701 5420 scilicet
2737 5363 2975 5431 :Ethinpi
2998 5408 3011 5429 ,
3044 5363 3109 5416 de
3155 5377 3262 5431 quo
3304 5360 3573 5415 Palladius
3614 5360 3822 5431 Lausia.

2256 5436 2510 5503 vigesima
2537 5436 2790 5501 secunda,
2819 5427 3153 5488 Snznmeuus
3173 5427 3315 5487 libro
3339 5443 3523 5497 sexto,
3551 5432 3725 5499 Capite

2257 5500 2461 5589 gesimn
2484 5522 2645 5574 nono,
2678 5506 3015 5574 Nicephorus
3046 5504 3183 5559 libro
3210 5505 3496 5558 undecimo
3521 5506 3693 5571 capite
3737 5500 3826 5552 tri—

2253 5588 2461 5647 gesimo
2490 5588 2667 5632 sexto.

2337 5659 2359 5687 ε
2382 5650 2636 5704 Calamus
2666 5649 2814 5703 locus
2842 5647 3149 5701 solitudinis
3173 5645 3269 5701 fuit
3289 5646 3341 5699 in
3360 5644 3614 5716 Egypto,
3649 5641 3699 5695 in
3722 5654 3825 5709 quo

2260 5724 2422 5776 etiam
2458 5722 2651 5775 Paulus
2677 5718 2901 5775 eremita
2935 5719 3213 5773 habitavit.
3244 5714 3483 5771 Meminit
3514 5714 3671 5785 hujus
3706 5728 3824 5767 rur—

2258 5807 2353 5849 sus
2400 5792 2687 5847 Cassianus
2737 5791 2921 5846 collat.
2952 5789 2984 5845 7
3014 5791 3192 5859 capite
3238 5787 3498 5858 vigesimo
3539 5794 3690 5842 sexto
3770 5788 3825 5837 et

2256 5864 2437 5920 collat.
2465 5862 2536 5917 24
2562 5878 2682 5924 can.
2713 5864 2769 5919 4.
3164 5885 3168 5889 ~
