4026 6204
223 286 329 347 565

922 290 1260 349 COLLATIO
1294 291 1385 349 111.
1413 320 1485 336 -
1512 291 1603 350 DE
1642 293 1899 355 TBIBUS
1936 296 2715 356 ABRENUNTIATIONIBUS.

3387 308 3493 361 5'36

223 414 340 458 mus
363 399 655 457 Dominum
676 394 1003 485 praecepisse
1027 445 1055 485 ,7
1089 418 1209 459 cum
1249 402 1383 459 dicit
1417 402 1483 459 ad
1514 420 1671 460 eum:
1705 404 1812 461 Exi
1838 402 1884 471 Ᾱ
1914 404 1981 484 (ll
2005 408 2124 463 Cor.
2168 408 2267 481 ιν).
2299 408 2365 463 Et
2392 420 2655 467 exeuntes
2694 409 2857 467 corde
2885 410 2953 467 de
2984 411 3081 468 hac
3110 417 3389 485 temporali
3428 434 3491 475 uc

226 492 293 549 de
322 502 459 549 terra
484 505 573 548 tua
593 535 609 559 ,
637 484 684 548 et
711 496 774 549 de
803 484 1105 567 cognatione
1133 506 1221 550 tua
1244 536 1260 569 ,
1300 506 1347 551 et
1373 497 1434 551 de
1458 496 1608 551 domo
1650 499 1813 569 patris

230 585 309 640 tui
340 583 550 657 (Cenes.
585 578 701 660 in).
725 572 965 641 Primum
988 586 1124 642 dixit
1145 584 1209 642 de
1231 596 1364 641 terra
1390 597 1498 654 tua,
1526 588 1575 643 id
1605 578 1711 657 est,
1741 587 1811 654 de

229 678 579 734 lacultatibus
623 674 809 734 mundi
842 679 1031 750 hujus,
1086 674 1387 752 opibusque
1423 673 1690 751 terrenis;
1724 699 1812 741 se—

151 810 159 847 3.
227 768 409 824 eundo
439 770 503 825 de
532 766 833 841 cognatione
853 762 960 839 tua,
986 756 1038 828 id
1064 766 1171 833 est,
1203 773 1270 828 de
1297 756 1729 853 conversatione,
1756 766 1811 833 et

148 856 159 925 ξ
227 862 493 931 moribus,
517 864 767 936 vitiisque
792 864 1080 934 prioribus,
1122 858 1243 938 quae
1270 858 1483 924 nobisa
1512 858 1694 926 nostra
1720 858 1813 927 na-

138 954 157 1037 ;
225 950 434 1008 tivitate
457 950 783 1011 cohaerentia
807 956 950 1011 velut
971 957 1234 1013 afﬁnitate
1256 954 1487 1029 quadarn
1509 969 1565 1015 et
1582 952 1813 1017 causan;

137 1036 147 1076 έ
225 1042 489 1114 guinitate
517 1036 745 1116 cognata
774 1058 897 1102 sunt
922 1063 938 1113 ;
977 1049 1136 1103 tertio
1165 1042 1230 1103 de
1259 1049 1410 1104 domo
1438 1052 1601 1121 patris
1632 1053 1725 1118 tui,
1754 1050 1810 1109 id

224 1146 333 1203 est,
355 1138 498 1192 omni
528 1136 789 1195 memeria
821 1138 1011 1196 mundi
1058 1136 1221 1212 hujus
1251 1158 1371 1215 qua:
1399 1142 1681 1200 oculorum
1719 1160 1812 1201 oc-

222 1227 398 1283 currit
440 1228 736 1286 obtutihus.
770 1230 859 1307 De
888 1231 1102 1289 duobus
1130 1233 1274 1289 enim
1297 1228 1573 1305 patribus,
1604 1236 1657 1291 id
1688 1245 1805 1307 est,

222 1320 340 1376 sive
360 1321 426 1375 de
448 1321 541 1377 illo
562 1337 721 1394 quem
748 1306 1025 1393 deserere,
1046 1325 1164 1381 sive
1184 1326 1253 1382 de
1278 1341 1346 1382 eo
1367 1342 1528 1399 quem
1550 1306 1808 1386 debemus

219 1425 515 1484 expetere,
574 1417 645 1471 ita
694 1404 794 1488 pei'
843 1418 1009 1473 David
1039 1434 1103 1475 ex
1134 1418 1369 1491 persona
1412 1416 1510 1478 Dei
1556 1422 1804 1480 canitur:

219 1503 380 1571 Audi,
405 1507 535 1573 lilia,
555 1519 601 1563 et
624 1490 760 1576 uide,
786 1519 834 1563 et
853 1509 1049 1565 inclina
1074 1490 1251 1567 aurem
1273 1523 1429 1581 tuam,
1450 1524 1499 1569 et
1518 1515 1808 1574 obliviscere

216 1599 472 1670 populum
490 1598 720 1683 tuum,et
751 1604 963 1657 domum
986 1606 1150 1673 patris
1174 1600 1249 1659 tui
1281 1603 1452 1679 (Psal.
1478 1610 1645 1680 xuv).
1668 1609 1802 1666 Nam

215 1693 307 1763 qui
338 1692 473 1749 dicit
499 1692 661 1763 Audi,
686 1694 826 1767 ﬁlia,
857 1694 1015 1768 pater
1040 1698 1225 1769 utique
1255 1683 1366 1766 est,
1389 1709 1444 1757 et
1470 1701 1618 1756 illum
1648 1703 1801 1772 cujus

215 1785 443 1841 domum
484 1788 568 1841 vel
613 1791 868 1860 populum
901 1802 1085 1846 monet
1129 1790 1387 1848 oblivioni
1416 1794 1552 1861 dari,
1588 1806 1795 1865 patrem
1825 1834 1876 1897 Β
1895 1792 2167 1867 jungitur.

209 1876 581 1935 nihilominus
598 1896 708 1935 suae
724 1879 853 1935 lilia:
874 1880 1042 1938 fuisse
1061 1892 1308 1953 testatur,
1333 1884 1475 1956 quod
1498 1886 1570 1941 ita
1593 1886 1649 1942 ﬁt
1673 1902 1795 1944 cum

206 1970 532 2048 mortiﬁcati
571 1987 691 2025 cum
736 1971 952 2027 Christo
976 1975 1045 2028 ab
1078 1975 1360 2032 elementis
1403 1977 1563 2048 hujus
1612 1974 1799 2035 mundi

206 2040 652 2130 contemplemur
672 2102 687 2128 ,
712 2062 1004 2119 secundum
1050 2065 1369 2135 Apostolum
1392 2111 1408 2134 ,
1436 2069 1548 2140 jam
1595 2086 1703 2126 non
1731 2087 1795 2126 ea
1854 2052 1875 2067 ’

204 2168 328 2221 qua:
351 2153 617 2219 uidentur,
644 2155 731 2209 sed
757 2170 868 2225 qua:
895 2172 996 2211 non
1024 2157 1295 2225 uidentur;
1321 2176 1433 2230 qua:
1457 2161 1593 2215 enim
1621 2162 1798 2216 viden-

204 2255 323 2314 tur,
358 2248 659 2318 temporalia
683 2263 835 2313 sunt;
862 2265 976 2319 quia
999 2260 1169 2305 autem
1190 2269 1294 2306 non
1312 2252 1570 2325 uidentur,
1602 2264 1795 2310 (eterna

1915 501 2111 557 visibili
2142 501 2327 568 domo,
2359 500 2412 555 in
2443 501 2590 557 illam
2616 505 2831 559 domum
2863 504 2914 558 in
2940 520 3041 593 qua
3066 507 3273 593 ljugiter
3304 522 3491 565 sumus

1914 582 2279 664 permansuri,
2311 603 2534 651 nostros
2575 598 2761 652 oculos
2798 578 3149 677 mentemque
3184 596 3490 670 dirigimus.

1912 684 2067 763 Quod
2100 694 2226 740 tunc
2271 678 2613 763 implebimus
2637 728 2654 752 ,
2703 702 2825 742 cum
2856 689 2909 742 in
2938 672 3102 747 cartie
3152 691 3494 748 ambulantes

1913 789 2020 851 non
2047 775 2344 831 secundum
2376 791 2594 833 carnem
2621 766 2856 834 militare
2885 770 3116 835 Domino
3142 783 3491 851 coeperimus,

1911 848 2060 923 illam
2089 868 2232 923 beati
2254 864 2501 939 Apostoli
2521 872 2843 925 sententiam
2871 885 3037 939 opere
3067 886 3131 927 ac
3158 848 3365 929 virtute
3378 848 3492 928 cla?

1910 958 2143 1027 inantes,
2162 968 2188 997 ι
2212 948 2402 1015 Noiter
2423 970 2594 1016 autem
2621 962 2967 1035 municipatus
2988 961 3040 1017 in
3061 960 3201 1019 caelis
3225 973 3299 1017 est
3319 963 3492 1036 (Phil.

1911 1036 2018 1123 iu).
2044 1050 2137 1106 His
2158 1046 2327 1108 tribus
2350 1053 2911 1109 abrenuntiationibus
2933 1055 3147 1125 proprie
3168 1054 3199 1097 ιι
3228 1066 3337 1111 tres
3362 1056 3492 1111 libri

1912 1142 2219 1201 Salomonis
2246 1153 2516 1216 aptantur.
2541 1145 2673 1200 Nam
2694 1142 2988 1201 Proverbia
3014 1146 3199 1217 primae
3220 1130 3491 1203 abrenvn-
3520 1132 3534 1145 ³

1912 1237 2122 1292 tiationi
2139 1237 2489 1304 conveniunt,
2506 1237 2701 1308 quibus
2723 1238 3161 1308 concupiscentia
3188 1241 3488 1296 carnalium

1912 1345 2098 1386 rerum
2129 1345 2191 1384 ac
2222 1337 2437 1385 terrena
2465 1329 2591 1385 vitia
2630 1338 2983 1398 resecantur;
3030 1316 3280 1388 secundm
3331 1334 3488 1389 abre-

1912 1416 2231 1481 luiitiationi
2263 1418 2649 1488 ECclesiastes,
2696 1421 2788 1478 ubi
2817 1422 3065 1479 universa
3113 1439 3231 1497 quae
3257 1437 3488 1495 aguntur

1909 1513 2011 1572 sub
2033 1506 2146 1570 sole
2160 1506 2370 1568 vanitas
2391 1508 2838 1584 pronuntiantur;
2854 1514 3024 1570 tertia:
3047 1512 3326 1589 Canticum
3348 1516 3486 1572 Can-

1910 1602 2137 1660 ticorum
2165 1645 2181 1671 ,
2217 1605 2269 1659 in
2302 1620 2408 1674 quo
2438 1619 2592 1660 mens
2618 1605 2847 1661 visibilia
2878 1608 3068 1661 cuncta
3099 1606 3486 1663 transCendens

1906 1696 2088 1753 Verbo
2111 1696 2210 1754 Dei
2224 1700 2338 1769 jam
2359 1698 2658 1755 caelestium
2677 1710 2857 1755 rerum
2880 1700 3335 1772 contemplatione
3356 1717 3487 1759 conc

2508 1872 2738 1944 CAPUT
2778 1888 2889 1946 vn.

1980 1977 2428 2048 Quemadmodum
2470 1980 2793 2054 singularum
2834 1984 3282 2040 renuntiationum
3317 1984 3387 2040 sit

2399 2055 2686 2126 appetenda
2714 2054 2981 2125 perfectio.

1974 2163 2318 2234 Quapropter
2369 2179 2478 2219 non
2529 2164 2754 2219 multum
2793 2164 3039 2234 proderit
3094 2166 3323 2235 primam
3380 2180 3483 2222 nos

1905 2257 2432 2314 abrenuntiationem
2453 2273 2577 2314 cum
2604 2273 2811 2347 summa
2834 2258 3122 2315 devotione
3143 2259 3269 2315 ﬁdei
3296 2274 3483 2316 susce~

1274 2388 1534 2445 ALARDI
1573 2388 1806 2447 GAZIEI
1843 2388 2406 2450 COMMENTARIUS.

224 2530 229 2535 ’
286 2532 318 2563 ⁸
344 2524 433 2581 Sic
460 2535 515 2580 et
543 2524 909 2582 Tertullianus
937 2526 1033 2582 lib.
1062 2527 1129 2581 de
1151 2527 1364 2582 Corona
1414 2527 1600 2583 Militis
1643 2543 1691 2581 c.
1727 2528 1794 2584 15

196 2611 310 2667 pro
335 2612 406 2671 eo
434 2600 574 2666 quod
608 2596 794 2653 Graece
824 2599 1355 2671 habeturirrolimpa
1380 2641 1395 2664 ,
1427 2606 1489 2653 et’
1511 2599 1566 2652 iu
1600 2608 1792 2671 nostra

197 2667 494 2732 versione,
517 2672 859 2724 conversatio.
890 2670 1034 2725 Idem
1057 2670 1133 2724 lib
1181 2684 1241 2724 ιιι
1271 2667 1530 2725 adversus
1567 2668 1795 2725 Marcio-

195 2754 329 2795 nem
367 2738 456 2809 (Et
479 2741 566 2794 lib.
600 2742 661 2794 de
684 2739 805 2796 Cor.
833 2740 951 2796 Mil.
983 2757 1101 2813 cap.
1122 2737 1243 2813 12):
1273 2740 1788 2813 Apostolus,inquit~,

196 2820 424 2864 matrem
455 2822 681 2884 nostram
716 2829 921 2867 sursum
965 2812 1071 2866 esse
1114 2813 1382 2884 designat,
1423 2823 1468 2865 et
1510 2812 1793 2884 πολίτευμα

196 2892 479 2955 nostrum,
510 2883 564 2937 id
592 2893 704 2948 est,
732 2884 1107 2955 municipatum
1132 2883 1187 2936 in
1226 2882 1392 2955 caelis
1413 2899 1519 2955 esse
1560 2882 1789 2955 pronun-

196 2954 377 3018 tians,
431 2963 538 3008 etc.
591 2955 828 3010 Hilarius
873 2952 1001 3010 vero
1042 2954 1133 3009 lib.
1166 2953 1278 3009 tde
1304 2952 1569 3009 Trinitate
1616 2953 1784 3023 legit:

196 3023 256 3078 Ν
260 3035 409 3078 ostra
423 3032 598 3078 autem
620 3027 934 3091 exspectatio
957 3027 1012 3081 in
1033 3025 1172 3080 caelis
1197 3032 1293 3078 est.

271 3093 305 3133 1³
327 3096 404 3168 De
423 3096 509 3168 his
528 3096 700 3151 tribus
715 3097 866 3152 libris
886 3098 975 3168 qui
1002 3098 1116 3151 sine
1131 3095 1236 3150 ulla
1250 3094 1617 3168 controversia
1640 3092 1786 3168 Salo-

198 3166 356 3221 moni
377 3167 490 3237 regi
516 3168 846 3235 tribuuntur,
872 3165 1169 3233 eorumque
1191 3169 1414 3237 mysuca
1446 3165 1790 3234 signiticntim

198 3251 301 3302 ne,
327 3238 522 3292 ordine
548 3239 883 3310 etanalngia,
904 3243 1122 3309 copiose
1138 3239 1270 3310 etad
1292 3238 1434 3310 hunc
1457 3237 1631 3310 locum
1656 3239 1790 3293 satis

200 3310 618 3381 accommodate
667 3307 887 3367 disserit
935 3307 1200 3381 Origenes
1242 3307 1459 3381 humilia
1513 3309 1686 3381 prima
1730 3310 1788 3365 in

198 3379 434 3436 Cantica
460 3380 826 3449 Canticorum,
848 3383 939 3436 ubi
966 3379 1307 3450 ex'Versione
1334 3379 1643 3450 Hieronymi
1675 3380 1789 3433 haec

1897 2526 2005 2602 .Sed
2031 2536 2081 2602 et
2105 2528 2267 2602 Iacob
2296 2530 2629 2602 inspectiuum
2679 2536 2812 2602 tenet
2853 2528 3020 2582 locum
3046 2568 3059 2593 ,
3100 2529 3286 2601 quippe
3313 2532 3403 2597 qui
3432 2537 3476 2585 et

1896 2597 2063 2653 Israel
2088 2601 2151 2654 ob
2178 2597 2470 2655 divinorum
2500 2599 2975 2666 contemplationem
3005 2597 3297 2655 nominatus
3317 2603 3403 2665 sit,
3430 2612 3482 2656 et

1895 2682 2064 2741 castra
2087 2674 2198 2726 cteli
2220 2672 2426 2735 viderit,
2443 2682 2488 2724 et
2508 2673 2716 2724 domum
2736 2672 2833 2725 Dei
2857 2686 3008 2741 atque
3023 2671 3320 2739 angelorum
3347 2675 3479 2738 vias,

1893 2740 1950 2795 id
1971 2752 2064 2803 est,
2085 2743 2305 2813 scalasga
2331 2744 2476 2797 terris
2492 2743 2545 2795 in
2568 2742 2748 2796 cazlum
2777 2740 3033 2809 porrectas
3052 2744 3307 2813 prospexit
3324 2747 3338 2811 ί
3348 2741 3479 2797 Gen.

1896 2814 2109 2879 xxvm).
2142 2811 2290 2866 Unde
2312 2822 2360 2866 et
2384 2813 2565 2866 merito
2589 2814 2869 2866 invenimus
2885 2822 2987 2866 tres
3015 2815 3137 2865 istos
3160 2811 3327 2867 beatos
3346 2817 3481 2869 viros

1896 2881 2087 2934 altaria
2135 2883 2311 2955 ﬁxisse
2353 2881 2496 2946 Deo,
2526 2882 2624 2955 hoc
2650 2894 2751 2940 est.
2798 2883 3138 2955 philowplu'te
3166 2900 3272 2938 suae
3300 2901 3481 2939 conse-

1894 2968 2066 3007 crasse
2093 2953 2371 3022 profectus,
2395 2969 2495 3023 quo
2512 2953 2704 3007 scilicet
2725 2955 2980 3016 docerent,
3005 2953 3111 3007 non
3132 2955 3237 3008 haec
3259 2958 3325 3009 ad
3346 2967 3482 3013 artes

1895 3023 2169 3097 humanas,
2199 3024 2288 3077 sed
2316 3023 2383 3077 ad
2407 3024 2501 3078 Dei
2528 3025 2747 3097 gratiam
2775 3023 3066 3096 referenda.
3106 3024 3211 3078 Sed
3239 3036 3287 3079 et
3314 3029 3366 3079 in
3395 3039 3479 3080 ta-

1896 3094 2181 3167 bernaculis
2211 3098 2422 3167 degunt,
2456 3103 2511 3147 ut
2530 3094 2631 3167 per
2652 3094 2760 3150 haec
2776 3094 3046 3151 ostendant
3065 3112 3227 3167 neque
3253 3097 3305 3150 in
3330 3101 3480 3153 terris

1894 3163 2186 3238 habendum
2222 3163 2331 3221 esse
2356 3165 2554 3235 aliquid
2580 3169 2847 3238 proprium
2879 3168 2996 3221 huic
3026 3168 3113 3237 qui
3138 3163 3323 3222 divina:
3358 3170 3479 3236 phi-

1894 3235 2148 3311 losOphiaz
2175 3238 2363 3301 studet,
2381 3240 2470 3291 sed
2487 3235 2684 3311 semper
2703 3235 3124 3311 promovendum,
3157 3255 3259 3293 non
3278 3250 3391 3311 tam
3414 3240 3480 3295 de

1893 3305 2017 3382 loco
2036 3309 2105 3361 ad
2133 3311 2321 3377 locum,
2351 3326 2504 3382 quam
2529 3305 2602 3382 de
2625 3305 2841 3382 scientia
2881 3311 3193 3382 inferiorum
3219 3309 3287 3363 ad
3315 3311 3479 3382 scien-

1893 3377 2017 3432 tiam
2044 3377 2401 3451 perfectorum.
2432 3378 2538 3436 Sed
2557 3389 2601 3433 et
2629 3381 2737 3434 alia
2763 3382 2928 3436 multa
2941 3377 3008 3434 "in
3031 3378 3313 3451 Scripturis
3336 3380 3477 3451 divi-

203 3452 510 3525 liahentur:
547 3451 759 3525 Oportet
782 3447 939 3525 igitur
966 3454 1245 3525 secundum
1266 3447 1401 3503 hanc
1423 3447 1791 3525 sapientissimi
1816 3458 1861 3522 ρ
1892 3450 1972 3503 nis
1992 3447 2233 3525 invenies,
2265 3467 2380 3525 quae
2418 3451 2649 3525 ordinem
2663 3454 2820 3520 hunc,
2846 3469 2993 3522 quem
3016 3452 3071 3505 in
3101 3447 3286 3505 libellis
3316 3450 3478 3525 Salo-

202 3520 519 3577 Salmnonis
544 3520 832 3577 doctrinam
864 3522 1184 3589 (Eccles.,1),
1217 3537 1331 3575 eum
1359 3524 1447 3589 qui
1485 3523 1791 3590 sapientiam

199 3594 341 3648 scire
366 3594 649 3657 desiderat,
680 3595 904 3663 incipere
927 3596 991 3648 ab
1017 3593 1306 3663 eruditione
1334 3593 1541 3656 morali,
1567 3603 1612 3646 et
1641 3595 1793 3648 intel-

204 3663 372 3735 ligere
396 3663 533 3719 illud
558 3665 697 3734 quod
720 3661 968 3735 scriptum
990 3673 1102 3720 est:
1132 3661 1426 3734 Concupisti
1454 3664 1790 3735 sapientiam;

205 3733 639 3790 serva'mandata
664 3778 678 3800 ,
709 3749 757 3791 et
800 3733 1055 3791 Dominus
1101 3735 1239 3786 dabit
1281 3733 1393 3787 eam'
1423 3735 1532 3786 tibi.
1590 3733 1665 3786 0b
1698 3737 1792 3789 hoc

205 3807 459 3876 magister
480 3807 584 3873 hic,
598 3809 685 3873 qui
705 3809 899 3879 primos
920 3807 1148 3879 homines
1170 3805 1395 3879 diuinam
1411 3804 1792 3879 philosophiam

206 3875 383 3944 docet,
412 3880 582 3947 operis
605 3879 688 3932 sui
706 3875 999 3933 exordium
1025 3875 1617 3947 Proverbiorumqposuit
1647 3876 1793 3947 libel-

207 3948 339 4014 lum,
368 3952 421 4001 in
445 3945 567 4016 quo,
594 3959 648 4003 ut
671 3950 916 4014 diximus,
937 3948 1145 4003 moralis
1177 3947 1399 4015 traditur
1418 3945 1658 4011 locus,,ut
1678 3945 1792 4001 cum

206 4018 480 4073 intellectu
509 4019 833 4091 moribusque
857 4020 970 4091 quis
1000 4018 1294 4091 profecerit,
1328 4017 1683 4091 veniatuetiam
1725 4022 1793 4072 ad

210 4091 475 4143 naturalis
519 4087 879 4162 intelligentia!
918 4087 1277 4161 disciplinam,
1309 4096 1462 4156 atque
1499 4087 1571 4162 ibi
1624 4104 1794 4143 rerum

128 4214 144 4230 ι
210 4176 404 4232 causas
423 4161 733 4228 naturasque
761 4162 1103 4232 distinguens,
1133 4170 1377 4230 agnoscat
1409 4161 1685 4214 sanitatem
1706 4177 1796 4217 va-

210 4231 445 4284 nitatum
482 4232 903 4313 relinquendam,
928 4231 1005 4287 ad
1044 4241 1245 4313 grtes-na
1264 4238 1447 4313 autem
1459 4241 1525 4313 ἐι
1552 4242 1795 4313 perpetua

212 4298 637 4377 properandum.
656 4302 725 4357 Et
753 4306 867 4358 ideo
893 4312 1006 4377 post
1036 4298 1421 4377 Prouerbidad
1449 4298 1795 4377 Ecclesiasten

134 4406 137 4411 η
215 4371 446 4433 venitur,
475 4373 560 4441 qui
584 4374 756 4443 docet,
798 4383 854 4428 ut
881 4371 1103 4429 diximus
1116 4413 1141 4443 ,ί
1159 4372 1381 4424 visibilia
1409 4376 1581 4426 omnia
1610 4381 1656 4425 et
1684 4389 1798 4427 cor-

216 4456 404 4515 porea,
433 4443 626 4496 caduca
648 4442 755 4499 esse
781 4454 828 4498 et
852 4444 1064 4515 fragilia
1108 4442 1236 4515 Qute
1254 4443 1428 4511 utique
1448 4444 1662 4515 cumita
1691 4460 1799 4498 esse

215 4487 1079 4586 amzwazzinmtaz'm;
1113 4487 1794 4586 ἶιῖιῖιεῖξ’ἷῖιῖε”ὰῖι›ἓῖοέ›”ιῖῖ

217 4593 407 4661 temnet
432 4601 494 4638 ea
522 4595 677 4661 atque
712 4584 968 4661 despiciet
994 4600 1015 4650 ;
1040 4593 1090 4661 et
1118 4584 1384 4661 uniuerso,
1414 4592 1468 4637 ut
1496 4584 1569 4637 ita
1605 4584 1795 4661 dicam,

214 4655 408 4708 sarculo
430 4653 755 4718 renun'tians,
783 4653 954 4711 tendet
979 4658 1047 4709 ad
1070 4653 1346 4707 invisibilia
1372 4662 1420 4709 et
1443 4664 1656 4719 esterno,
1676 4653 1800 4725 qua:

214 4725 578 4791 spiritualibus
624 4728 831 4793 quidem
879 4726 1127 4788 sensibus,
1157 4725 1246 4795 sed
1277 4725 1533 4795 adopertis
1560 4740 1797 4778 amorum

213 4795 524 4866 quibusdam
570 4792 781 4866 ﬁguris,
829 4798 1077 4852 docentur
1104 4797 1157 4848 in
1186 4792 1413 4849 Canticis
1441 4792 1792 4853 Canticorum.

215 4863 348 4919 Ideo
378 4870 512 4920 enim
540 4863 872 4923 nouissimum
896 4866 1068 4922 locum
1111 4874 1242 4920 tenet
1285 4867 1369 4920 hic
1409 4868 1557 4929 liber,
1591 4877 1645 4920 ut
1674 4876 1792 4922 tunc

213 4937 283 4989 ad
308 4952 429 4991 eum
448 4939 704 5002 veniatur,
726 4956 842 4993 cum
868 4948 915 4994 et
939 4938 1163 4993 moribus
1184 4938 1300 5006 quis
1324 4938 1480 5009 fuerit
1508 4939 1791 5008 deftecatis,

209 5018 257 5061 et
285 5024 460 5063 rerum
486 5009 902 5080 corruptibilium
932 5017 1085 5078 atque
1133 5009 1601 5080 incorruptibilium
1630 5011 1797 5066 scien-

210 5082 337 5131 tiam
362 5080 844 5148 distinctionemqas
862 5080 1122 5142 didicerit,
1138 5094 1227 5148 per
1246 5096 1362 5150 qua:
1381 5083 1433 5133 in
1461 5082 1609 5135 nullo
1637 5082 1799 5149 possit

211 5164 273 5201 ex
305 5150 384 5203 his
410 5151 591 5222 ﬁguris
631 5152 813 5223 quibus
851 5165 1053 5223 sponsis
1071 5151 1410 5223 ad__sponsum
1438 5152 1707 5223 caelestis,
1741 5153 1796 5206 id

212 5230 307 5283 est,
548 5219 784 5293 perfecta:
805 5263 819 5288 ,
850 5219 999 5279 amor
1024 5222 1092 5275 ad
1133 5219 1346 5275 Verbum
1373 5220 1467 5274 Dei
1494 5222 1797 5293 describitur

213 5303 275 5362 ac
317 5292 572 5358 formatur
592 5336 606 5358 ,
635 5289 915 5362 o/Tendere.
972 5294 1035 5346 Et
1085 5302 1205 5361 post
1253 5305 1419 5353 pauca
1445 5307 1458 5344 :
1487 5289 1646 5346 Hanc
1674 5308 1795 5362 ergo

212 5360 462 5435 triplicem
489 5360 828 5435 philosophiae
855 5360 1096 5435 formam,
1135 5362 1288 5416 etiam
1315 5362 1368 5414 in
1392 5361 1496 5416 illis
1520 5361 1709 5435 sanctis
1735 5380 1796 5416 ac

213 5429 369 5506 beatis
388 5429 510 5487 viris
538 5429 763 5490 arbitror
780 5429 1160 5506 priesignatam,
1187 5448 1282 5506 pro
1298 5448 1523 5506 quorum,
1537 5434 1798 5506 sanctissi-

214 5503 308 5555 mis
324 5500 730 5561 institutionibus
751 5500 893 5561 Deus
912 5500 1141 5561 summus
1162 5504 1263 5556 dici
1280 5500 1439 5555 voluit
1468 5502 1607 5557 Deus
1633 5505 1798 5557 Abra-

214 5570 333 5645 ham
358 5617 377 5638 ,
409 5575 547 5631 Deus
582 5573 767 5642 Isaac,
796 5575 935 5632 Deus
962 5574 1125 5632 Iacob
1157 5571 1308 5645 (Gen.
1329 5588 1483 5645 _xxvl
1508 5582 1556 5626 et
1597 5576 1790 5643 χχχιι).

215 5643 475 5718 Abraham
495 5658 754 5718 tamquam
774 5648 1015 5703 moralem
1026 5642 1258 5702 declarat
1286 5642 1684 5718 philosophiam,
1708 5662 1797 5715 per

219 5713 578 5781 obedientiam,
591 5713 697 5773 etc.
722 5717 873 5778 Isaac
891 5735 1089 5790 quoque
1111 5714 1395 5790 naturalem
1415 5713 1795 5790 philosophiam

219 5792 372 5852 tenet,
402 5796 451 5844 et
470 5804 588 5844 cum
603 5800 784 5854 puteos
805 5790 959 5857 Μίι,
986 5786 1035 5845 et
1058 5802 1228 5843 rerum
1256 5786 1514 5856 profunda
1553 5789 1793 5842 rimatur.

1821 4830 1875 4893 D

1892 3524 2058 3595 monis
2104 3524 2355 3595 contineri
2405 3523 2631 3595 diximus
2664 3567 2679 3595 ,
2736 3526 3016 3577 secundum
3064 3524 3200 3595 hanc
3247 3522 3479 3595 eamdem

1895 3590 2115 3663 formam
2137 3594 2427 3662 designant.
2446 3592 2507 3663 Si
2533 3595 2647 3661 quis
2664 3590 2785 3663 ergo
2802 3595 3025 3662 primum
3054 3590 3237 3663 locum_
3240 3592 3293 3644 in
3310 3608 3479 3663 emen-

1894 3662 2079 3732 dandis
2094 3660 2318 3717 moribus
2334 3660 2689 3731 mandatisque
2704 3660 2921 3716 s'eruand
2927 3665 2966 3715 is
2983 3663 3073 3732 qui
3087 3677 3177 3732 per
3202 3660 3479 3715 Proverbia

1895 3728 2194 3801 designatur
2220 3733 2468 3801 implevit,
2500 3728 2614 3797 post
2639 3735 2745 3785 haec
2765 3742 2955 3799 autem,
2987 3728 3306 3798 deprehensa
3333 3732 3479 3783 vani-

1896 3810 1999 3854 tate
2028 3803 2208 3855 mundi
2230 3813 2280 3854 et
2315 3817 2491 3856 rerum
2522 3802 2832 3855 caducarum
2863 3801 3143 3871 fragilitate
3181 3810 3475 3869 perspecta,
3548 3858 3558 3863 _

1894 3873 2027 3937 venit
2062 3873 2116 3929 in
2161 3874 2258 3927 hoc
2292 3883 2349 3927 ut
2385 3874 2636 3931 renuntiet
2686 3869 2879 3926 mundo
2906 3869 2961 3929 et
2979 3869 3209 3925 omnibus
3254 3886 3368 3940 quia
3421 3873 3477 3926 in

1896 3942 2089 4013 mundo
2110 3953 2250 4010 sunt,
2271 3953 2627 4013 consequenter
2644 3943 2804 3998 veniet
2815 3944 2971 3997 etiam
2993 3941 3063 3998 ad
3084 3941 3477 4011 contemplanda

1895 4018 1945 4066 et
1968 4012 2307 4069 desideranda
2330 4031 2391 4069 ea
2415 4012 2529 4082 qua?
2553 4030 2657 4067 non
2675 4014 2911 4068 videntur
2940 4024 2988 4069 et
3017 4023 3206 4068 azterna
3232 4023 3383 4078 sunt;
3405 4013 3477 4066 ad

1894 4098 2009 4155 qua:
2047 4095 2213 4158 tamen
2256 4095 2312 4140 ut
2354 4085 2615 4158 pervenire
2662 4088 2938 4155 possimus,
2964 4085 3253 4158 indigemus
3288 4084 3477 4158 divina

1896 4153 2269 4231 misericordia,
2302 4153 2508 4231 si'fortc
2533 4153 2794 4212 valeamus
2812 4153 3477 4231 perspecta'pulchritudine

1903 4225 2055 4281 Verbi
2085 4228 2201 4293 Dei,
2233 4225 2449 4284 salutari
2476 4228 2531 4283 in
2553 4245 2669 4284 eum
2718 4225 2888 4282 amore
2921 4225 3182 4289 succendi,
3212 4235 3265 4281 ut
3294 4238 3341 4280 et
3366 4226 3477 4294 ipse

1895 4298 2135 4373 dignetur
2162 4298 2460 4373 hujusmodi
2475 4300 2705 4373 animum
2728 4300 2962 4373 diligere,
2986 4314 3141 4371 quam
3165 4298 3476 4373 desiderium

1896 4371 1978 4424 sui
1992 4370 2174 4443 habere
2194 4370 2523 4443 perspexerit.
2550 4370 2837 4443 [lucusque
2851 4370 3146 4443 Origenes;
3170 4384 3329 4439 quem
3354 4370 3478 4443 imi-

1897 4449 2042 4512 tatus
2092 4440 2208 4510 ejus
2256 4442 2491 4497 homilim
2547 4440 2815 4512 interpres
2871 4440 3359 4512 Dfllieronymus
3417 4442 3475 4512 in

1897 4510 2263 4583 Ecclesiasten
2288 4521 2658 4583 commentans
2685 4530 2697 4565 :
2729 4511 2995 4581 Salomon,
3027 4510 3373 4583 inquitiCap.
3397 4511 3472 4581 ι),

1886 4581 2047 4651 juxta
2088 4580 2356 4637 numerum
2399 4582 2798 4649 vocabulorum,
2850 4584 2945 4637 tria
2971 4580 3237 4637 volumina
3280 4580 3473 4645 edidit,

1898 4650 2214 4717 Prouerbia,
2260 4654 2602 4713 Ecclesiasten
2629 4664 2677 4707 et
2703 4651 2973 4708 Canticum
3011 4654 3357 4708 Canticorum.
3405 4651 3477 4705 In

1900 4718 2195 4778 Proverbiis
2218 4724 2716 4796 parvulum__docens
2736 4765 2751 4789 ,
2800 4733 2847 4778 et
2868 4795 2873 4796 γ
2895 4726 3043 4796 quasi
3063 4726 3127 4779 de
3153 4724 3341 4794 ofﬁciis
3385 4738 3476 4792 per

1898 4796 2174 4855 sententias
2195 4794 2455 4850 erudiens.
2488 4794 2635 4850 Unde
2661 4807 2707 4853 et
2728 4796 2794 4848 ad
2815 4794 3004 4862 ﬁlium,
3034 4797 3145 4865 ejus
3168 4809 3337 4847 sermo
3365 4809 3476 4865 cre-

1901 4865 1989 4918 bro
2010 4867 2281 4934 repetitur,
2305 4864 2371 4919 In
2403 4865 2708 4921 Ecclesiaste
2734 4881 2850 4920 vero
2884 4863 3100 4929 matura:
3124 4866 3284 4917 virum
3309 4863 3475 4917 (etatis

1896 4936 2190 5002 instituens,
2220 4952 2283 4990 ne
2304 4936 2658 5006 quidguaiuin
2680 4937 2858 4990 mundi
2878 4939 3026 4995 rebus
3055 4944 3191 5003 putet
3224 4950 3331 5006 esse
3353 4947 3476 5001 per-

1898 5014 2139 5075 petuum,
2172 5006 2260 5060 sed
2289 5003 2481 5059 caduca
2506 5014 2553 5057 et
2580 5005 2747 5059 brevia
2784 5008 3015 5063 universa
3052 5020 3166 5075 qua:
3196 5003 3471 5075 cernimus.

1900 5073 1981 5128 Ad
2009 5084 2294 5128 extremum
2323 5080 2431 5145 iam
2454 5087 2855 5145 consummatum
2885 5073 3071 5138 virum,
3098 5083 3144 5126 et
3166 5073 3362 5145 calcato
3379 5088 3471 5145 sag-

1898 5145 2016 5199 culo
2042 5142 2408 5212 prwparatum,
2432 5147 2486 5197 in
2512 5142 2719 5198 Cantica
2742 5144 3089 5206 Canticorum,
3108 5142 3284 5214 sponsi
3295 5143 3475 5209 jungit

1901 5216 2238 5286 amplexibus.
2274 5214 2395 5269 Nisi
2438 5214 2573 5268 enim
2623 5214 2768 5285 prius
2814 5212 3179 5286 reliquerimus
3221 5212 3347 5286 vitia
3393 5221 3472 5272 et,

1902 5282 2103 5355 pompis
2123 5287 2295 5341 swculi
2312 5282 2683 5345 renuntiantes,
2711 5285 2971 5356 expeditos
2994 5299 3083 5356 nos
3112 5282 3180 5335 ad
3201 5283 3471 5356 adventum

1899 5350 2086 5414 Christi
2115 5357 2497 5430 paraverimus,
2541 5371 2647 5430 non
2678 5350 2942 5430 possumus
2971 5354 3172 5430 dicere:
3201 5350 3475 5430 Qsculetur

1900 5447 1978 5484 me
2002 5420 2176 5484 osculo
2202 5431 2305 5482 oris
2328 5430 2429 5503 sui.
2457 5428 2582 5503 Haec
2604 5420 3068 5503 Di'llieronymus.
3090 5422 3300 5503 Similia
3294 5430 3374 5503 _e_t
3392 5420 3475 5476 bis

1900 5513 2258 5573 consentanea
2299 5502 2510 5573 habent
2524 5496 2603 5573 _D.
2628 5496 2856 5573 Basilius
2872 5489 3229 5573 ,'_Anibrosius
3245 5489 3473 5573 ,"Theo-

1904 5574 2149 5637 doretus,
2177 5570 2466 5642 Gregorius
2492 5571 2719 5643 Magnus
2755 5567 2807 5623 in
2840 5562 2952 5643 suis
2978 5562 3387 5643 ριζιιιΐιιιίριιὶιιιιε
3420 5562 3474 5615 in

1904 5635 2147 5710 Cantica,
2182 5652 2236 5700 et
2259 5635 2500 5701 Isidorus
2537 5635 2873 5712 ilispalensis
2900 5640 2957 5697 in
2980 5635 3272 5708 Allegoriis
3306 5643 3475 5689 sacra

1900 5715 2198 5785 Scriptura:
