4026 6204
577 215 678 274 567

1634 208 1910 267 JOANNIS
1946 208 2257 267 CASSIANI
2298 211 2788 270 COLLATIONES.

3750 216 3847 281 568

524 378 527 381 .
576 336 753 403 pisse,
798 331 844 386 si
882 330 1172 386 secundam
1198 343 1303 384 non
1336 328 1524 384 eodem
1553 329 1735 385 studio
1762 330 1924 400 atque
1957 331 2150 387 eodem
2176 330 2231 393 Α
2253 328 2416 399 Cujus
2458 331 2536 386 rei
2564 330 2725 386 ﬁdem
2758 340 2919 402 atque
2947 340 3199 389 virtutem
3248 346 3410 388 nemo
3435 333 3543 389 nisi
3586 335 3636 391 is
3667 337 3840 405 capiet

576 426 986 494 impleverimus
1010 424 1225 479 ardore.
1271 422 1337 477 Et
1362 423 1433 476 ita
1463 437 1583 477 cum
1630 425 1792 478 etiam
1827 423 1965 480 hanc
1988 422 2157 478 lueri-

577 533 696 571 ηιιιε
724 516 938 586 adepti,
970 515 1036 570 ad
1066 516 1209 570 illam
1240 529 1453 585 quoque
1493 516 1710 571 tertiam
1748 517 2034 587 pervenire
2064 533 2161 588 po-

576 609 824 673 terimus,
855 623 961 678 qua
986 607 1054 662 de
1081 607 1243 662 domo
1266 608 1465 676 prioris
1487 609 1657 663 nostri
1686 609 1924 678 parentis
1951 610 2157 679 egressi

576 702 757 771 (quem
791 700 857 753 ab
879 699 1105 754 exordio
1136 699 1430 754 nativitatis
1458 708 1658 754 nostra:
1688 702 1983 755 secundum
2007 709 2154 756 vete-

576 809 691 847 rem
722 793 994 847 hominem
1023 807 1088 846 ac
1114 792 1395 861 pristinam
1424 793 1916 857 conversationem,
1939 793 2154 863 quando

574 899 789 939 eramus
819 894 1007 939 natura
1040 884 1143 953 ﬁlii
1184 884 1313 951 irai,
1354 886 1487 963 sicut
1510 893 1560 939 et
1597 887 1769 939 ceteri
1796 884 2012 957 (Ep/tes.
2059 887 2156 957 tt),

576 986 784 1046 patrem
816 976 971 1032 nobis
1000 976 1166 1031 fuisse
1195 977 1563 1050 meminimus)
1591 991 1807 1033 omnem
1839 978 2037 1033 mentis
2077 978 2162 1033 in-

580 1070 768 1123 tuitum
793 1069 862 1124 ad
893 1069 1134 1125 caelestia
1165 1067 1525 1124 deﬂectimus.
1554 1068 1631 1123 De
1657 1084 1765 1139 quo
1794 1069 1954 1125 etiam
2002 1080 2161 1140 patre

576 1163 641 1218 ad
670 1163 994 1231 Jerusalem,
1026 1178 1149 1232 qua:
1177 1178 1362 1219 verum
1384 1172 1589 1234 patrem
1617 1164 1785 1219 Deum
1812 1172 2162 1235 contempse-

578 1264 679 1319 rat,
706 1256 907 1312 dicitur
935 1274 950 1312 ε
974 1254 1137 1311 Pater
1166 1264 1284 1310 tuus
1312 1256 1668 1325 Amorrhtzus,
1702 1267 1749 1311 et
1771 1266 1935 1311 mater
1954 1268 2044 1311 tua
2068 1256 2165 1311 Ce-

474 1370 481 1391 ~
578 1349 710 1402 thtea
732 1345 948 1417 (Ezech.
973 1347 1111 1418 χιιι).
1148 1348 1212 1401 Et
1236 1349 1287 1401 in
1312 1347 1629 1418 Evangelio,
1666 1346 1771 1402 Vos
1795 1364 1859 1403 ea:
1880 1359 2022 1419 patre
2046 1348 2163 1402 dia-

579 1443 695 1497 bolo
716 1444 858 1509 estis,
885 1450 934 1497 et
963 1441 1220 1496 desideria
1234 1442 1398 1513 patris
1424 1442 1575 1496 vestri
1601 1440 1758 1495 vultis
1780 1442 1952 1512 facere
1980 1440 2160 1513 (Joan.

580 1536 721 1605 vni).
750 1534 919 1602 Quem
943 1548 1067 1588 cum
1090 1533 1479 1601 dimiserimus,
1512 1534 1582 1589 de
1607 1533 1907 1589 visibilibus
1929 1534 1998 1588 ad
2028 1535 2166 1589 invi-

580 1627 758 1683 sibilia
790 1628 1238 1697 transmigrantes
1257 1667 1274 1692 ,
1304 1642 1429 1680 cum
1460 1627 1722 1699 Apostolo
1747 1627 1933 1682 dicere
1966 1629 2164 1696 poteri-

2261 423 2432 492 solus,
2452 424 2541 491 qui
2558 424 2672 479 haec
2695 439 2819 495 quae
2847 425 3104 480 dicuntur
3127 426 3460 494 experientia
3494 429 3847 497 magistrante

2263 520 2597 589 perceperit;
2628 519 2787 590 cujus
2807 519 3060 576 videlicet
3081 520 3153 575 ita
3178 521 3433 576 Dominus
3446 522 3643 575 oculos
3669 522 3844 577 cordis

2261 613 2328 666 de
2342 612 2608 666 universis
2621 612 2983 682 praesentibus
3004 613 3266 679 avocarit,
3286 622 3344 667 ut
3362 628 3423 667 ea
3446 627 3556 666 non
3577 624 3839 682 tamquam

2262 703 2587 772 transitura,
2608 704 2703 760 sed
2721 704 2835 773 jam
2864 705 3019 774 quasi
3047 721 3157 761 non
3185 706 3469 762 existentia
3497 716 3768 776 reputans
3794 718 3843 762 et

2262 796 2413 851 velut
2433 797 2653 852 inanem
2672 796 2970 868 fumum,in
2992 798 3219 854 nihilum
3248 802 3483 855 resoluta
3513 803 3844 873 conspiciat;

2260 890 2650 961 ambulansque
2679 900 2737 946 ut
2759 892 2941 947 Enoch
2962 907 3085 948 cum
3116 892 3247 959 Deo,
3282 909 3346 950 ac
3364 893 3436 950 de
3469 894 3710 949 humana
3736 911 3851 949 cono

2262 984 2574 1040 versatione
2603 984 2957 1057 moribusque
2998 988 3315 1054 translatus,
3371 1003 3479 1043 non
3538 988 3845 1044 inveniatur

2262 1076 2317 1130 in
2352 1075 2633 1145 praesentis
2686 1077 2869 1132 saeculi
2921 1079 3183 1134 vanitate.
3236 1078 3393 1146 Quod
3450 1081 3503 1135 in
3568 1081 3662 1135 illo
3688 1082 3845 1135 etiam

2263 1168 2621 1237 corporaliter
2659 1170 2857 1225 factum
2907 1169 3070 1225 lectio
3100 1170 3383 1226 Geneseos
3415 1172 3491 1227 ita
3521 1186 3846 1227 commemo-

2261 1268 2350 1314 rat
2378 1276 2393 1313 :
2426 1260 2814 1329 Ambulavitque
2841 1269 2869 1299 α
2898 1259 3081 1317 Enoch
3106 1279 3225 1315 cum
3251 1260 3383 1329 Deo,
3415 1273 3467 1318 et
3496 1280 3609 1318 non
3633 1265 3847 1319 invenie-

2265 1352 2439 1418 batur,
2466 1352 2591 1422 quia
2611 1351 2875 1406 transtulit
2898 1369 3013 1406 eum
3041 1351 3179 1408 Deus
3210 1351 3423 1425 (Genes.
3446 1354 3527 1423 v).
3558 1354 3845 1424 Apostolus

2263 1458 2480 1513 quoque
2499 1443 2576 1497 ait
2602 1460 2616 1496 :
2650 1441 2785 1498 Fide
2804 1441 2987 1497 Enoch
3017 1443 3302 1498 translatus
3325 1454 3420 1509 est,
3451 1452 3507 1498 ut
3538 1461 3650 1498 non
3669 1446 3846 1499 videret

2263 1545 2475 1589 mortem
2500 1533 2657 1605 (Ileb.
2692 1534 2791 1606 xi).
2847 1534 2925 1590 De
2953 1551 3057 1606 qua
3085 1546 3263 1592 morte
3302 1536 3570 1593 Dominus
3599 1538 3656 1592 in
3686 1538 3847 1593 Evan-

2264 1628 2434 1698 gelio:
2471 1626 2571 1693 Qui
2597 1628 2741 1693 vivit,
2771 1628 2964 1698 inquit,
2996 1639 3048 1683 et
3078 1629 3240 1683 credit
3268 1630 3319 1684 in
3348 1646 3449 1699 me,
3478 1646 3589 1684 non
3612 1632 3847 1684 morietur

581 1738 739 1776 mus:
781 1720 988 1776 Scimus
1030 1728 1202 1774 autem
1227 1721 1473 1789 quoniam
1501 1722 1546 1773 si
1585 1720 1838 1775 terrestris
1863 1720 2047 1774 domus
2070 1736 2163 1774 no-
2189 1714 2239 1777 B
2264 1723 2318 1775 in
2360 1729 2612 1775 wternum
2661 1720 2844 1792 (Joan.
2876 1722 2978 1794 ιι).
3020 1722 3361 1793 Quapropter
3398 1724 3667 1779 festinare
3696 1723 3844 1779 debe-

581 1821 691 1866 stra
721 1813 875 1875 huius
900 1811 1228 1866 habitationis
1251 1812 1585 1875 dissolvatur,
1629 1812 1764 1881 quod
1795 1810 2163 1866 habitationem

583 1905 858 1958 habeamus
889 1920 951 1958 ea:
988 1901 1119 1969 Deo,
1152 1903 1362 1958 domum
1405 1919 1509 1958 non
1537 1903 1892 1973 manu/actam
1919 1912 2164 1957 (sternam

581 1996 636 2048 in
676 1996 814 2050 caelis
844 1994 912 2066 (ll
941 1995 1057 2049 Cor.
1093 1994 1167 2064 v).
1201 1995 1266 2049 Et
1312 1993 1443 2049 illud
1474 1994 1617 2065 quod
1660 1994 1819 2064 paulo
1849 2001 1975 2049 ante
2008 2008 2161 2048 eom-

581 2089 1032 2147 memoravimus:
1058 2087 1249 2142 Noster
1268 2095 1438 2142 autem
1455 2088 1799 2157 municipatus
1820 2088 1874 2140 in
1896 2085 2037 2140 cmlis
2057 2096 2161 2152 est;

582 2185 718 2239 unde
729 2193 774 2236 et
789 2181 1108 2236 Salvatorem
1134 2191 1490 2253 exspectamus
1512 2181 1795 2238 Dominum
1806 2180 1987 2236 Iesum
2012 2179 2163 2235 Chri-

581 2292 738 2350 stum,
754 2283 842 2347 qui
856 2281 1152 2352 reformavit
1178 2295 1361 2349 corpus
1386 2276 1694 2332 humilitatis
1708 2286 1897 2332 nostris
1922 2276 2163 2346 conﬁgu-

585 2384 753 2429 ratum
767 2375 974 2444 corpori
996 2374 1249 2428 claritatis
1274 2388 1382 2426 sua:
1406 2369 1629 2443 (Philip.
1658 2369 1761 2441 ιιι).
1779 2370 1849 2424 Et
1871 2370 2001 2424 illud
2018 2370 2161 2425 beati

581 2464 748 2519 David
774 2482 785 2516 :
819 2466 953 2532 Quia
980 2463 1155 2517 incola
1177 2480 1269 2532 ego
1298 2479 1413 2517 sum
1438 2464 1493 2516 in
1520 2472 1659 2516 terra
1677 2501 1691 2525 ,
1725 2470 1773 2515 et
1821 2462 2119 2532 peregrinus
2140 2502 2156 2528 ,

582 2559 713 2613 sicut
741 2575 915 2612 omnes
941 2567 1109 2626 patres
1134 2557 1234 2611 mei
1265 2556 1435 2629 (Psal.
1463 2571 1669 2612 xxxviii
1699 2566 1745 2610 et
1766 2555 1976 2627 cxvut),
1998 2564 2055 2610 ut
2077 2571 2165 2612 se-

582 2652 818 2706 cundum
850 2653 1063 2707 Domini
1095 2668 1283 2707 vocem
1316 2650 1452 2705 tales
1492 2648 1822 2713 efﬁciamur,
1869 2647 2058 2719 quales
2086 2649 2163 2703 illi

584 2747 653 2801 de
691 2747 884 2816 quibus
940 2747 1057 2801 haec
1111 2747 1374 2801 Dominus
1417 2743 1487 2799 ad
1540 2743 1753 2799 Patrem
1784 2743 1839 2797 in
1873 2741 2164 2812 Evangelio

585 2840 903 2909 loquebatur
927 2856 941 2892 :
975 2836 1053 2891 De
1081 2837 1270 2891 mundo
1298 2836 1394 2891 hoc
1423 2853 1530 2891 non
1553 2845 1695 2902 sunt,
1718 2837 1850 2889 sicut
1872 2846 1917 2889 et
1938 2852 2033 2906 ego
2064 2848 2165 2890 non

583 2949 697 2986 sum
718 2935 780 2985 de
826 2932 923 2985 hoc
951 2932 1145 2984 mundo
1182 2930 1364 2998 (Joan.
1400 2928 1554 3000 xvn).
1585 2929 1653 2984 Et
1680 2945 1894 3002 rursum
1921 2929 1987 2983 ad
2016 2930 2164 2998 ipsos

584 3024 888 3093 apostolos:
940 3023 1002 3077 Si
1044 3022 1107 3075 de
1155 3023 1250 3075 hoc
1280 3022 1473 3075 mundo
1518 3024 1725 3087 essetis,
1755 3023 1978 3077 mundus
2022 3022 2163 3094 quod

584 3132 735 3169 suum
757 3124 868 3169 erat
894 3115 1069 3184 utique
1090 3114 1360 3182 diligeret;
1389 3114 1477 3166 sed
1497 3116 1619 3182 quia
1639 3116 1702 3169 de
1716 3115 1813 3169 hoc
1842 3115 2031 3168 mundo
2059 3131 2166 3169 non

584 3208 726 3274 estis,
753 3206 843 3261 sed
868 3222 960 3278 ego
980 3205 1108 3275 elegi
1157 3221 1241 3258 vos
1270 3205 1334 3260 de
1362 3204 1458 3281 hoc
1488 3209 1715 3273 mundo,
1748 3217 2016 3278 prapterea
2058 3208 2167 3262 odit

586 3315 673 3353 vos
716 3299 936 3353 mundus
964 3297 1150 3368 (Joan.
1201 3298 1319 3371 XV).
1366 3300 1535 3369 Hujus
1582 3315 1712 3371 ergo
1749 3302 2165 3358 renuntiationis

586 3391 760 3448 tertia:
776 3406 958 3447 veram
978 3392 1368 3462 perfectionem
1399 3401 1527 3446 tunc
1541 3392 1878 3447 merebimur
1896 3394 2163 3460 obtinere,

583 3485 799 3554 quando
828 3499 980 3538 mens
1005 3492 1212 3549 nostra,
1257 3484 1408 3539 nullo
1439 3498 1652 3539 carneae
1679 3483 2019 3554 pinguedinis
2065 3489 2165 3542 he-

584 3576 762 3630 betata
790 3578 1063 3646 contagio,
1105 3575 1201 3631 sed
1243 3575 1590 3646 peritissimis
1626 3574 2026 3633 elimationibus
2071 3591 2167 3632 ex-

585 3670 754 3739 polita
776 3668 844 3723 ab
869 3672 1016 3725 omni
1039 3668 1236 3725 aﬁectu
1266 3678 1320 3725 et
1339 3670 1597 3739 qualitate
1627 3680 1864 3737 terrena,
1889 3685 1984 3741 per
2010 3670 2166 3729 inde-

582 3763 851 3818 sinentem
873 3764 1181 3819 divinarum
1204 3764 1613 3819 meditationem
1639 3763 2037 3834 Scripturarum
2058 3769 2169 3838 spi-

583 3856 875 3925 ritalesque
905 3857 1165 3923 theorias,
1215 3857 1282 3911 ad
1316 3858 1402 3912 illa
1444 3874 1564 3928 qua:
1613 3859 1905 3915 invisibilia
1944 3871 2074 3917 sunt
2101 3877 2167 3918 eo

586 3963 758 4017 usque
789 3949 1167 4014 transierit,ut
1192 3950 1579 4006 circumdatam
1594 3965 1653 4007 se
1674 3952 1964 4024 fragilitate
1990 3954 2167 4009 carnis

582 4055 646 4095 ac
668 4040 773 4094 situ
796 4043 1061 4111 corporis,
1089 4044 1339 4111 supernis
1361 4052 1417 4098 et
1447 4046 1783 4114 ineorporeis
1806 4046 2037 4109 intenta,
2058 4062 2169 4101 non

583 4132 820 4192 sentiat;
872 4141 1032 4201 atque
1060 4134 1113 4187 in
1148 4133 1460 4201 hujusmodi
1504 4138 1746 4205 rapiatur
1784 4152 2077 4206 excessus,
2112 4149 2169 4193 ut

584 4238 690 4277 non
717 4226 891 4279 solum
922 4226 1094 4280 nullas
1122 4241 1282 4281 voces
1295 4229 1481 4282 auditu
1510 4231 1781 4299 corporali
1805 4233 2168 4301 recipiat,nec

583 4314 858 4369 intuendis
886 4318 1330 4384 praetereuntium
1350 4320 1630 4375 hominum
1650 4322 1973 4391 imaginibus
1998 4339 2165 4379 occu-

580 4414 740 4486 petur
759 4445 775 4470 ,
809 4407 903 4462 sed
929 4423 997 4462 ne
1021 4407 1298 4465 adstantes
1350 4411 1566 4481 quidem
1596 4414 1855 4470 arborum
1908 4418 2078 4474 moles
2108 4428 2163 4474 et

2266 1830 2409 1881 mus,
2435 1815 2484 1869 si
2513 1815 2903 1884 perleCtionem
2940 1829 3126 1870 veram
3154 1815 3539 1871 desideramus
3566 1815 3841 1885 attingere,

2266 1915 2325 1960 ut
2352 1906 2810 1976 quemadmodum
2839 1921 3069 1976 corpore
3098 1916 3370 1977 parentes,
3416 1909 3679 1978 patriam,
3722 1907 3845 1962 divi-

2267 2002 2368 2054 tias
2416 1999 2625 2069 mundi,
2678 2000 3090 2071 voluptatesque
3136 2000 3515 2071 despeximus,
3568 2002 3644 2056 ita
3689 2000 3833 2056 etiam

2264 2094 2430 2150 corde
2459 2094 2577 2150 haec
2604 2096 2785 2150 omnia
2834 2094 3227 2165 relinquentes,
3258 2094 3404 2149 nulla
3465 2109 3659 2149 rursus
3681 2094 3741 2149 ad
3781 2109 3837 2148 ea

2265 2203 2385 2257 quae
2428 2187 2735 2243 dimisimus
2789 2188 3231 2257 concupiscentia
3282 2197 3675 2242 revertamur:
3713 2187 3842 2239 sicut

2266 2278 2346 2334 illi
2369 2280 2460 2349 qui
2489 2278 2669 2334 educti
2716 2294 2813 2350 per
2859 2279 3063 2344 Mosen,
3112 2294 3236 2334 eum
3271 2278 3460 2349 utique
3488 2293 3718 2347 corpore
3743 2292 3840 2331 non

2265 2374 2555 2441 redissent,
2574 2373 2741 2429 corde
2766 2384 2943 2429 tamen
2964 2374 3169 2429 reversi
3192 2373 3448 2428 dicuntur
3462 2373 3518 2427 in
3540 2372 3838 2443 Egyptum,

2266 2468 2460 2523 relicto
2486 2466 2698 2523 scilicet
2724 2467 2853 2534 Deo,
2883 2469 2973 2538 qui
3001 2481 3096 2523 eos
3118 2466 3383 2522 eduxerat
3405 2480 3534 2520 cum
3568 2474 3712 2519 tanta
3743 2466 3840 2517 vir-

2266 2570 2381 2616 tute
2425 2561 2727 2630 signorum,
2784 2560 2927 2615 idola
2974 2559 3192 2631 IEgypti
3235 2574 3359 2627 quze
3410 2564 3841 2625 contempserant

2266 2662 2614 2720 venerantes,
2660 2655 2805 2709 sicut
2842 2652 3122 2724 Scriptura
3149 2661 3544 2707 commemorat
3572 2668 3585 2704 :
3614 2648 3643 2688 ι’
3665 2649 3729 2703 Et
3761 2662 3841 2702 re

2268 2750 2410 2803 versi
2443 2758 2568 2802 sunt
2596 2744 2853 2801 cordibus
2884 2746 2999 2801 suis
3032 2746 3087 2800 in
3120 2744 3433 2816 Egyptum,
3496 2743 3733 2798 dicentes
3777 2738 3839 2793 ad

2267 2844 2471 2908 Aaron,
2501 2840 2591 2896 fac
2620 2839 2777 2895 nobis
2800 2840 2934 2895 deos
2958 2840 3049 2908 qui
3079 2838 3387 2908 praecedant
3417 2850 3521 2890 nos
3546 2853 3561 2902 ;
3613 2848 3680 2888 ne
3729 2846 3837 2885 cum

2266 2934 2372 2990 illis
2403 2933 2564 2988 etiam
2593 2932 2795 3001 pariter
2820 2928 3268 2996 condemnemur,
3291 2926 3383 2998 qui
3412 2927 3468 2981 in
3497 2940 3685 2981 eremo
3704 2937 3838 2977 com-

2268 3034 2564 3093 morantes,
2598 3031 2720 3093 post
2763 3036 2945 3077 escam
2976 3035 3187 3075 manna:
3216 3017 3451 3074 caelestis
3506 3015 3837 3085 desideraret

2189 3099 2234 3162 (ἶ
2265 3126 2396 3173 runt
2448 3116 2701 3171 vitiorum
2757 3113 2971 3181 fetidos,
3018 3128 3083 3167 ac
3133 3110 3367 3166 sordida:
3398 3108 3632 3163 vilitatis
3681 3106 3834 3170 cibos,

2270 3223 2474 3280 nosque
2503 3224 2627 3263 cum
2654 3208 2735 3263 eis
2758 3206 3009 3262 similiter
3034 3217 3372 3259 murmurare
3390 3202 3693 3257 videamur.
3718 3197 3839 3251 Bene

2271 3300 2415 3353 nobis
2440 3308 2551 3353 erat
2574 3300 2628 3351 in
2661 3297 2915 3370 .Egypto,
2946 3296 3036 3349 ubi
3062 3294 3363 3349 sedebamus
3392 3310 3556 3363 super
3586 3290 3711 3345 ollas
3735 3304 3838 3343 cor-

2269 3394 2413 3447 nium
2451 3400 2500 3446 et
2549 3390 2940 3446 comedebamus
2969 3405 3118 3461 cepas
3146 3398 3195 3442 et
3221 3387 3370 3451 allia,
3398 3396 3446 3439 et
3470 3399 3770 3449 cucumam,
3795 3389 3837 3433 et

2271 3485 2710 3556 pepones(Ea:od.
2743 3483 3029 3551 xvt,Num.
3061 3481 3315 3553 x1).Qute
3342 3481 3518 3549 ﬁgura
3541 3481 3657 3535 licet
3681 3479 3728 3532 in
3752 3476 3836 3530 illo

2274 3578 2613 3649 praecesserit
2639 3577 2859 3647 populo,
2884 3586 3064 3631 tamen
3086 3590 3224 3630 nunc
3248 3588 3462 3645 quoque
3482 3588 3601 3628 eam
3619 3568 3837 3640 quotidie

2270 3675 2328 3730 in
2374 3684 2565 3729 nostro
2616 3671 2808 3727 ordine
2837 3685 2902 3726 ac
2948 3669 3286 3740 professione
3336 3665 3590 3722 videmus
3621 3662 3831 3735 impleri.

2272 3767 2462 3823 Omnis
2486 3767 2629 3822 enim
2658 3766 2986 3837 quicumque
3027 3772 3149 3834 post
3178 3762 3640 3818 renuntiationcm
3667 3755 3833 3813 mundi

2272 3862 2433 3933 hujus
2479 3861 2546 3915 ad
2587 3860 2805 3929 antiqua
2834 3860 3123 3914 revertitur
3168 3857 3367 3923 studia,
3408 3865 3463 3911 et
3507 3856 3577 3911 ad
3630 3851 3833 3923 pristina

2272 3953 2541 4010 desideria
2570 3960 2876 4015 revocatur,
2924 3950 3037 4003 huic
3075 3949 3265 4003 eadem
3294 3963 3417 4003 cum
3458 3948 3569 4002 illis
3601 3958 3756 4016 Opere
3781 3955 3835 3994 ac

2272 4055 2453 4101 mente
2481 4038 2798 4114 proclamat,
2820 4042 3011 4097 dicens
3039 4058 3051 4091 :
3075 4038 3216 4093 Bene
3236 4039 3362 4091 mihi
3386 4049 3501 4093 erat
3523 4040 3578 4091 in
3601 4036 3832 4108 .Egypto.

2271 4140 2510 4206 Quorum
2543 4150 2734 4191 vereor
2765 4150 2832 4190 ne
2863 4144 3011 4189 tanta
3044 4132 3366 4188 invenienda
3410 4132 3485 4186 sit
3537 4127 3832 4187 multitudo,
3884 4192 3885 4195 η

2268 4238 2498 4300 quantas
2529 4237 2656 4283 tunc
2687 4227 2790 4282 sub
2820 4228 2967 4282 Mose
2996 4223 3465 4298 praevaricantium
3508 4223 3691 4278 turbas
3720 4219 3833 4289 legi-

2269 4340 2390 4379 mus
2408 4324 2707 4379 exstitisse.
2734 4320 2867 4376 Nam
2897 4335 3019 4376 cum
3047 4328 3300 4376 sexcenta
3329 4318 3495 4374 millia
3516 4322 3834 4372 armatorum

2269 4416 2338 4473 de
2367 4416 2603 4487 [Egypto
2631 4413 3061 4469 denumerentur
3102 4396 3344 4483 egressa,
3376 4428 3442 4467 ex
3472 4410 3553 4464 his
3578 4423 3685 4463 non
3715 4412 3835 4460 sunt

582 4500 829 4567 ingentes
883 4502 1138 4556 materias
1195 4501 1436 4571 objectas
1484 4504 1659 4561 oculis
1688 4508 1868 4563 carnis
1912 4511 2155 4580 aspiciat.
2189 4500 2239 4563 D
2266 4511 2495 4579 amplius
2521 4522 2680 4576 quam
2711 4506 2819 4561 duo
2847 4514 3052 4561 tantum
3096 4515 3295 4561 terram
3340 4499 3703 4575 promissionis
3755 4498 3834 4550 in-

1649 4664 1905 4722 ALARDl
1943 4640 2177 4725 GAZEI
2214 4667 2782 4726 COMMENTARIUS.

652 4787 677 4814 ι
695 4777 814 4832 Duo
827 4778 1044 4852 fuerunt
1066 4778 1253 4852 Enoch
1277 4781 1391 4835 sive
1415 4781 1658 4847 Henoch,
1684 4782 1823 4837 alter
1838 4783 1975 4839 ﬁlius
1993 4783 2149 4852 Cain,

579 4852 779 4924 Cenes.
799 4864 850 4924 Iv
868 4891 883 4913 ,
904 4849 1040 4924 alter
1061 4849 1198 4906 ﬁlius
1214 4850 1398 4924 Jared,
1418 4853 1487 4908 de
1506 4867 1708 4924 genere
1732 4852 1885 4921 Seth,
1913 4865 1966 4909 et
1992 4849 2156 4924 septi-

578 4937 697 4995 mus
721 4921 790 4973 ab
836 4922 975 4989 ipso,
1002 4919 1197 4995 G‘eues.
1230 4939 1289 4995 v,
1313 4922 1380 4995 de
1400 4919 1622 4990 quo'hic
1648 4919 2157 4995 agiturseujus'in-

574 4994 757 5061 signes
767 4992 1138 5063 praerogativa:
1153 5002 1264 5047 tres
1281 4994 1332 5047 in
1352 4994 1645 5063 Seripturis
1659 4992 1971 5051 traduntur:
1981 4998 2156 5053 Prima

574 5063 716 5134 quod
729 5061 1022 5136 ambulavit
1043 5077 1179 5136 cum,
1198 5064 1329 5130 Deo,
1348 5061 1673 5120 sive—coram
1702 5068 1829 5133 Deo,
1858 5068 2035 5136 phrasi
2054 5070 2159 5123 Hc-

583 5138 903 5203 braica,qna
927 5135 1215 5202 singularis
1246 5137 1360 5204 ejus
1389 5152 1516 5205 erga
1549 5137 1714 5192 Deum
1746 5135 1918 5204 pietas
1943 5149 2000 5194 et
2030 5142 2151 5195 vita:

576 5207 833 5283 sanctitas
886 5205 1198 5283 designatur
1240 5208 1485 5283 (August.
1532 5210 1691 5283 xv_de
1718 5210 1869 5283 Civil.
1906 5209 2002 5263 Dei
2024 5226 2147 5283 cap.

574 5276 689 5345 l9).
709 5276 852 5330 Idem
879 5276 1023 5331 enim
1044 5287 1128 5330 est
1147 5276 1422 5335 ambulare
1443 5295 1565 5333 cum
1589 5278 1701 5334 Deo
1719 5280 1801 5335 vel
1818 5296 2000 5335 coram
2022 5276 2153 5342 De'o.

573 5362 635 5401 ac
674 5350 954 5422 ambulare
976 5347 1030 5400 in
1057 5349 1140 5422 via
1192 5348 1518 5422 Dominivel
1553 5352 1604 5403 in
1658 5352 1945 5422 praeceptis
1996 5352 2151 5420 ejus;

575 5428 666 5472 aut
696 5420 907 5492 placere
926 5419 1069 5492 Deo,
1082 5419 1388 5492 sicut_l,XX
1411 5421 1738 5487 interpretes
1758 5419 1856 5492 pro
1883 5438 1949 5477 eo
1978 5419 2155 5477 verte-

573 5498 699 5542 runt
734 5506 745 5540 :
782 5489 988 5543 Placuit
1031 5488 1160 5542 Deo.
1222 5490 1376 5545 Unde
1425 5500 1481 5545 et
1527 5488 1776 5546 Abrahze
1802 5493 1937 5547 dixit
1978 5493 2149 5549 Deus:

576 5558 795 5635 Ambula
822 5575 994 5635 coram
1022 5576 1121 5635 me,
1148 5568 1194 5612 et
1221 5572 1332 5635 esto
1349 5564 1598 5635 perfectus
1619 5563 1771 5635 (Gen.
1794 5563 1912 5634 vn).
1946 5564 2149 5619 Secun-

577 5632 667 5704 da,
696 5632 837 5698 quod
879 5630 1000 5683 sita
1032 5628 1143 5704 _Deo
1172 5628 1479 5704 translatus.
1526 5628 1794 5704 AitLenim
1822 5628 2098 5704 scriptura
2133 5654 2145 5687 :

582 5701 649 5755 Et
680 5717 778 5757 non
825 5702 1088 5765 apparuit,
1130 5703 1251 5767 quia
1295 5701 1413 5756 tulit
1462 5720 1581 5758 eum
1617 5703 1778 5759 Deus.
1823 5701 1959 5762 Gen;
1992 5722 2055 5773 v;
2094 5715 2149 5763 et

2257 4786 2467 4843 Eccles.
2502 4803 2653 4842 xuv:
2687 4786 2863 4840 Enoch
2886 4785 3078 4852 placuit
3104 4784 3235 4845 Deo,
3270 4792 3317 4837 et
3350 4782 3629 4836 translatus
3658 4789 3729 4833 est
3765 4780 3813 4831 in

2260 4855 2591 4923 Paradisum,
2623 4868 2729 4912 etc.
2763 4857 2966 4918 Tertia.
2997 4859 3136 4926 quod
3166 4855 3346 4926 adhuc
3362 4865 3633 4922 superstes
3661 4853 3750 4926 sit,
3779 4859 3829 4903 et

2260 4930 2485 4984 necdum
2534 4940 2779 4982 mortuus
2802 4970 2818 4991 ,
2880 4942 2980 4981 nec
3009 4924 3175 4991 usque
3220 4924 3287 4980 ad
3315 4924 3823 4979 consummationem

2260 5001 2445 5053 saeculi
2472 4999 2724 5054 credatur
2752 4999 3069 5053 moriturus.
3122 4996 3347 5051 Disertis
3375 4996 3554 5051 verbis
3591 4994 3667 5047 ait
3695 4994 3819 5060 Apo-

2260 5071 2431 5125 stolus
2470 5071 2533 5125 ad
2586 5070 2842 5125 Hebraeus
2872 5087 2885 5121 :
2911 5065 3045 5122 Fide
3088 5066 3269 5122 Enoch
3317 5067 3597 5121 translatus
3624 5073 3714 5121 est.
3763 5076 3823 5112 ne

2259 5141 2453 5195 videret
2500 5152 2713 5194 mortem
2755 5144 2772 5209 (
2808 5140 3090 5207 Heb.x1).
3142 5137 3297 5209 Unde
3343 5146 3528 5209 aperte
3567 5133 3825 5203 colligitur

2265 5209 2449 5265 Enoch
2474 5212 2710 5265 nondum
2734 5206 2857 5267 esse
2879 5206 3181 5273 mortuum;
3206 5208 3301 5262 sed
3326 5206 3823 5261 meriturumtamen

2260 5282 2567 5349 aliquando,
2626 5284 2744 5349 quia
2799 5283 2951 5344 juxta
3002 5281 3305 5342 generalem
3337 5279 3431 5331 Dei
3462 5276 3774 5349 sententiam
3807 5289 3820 5324 :

2260 5345 2523 5407 Sta-tutum
2548 5345 2621 5407 est
2646 5345 2886 5406 omnibus
2923 5350 3211 5404 hominibus
3250 5349 3406 5403 semel
3442 5350 3588 5402 mori.
3623 5345 3751 5399 Ileb.
3774 5358 3819 5395 lx

2257 5421 2411 5487 (Gen.
2445 5425 2525 5493 ιι).
2560 5424 2692 5478 Vide
2722 5425 2778 5477 S.
2806 5422 3063 5476 Thomam
3097 5422 3147 5474 in
3179 5421 3352 5489 Epist.
3383 5420 3451 5474 ad
3479 5419 3747 5479 Hebrazos,
3768 5422 3820 5468 et

2256 5494 2528 5549 Pereu'um
2570 5496 2620 5548 in
2650 5494 2921 5549 Genesim.

2327 5565 2351 5602 ι)
2382 5566 2605 5620 Videtur
2632 5569 2832 5619 Auctor
2863 5567 2974 5617 haec
2995 5563 3159 5618 verba
3190 5571 3460 5631 tamquam
3490 5577 3521 5617 e
3550 5559 3813 5629 Srt'iptura

2251 5635 2439 5698 citare.
2465 5653 2584 5704 qua:
2609 5646 2787 5688 tamen
2820 5634 2873 5688 in
2903 5634 3141 5688 editione
3157 5634 3372 5703 vulgata
3399 5647 3508 5688 non
3536 5632 3811 5691 habentur,

2252 5722 2350 5762 nec
2382 5707 2522 5776 apud
2553 5706 2717 5761 alium
2745 5715 3018 5762 auctorem
3040 5706 3286 5774 reperire
3308 5704 3474 5774 potui.
