4004 6198
154 195 245 258 569
871 189 1213 250 COLLATIO
1248 189 1339 247 Ill.
1362 217 1434 229 —
1462 188 1552 245 DE
1592 188 1838 247 TRIBUS
1876 187 2667 246 ABRENUNTIATIONIBUS.

3301 189 3412 249 570

153 310 309 386 gressi
334 309 523 381 (Num.
551 306 684 381 xiv).
719 308 875 367 Unde
901 318 929 347 ει
956 309 1320 364 festinandum
1354 305 1506 361 nobis
1533 315 1635 370 est,
1663 315 1721 359 ut
1750 310 1805 369 Α
1829 305 2039 359 tiationi
2072 302 2217 358 aliud
2244 305 2420 373 majus
2445 302 2690 373 adjunxit
2718 318 2734 356 :
2764 300 2834 356 Et
2859 302 2906 358 si
2935 302 3196 359 tradidero
3225 319 3411 377 corpus

154 423 180 461 a
206 404 385 477 paucis
413 418 478 457 ac
502 401 795 457 rarissimis
824 415 1099 456 sumamus
1138 400 1385 469 exempla
1432 400 1712 466 virtutum,

154 497 262 566 quia
311 493 605 550 secundum
660 493 809 548 illam
865 507 1027 562 quam
1081 492 1318 547 diximus
1366 489 1612 561 ﬁguram,
1662 492 1715 547 ιιι

153 588 428 659 Evangelia
451 602 666 657 quoque
696 586 851 641 multi
881 586 1078 653 vocati,
1119 585 1273 656 pauci
1303 596 1482 639 autem
1526 583 1719 640 dicun-

154 700 232 738 tur
255 682 408 738 electi
442 679 659 753 (Matth.
682 696 755 735 xx
777 689 827 735 et
853 680 1015 750 xxii).
1038 678 1183 734 Nihil
1212 693 1344 750 ergo
1368 679 1523 733 nobis
1550 677 1715 748 prod-

151 778 246 832 erit
288 775 688 832 abrenuntiatio
734 774 1059 845 corporalis,
1111 784 1166 829 et
1218 773 1411 829 localis
1455 773 1719 844 quodam-

149 870 300 925 modo
324 885 390 924 ex
434 867 668 941 Egypto
694 867 1121 937 transmigratio,
1169 866 1215 922 si
1262 866 1717 922 renuntiatiouem

148 963 339 1031 cordis,
367 978 486 1033 qua:
513 960 797 1017 sublimior
819 968 875 1015 et
897 959 1082 1016 utilior
1118 968 1224 1025 est,
1249 975 1356 1015 non
1394 958 1721 1013 valuerimus

148 1056 387 1111 similiter
413 1055 682 1111 obtinere.
712 1054 785 1109 De
810 1053 901 1109 illa
932 1054 1075 1109 enim
1105 1068 1265 1123 quam
1306 1052 1537 1107 diximus
1565 1051 1721 1108 abre-

148 1151 477 1205 nuntiatione
529 1148 819 1220 corporali,
873 1149 943 1202 ita
993 1145 1362 1217 pronuntiavit
1388 1145 1715 1217 Apostolus:

146 1243 205 1297 Si
224 1243 527 1297 distribuero
541 1258 713 1297 omnes
731 1242 1001 1311 facultates
1018 1256 1155 1294 meas
1173 1240 1230 1293 in
1246 1239 1385 1293 cibos
1406 1253 1717 1309 pauperum,

144 1347 187 1391 et
232 1336 498 1391 tradidero
542 1352 729 1407 corpus
770 1350 957 1397 meum,
1015 1342 1070 1386 ut
1113 1332 1357 1397 ardeam;
1409 1330 1721 1384 charitatem

144 1442 308 1486 autem
353 1447 456 1486 non
485 1431 739 1497 habuero,
768 1429 903 1483 nihil
933 1429 1058 1482 mihi
1092 1428 1298 1500 prodest
1343 1428 1392 1498 (ι
1422 1426 1544 1483 Cor.
1578 1426 1716 1494 xm).

142 1524 289 1591 Quod
330 1525 517 1580 beatus
533 1522 823 1591 Apostolus
857 1536 1151 1591 numquam
1176 1520 1419 1584 dixisset,
1466 1519 1569 1573 nisi
1594 1520 1718 1589 quia

140 1617 373 1671 futurum
405 1617 459 1670 in
487 1614 678 1685 spiritu
700 1612 1034 1685 praevidebat
1062 1621 1120 1666 ut
1156 1611 1344 1682 aliqui,
1375 1611 1718 1666 facultatibus

1821 412 2009 462 meum,
2036 404 2093 450 stt
2119 395 2351 457 ardeant,
2384 396 2685 447 charitatem
2720 410 2835 448 vero
2866 411 2970 449 non
2999 394 3244 461 habuero,
3278 394 3410 450 nihil

1821 505 1958 542 sum.
2010 489 2087 543 Ac
2137 488 2181 541 si
2239 486 2361 541 aliis
2406 486 2583 542 verbis
2612 485 2876 539 dixisset:
2911 484 2973 541 Si
2996 485 3319 542 distribuero
3349 488 3406 543 in

1823 581 1977 637 cibos
2004 595 2300 651 pauperum
2330 566 2520 633 oinnes
2567 576 2850 632 facultates
2892 592 3062 642 meas,
3102 579 3401 635 secundum

1822 671 2193 743 evangelicum
2241 668 2375 724 illud
2407 667 2753 733 mandatum,
2786 682 2894 738 quo
2944 667 3139 723 dicitur
3187 668 3405 743 (Matth.

1822 767 1937 836 xix)
1966 784 1979 817 :
2014 764 2041 803 δ
2062 764 2123 820 Si
2157 767 2229 819 vis
2269 765 2526 833 perfectus
2557 768 2684 825 este,
2732 758 2882 825 vade,
2910 762 3069 815 vende
3095 763 3266 815 omnia
3295 779 3410 829 qua:
3450 746 3477 770 ⁷

1823 860 1999 927 habes,
2027 867 2073 911 et
2104 858 2172 910 da
2193 854 2524 927 pauperibus,
2547 862 2594 908 et
2624 851 2832 906 habebis
2863 851 3160 906 thesaurum
3181 853 3237 907 in
3261 854 3408 919 cmlo,

1824 961 1871 1005 et
1894 953 2027 1021 veni,
2061 965 2268 1020 sequere
2292 964 2406 1016 me;
2440 947 2513 1001 ita
2566 945 2776 1001 scilicet
2805 945 3212 1011 abrenuntians,
3265 954 3321 999 ut
3346 961 3414 999 ex

1825 1044 1909 1099 his
1935 1042 2069 1098 nihil
2098 1041 2311 1111 penitus
2343 1039 2473 1095 mihi
2518 1054 2794 1095 reservem
2820 1054 2836 1104 ;
2868 1047 2924 1094 et
2952 1038 3077 1094 huic
3106 1038 3413 1109 erogationi

1826 1135 2146 1208 martyrium
2197 1146 2250 1189 et
2274 1132 2613 1190 exustionem
2665 1147 2800 1188 mete
2848 1134 3027 1187 carnis
3076 1132 3409 1202 adjunxero,

1824 1229 1899 1285 ita
1931 1238 1990 1283 ut
2018 1242 2217 1298 corpus
2252 1242 2430 1282 meum
2464 1225 2669 1280 tradam
2713 1239 2814 1295 pro
2843 1222 3088 1290 Christo;
3131 1234 3185 1280 et
3229 1233 3413 1281 tamen

1828 1321 1910 1376 vel
1941 1321 2252 1391 impatiens,
2294 1319 2377 1375 vel
2438 1317 2754 1383 iracundus,
2790 1318 2877 1371 vel
2916 1316 3156 1384 invidus,
3188 1318 3278 1372 vel
3322 1333 3413 1373 su-

1825 1417 2027 1485 perbus
2057 1413 2281 1480 sim,vel
2312 1411 2539 1468 aliorum
2562 1410 2865 1466 inﬂammer
2892 1409 3127 1481 injuriis,
3152 1410 3238 1465 vel
3264 1425 3412 1480 quaa-

1826 1524 1943 1564 ram
1973 1523 2092 1578 quae
2124 1522 2240 1562 mea
2266 1515 2427 1571 sunt,
2454 1505 2537 1560 vel
2570 1520 2633 1560 ea
2660 1520 2779 1574 qua:
2809 1504 2946 1559 mala
2985 1512 3109 1559 sunt
3155 1504 3411 1574 cogitem,

1824 1604 1912 1658 vel
1940 1602 2189 1657 universa
2217 1615 2337 1670 qua:
2359 1598 2488 1654 mihi
2517 1607 2741 1668 possunt
2770 1597 2955 1653 inferri
2986 1612 3092 1652 non
3142 1597 3411 1667 patienter

138 1709 405 1764 universis
434 1708 490 1761 in
521 1721 816 1776 pauperum
847 1706 1099 1760 alimenta
1128 1704 1409 1773 diSpersis,
1442 1703 1507 1757 ad
1538 1702 1716 1773 perfe-
1746 1706 1797 1766 Β
1822 1695 2157 1765 libenterque
2179 1693 2503 1756 sustineam;
2528 1691 2661 1745 nihil
2688 1690 2819 1744 mihi
2860 1689 3100 1759 proderit
3121 1691 3411 1746 exterioris

137 1804 380 1856 ctionem
410 1798 776 1870 evangelieam
811 1806 869 1854 et
910 1797 1188 1853 cbaritatis
1238 1795 1462 1851 arduum
1504 1796 1718 1849 culmen

133 1892 424 1962 pervenire
474 1906 579 1945 non
628 1899 881 1959 possent:
931 1889 1055 1959 quia
1097 1888 1305 1942 scilicet
1332 1886 1560 1956 pristina
1588 1887 1721 1941 vitia

134 1997 460 2053 morumque
504 1982 969 2049 incontinentiam,
1006 1980 1090 2035 vel
1122 1979 1371 2049 superbia
1412 1980 1495 2034 vel
1550 1978 1721 2047 impa-

135 2077 320 2131 tientia
371 2075 714 2138 dominante,
758 2074 811 2127 in
840 2072 957 2128 suis
986 2072 1243 2128 cordibus
1271 2072 1586 2136 retinentes,
1620 2058 1721 2124 ἠε-

136 2181 403 2236 quaquam
435 2181 495 2221 se
522 2166 593 2221 ab
617 2164 724 2221 illis
752 2180 1056 2235 expurgare
1080 2174 1357 2231 curarent,
1388 2175 1442 2219 et
1468 2164 1539 2218 ob
1567 2163 1618 2217 id
1649 2162 1716 2218 ad

136 2261 452 2315 charitatem
474 2260 592 2326 Dei,
615 2275 736 2327 qua:
762 2274 1055 2329 numquam
1080 2258 1245 2322 cadit,
1274 2259 1491 2313 minime
1520 2272 1717 2328 perve-

136 2350 326 2405 nirent.
362 2350 467 2417 Qui
498 2349 683 2420 utique
710 2349 997 2404 inferiores
1018 2348 1200 2404 effecti
1230 2348 1334 2405 hoc
1361 2350 1602 2405 secundo
1632 2365 1719 2405 re-

135 2441 487 2496 nuntiationis
515 2442 703 2512 gradu,
738 2441 907 2496 multo
947 2441 1123 2496 minus
1172 2441 1325 2496 illum
1358 2443 1595 2507 tertium,
1627 2445 1718 2513 qui

137 2532 487 2599 proculdubio
541 2542 625 2587 est
678 2534 983 2600 sublimior,
1018 2532 1447 2603 apprehendunt.
1481 2534 1719 2605 Diligen-

137 2624 230 2678 tius
279 2632 467 2679 tamen
496 2625 659 2679 etiam
692 2624 793 2679 hoc
820 2634 1001 2680 mente
1040 2625 1376 2694 perpendite,
1427 2626 1568 2696 quod
1606 2642 1715 2681 non

134 2715 448 2786 simpliciter
475 2717 699 2783 dixerit,
722 2716 781 2773 Si
806 2717 1113 2771 distribuero
1140 2718 1410 2786 facultates
1436 2732 1611 2783 meas;
1639 2718 1719 2772 vi-

134 2809 342 2865 deretur
369 2813 523 2867 enim
552 2811 618 2866 de
649 2811 741 2866 illo
770 2811 911 2867 forte
938 2811 1143 2866 dixisse
1169 2813 1258 2881 qui
1293 2812 1519 2868 necdum
1555 2828 1719 2869 evan-

134 2902 352 2969 gelicum
384 2903 623 2974 impletis
649 2902 962 2957 mandatum
994 2902 1172 2957 adhuc
1210 2905 1452 2973 omnino,
1498 2904 1602 2959 sibi
1650 2921 1719 2961 ex

132 2994 225 3060 eis,
250 2994 391 3050 sicut
416 2994 666 3049 nonnulli
697 2993 1000 3063 tepidorum
1040 2993 1268 3059 faciunt,
1293 2994 1496 3066 aliquid
1533 3011 1716 3051 reser-

133 3098 327 3152 vasset;
363 3088 493 3153 sed,
527 3087 590 3143 Si
633 3087 963 3153 distribuere,
997 3088 1200 3158 inquit,
1230 3105 1404 3144 omnes
1439 3090 1715 3160 facultates
1740 3081 1788 3142 C

132 3191 258 3231 meas
281 3178 337 3232 in
358 3178 509 3233 cibos
531 3194 838 3247 pauperum,
866 3178 916 3232 id
943 3188 1046 3248 est,
1062 3180 1275 3235 etiamsi
1298 3167 1713 3250 perfectEabre-

134 3271 451 3326 nuntiavero
480 3268 683 3324 divitiis
705 3269 823 3324 istis
845 3274 1093 3326 terrenis.
1114 3271 1253 3326 Huic
1272 3287 1484 3343 quoque
1510 3289 1713 3329 renun-

1824 1789 2057 1843 hominis
2102 1787 2499 1843 abrenuntiatio
2558 1796 2718 1854 atque
2766 1784 3088 1855 combustio,
3145 1785 3409 1841 interiore

1821 1882 1998 1937 adhuc
2023 1880 2168 1934 vitiis
2212 1878 2455 1948 pristinis
2493 1877 2750 1942 involuto,
2808 1892 2873 1932 eo
2912 1877 3057 1946 quod
3107 1876 3408 1946 simplicem

1821 1974 2176 2030 substantiam
2229 1970 2413 2026 mundi
2443 1970 2601 2040 hujus
2644 1970 2832 2039 primae
2884 1969 3252 2024 conversionis
3299 1967 3410 2024 fer-

1820 2080 1952 2120 vore
1981 2073 2357 2128 contemnens,
2393 2076 2511 2131 quae
2540 2075 2639 2116 nec
2664 2060 2805 2115 bona
2831 2074 2973 2124 esse,
2999 2073 3098 2114 nec
3123 2059 3282 2126 mala,
3310 2058 3408 2114 sed

1821 2157 1996 2213 ntedia
2026 2156 2303 2221 delinitur,
2327 2154 2508 2209 vitiosi
2531 2152 2710 2207 cordis
2732 2153 2919 2206 noxias
2948 2149 3231 2205 facultates
3261 2148 3409 2203 simi-
3440 2164 3443 2167 '

1821 2251 1945 2306 liter
1971 2250 2206 2320 abjicere
2237 2264 2343 2302 non
2365 2248 2625 2311 curarim,
2649 2259 2749 2300 nec
2775 2243 3040 2313 attingere
3074 2241 3408 2297 Dominicam

1820 2343 2163 2410 charitatem,
2193 2355 2315 2411 quae
2346 2340 2569 2409 patiens,
2601 2353 2721 2407 qua:
2764 2336 2984 2408 benigna
3023 2344 3115 2403 est,
3143 2350 3265 2406 qua:
3304 2351 3409 2387 non

1820 2436 2113 2503 tumulatur,
2143 2451 2247 2489 non
2266 2435 2503 2503 inflatur,
2532 2449 2633 2486 non
2659 2432 2916 2499 irritatur,
2955 2446 3058 2485 non
3098 2430 3204 2502 agit
3226 2446 3409 2501 perpe-

1820 2546 1951 2593 ram,
1976 2545 2078 2583 non
2099 2529 2411 2599 quaeritque:
2435 2543 2529 2582 sua
2546 2534 2690 2591 sunt,
2713 2542 2820 2580 non
2849 2525 3039 2596 cogitat
3058 2526 3271 2591 malum,
3294 2541 3407 2595 qua:

1822 2620 1996 2675 omnia
2043 2616 2247 2686 suffert,
2274 2618 2447 2672 omnia
2467 2618 2683 2671 sustinet
2709 2615 2771 2687 (Ι
2794 2615 2914 2670 Cor.
2948 2613 3105 2685 xm),
3131 2626 3409 2687 postremo

1820 2727 1942 2782 quae
1967 2722 1989 2750 ο
2018 2719 2342 2766 sectatorem
2372 2725 2527 2764 suum
2557 2724 2850 2779 numquam
2888 2707 3089 2764 cadere
3124 2706 3253 2764 sinit
3281 2724 3408 2780 sup-

1821 2804 2159 2877 plantatione
2187 2803 2411 2875 peccati.

2405 2893 2634 2953 CAPUT
2674 2895 2815 2952 VIII.

1821 2989 1900 3045 De
1910 2991 2136 3063 propriis
2159 2990 2443 3059 divitiis,in
2456 2989 2638 3063 quibus
2658 2997 2856 3063 constat
2872 2988 3060 3044 anima:
3079 2990 3407 3061 pulchritudo

2442 3062 2525 3116 vel
2554 3061 2777 3131 foeditas.

1863 3177 2150 3234 Festinare
2173 3176 2334 3248 igitur
2349 3176 2614 3232 debemus
2632 3175 2776 3231 omni
2802 3176 3078 3245 instantia,
3104 3186 3163 3234 ut
3180 3178 3405 3237 interior

1821 3289 2034 3345 quoque
2070 3284 2255 3329 noster
2284 3273 2448 3329 homo
2494 3272 2749 3328 vitiorum
2775 3287 2996 3328 suorum
3025 3272 3243 3329 divitias
3271 3290 3405 3345 quas

1200 3363 1457 3419 ALARDI
1495 3364 1729 3421 GAZIEI
1763 3363 2328 3422 COMMENTARIUS.

198 3465 220 3492 ⁸
250 3457 306 3513 ld
334 3466 445 3523 est,
481 3455 854 3527 satagendum,
884 3454 1296 3527 providendum,
1335 3456 1711 3525 laborandum,

136 3537 184 3579 ut
210 3526 699 3600 superius_collat.
732 3526 778 3600 17
806 3542 925 3600 cap.
960 3526 1044 3600 17,
1074 3536 1130 3582 et
1171 3542 1357 3583 rursus
1400 3530 1537 3583 inira
1593 3546 1711 3600 cap.

134 3597 366 3671 sequenti
405 3619 417 3652 :
462 3597 734 3651 Festinare
763 3599 923 3671 igitur
944 3598 1199 3651 debemus.

197 3668 222 3707 δ
260 3672 510 3727 Pulchre
539 3672 591 3723 in
624 3671 762 3723 hanc
786 3668 1155 3733 sententiam,
1186 3684 1306 3738 quae
1337 3669 1583 3738 religiosi
1607 3681 1719 3725 sta-

135 3748 211 3794 tus
234 3744 581 3811 praecipuum
615 3750 697 3794 est
719 3740 1144 3802 fundamentum,
1163 3743 1238 3811 _l).
1266 3740 1632 3810 Hieronymus
1664 3743 1715 3794 in

133 3808 282 3878 epist.
313 3815 346 3868 8
375 3808 445 3867 ad
477 3811 881 3866 Demetriadem
908 3829 918 3862 :
954 3808 1265 3878 Apostolici,
1299 3808 1490 3878 inquit,
1522 3813 1721 3881 fastigii

135 3893 194 3954 est
215 3888 575 3954 perfecta'que
619 3882 819 3935 virtutis
858 3882 1070 3935 vendere
1101 3882 1291 3954 omnia,
1324 3890 1373 3934 et
1415 3883 1721 3954 pauperibus

133 3952 457 4021 distribuere,
491 3963 535 4005 et
566 3954 639 4005 sic
666 3954 817 4006 levem
846 3961 996 4021 atque
1022 3968 1065 4005 e:
1090 3952 1317 4017 peditum
1355 3968 1472 4004 cum
1517 3952 1721 4007 Christo

134 4028 191 4074 ad
206 4027 435 4079 caelestia
456 4025 745 4079 subvolare.
774 4022 935 4075 Nobis
957 4023 1178 4093 diligens
1206 4026 1401 4077 credita
1418 4035 1491 4077 est
1518 4026 1724 4092 dispen-

134 4097 279 4160 satio,
304 4112 623 4163 quamquam
652 4096 705 4147 in
732 4094 826 4147 hoc
856 4097 1003 4165 omni
1027 4095 1167 4148 artati
1216 4097 1451 4163 omnique
1488 4111 1723 4165 persona:

134 4165 342 4236 libertas
392 4167 599 4220 arbitrii
637 4166 816 4218 relicta
855 4165 942 4217 sit.
977 4164 1039 4219 Si
1067 4166 1162 4232 vis,
1195 4166 1382 4234 inquit,
1411 4164 1517 4220 esse
1548 4170 1721 4236 perfe-

133 4245 261 4306 ctus.
294 4235 419 4289 Non
447 4253 599 4305 cogo,
628 4252 729 4290 non
755 4237 948 4306 impero
976 4252 993 4301 ,'
1020 4246 1165 4288 tuum
1211 4245 1287 4289 est
1330 4236 1519 4306 eligere
1557 4240 1600 4290 si
1636 4253 1725 4290 vo-

134 4303 291 4358 lueris
323 4307 380 4357 in
413 4303 579 4377 agone
605 4316 757 4377 atque
786 4303 1058 4360 certamine
1098 4308 1357 4360 coronari.
1493 4308 1724 4360 conside-

132 4391 301 4448 remus
327 4376 490 4448 quant
517 4376 770 4448 sapienter
792 4376 1064 4443 Sapientia
1086 4380 1152 4430 sit
1174 4378 1378 4432 locuta:
1412 4376 1585 4430 Vende
1613 4395 1726 4444 qua:

135 4446 299 4520 habes.
335 4447 437 4502 Cui
468 4446 582 4501 ista»
606 4450 973 4520 prwcipiuntur
995 4449 1020 4501 7
1061 4465 1258 4520 nempe
1284 4448 1362 4501 illi
1405 4449 1490 4501 cui
1531 4450 1725 4501 dictum

133 4527 227 4569 est:
251 4518 314 4574 Si
344 4522 421 4573 vis
454 4535 569 4573 esse
600 4518 873 4589 perfectus,
900 4535 1001 4572 non
1022 4530 1216 4589 partem
1242 4519 1491 4571 bonorum
1520 4530 1726 4573 tuorum

134 4591 304 4665 pende.
337 4590 432 4643 sed
478 4592 673 4665 omnia.
694 4588 945 4665 ﬁgamque
970 4588 1276 4665 vendideris,
1307 4589 1429 4665 quid
1457 4590 1727 4659 sequitur?

136 4654 194 4732 Et
222 4660 291 4732 da
322 4661 667 4732 pauperibus.
697 4660 812 4713 Non
842 4654 1103 4726 divitibus,
1130 4675 1231 4712 non
1260 4654 1583 4732 prbpinquis.
1616 4678 1721 4714 non

1824 3471 1930 3526 tus,
1966 3469 2111 3514 tanta
2135 3458 2417 3531 charitatis
2458 3456 2789 3531 perfectione
2832 3460 3108 3531 praeditus,
3140 3460 3268 3531 quin
3297 3463 3403 3519 sibi

1819 3531 2021 3587 dictum
2047 3540 2246 3600 putare_
2263 3530 2460 3583 debeat
2482 3529 2610 3600 illud
2628 3528 2877 3597 Apostoli
2906 3548 2918 3581 :
2957 3530 3061 3594 Qui
3082 3528 3204 3598 stat,
3234 3534 3405 3589 videat

1820 3619 1885 3655 ne
1934 3596 2086 3655 cadat
2119 3602 2179 3671 (ι
2208 3598 2327 3653 Cor.
2371 3614 2400 3651 x
2427 3599 2466 3673 λ.
2499 3596 2689 3673 Cujus
2720 3600 2967 3673 periculi,
3002 3603 3151 3673 ipsos
3191 3596 3407 3673 quoque

1824 3669 2189 3742 provectiores
2229 3685 2291 3742 ac
2309 3670 2680 3742 perfectiores
2717 3670 2998 3742 admgnuit
3022 3669 3160 3724 idem
3184 3669 3405 3740 aposio-

1823 3737 1907 3797 lus
1936 3743 2181 3796 scribens
2202 3740 2266 3793 ad
2298 3738 2517 3812 Galatas
2538 3753 2666 3812 Cap.
2690 3754 2742 3812 vt
2767 3754 2782 3796 :
2813 3737 3045 3802 Fratres,
3072 3743 3115 3793 si
3144 3737 3407 3812 pra-occu-

1823 3814 2157 3936 patusluerit
2180 3813 2329 3863 homo
2351 3810 2405 3862 in
2432 3810 2602 3878 aliqua
2632 3807 2838 3866 delicto.
2874 3826 2961 3863 vos
2992 3813 3078 3880 qui
3106 3807 3405 3881 spirituales

1824 3889 1964 3936 estis.
2026 3881 2285 3936 uiusmodi
2322 3882 2560 3933 instruite
2603 3880 2657 3931 in
2687 3880 2871 3936 spiritu
2922 3880 3190 3936 lenitatis:
3243 3888 3405 3936 consi-

1824 3880 1964 3949 estis,
1990 3880 2285 3949 huiusmodi
2322 3882 2560 3933 instruite
2603 3880 2657 3931 iu
2687 3880 2871 3946 spiritu
2922 3880 3190 3950 lenitatis;
3243 3888 3406 3939 consi-

1825 3957 2007 4009 derans
2056 3964 2102 4007 te
2152 3954 2341 4021 ipsum,
2399 3959 2546 4026 n_c_et
2583 3958 2640 4003 tu
2686 3954 2913 4005 tenteris.
2964 3955 3246 4019 Quomodo
3274 3972 3404 4026 ergo

1825 4026 2064 4079 charitas
2088 4038 2376 4092 numquam
2397 4020 2527 4095 sinit
2553 4031 2875 4095 sectatorem
2903 4038 2996 4079 seu
3029 4020 3402 4095 possessorem

1824 4113 1983 4151 suum
2028 4097 2227 4151 Cadere
2270 4094 2708 4163 supplantatioue
2759 4095 3101 4162 peccatiieo
3150 4100 3403 4153 nimirum

1825 4176 2080 4236 sensu,et
2106 4164 2522 4235 signiﬁcatione,
2549 4179 2653 4233 qua
2673 4164 2742 4216 ab
2768 4166 3031 4233 Apostolo
3056 4169 3255 4223 dicitur
3283 4168 3407 4224 cha-

1824 4240 1955 4293 ritas
1984 4254 2093 4293 non
2141 4251 2307 4311 agere
2331 4250 2637 4311 perperat‘u,
2669 4249 2776 4289 non
2804 4236 3022 4311 inﬂari_(
3046 4238 3071 4311 1Δ
3092 4237 3213 4293 Cor.
3248 4244 3404 4311 xm),

1825 4319 1955 4377 etc.,
1978 4306 2380 4380 quibus’verbis
2412 4306 2748 4380 signiﬁcatur
2777 4310 2903 4380 quid
2933 4306 3134 4363 efticiat
3164 4306 3407 4379 praeﬁci;

1826 4396 1931 4448 que
1974 4376 2244 4443 charitas,
2272 4377 2559 4450 tantisper
2609 4376 2736 4429 dum
2788 4377 2932 4432 inest
2980 4394 3043 4434 ac
3070 4376 3402 4450 possidetur.

1825 4450 2009 4521 Neque
2036 4466 2164 4503 vero
2194 4448 2320 4503 inde
2355 4448 2697 4521 consequens
2723 4458 2807 4503 est
2829 4464 2951 4504 eum
2973 4448 3405 4520 qtti‘charitatem

1828 4521 2009 4586 habet,
2044 4536 2152 4576 non
2196 4533 2357 4592 posse
2381 4520 2673 4588 superbum
2706 4521 2846 4592 fieri,
2877 4531 2970 4575 aut
2995 4525 3284 4592 quidquam
3312 4543 3407 4580 ne-

1826 4593 2004 4661 quiter
2023 4606 2221 4662 agere;
2269 4591 2362 4662 sed
2396 4592 2496 4643 hoc
2528 4596 2748 4658 praestat
2776 4590 3047 4662 ,charitas,
3080 4590 3209 4650 dum
3239 4596 3380 4652 habe

1831 4674 1935 4727 tur,
1958 4678 2025 4718 ne
2051 4661 2227 4733 Simul,
2245 4661 2454 4714 animus
2483 4674 2577 4728 per
2603 4661 2914 4729 superbiam
2947 4668 3289 4733 intumescat,
3316 4679 3407 4724 aut

214 4729 1330 4825 luxima'm,‘sedlnecessitatem;llpctenus
1364 4732 1424 4783 ι).
1462 4731 1725 4825 Ηιετοιιμ-
1749 4764 1802 4825 D
1832 4749 2109 4825 perperam
2142 4732 2270 4813 quid
2299 4741 2466 4825 agat}
2495 4746 2707 4825 quale);
2734 4747 2886 4825 parte
2914 4740 3138 4825 multum
3170 4729 3352 4825 ditis-rt
3372 4755 3405 4794 a

135 4814 263 4872 inus.
291 4802 477 4856 Purru
514 4803 747 4872 lepidum
776 4811 881 4865 est,
912 4802 1053 4871 quod
1085 4803 1153 4856 de
1186 4803 1421 4872 quodam
1456 4808 1723 4857 monacho

134 4867 325 4939 legitur
347 4867 592 4945 (Socrat’.
630 4871 670 4925 ι.
709 4888 760 4926 tv
796 4867 996 4926 Hister.
1021 4888 1070 4945 c.
1098 4867 1338 4945 18),'_qui
1370 4872 1470 4927 hac
1503 4884 1727 4929 senten-

136 4950 204 5014 tia»
236 4943 563 5013 evangelica
619 4958 929 5012 persuasus,
980 4943 1173 4997 lihrutn
1229 4943 1509 5014 Evangelii
1564 4962 1723 5014 quem

136 5012 300 5067 solum
330 5012 579 5070 habebat
599 5014 860 5075 vendidit,
891 5024 946 5067 et
975 5018 1204 5083 pretium
1242 5012 1727 5083 pauperibus'eru-

134 5085 298 5157 gavit:
335 5086 486 5157 [dum
521 5087 735 5157 ipsum,
790 5085 1302 5157 inquiens,rlibrum
1344 5086 1581 5153 vendidi,
1632 5088 1725 5157 qui

135 5156 292 5227 dicit:
367 5154 569 5209 Vende
602 5159 775 5209 omnia
829 5172 944 5224 qua:
994 5154 1168 5222 habes,
1198 5164 1247 5209 et
1288 5157 1356 5209 da
1394 5154 1720 5227 pauperibus.

135 5220 286 5277 Plura
329 5227 385 5280 in
411 5227 665 5281 eamdem
724 5220 1043 5282 sententiam
1094 5220 1404 5282 ndtavimus'
1447 5220 1554 5282 alio
1601 5230 1723 5283 loco

136 5292 267 5352 (Lib.
300 5312 377 5351 vn
408 5296 595 5351 lnstit.
624 5312 671 5350 c.
702 5298 816 5367 16).

205 5376 225 5402 ε
251 5366 395 5434 Quid
427 5369 630 5437 igitur?
660 5369 751 5439 qui
774 5366 1059 5424 'charitate
1103 5368 1358 5439 praeditus
1410 5378 1511 5435 est,
1566 5385 1723 5424 num-

136 5447 287 5511 quam
318 5454 553 5511 peccare
582 5440 794 5508 potest?
825 5440 977 5493 Absit
1005 5449 1064 5493 ut
1092 5443 1161 5494 ita
1190 5440 1501 5495 sentiamus.
1534 5440 1725 5510 Neque

235 5510 435 5589 νορμίξ
478 5506 820 5589 Raphnutius
850 5511 1083 5589 ,__quod_
1130 5518 1185 5565 et
1232 5506 1721 5589 tide§__tjhristia_na

140 5575 358 5643 (Cancil.
388 5575 649 5651 Tridfss.
684 5584 737 5645 b‘,
763 5599 807 5635 c.
849 5575 988 5637 ‘lSet
1024 5581 1091 5636 M
1117 5592 1162 5635 et
1182 5598 1296 5635 can.
1328 5583 1442 5651 25).
1469 5591 1523 5636 et
1559 5584 1715 5650 ratio,

138 5648 558 5728 «:texperientia
585 5653 893 5728 quotidiana
943 5654 1221 5728 manifeste
1270 5648 1530 5728 refutant;
1562 5648 1719 5728 nemo

136 5722 271 5775 enim
296 5732 384 5777 est
406 5722 465 5777 in
495 5722 600 5778 hac
627 5722 733 5779 vita
770 5724 983 5781 mortali
1019 5732 1164 5779 tanta
1205 5725 1497 5780 stabilitate
1540 5723 1717 5780 suﬂ'ul-

1831 4801 1977 4878 fide—,7
1999 4801 2222 4859 scientia
2254 4801 2584 4878 reliquisque
2609 4803 2717 4878 _l)ei_
2735 4805 2913 4878 donis,
2944 4808 3399 4878 quandoquidem,

1829 4886 1891 4947 ut
1934 4877 2008 4947 ait
2049 4874 2373 4944 Apostolus,
2424 4874 2654 4947 Scientia
2699 4875 2875 4945 inflet,
2914 4878 3144 4933 charitas
3178 4874 3405 4947 tediﬁcet

1831 4954 1845 5015 (
1874 4946 1894 4999 Ι
1919 4946 2039 5019 (lor.
2061 4962 2152 5000 vui
2175 4947 2416 5019 ).7Alque
2446 4946 2734 5019 hocsensu
2755 4949 3126 5019 accipiendum
3156 4946 3299 5019 quod
3329 4954 3405 5006 ait

1834 5019 1890 5069 Ι).
1921 5015 2152 5085 Prosper
2176 5014 2317 5070 libro
2346 5016 2505 5069 tertio
2525 5014 2741 5088 de_Vita
2777 5014 3201 5087 Coritemplativa
3224 5025 3403 5088 capite

1829 5089 2040 5159 decimo
2069 5088 2563 5159 tertio,char_itatent
2587 5085 2694 5139 Deo
2708 5087 2943 5159 junctam
2963 5085 3399 5159 inseparabiliter,

1830 5157 2058 5227 nullique
2081 5161 2200 5212 vitio
2229 5157 2586 5211 mutabilitatis
2616 5173 2721 5231 esse
2762 5158 3038 5231 obnoxiam
3066 5157 3087 5225 ξ
3118 5176 3223 5214 ηοη
3276 5165 3399 5231 quia

1828 5234 2146 5301 commutari
2187 5245 2293 5283 non
2326 5232 2497 5298 possit
2526 5231 2581 5280 in
2608 5230 2847 5301 deterius
2878 5231 3167 5301 quisemel
3192 5236 3403 5301 accepit

1828 5300 2143 5356 charitatem
2186 5317 2199 5354 :
2256 5297 2351 5354 sed
2397 5297 2669 5369 quomodo
2711 5297 2924 5353 ﬂamma
2957 5300 3156 5354 dicitur
3182 5297 3400 5359 sursum

1826 5386 2042 5442 semper
2072 5372 2226 5443 ferri,
2252 5387 2373 5426 cum
2403 5383 2578 5423 tamen
2609 5370 2775 5443 possit
2802 5369 3089 5443 exstingui,
3118 5374 3243 5440 quia
3269 5377 3399 5430 dum

1826 5450 1928 5514 est,
1953 5439 2059 5496 non
2083 5439 2274 5499 desinit
2295 5451 2481 5512 petere
2498 5440 2777 5514 superiora
2800 5456 2816 5503 ;
2841 5440 2912 5493 ita
2934 5439 3193 5514 charitas,
3213 5460 3400 5514 quam.

1825 5513 1919 5568 diu
1970 5514 2204 5569 hominis
2256 5506 2350 5567 εὖπ-
2398 5506 2656 5580 possidet,
2707 5523 2815 5563 non
2845 5506 3049 5580 patitur
3078 5525 3200 5567 eum
3227 5506 3257 5569 Et
3287 5515 3401 5571 Deo

1824 5584 2055 5660 disjungi
2077 5594 2132 5639 et
2160 5579 2446 5645 dimoveri,
2472 5594 2535 5633 eo
2564 5580 2773 5660 scilicet
2794 5579 3002 5651 peccati
3029 5595 3230 5652 genere
3254 5588 3400 5660 quod

1824 5670 1853 5709 a
1885 5651 1997 5712 Deo
2009 5651 2257 5725 separat,
2283 5665 2477 5724 nempe
2501 5651 2738 5706 mortali.

2429 5815 2440 5825 ο
2496 5818 2592 5835 ο,-
