4004 6198
557 299 660 361 571

1617 311 1897 371 JOANNIS
1934 314 2255 373 CASSIANI
2295 315 2780 373 COLLATIONES.

3722 308 3840 364 ΞΠ

559 419 615 476 in
642 422 915 479 anteriore
958 425 1371 480 conversatione
1405 430 1696 494 contraxit,
1729 445 2008 485 universas
2043 431 2139 485 ab-
2163 441 2218 500 Α
2239 434 2308 487 vit
2334 449 2450 488 eum
2479 431 2666 504 (Psal.
2699 431 2925 504 χχχιιι).
2971 433 3037 488 Et
3078 433 3275 488 iterum
3313 449 3328 486 :
3359 432 3567 505 Pauper
3591 442 3639 488 et
3662 428 3831 508 inops

558 519 711 590 ilciat
731 527 892 591 atque
913 520 1208 592 dispergat,
1229 536 1348 592 qua:
1376 525 1590 593 corpori
1637 535 1798 595 atque
1831 526 2026 580 animae
2051 527 2141 596 ju-

561 614 697 684 giter
722 615 1064 670 cohaerentes
1093 601 1308 683 proprie
1337 624 1535 671 nostrae
1565 630 1712 684 sunt,
1745 634 1808 673 ac
1837 620 1937 676 nisi
1967 620 2143 676 adhuc

563 705 618 760 in
649 707 750 760 hoc
796 720 1027 772 corpore
1069 706 1383 762 constitutis
1415 708 1572 764 nobis
1602 709 1826 782 abjectat
1852 713 2050 767 fuerint
2087 719 2145 768 et

562 799 840 867 abscissae,
861 800 1022 853 etiam
1053 808 1174 867 post
1197 801 1476 856 excessum
1502 816 1601 858 nos
1634 819 1739 858 non
1767 805 2017 860 desinent
2045 820 2141 860 co-

565 891 780 945 mitari:
816 903 872 945 ut
900 891 1045 946 enim
1069 891 1320 959 virtutes,
1355 895 1441 950 vel
1478 897 1594 965 ipsa
1622 899 1881 964 charitas,
1909 913 2028 969 quae
2053 913 2145 954 ea-

561 1001 681 1040 rum
709 986 828 1041 fons
852 996 956 1052 est,
991 987 1045 1043 in
1073 988 1177 1044 hoc
1215 991 1413 1046 saeculo
1441 993 1778 1062 conquisita,
1812 1007 1934 1064 post
1979 995 2141 1051 linem

561 1094 772 1149 quoque
804 1079 963 1151 hujus
995 1082 1122 1136 vitae
1152 1082 1437 1152 pulchrum
1470 1099 1532 1140 ac
1566 1086 1906 1155 splendidum
1939 1096 2143 1142 amato-

563 1188 676 1228 rem
695 1187 853 1228 snum
876 1175 1086 1234 reddit:
1112 1175 1186 1231 ita
1208 1177 1374 1231 avitia
1396 1178 1724 1234 obfuscatam
1750 1180 2144 1250 quodammodo

562 1275 800 1320 mentem
831 1266 1107 1322 coloribus
1159 1268 1346 1334 tetris,
1378 1271 1444 1324 ad
1477 1271 1624 1324 illam
1667 1263 1959 1340 perennem
1998 1288 2144 1328 com-

564 1359 924 1413 morationem
970 1359 1329 1432 infectamque
1349 1365 1740 1418 transmittunt.
1792 1364 2143 1421 Pnlchritudo

562 1450 707 1503 enim
736 1450 820 1504 vel
846 1449 1056 1506 lmditas
1080 1455 1292 1517 animae,
1330 1455 1589 1509 virtutum
1636 1470 1732 1510 seu
1770 1457 2026 1511 vitiorum
2064 1459 2141 1524 gi-

565 1541 748 1610 gnitur
776 1544 1059 1612 qualitate.
1109 1546 1182 1599 Ex
1213 1546 1408 1614 quibus
1443 1548 1657 1617 quidam
1687 1558 1943 1604 attractus
1969 1552 2141 1618 color,

564 1646 656 1690 aut
689 1638 758 1690 ita
793 1637 1126 1706 splendidam
1184 1653 1302 1693 eam
1356 1641 1535 1695 reddit
1573 1655 1634 1695 ac
1681 1642 1982 1710 pulchram,
2017 1653 2075 1696 ut
2112 1659 2142 1697 a

565 1729 833 1798 Propheta
869 1739 1144 1784 mereatur
1172 1731 1380 1796 audire,
1413 1731 1480 1785 Et
1520 1735 1841 1801 concupiscet
1867 1751 1959 1788 rex
1985 1733 2140 1788 deco-

2247 526 2482 580 laudabit
2509 542 2694 579 nomen
2717 537 2862 579 tuum
2889 527 2907 596 (
2933 514 3079 580 Psal.
3106 525 3322 595 Lxxm).
3360 525 3495 580 Sunt
3524 528 3683 580 etiam
3723 528 3834 581 ὺοο

2246 634 2352 684 nm,
2385 633 2518 688 quas
2547 619 2845 688 acquisisse
2880 631 3086 689 magna:
3121 618 3337 673 virtutis
3379 632 3440 672 ac
3485 618 3665 673 meriti
3701 630 3787 673 esr
3812 659 3832 682 ,

2244 727 2379 782 quas
2401 712 2484 766 vir
2502 711 2680 781 justus
2703 713 2985 780 possidens
3009 712 3364 775 collaudatur,
3388 712 3598 766 dicente
3615 712 3790 766 David
3817 729 3833 766 :

2245 802 2817 878 Generatiorrectorum
2853 805 3195 870 benedicatur,
3243 805 3412 878 gloria
3453 812 3505 858 et
3538 805 3730 860 divitia:
3772 807 3834 859 in

2245 899 2397 951 domo
2425 877 2559 965 ejus,
2599 906 2649 950 et
2667 898 2872 967 justitia
2915 899 3027 967 ejus
3054 907 3223 952 manet
3249 877 3316 951 in
3357 899 3603 951 saculum
3643 899 3836 951 saeculi

2245 987 2433 1059 (Psal.
2464 987 2606 1058 cu).
2646 989 2711 1041 Et
2739 990 2930 1042 iterum
2961 1005 2973 1041 :
3007 998 3030 1027 ο
3059 988 3359 1059 Βεάειιιριὶο
3381 990 3567 1042 anima:
3593 989 3687 1042 viri
3706 1006 3835 1060 pro-

2247 1084 2375 1152 pria:
2395 1083 2586 1136 divitia:
2607 1079 2875 1150 (Proverb.
2894 1079 3032 1152 xm).
3061 1079 3137 1135 De
3159 1079 3354 1149 quibus
3374 1080 3574 1136 divitiis
3597 1082 3648 1135 in
3680 1085 3836 1149 Apo-

2248 1175 2453 1246 calypsi
2479 1174 2677 1228 dicitur
2704 1173 2778 1227 illi
2799 1174 2890 1244 qui
2916 1189 3007 1227 eas
3030 1188 3134 1229 non
3161 1173 3367 1229 habens
3391 1173 3836 1244 vituperabiliter

2247 1281 2452 1337 pauper
2475 1273 2530 1320 et
2551 1263 2729 1319 nudus
2749 1275 2868 1320 est:
2895 1263 3152 1334 Incipiam
3179 1274 3246 1331 te,
3283 1265 3471 1336 inquit,
3505 1281 3730 1320 evomere
3760 1284 3836 1322 ea:

2248 1373 2336 1412 ore
2361 1373 2493 1422 meo,
2521 1358 2642 1428 quia
2671 1357 2798 1410 dicis
2825 1356 2963 1428 quod
2992 1357 3129 1412 dives
3151 1374 3266 1412 sum
3292 1366 3338 1410 et
3361 1358 3604 1427 locuples,
3633 1370 3681 1412 et
3702 1359 3836 1412 nul-

2249 1452 2350 1506 lius
2379 1467 2498 1522 egeo
2521 1457 2618 1514 ,‘et
2651 1451 2814 1504 nescis
2848 1452 2967 1519 quia
2993 1460 3045 1503 tu
3077 1467 3129 1504 es
3168 1453 3320 1506 miser
3360 1459 3408 1504 et
3442 1452 3747 1507 miserabilis
3775 1464 3835 1507 et

2249 1561 2442 1615 pauper
2461 1555 2507 1599 et
2529 1559 2689 1599 circus
2709 1554 2756 1599 et
2781 1544 2980 1608 nudus;
2996 1545 3184 1598 suadeo
3205 1545 3346 1598 tibia
3366 1561 3444 1598 me
3463 1561 3614 1599 emere
3632 1562 3834 1601 aurum

2246 1641 2468 1709 Ignitum
2489 1638 2775 1709 probatum,
2805 1649 2860 1690 ut
2889 1637 3115 1709 locuples
3145 1639 3263 1707 ﬁas,
3294 1648 3340 1693 et
3358 1642 3660 1694 vestimentis
3685 1640 3835 1694 albis

2247 1731 2507 1796 lnduaris,
2549 1740 2596 1783 et
2638 1747 2737 1783 non
2769 1740 3016 1800 appareat
3053 1731 3290 1799 confusio
3333 1731 3581 1785 nuditatis
3625 1733 3828 1802 (Apoc.

565 1839 672 1874 rem
704 1836 846 1874 tuum
901 1821 1070 1894 (Psal.
1116 1824 1304 1892 xuv);
1354 1835 1445 1875 aut
1481 1837 1627 1878 certe
1678 1834 1875 1889 atram,
1919 1825 2139 1878 fetidam
2174 1832 2218 1890 Β
2251 1821 2362 1888 ιιι).
2407 1821 2541 1874 Sunt
2569 1835 2783 1890 quoque
2827 1821 3038 1885 mediae,
3071 1821 3122 1874 id
3165 1832 3269 1887 est,
3314 1836 3431 1890 qua:
3473 1830 3702 1890 possunt
3742 1827 3834 1878 vel

565 1922 726 1983 atque
758 1913 1078 1978 deformem,
1113 1914 1184 1967 ita
1215 1923 1271 1967 ut
1299 1915 1471 1984 ipsum
1511 1914 1743 1970 fetorem
1786 1918 2016 1986 propria:
2046 1916 2146 1972 fos-

568 2005 756 2059 ditatis
798 2007 912 2074 ipsa
967 2007 1290 2061 conﬁteatur
1339 2014 1395 2061 et
1421 2005 1587 2072 dicat,
1641 2007 2070 2078 Computruerunt
2100 2014 2179 2062 et“

567 2107 824 2166 corrupta:
851 2107 971 2150 sunt
999 2099 1261 2152 cicatrices
1289 2113 1414 2152 mea:
1456 2115 1488 2151 a
1532 2099 1663 2168 facie
1692 2101 1994 2171 insipientia
2022 2116 2148 2155 mete

567 2187 741 2257 (Psal.
774 2186 998 2259 xxxvii).
1024 2189 1145 2258 ipse
1170 2205 1386 2261 quoque
1413 2189 1676 2245 Dominus
1695 2191 1761 2245 ad
1781 2207 1896 2246 eam
1929 2191 2141 2260 (Jerem.

567 2282 723 2349 vttt):
758 2280 951 2350 Quare,
986 2283 1178 2352 inquit,
1231 2300 1334 2336 non
1374 2293 1450 2337 est
1495 2284 1718 2338 obducta
1768 2287 1983 2339 cicatrix
2019 2286 2149 2354 ﬁlia:

567 2373 748 2443 papuli
770 2375 913 2428 mei?
940 2373 1007 2428 Et
1035 2373 1238 2429 idcirco
1266 2373 1350 2428 hae
1383 2383 1506 2429 sunt
1545 2376 1775 2444 propriae
1821 2385 2022 2430 nostrae
2067 2379 2150 2432 di-

568 2468 732 2530 vitiae,
762 2483 882 2535 quae
932 2483 1054 2522 cum
1094 2468 1272 2522 anima
1316 2468 1516 2537 jugiter
1558 2479 1982 2536 commorantur,
2015 2486 2148 2538 quas

569 2559 727 2613 nobis
760 2560 937 2613 nullus
989 2575 1197 2629 regum,
1231 2561 1413 2614 nullus
1455 2560 1716 2625 hostium,
1771 2579 1870 2617 nec
1898 2564 2148 2619 conferre

568 2653 785 2721 poterit,
817 2668 914 2707 nec
942 2652 1178 2709 auferre.
1210 2652 1237 2693 ι’
1269 2655 1360 2708 Hae
1385 2665 1511 2710 sunt
1538 2658 1770 2726 propria:
1800 2658 2006 2712 divitiae
2053 2672 2150 2712 no-

568 2755 722 2810 strac,
751 2759 883 2813 quas
910 2761 977 2799 ne
1009 2745 1128 2814 ipsa
1157 2746 1378 2813 quidem
1431 2761 1581 2802 mors
1616 2749 1815 2803 valebit
1862 2748 1928 2803 ab
1969 2749 2148 2803 anima

570 2853 843 2908 separare,
875 2839 1074 2908 quibus
1110 2840 1199 2894 vel
1228 2844 1602 2896 renuntiantes
1644 2843 1710 2896 ad
1749 2835 2144 2910 perfectionem

573 2944 858 2998 possumus
910 2933 1235 3002 pervenire,
1297 2934 1381 2988 vel
1450 2935 1635 3004 illigati
1707 2945 1906 2991 mterna
1970 2945 2146 2990 morte

573 3023 840 3078 mulctari.

1007 3171 1015 3180 κ
1172 3114 1401 3172 CAPUT
1445 3117 1535 3171 IX.

886 3205 965 3259 De
991 3208 1252 3276 tripartito
1291 3225 1473 3279 genere
1509 3210 1824 3264 divitiarum.

645 3296 937 3368 Tripartito
957 3299 1101 3354 enim
1136 3300 1297 3354 modo
1329 3300 1380 3353 in
1408 3302 1698 3370 Scripturis
1722 3300 1924 3357 sanctis
1947 3301 2148 3356 intelli-

571 3403 771 3462 guntur
811 3393 1034 3461 divitiae,
1078 3395 1129 3448 id
1157 3404 1264 3457 est,
1305 3394 1482 3460 malae,
1517 3395 1693 3465 bonae,
1740 3397 1950 3451 mediae.
1999 3396 2147 3450 Malae

572 3485 788 3555 quidem
831 3493 956 3540 sunt
999 3486 1068 3541 de
1105 3486 1301 3556 quibus
1325 3486 1554 3553 dicitur,
1583 3484 1777 3542 Divites
1810 3500 2057 3559 eguerunt
2102 3499 2150 3542 et

572 3579 863 3632 esurierunt
887 3577 1061 3650 (Psal.
1092 3578 1315 3649 sum).
1346 3577 1432 3646 Et,
1479 3577 1571 3633 ινω
1597 3580 1759 3649 vobis,
1793 3581 1995 3647 divites,
2030 3583 2152 3651 quia

572 3675 831 3747 recepistis
884 3665 1291 3748 consolationem
1338 3685 1557 3728 vestram
1600 3673 1800 3744 (Luca:
1845 3669 1958 3745 vt).
2005 3675 2149 3744 Quas

571 3769 733 3822 etiam
773 3766 990 3822 divitias
1035 3767 1303 3836 abjecisse
1348 3782 1560 3822 summa
1608 3766 1871 3836 perfectio
1911 3777 2014 3822 est.
2068 3767 2147 3822 Ad

572 3875 798 3928 quarum
827 3858 1231 3914 distinctionem
1259 3867 1385 3914 sunt
1411 3873 1671 3928 pauperes
1694 3859 1771 3913 illi
1789 3859 1880 3929 qui
1905 3862 1956 3912 in
1977 3859 2151 3913 Evan-

573 3951 715 4020 gelio
738 3951 949 4005 Domini
978 3966 1110 4006 voce
1133 3951 1455 4006 laudantur:
1481 3949 1630 4005 Beati
1660 3968 1913 4019 pauperes
1941 3953 2151 4020 spiritu,

571 4045 816 4113 quoniam
845 4043 1078 4113 ipsorum
1103 4052 1178 4096 est
1205 4058 1424 4113 regnum
1451 4043 1691 4097 caelorum
1722 4041 1954 4114 (Matth.
1980 4040 2062 4110 v).
2090 4043 2156 4096 Et

571 4136 626 4190 in
655 4136 870 4190 Psalmo
893 4153 906 4188 :
932 4133 1041 4190 Iste
1074 4146 1268 4204 pauper
1297 4136 1556 4195 clamavit.
1581 4144 1630 4188 et
1660 4134 1913 4187 Dominus
1938 4134 2155 4186 exaudi-

2253 1912 2406 1965 bonaa
2451 1926 2571 1965 esse
2607 1912 2693 1965 vel
2733 1911 2907 1964 malae.
2957 1911 3039 1966 Ad
3086 1921 3369 1987 utramque
3422 1914 3568 1967 enim
3620 1923 3834 1982 partem

2252 2018 2350 2075 pro
2374 2003 2596 2056 arbitrio
2623 2005 2703 2057 vel
2728 2005 2985 2073 qualitate
3009 2006 3270 2060 utentium
3293 2005 3725 2071 transferuntur;
3756 2009 3833 2062 de

2246 2095 2444 2166 “uibus
2476 2096 2659 2149 beatus
2682 2097 2997 2163 Apostolus,
3029 2095 3300 2162 Divitibus,
3336 2098 3430 2165 ait,
3459 2098 3640 2150 mundi
3667 2098 3836 2167 hujus

2252 2189 2474 2258 prrecipe
2505 2205 2606 2242 non
2635 2189 2848 2242 sublime
2867 2206 3063 2257 sapere.
3089 2207 3182 2244 nec
3209 2207 3414 2261 sperare
3435 2192 3490 2244 in
3517 2192 3704 2245 incerto
3732 2194 3832 2245 di-

2249 2267 2511 2347 vitiarum,
2548 2283 2636 2336 sed
2667 2285 2718 2336 in
2748 2283 2876 2346 Deo,
2908 2286 2994 2354 qui
3017 2281 3224 2356 prtestat
3249 2284 3392 2336 nobis
3417 2282 3618 2336 abunde
3656 2287 3842 2339 omnia

2254 2377 2322 2428 ad
2345 2376 2775 2446 fruendum;bene
2797 2377 2983 2447 facere.
3001 2377 3152 2445 facile
3177 2361 3413 2439 ‘ribuere,
3429 2377 3835 2438 communicare,

2258 2468 2599 2521 thesaurizare
2622 2468 2716 2520 sibi
2755 2469 3140 2535 fundamentum
3176 2466 3361 2519 bonum
3393 2467 3444 2518 in
3473 2466 3731 2535 futurum,
3776 2477 3842 2520 ut

2255 2563 2643 2630 anpreltendant
2683 2576 2848 2614 veram
2887 2561 3044 2614 vitam
3069 2558 3121 2630 (1
3147 2557 3286 2613 Tim.
3315 2557 3421 2630 vr).
3449 2557 3592 2623 Quas
3622 2559 3835 2614 iterum

2211 2663 2214 2666 '
2256 2654 2406 2708 dives
2439 2655 2528 2708 ille
2553 2653 2607 2707 in
2636 2652 2930 2722 Evangelio
2957 2653 3215 2713 retinens.
3245 2665 3308 2705 ac
3329 2663 3660 2720 nequaquam
3691 2648 3843 2705 indi-

2253 2746 2507 2814 gentibus
2563 2744 3010 2808 subministratis,
3051 2741 3118 2796 de
3162 2742 3317 2810 cujus
3371 2739 3526 2795 micis
3598 2743 3840 2795 saturari

2255 2853 2458 2906 pauper
2489 2837 2728 2890 Lazarus
2770 2844 2896 2890 ante
2924 2834 3064 2888 fores
3089 2833 3207 2902 eius
3234 2833 3517 2900 expositus
3545 2833 3837 2901 cupiebat,

2253 2929 2609 2984 intolerandis
2637 2927 2895 2997 gehennar
2939 2925 3178 2995 ignibus,
3215 2934 3271 2980 et
3298 2936 3506 2980 aeterno
3543 2924 3840 2994 deputatur

2257 3021 2435 3077 ardori
2467 3023 2488 3092 (
2508 3021 2658 3079 Lacte
2683 3017 2822 3092 xvi).

2881 3111 3108 3169 CAPUT
3147 3112 3216 3168 X.

2173 3207 2221 3273 C
2253 3206 2382 3264 Non
2423 3221 2570 3279 posse
2613 3187 2922 3279 quemquam
2970 3206 3135 3272 primo
3161 3212 3386 3279 tantum
3442 3205 3846 3259 renuntiationis

2727 3278 2894 3346 gradu
2918 3292 3025 3330 esse
3051 3278 3352 3347 perfectum.

2327 3391 2434 3446 Has
2474 3391 2635 3460 igitur
2667 3390 2913 3444 visibiles
2953 3389 3140 3444 mundi
3167 3388 3385 3443 divitias
3420 3389 3787 3458 relinquentes
3817 3430 3833 3452 ,

2252 3500 2364 3542 non
2389 3495 2621 3548 nostras,
2651 3483 2744 3538 sed
2773 3483 2976 3537 alienas
2998 3481 3280 3550 abjicimus
3321 3481 3618 3544 facultates,
3643 3495 3844 3548 quam-

2259 3579 2337 3632 vis
2369 3593 2457 3632 eas
2480 3576 2772 3647 gloriemur
2795 3575 2877 3630 vel
2901 3583 3086 3629 nostro
3117 3573 3302 3627 labore
3321 3573 3594 3643 qumsitas,
3623 3570 3710 3625 vel
3742 3586 3846 3640 pa-

2253 3681 2474 3728 rentum
2503 3669 2571 3724 ad
2599 3683 2694 3724 nos
2725 3667 3038 3724 haereditate
3066 3666 3432 3720 transmissas.
3466 3664 3602 3720 Nihil
3648 3665 3794 3718 enim
3823 3706 3840 3728 ,

2262 3774 2321 3818 ut
2358 3764 2487 3829 dixi,
2531 3771 2772 3817 nostrum
2811 3767 2916 3824 est,
2950 3757 3049 3812 nisi
3089 3757 3192 3812 hoc
3229 3765 3440 3812 tantum
3483 3754 3625 3826 quod
3671 3754 3846 3809 corde

2261 3869 2597 3925 possessum,
2622 3863 2778 3922 atque
2800 3851 2993 3904 animm
3017 3856 3220 3902 nostrae
3243 3847 3546 3909 cohaarens,
3569 3860 3597 3899 a
3619 3847 3845 3900 nemine

2265 3954 2440 4019 potest
2469 3947 2687 4015 prorsus
2714 3943 2936 3999 auferri.
2965 3942 3044 3998 De
3075 3942 3179 3996 illis
3208 3951 3389 3996 autem
3420 3939 3720 3995 visibilibus
3749 3939 3837 3991 di—

2263 4041 2409 4094 vitiis
2433 4038 2500 4093 ad
2527 4052 2620 4093 eos
2647 4037 2737 4106 qui
2761 4035 2882 4090 illas
2903 4043 3174 4103 tamquam
3200 4034 3448 4103 pr0prias
3475 4040 3841 4098 retentantes,

2265 4133 2664 4187 communicare
2708 4129 3074 4200 indigentibus
3104 4130 3322 4196 nolunt,
3348 4129 3629 4198 increpans
3660 4125 3842 4196 loqui-

1633 4271 1890 4327 ALABDI
1926 4269 2158 4327 GAZEI
2195 4267 2767 4326 COMMENTARIUS.

648 4398 674 4427 ι
697 4387 980 4456 Quomodo
1007 4388 1156 4452 vitia,
1185 4389 1308 4443 sive
1337 4395 1553 4454 peccata
1583 4386 1864 4442 obfuscent
1893 4386 2155 4456 quodam-

573 4457 735 4518 modo
758 4459 959 4532 (idest,
980 4459 1368 4532 ntetaphorice)
1410 4469 1618 4532 mentes
1647 4467 1860 4532 nostras
1879 4459 2152 4532 coloribus

570 4533 748 4600 tetris,
767 4528 1032 4586 videndus
1053 4528 1137 4584 est
1156 4531 1220 4586 D.
1249 4529 1488 4584 Thomas
1509 4528 1684 4584 Prima
1700 4529 1983 4600 Secundae,
2009 4545 2153 4598 quae-

572 4597 749 4671 stione
777 4603 1104 4670 octogesima
1136 4613 1306 4665 sexta,
1361 4600 1450 4654 ubi
1508 4601 1647 4655 inter
1693 4597 1916 4655 cli‘v-zctus
1948 4597 2152 4669 peCcati

570 4676 727 4745 ponit
765 4675 1053 4735 maculam,
1087 4688 1207 4739 quas
1225 4685 1300 4745 ex
1332 4679 1551 4738 peccato
1573 4671 2002 4745 contrahiturin
2031 4673 2148 4745 ani-

570 4742 681 4808 iua,
713 4745 837 4798 dum
889 4745 1062 4797 nitore
1108 4743 1326 4798 luminis
1378 4742 1635 4796 naturalis
1673 4750 1725 4795 et
1755 4742 2045 4809 splendore
2070 4742 2151 4795 di-

569 4820 714 4896 yinai
736 4814 919 4895 gratiae
949 4815 1206 4895 privatur.
1257 4812 1409 4896 Unde
1457 4812 1730 4896 scriptura
1765 4814 1963 4896 passim
1991 4812 2151 4866 docet
2174 4837 2230 4896 Β

571 4885 843 4940 hominem
878 4885 1144 4953 inquinari
1176 4885 1430 4954 peccatis,
1460 4895 1514 4937 et
1542 4885 1713 4952 ipsum
1734 4893 2007 4950 peccatum
2038 4898 2148 4937 me-

570 4958 840 5027 tonymice
875 4966 1033 5009 vocat
1081 4953 1567 5027 inquinamentum,
1613 4953 1827 5015 sordes,
1859 4953 2146 5027 maculam.

570 5025 862 5081 Denteron.
896 5041 1045 5080 xxxu
1077 5044 1087 5078 :
1127 5025 1471 5080 Peccauerunt
1519 5025 1585 5087 ei,
1635 5036 1683 5078 et
1708 5041 1810 5078 non
1841 5026 1940 5093 ﬁlii
1961 5026 2070 5094 ejus
2100 5026 2153 5078 in

567 5099 826 5152 sordibus.
850 5096 951 5150 lsa.
992 5112 1042 5150 tv
1071 5113 1086 5148 :
1112 5097 1171 5151 Si
1199 5097 1415 5150 abfuerit
1444 5094 1698 5149 Dominus
1723 5097 1896 5151 sordes
1923 5097 2153 5164 ﬁliarum

499 5177 512 5230 f
570 5169 720 5223 Sion.
770 5170 972 5223 Ezech.
1025 5184 1236 5224 xxxvi:
1285 5165 1570 5233 Effundam
1623 5183 1777 5235 super
1829 5183 1916 5221 vos
1970 5185 2154 5233 aquam

494 5268 504 5285 η.
571 5239 838 5302 mundam,
867 5249 915 5292 et
957 5239 1332 5293 mundabimini
1371 5237 1432 5290 ab
1477 5237 1712 5290 omnibus
1757 5239 2154 5305 inquinamentis

569 5315 766 5366 vestris.
799 5311 998 5378 Ephes.
1031 5326 1060 5359 ν
1088 5332 1100 5366 :
1135 5309 1202 5365 Ut
1244 5309 1499 5364 exhiberet
1528 5309 1625 5362 sibi
1663 5306 1946 5381 gloriosam
1977 5308 2153 5362 Eccle-

499 5427 503 5431 .
567 5382 722 5445 siam,
755 5398 858 5435 non
879 5382 1144 5436 habentem
1176 5397 1377 5450 rugam,
1406 5395 1568 5448 neque
1595 5379 1869 5431 maculam.

499 5450 508 5492 τ
639 5451 666 5489 δ
702 5453 945 5518 Peccata,
977 5453 1204 5515 scilicet,
1229 5449 1286 5506 et
1305 5450 1432 5504 vitia
1465 5451 1514 5503 in
1548 5449 1748 5504 saeculo
1772 5456 2069 5515 contracta,
2098 5458 2152 5504 et

568 5522 622 5576 in
655 5525 835 5577 anima
867 5519 1133 5586 tamquam
1169 5521 1220 5574 in
1252 5521 1452 5575 scrinio
1475 5521 1772 5584 recondita,
1817 5534 1912 5586 per
1942 5530 2149 5584 reatum

566 5593 779 5648 sciiicet
800 5587 855 5648 et
875 5593 1155 5648 maculam.
1175 5592 1404 5659 Divitia-,
1431 5594 1665 5661 inquam,
1692 5599 1837 5651 sunt,
1856 5590 1948 5642 sed
1972 5589 2148 5655 inulte,

568 5673 627 5716 ut
658 5667 878 5730 exponit
901 5663 1144 5731 sequenti
1186 5678 1328 5730 cap..
1362 5673 1416 5716 et
1441 5674 1638 5715 nostra:
1668 5661 1896 5721 divitiae,
1926 5675 2059 5731 quas
2086 5676 2151 5713 ex

567 5734 748 5797 nobis,
779 5733 829 5786 id
853 5743 952 5794 est,
980 5729 1185 5786 nOstt-a:
1210 5733 1498 5785 voluntatis
1533 5733 1758 5784 arbitrio
1785 5729 2153 5784 c0ntrahitnus

569 5812 627 5856 et
659 5816 1062 5863 coacervamus.
1106 5802 1264 5862 juxta
1314 5803 1489 5856 illud:
1534 5801 1767 5855 Perditio
1797 5813 1887 5856 tua
1911 5818 1976 5857 ea:
2013 5812 2081 5867 te,
2124 5818 2153 5855 ο

2259 4385 2444 4440 Israel.
2481 4382 2823 4452 liucrel’erri
2865 4391 3046 4453 potest
3091 4383 3219 4438 illud
3270 4381 3424 4439 Pauli
3465 4383 3530 4438 ad
3571 4381 3730 4436 Rom.
3759 4395 3795 4436 ιι
3828 4403 3846 4437 ;

2263 4454 2553 4513 Secundum
2583 4453 2833 4508 duritiam
2867 4466 3028 4514 tuam,
3059 4464 3106 4508 et
3134 4455 3453 4524 impaenitens
3475 4469 3602 4524 cor,
3622 4453 3848 4504 thesau-

2260 4530 2390 4581 rizas
2431 4528 2520 4580 tibi
2549 4528 2684 4579 iram
2715 4527 2769 4579 in
2807 4527 2890 4579 die
2922 4527 3015 4580 ira:
3046 4534 3092 4580 et
3125 4522 3442 4579 reuelationis
3475 4522 3603 4592 justi
3636 4524 3852 4593 judicii

2250 4596 2376 4724 ρεὶ,
2423 4599 2510 4667 qui
2548 4598 2726 4652 reddet
2766 4599 3039 4666 unicuique
3079 4604 3359 4652 secundum
3404 4611 3554 4665 opera
3589 4593 3740 4661 ejus;
3781 4607 3850 4649 et

2289 4669 2439 4723 acobi
2472 4685 2532 4723 v:
2568 4669 2972 4723 Thesaurizastis
2999 4668 3135 4721 vobis
3165 4669 3298 4722 iram
3337 4669 3390 4720 in
3411 4664 3699 4719 novissimis
3726 4665 3849 4717 die-

2289 4664 2444 4723 acobi
2472 4685 2532 4723 v:
2568 4664 2972 4723 Thesaurizastis
2999 4668 3135 4721 vobis
3165 4669 3298 4722 iram
3337 4669 3390 4720 in
3411 4664 3699 4719 novissimis
3726 4665 3849 4717 die-

2251 4743 2364 4794 bus.
2394 4739 2705 4795 Tbesaurus
2737 4741 2996 4809 siquidem
3025 4739 3374 4809 congregatio
3419 4747 3502 4792 est
3523 4747 3628 4809 tarn
3668 4734 3844 4788 bona-

2256 4827 2373 4864 rum
2422 4826 2602 4864 rerum
2660 4805 2818 4878 quam
2873 4805 3157 4864 malarum:
3215 4805 3354 4863 llinc
3398 4808 3536 4878 apud
3563 4805 3784 4861 Graecos
3817 4824 3838 4860 :

2255 4883 2784 4958 θωαὲρὸςκροεῶνση-
3069 4952 3080 4958 -
3176 4950 3207 4958 ..
3590 4947 3618 4958 _.

2334 4904 2419 4936 ταν
2457 4903 2512 4942 ος
2539 4903 2727 4938 statuant.

2334 4963 2357 4990 ο
2397 4901 2472 5006 [ξιξ
2503 4952 2870 5018 spiritualibus
2898 4966 2961 5006 ac
2981 4950 3293 5005 coelestibus
3321 4947 3524 5004 divitiis
3550 4947 3706 5001 etiam
3737 4961 3805 5000 ex
3825 4977 3846 4991 -

2258 5025 2498 5095 puniti).
2537 5023 2925 5095 Hieronymuj,
2949 5032 3007 5075 ut
3037 5023 3120 5075 hic
3152 5021 3318 5075 abbas
3339 5039 3365 5095 _:
3389 5018 3685 5095 ΔΙξοδειιηιιιξ
3707 5019 3843 5086 qui-

2256 5088 2394 5160 dem,
2421 5094 2592 5163 inquit
2615 5096 2632 5161 (
2660 5088 2828 5165 Epist.
2869 5092 2994 5160 59),
3018 5095 3257 5161 proprias
3277 5091 3502 5165 (divitias
3524 5088 3839 5165 intelligere,

2295 5183 2373 5219 ua?
2410 5160 2513 5218 non
2544 5166 2605 5218 de
2627 5160 2824 5224 alieno,
2869 5179 2984 5234 noni
3013 5160 3075 5214 de
3116 5164 3312 5234 rapinis
3341 5171 3492 5234 sunt,
3519 5160 3666 5234 juxta
3698 5160 3838 5234 illud

2295 5183 2373 5219 ua?
2410 5183 2513 5218 ηοιι
2544 5183 2605 5218 ac
2634 5183 2824 5224 auena,
2869 5183 2971 5216 non
3013 5183 3075 5214 ae
3116 5183 3312 5234 ταριηιε
3341 5183 3492 5225 δυηι,
3519 5183 3664 5228 ιυιιὶι
3699 5183 3838 5212 quu

2256 5183 2534 5359 il’roverb.
2557 5235 2649 5358 Ill)
2673 5254 2684 5288 ε
2711 5234 2928 5288 Honora
2951 5233 3234 5286 Dominum
3255 5233 3319 5287 de
3341 5234 3440 5286 tuis
3463 5231 3622 5311 justis
3649 5228 3843 5310 labori-

2295 5325 2383 5359 us:
2412 5306 2499 5359 sed
2543 5324 2619 5359 me
2645 5309 2722 5359 ior
2751 5315 2827 5359 est
2867 5306 3230 5359 intelliacntia.
3264 5314 3317 5357 ut
3347 5305 3554 5356 divitias
3592 5315 3841 5359 proprias

2295 5325 2383 5371 us;
2412 5306 2499 5360 sed
2543 5301 2722 5360 melior
2751 5315 2827 5359 est
2867 5306 3230 5373 intelligentia,
3264 5314 3317 5357 ut
3347 5301 3554 5356 divitias
3592 5301 3841 5371 proprias

2259 5394 2628 5448 cognoscamus
2656 5377 2920 5448 thesauros
2949 5375 3300 5448 absconditos,
3321 5390 3459 5448 (quos
3490 5387 3582 5448 n_e_c
3605 5373 3690 5439 fur
3720 5386 3842 5437 pos-

2252 5443 2632 5517 ;it'sulfodere,
2665 5465 2753 5501 nec
2783 5447 2918 5500 latro
2961 5446 3214 5500 uiolentus
3257 5447 3468 5517 eripere.
3505 5443 3593 5517 _Sic
3637 5455 3842 5517 nempe

2255 5510 2392 5586 apud
2417 5510 2732 5574 ⁷Μίιῑιιιιιὲιιιη
2769 5519 3026 5571 Dominus
3066 5518 3230 5571 dicit:
3262 5510 3438 5568 Nolite
3483 5510 3841 5586 thesauriaare

2255 5583 2388 5644 vobis
2415 5589 2679 5646 thesauros
2703 5593 2755 5642 in
2785 5597 2943 5657 terra,
2974 5587 3061 5640 ubi
3087 5596 3334 5660 terugog
3369 5588 3511 5660 tinea,
3534 5583 3837 5644 demolitur,

2255 5673 2304 5714 et
2332 5664 2413 5716 ubi
2438 5665 2576 5728 [ures
2606 5661 2854 5726 effodiunt
2887 5655 2938 5714 et
2965 5655 3230 5732 furantur.
3264 5655 3626 5711 Tltesaurizate
3657 5665 3843 5732 autem

2255 5733 2393 5797 vobis
2417 5737 2676 5786 thesauros
2707 5733 2759 5784 in
2785 5733 2932 5794 coelo,
2965 5730 3050 5783 ubi
3088 5745 3250 5797 neque
3273 5743 3468 5797 mrugo,
3503 5741 3662 5794 neque
3689 5730 3840 5789 tinea

2257 5795 2550 5866 demolitur,
2581 5811 2627 5855 et
2653 5804 2736 5856 ubi
2763 5802 2902 5866 fures
2931 5817 3034 5856 non
3059 5795 3336 5865 clodium,
3369 5795 3460 5852 nec
3483 5797 3754 5860 furantur.

2951 5929 2956 5958 l
