4026 6204
149 320 260 393 s‘ts

905 340 1239 400 COLLATIO
1278 302 1461 399 lll.-—
1489 343 1579 398 ne
1622 341 1872 399 TRIBUS
1912 336 2703 408 ABRENUNTIATIONIBUS.

3331 338 3440 398 576

152 464 245 509 tur
269 453 571 513 Christus:
600 464 629 496 ⁸
656 454 721 516 Si
745 457 800 513 in
823 457 1008 514 alienis
1037 460 1217 529 ﬁdeles
1242 476 1344 513 non
1380 458 1586 527 fuistis:
1614 460 1753 529 quod
1780 462 1830 521 Α
1858 467 1911 533 et
1938 473 2064 511 mox
2100 458 2443 511 transituram
2487 455 2926 511 transcendentes
2958 454 3137 509 animo
3166 466 3229 509 ac
3254 462 3437 509 mente

152 560 385 606 vestrum
425 559 524 616 est,
565 551 679 624 quis
708 552 849 608 dabit
874 553 1014 608 vobis
1039 555 1058 625 (
1084 552 1233 608 Lacte
1262 570 1351 608 xvi
1370 554 1430 623 )‘i
1454 554 1751 608 Evidenter

156 642 330 711 igitur
362 642 462 697 has
502 642 717 699 divitias
761 644 965 700 alienas
1009 658 1152 710 esse,
1201 658 1307 699 non
1349 645 1521 698 solum
1561 645 1741 712 quoti-

158 734 327 789 diana
361 735 692 805 experientia
724 736 904 803 docet,
929 750 1117 791 verum
1150 736 1313 791 etiam
1343 738 1608 791 sententia
1640 737 1747 790 Do-

161 832 301 885 mini
352 831 467 900 ipsa
515 831 876 903 appellatione
923 830 1268 900 significavit.
1316 832 1393 887 De
1450 830 1751 885 visibilibus

160 935 300 975 vero
328 922 684 991 pessimisque
721 919 924 976 divitiis
964 918 1206 991 loquitur
1233 921 1430 978 Petrus
1460 921 1528 975 ad
1561 921 1747 976 Domi-

162 1028 296 1065 num
328 1011 500 1067 :Ecce
529 1030 621 1068 nos
655 1012 949 1084 reliquimus
978 1014 1173 1081 omnia,
1207 1023 1255 1067 et
1277 1015 1439 1070 secuti
1475 1030 1656 1069 sumus
1684 1025 1750 1081 te,

160 1104 293 1173 quid
320 1120 438 1177 ergo
464 1107 561 1159 erit
592 1108 735 1160 nobis
765 1105 996 1177 (Matth.
1025 1107 1194 1178 nx)?
1220 1110 1310 1177 qui
1351 1109 1542 1177 utique
1563 1108 1591 1146 δ
1622 1108 1755 1163 nihil

161 1199 397 1268 amplius
420 1214 580 1269 quam
609 1202 870 1255 vilissima
901 1204 1291 1273 conscissaque
1321 1204 1457 1258 retia
1481 1202 1757 1258 dimisisse

166 1300 489 1346 noscuntur.
522 1291 649 1360 Quae
679 1293 859 1347 omnia
891 1294 997 1348 nisi
1038 1295 1091 1349 in
1134 1296 1237 1350 hac
1279 1296 1757 1349 abrenuntiatione

162 1383 439 1449 vitiorum,
464 1401 585 1455 qua:
609 1402 735 1441 vere
764 1402 958 1457 magna
987 1397 1042 1442 et
1069 1403 1281 1442 summa
1308 1396 1411 1449 est.
1444 1387 1654 1442 fuerint
1677 1390 1757 1441 in-

168 1475 412 1541 tellecta,
453 1491 553 1531 nec
582 1478 886 1547 pretiosum
929 1478 1130 1549 aliquid
1170 1478 1509 1533 inveniemus
1538 1487 1756 1547 aposto-

162 1569 245 1624 los
270 1570 577 1641 reliquisse,
608 1586 707 1627 nec
728 1572 1017 1627 Dominum
1055 1573 1337 1634 habuisse,
1372 1582 1591 1643 propter
1614 1571 1757 1642 quod

164 1661 269 1715 illis
322 1670 527 1716 tantam
570 1663 927 1719 beatitudinis
969 1665 1200 1735 gloriam
1232 1665 1538 1734 largiretur,
1584 1674 1645 1717 ut
1688 1664 1755 1718 ab

164 1755 355 1808 eodem
389 1765 729 1810 mererentur
755 1756 943 1811 audire
974 1776 986 1810 :
1012 1754 1078 1812 In
1117 1759 1495 1830 regeneratione
1538 1774 1653 1810 cum
1676 1775 1756 1811 se-

1850 550 2233 619 despiciemus.
2260 550 2533 605 intuentes
2555 549 2855 613 dumtaxat,
2888 546 3187 601 Secundum
3209 543 3440 613 Apono-

1850 641 1983 705 lum,
2013 656 2118 693 non
2147 656 2209 694 ea
2231 657 2343 709 qua
2370 641 2624 704 videntur,
2649 641 2735 692 sed
2762 655 2877 709 qute
2909 655 3013 692 non
3041 638 3440 705 videntur;qu(:

1848 732 1986 785 enim
2015 732 2273 797 videntur,
2306 731 2613 801 temporalia
2643 736 2795 795 sunt;
2816 745 2930 799 qum
2950 740 3117 782 autem
3142 744 3243 781 non
3264 726 3440 781 viden-

1849 831 1952 888 tur,
1982 830 2177 875 azterna
2205 820 2277 892 (11
2308 817 2428 874 Cor.
2460 822 2565 891 tr):
2609 830 2670 874 ut
2706 820 2780 874 ita
2822 818 3039 873 demum
3076 819 3209 872 illud
3240 834 3439 885 supre-

1849 928 1996 967 mum
2031 928 2344 968 mereamur
2385 912 2577 967 audire
2608 912 2747 981 quod
2777 911 2977 965 dicitur
3020 910 3086 963 ad
3133 909 3401 963 Abraham
3433 959 3446 983 ,

1854 1003 1925 1057 Et
1951 1006 2064 1059 veni
2084 1007 2136 1058 in
2165 1013 2355 1057 terram
2378 1021 2531 1072 quam
2564 1003 2654 1056 tibi
2682 1013 3031 1056 monstravere
3064 999 3282 1069 (Cenes.
3314 1005 3445 1070 χιιῑ,

1853 1098 1959 1152 Per
1996 1098 2141 1167 quod
2173 1097 2451 1152 evidenter
2480 1096 2787 1151 ostenditur
2816 1096 2958 1166 quod
3004 1095 3110 1149 nisi
3157 1094 3278 1165 quis
3328 1104 3436 1150 tres

1853 1190 2160 1258 superiores
2190 1190 2311 1243 Illas
2336 1187 2833 1243 abrenuntiationes
2853 1187 3000 1240 omni
3025 1187 3220 1241 mentis
3245 1184 3439 1240 ardore

1855 1282 2177 1351 impleverit,
2212 1281 2281 1335 ad
2327 1291 2574 1349 quartum
2604 1280 2705 1335 ltoc
2745 1280 3031 1349 pervenire
3080 1294 3186 1333 non
3233 1278 3435 1349 possit,

1854 1374 1998 1444 quod
2039 1374 2497 1429 remunerationis
2534 1388 2599 1428 ac
2628 1372 2837 1443 praemii
2868 1373 2990 1427 vice
3019 1372 3197 1426 taliter
3244 1380 3441 1426 renun-

1856 1467 2009 1521 tianti
2038 1467 2313 1533 tribuitur,
2349 1468 2402 1523 id
2429 1475 2531 1528 est,
2562 1476 2618 1520 ut
2643 1480 2842 1521 terram
2873 1465 3308 1535 repromissionis
3330 1481 3442 1520 me-

1855 1569 2037 1615 reatur
2063 1562 2287 1626 intrare,
2320 1574 2660 1630 nequaquam
2691 1560 2793 1615 sibi
2834 1560 2943 1629 jam
2971 1562 3225 1614 vitiorum
3255 1560 3440 1630 spinas

1858 1664 1922 1706 ac
1966 1652 2195 1706 tribulos
2239 1653 2666 1722 germinantem,
2714 1667 2835 1722 quas
2890 1661 3012 1722 post
3062 1651 3437 1720 expulsionem

1858 1747 2164 1814 passionum
2189 1752 2499 1800 cunctarum
2528 1746 2758 1815 puritate
2782 1746 2962 1800 cordis
2995 1746 3048 1799 in
3078 1745 3181 1799 hoc
3211 1758 3442 1815 corpore

164 1846 298 1900 derit
327 1845 502 1901 Filius
524 1848 743 1902 hominis
764 1849 817 1903 in
835 1849 956 1904 sede
981 1853 1264 1924 majestatis
1284 1865 1413 1917 sua,
1440 1850 1678 1905 sedebitis
1709 1860 1757 1906 et
1787 1842 1835 1905 Β
1864 1839 2192 1908 Ροεδίάθῑυΐν
2225 1852 2381 1910 quam
2407 1855 2513 1894 "0“
2539 1840 2710 1894 Vinus
2738 1839 2823 1895 Vel
2854 1839 3118 1895 iﬂdusu‘ia
3150 1840 3443 1895 Ῑ³δοτθηίί⁵

162 1954 258 1992 vos
286 1955 440 2004 super
465 1941 612 1994 sedes
638 1941 926 2011 duodecim,
948 1945 1246 2013 judicantes
1279 1943 1555 1997 duodecim
1588 1944 1751 1998 tribus

165 2032 340 2090 Israel
365 2036 385 2106 (
405 2035 604 2107 Ibid.).
630 2037 688 2093 Si
714 2040 871 2107 igitur
892 2038 943 2092 bi
967 2039 1058 2108 qui
1088 2040 1326 2109 perfecte
1354 2050 1600 2095 terrenas
1624 2041 1753 2095 istas

164 2142 231 2181 ac
266 2128 509 2183 visibiles
548 2130 797 2185 abdicant
843 2132 1151 2197 facultates,
1187 2134 1349 2188 certis
1387 2149 1452 2188 ex
1482 2135 1661 2188 causis
1687 2134 1755 2187 ad

170 2220 324 2275 illam
368 2222 726 2291 apostolicam
756 2222 1069 2279 charitatem
1104 2223 1229 2297 [ΑΙ.
1273 2224 1611 2298 claritatem]
1631 2242 1754 2294 per-

168 2314 365 2368 venire
408 2328 515 2369 non
549 2324 793 2383 possunt,
833 2331 933 2370 nec
960 2316 1111 2369 illum
1142 2317 1515 2371 sublimiorem
1546 2332 1756 2387 pauco-

163 2418 404 2473 rumque
458 2406 742 2461 admodum
789 2408 1210 2463 renuntiationis
1257 2408 1481 2478 gradum
1535 2411 1752 2465 tertium

165 2497 429 2565 expedito
450 2497 634 2567 vigore
656 2500 1023 2556 conscendere
1044 2511 1249 2570 queunt
1274 2519 1289 2558 :
1313 2502 1439 2571 quid
1468 2502 1545 2557 illi
1573 2503 1639 2557 de
1668 2518 1756 2558 se-

172 2590 420 2659 metipsis
437 2590 685 2657 judicare
706 2591 1001 2657 debebunt,
1024 2592 1118 2662 qui
1147 2608 1247 2648 nec
1269 2595 1492 2663 primam
1514 2594 1751 2664 quidem,

171 2695 300 2750 quin
330 2679 600 2751 perfacilis
627 2690 735 2751 est,
778 2682 1013 2751 perfecte
1043 2684 1389 2754 arripientes,
1419 2694 1581 2755 atque
1606 2686 1754 2739 anti-

166 2789 307 2842 quas
350 2776 700 2842 pecuniarum
744 2790 963 2832 suarum
1024 2778 1217 2834 sordes
1267 2794 1388 2834 cum
1441 2780 1754 2835 infidelitate

168 2867 398 2935 pristina
431 2877 786 2935 retentantes,
820 2869 965 2924 nudo
989 2879 1195 2925 tantum
1220 2871 1447 2928 sibimet
1468 2881 1755 2928 autumant

167 2956 564 3012 monachorum
607 2958 878 3014 vocabulo
922 2960 1306 3028 gloriandum?
1334 2962 1499 3031 ’Ergo
1541 2963 1710 3032 prima
1732 3005 1750 3031 ,

164 3065 331 3119 quam
362 3050 619 3118 diximus,
653 3052 1056 3109 abrenuntiatio
1092 3071 1274 3110 rerum
1305 3055 1605 3111 alienarum
1632 3064 1750 3122 est,

167 3141 404 3211 ideoque
431 3158 524 3212 per
553 3159 612 3198 se
635 3144 807 3199 solam
838 3146 1228 3215 perfectionem
1258 3149 1588 3205 renuntianti
1616 3164 1752 3205 con-

167 3233 319 3289 ferre
340 3250 447 3290 non
476 3236 700 3304 sufficit,
727 3239 829 3295 nisi
860 3240 1169 3309 pervenerit
1196 3242 1261 3296 ad
1290 3243 1604 3309 secundam,
1633 3260 1753 3312 qua:
1781 3219 1829 3285 (ἶ

166 3342 303 3383 vere
352 3328 749 3386 abrenuntiatio
796 3347 979 3387 rerum
1034 3346 1341 3389 nostrarum
1397 3344 1519 3402 est,
1588 3352 1751 3408 quam

170 3420 358 3487 adepti
390 3424 717 3490 expulsiOne
747 3426 989 3480 omnium
1022 3426 1295 3496 vitiorum,
1329 3429 1501 3483 tertias
1538 3446 1753 3501 quoque

167 3510 656 3569 abrenuntiationis
707 3514 921 3587 fastigia
952 3519 1416 3586 conscendemus;
1450 3536 1549 3591 per
1586 3538 1750 3594 quam

167 3619 282 3659 non
330 3606 501 3661 solum
534 3609 713 3664 omnia
757 3624 877 3681 quae
918 3611 972 3665 in
1002 3610 1103 3666 hoc
1131 3614 1333 3668 mundo
1374 3606 1639 3683 geruntur
1663 3618 1753 3672 vel

166 3698 532 3766 particulatim
556 3700 624 3755 ab
646 3700 954 3757 hominibus
984 3705 1346 3773 possidentur,
1372 3723 1561 3761 verum
1587 3710 1750 3764 etiam

165 3790 344 3858 ipsam
384 3802 703 3847 cunctorum
736 3794 1133 3851 elementorum
1174 3799 1588 3868 plenitudinem,
1633 3818 1752 3871 quae

168 3892 394 3954 putatur
422 3900 544 3941 esse
572 3886 877 3959 magnifica,
911 3899 1179 3961 tamquam
1208 3894 1429 3948 vanitati
1456 3894 1751 3964 subjectatn

1857 1932 2181 1987 monstrabit
2209 1934 2281 1997 ei,
2310 1932 2403 1987 sed
2437 1933 2548 2001 ipse
2573 1933 2835 1987 Dominus
2860 1942 3203 1986 ostensurum
3234 1947 3292 1987 se
3321 1947 3445 1987 esse

1857 2026 2169 2094 promittit:
2204 2025 2274 2079 Et
2306 2027 2439 2090 veni,
2486 2026 2735 2095 inquiens
2762 2071 2775 2093 ,
2822 2026 2875 2079 in
2927 2034 3118 2080 terram
3152 2042 3305 2095 quam
3350 2024 3446 2078 tibi
3540 2032 3548 2035 “

1854 2131 2234 2176 monstravere.
2264 2121 2367 2175 Per
2393 2122 2537 2191 quod
2574 2120 2862 2174 manifeste
2905 2120 3185 2188 probatur,
3237 2128 3291 2173 et
3337 2120 3444 2173 ini-

1856 2216 1989 2268 tium
2018 2223 2217 2269 nostrze
2244 2215 2433 2267 salutis
2463 2212 2677 2266 Domini
2713 2211 2997 2265 vocatione
3030 2211 3146 2265 fieri
3181 2211 3437 2273 dicentis,

1856 2304 1961 2359 Exi
1994 2307 2057 2360 de
2102 2314 2241 2358 terra
2287 2313 2420 2370 tua;
2450 2315 2505 2358 et
2535 2304 3059 2357 consummationem
3092 2301 3444 2370 perfectionis

1854 2412 1918 2453 ac
1949 2398 2194 2468 puritatis
2232 2397 2301 2451 ab
2342 2397 2533 2451 eodem
2583 2394 2837 2449 similiter
2883 2393 3072 2457 tribui,
3124 2407 3247 2447 cum
3288 2392 3439 2457 dicit,

1856 2492 1926 2544 Et
1956 2492 2067 2545 teni
2092 2492 2147 2545 in
2178 2499 2368 2544 terram
2392 2505 2545 2560 quam
2586 2487 2679 2543 tibi
2708 2496 3079 2549 monstravere,
3109 2485 3162 2539 id
3190 2495 3293 2549 est,
3337 2499 3444 2541 non

1855 2600 2013 2653 quam
2044 2593 2100 2638 tu
2132 2598 2198 2638 ex
2225 2584 2512 2652 temetipso
2544 2596 2725 2644 nosse,
2754 2580 2839 2635 vel
2876 2578 3139 2633 industria
3167 2588 3253 2631 tua
3284 2585 3444 2648 pote-

1854 2678 1932 2733 ris
1962 2678 2220 2746 reperire,
2250 2676 2343 2731 sed
2372 2690 2533 2745 quam
2562 2690 2663 2745 ego
2689 2675 2781 2729 tibi
2808 2687 2910 2728 non
2937 2674 3110 2727 solum
3150 2672 3439 2742 ignoranti,

1856 2770 1951 2825 sed
1983 2773 2142 2825 etiam
2178 2784 2284 2824 non
2311 2770 2602 2838 inquirenti
2636 2779 3032 2823 monstravere.
3074 2765 3157 2821 Ex
3192 2781 3299 2834 quo
3326 2781 3440 2819 ma-

1855 2865 2048 2923 nifeste
2093 2865 2368 2933 colligitur
2410 2863 2552 2934 quod
2583 2861 3038 2933 quemadmodum
3088 2860 3445 2928 inspiratione

1858 2955 2071 3010 Domini
2118 2956 2391 3024 provocati
2424 2955 2488 3008 ad
2531 2956 2669 3010 viain
2704 2954 2896 3008 salutis
2950 2953 3318 3017 accurrimus;
3367 2953 3440 3006 ita

1856 3046 2021 3101 etiam
2051 3046 2364 3116 magisterio
2386 3046 2556 3117 ipsius
2586 3055 2640 3101 et
2668 3045 3062 3100 illuminatione
3090 3044 3333 3111 deducti,
3361 3044 3430 3100 ad

1858 3139 2243 3210 perfectionem
2275 3155 2500 3196 summae
2530 3140 2879 3197 beatitudinis
2908 3140 3271 3211 pervenimus.

2462 3300 2690 3359 CAPUT
2742 3301 2834 3356 XI.

1869 3419 2221 3494 Interrogatio
2245 3421 2309 3475 de
2339 3422 2493 3475 libero
2515 3421 2725 3474 arbitrio
2760 3420 3000 3485 hominis,
3032 3428 3079 3472 et
3115 3420 3285 3490 gratia
3314 3413 3433 3471 Dei.

1928 3534 2230 3591 Germanus
2257 3552 2269 3585 :
2300 3545 2322 3573 ο
2357 3534 2412 3589 lu
2441 3550 2548 3603 quo
2577 3550 2711 3603 ergo
2754 3534 2979 3589 liberum
3011 3533 3262 3587 consistit
3302 3534 3446 3587 arbi-

1856 3626 2048 3690 trium;
2084 3637 2281 3681 nostrm
2320 3640 2553 3694 quoque,
2587 3624 2729 3694 quod
2778 3624 3073 3679 laudabiles
3104 3638 3323 3688 sumus,
3358 3640 3445 3678 re-

1857 3726 2077 3787 putatur
2118 3716 2429 3778 illdllSll‘ilB,
2457 3716 2501 3768 si
2533 3715 2675 3769 Deus
2707 3716 2758 3768 in
2796 3715 2950 3769 nobis
3000 3715 3178 3767 omnia
3217 3730 3333 3783 quae
3379 3714 3445 3768 ad

1860 3816 2098 3862 nostram
2131 3807 2520 3877 perfectionem
2566 3806 2856 3875 pertinent,
2889 3814 2941 3860 et
2982 3803 3196 3873 incipit,
3232 3814 3287 3860 et
3311 3818 3443 3859 con-

1863 3900 2137 3953 summat?

1237 4027 1492 4083 ALARDI
1532 4027 1763 4085 GAZEI
1792 4028 2370 4101 ,COMMFNTARIUS.

254 4149 278 4177 ³
316 4141 389 4197 Ita
419 4144 581 4198 etiam
616 4140 807 4200 Patres
846 4146 1269 4212 interpretantur
1311 4144 1566 4211 alienum,
1610 4146 1752 4212 quod

170 4216 508 4287 temporale;
543 4226 782 4287 nostrum
806 4226 1009 4279 autem,
1033 4216 1173 4285 quod
1202 4215 1479 4284 spirituale
1510 4226 1593 4271 est
1623 4216 1755 4287 (Cy-

173 4289 354 4358 Erian.
389 4284 428 4358 lg.
478 4287 537 4337 de
568 4284 725 4358 Oper.
780 4296 827 4340 et
873 4284 1166 4352 EleemOs.;
1207 4289 1422 4358 August.
1467 4288 1556 4342 lib.
1609 4284 1646 4341 ll

173 4355 431 4423 Evangel.
459 4372 567 4425 cap.
596 4355 724 4425 55).
754 4359 1000 4413 Alienum
1027 4359 1170 4412 enim
1194 4355 1351 4411 vocat
1375 4359 1590 4412 divitias
1624 4370 1755 4412 tem-

168 4428 415 4497 porules,
448 4428 585 4494 quod
615 4444 705 4481 eas
740 4430 899 4495 pleno
925 4428 1047 4497 jure
1073 4442 1179 4481 non
1207 4430 1599 4492 possitleatnus,
1635 4446 1754 4483 cum

169 4497 408 4552 minimo
437 4508 711 4553 momento
732 4502 813 4552 vel
843 4501 948 4553 illae
972 4499 1146 4562 nobis,
1174 4499 1258 4552 vel
1286 4515 1384 4552 nos
1406 4500 1535 4568 ipsis
1560 4501 1758 4567 eripia-

1858 4148 1992 4215 qnit,
2025 4146 2211 4214 aliquis
2234 4147 2403 4199 tacitis
2426 4145 2523 4199 sibi
2554 4146 2946 4217 cogitationibus
2968 4146 3105 4200 dicat
3130 4161 3149 4199 :
3171 4144 3250 4198 Ad
3276 4162 3444 4201 vocem

1859 4217 2188 4272 Dominicam
2210 4229 2420 4287 uterque
2443 4219 2536 4271 iste
2567 4221 2790 4285 piscator
2818 4219 2941 4285 quid
2971 4228 3059 4273 aut
3088 4229 3335 4287 quantum
3361 4221 3443 4272 di-

1860 4292 2017 4354 misit,
2068 4292 2155 4359 qui
2200 4306 2327 4359 pene
2365 4290 2494 4342 nihil
2536 4289 2753 4343 habuit?
2794 4289 2898 4344 Sed
2928 4292 3024 4344 hac
3064 4290 3116 4343 in
3147 4307 3219 4355 re,
3251 4292 3439 4359 fratres

1862 4362 2170 4427 charissimi,
2196 4358 2433 4426 affectum
2460 4360 2693 4413 debemus
2723 4363 2893 4431 potius
2918 4377 3129 4430 pensare
3153 4358 3307 4429 quam
3328 4379 3445 4415 cen-

1862 4448 2007 4498 sum;
2039 4436 2253 4495 multum
2281 4433 2486 4498 reliquit
2514 4433 2601 4496 qui
2630 4432 2723 4484 sibi
2767 4433 2899 4485 nihil
2940 4433 3181 4496 retinuit;
3228 4432 3446 4485 multum

1863 4502 2070 4569 reliquit
2093 4505 2179 4569 qui
2198 4502 2566 4571 quantumlibet
2596 4519 2798 4573 parum,
2833 4514 2995 4556 totum
3023 4503 3264 4557 deseruit.
3297 4502 3445 4557 Certe

170 4583 300 4622 mur
324 4585 337 4621 :
364 4570 617 4639 quodque
659 4584 751 4623 eas
794 4570 1055 4624 Dominus
1102 4570 1412 4623 hominibus
1459 4572 1751 4635 concedat,
1786 4573 1832 4632 ι)
1861 4590 1951 4625 nos
1983 4585 2025 4625 et
2068 4570 2241 4626 habita
2283 4590 2397 4627 cum
2426 4570 2605 4625 amore
2646 4574 2988 4640 possidemus,
3036 4586 3079 4627 et
3112 4590 3172 4625 ea
3200 4591 3312 4640 quw
3343 4591 3444 4628 non

170 4654 283 4692 non
313 4648 585 4707 tamquam
621 4641 833 4709 propria
866 4656 1052 4693 eorum
1086 4640 1256 4705 bima;
1290 4642 1383 4695 sed
1419 4655 1516 4708 per
1547 4656 1663 4704 eos,
1701 4652 1757 4694 ut

170 4723 511 4775 (economos,
556 4711 795 4780 legitime
842 4712 1225 4780 dispensanda.
1277 4711 1529 4765 Nostrum
1577 4722 1754 4765 autem

166 4788 335 4835 vocat
380 4784 687 4849 Spiritualia
717 4794 772 4836 et
798 4785 1040 4838 coelestia
1090 4785 1253 4847 bona,
1299 4785 1422 4850 quia
1457 4782 1523 4835 ad
1567 4796 1753 4835 eorum

167 4853 577 4921 possessionem
601 4852 769 4906 creati
794 4868 1001 4913 sumus,
1028 4856 1470 4923 conveniuntque
1495 4853 1650 4907 nobis
1674 4870 1757 4908 se-

167 4924 409 4977 cundum
442 4924 494 4975 id
522 4924 664 4987 quod
696 4925 1031 4992 potissimum
1061 4938 1271 4985 smnus,
1302 4940 1494 4993 nempe
1520 4926 1756 4979 rationa-

166 4995 275 5053 les.
309 5004 362 5046 et
395 4997 508 5046 haec
539 4996 648 5047 sola
683 5008 781 5046 nos
812 4996 995 5048 beatos
1030 4994 1266 5061 faciunt;
1296 5012 1397 5051 nec
1432 4995 1567 5065 eripi
1602 4998 1756 5051 nobis

167 5073 421 5135 possunt,
450 5066 553 5118 nisi
586 5064 913 5117 volentibus.

240 5135 269 5172 δ
311 5136 403 5188 llis
425 5146 724 5190 consonant
755 5135 854 5189 SS.
892 5135 1110 5191 Patrum
1142 5139 1444 5191 sententiae.
1474 5136 1539 5189 D.
1566 5137 1758 5190 Hiero-

167 5221 366 5276 nymus
414 5208 574 5274 epist.
603 5204 673 5261 54
704 5224 717 5259 :
744 5206 1003 5277 Apostoli,
1053 5210 1246 5274 inquit,
1290 5207 1581 5277 gloriantur
1621 5208 1759 5272 quod

169 5282 342 5329 omnia
386 5277 694 5341 dimiserint,
735 5287 782 5331 et
816 5281 972 5329 secuti
999 5280 1100 5331 sint
1141 5278 1485 5332 Salvatorem.
1537 5277 1599 5328 Et
1631 5289 1762 5331 certe

167 5358 357 5413 prmter
384 5349 519 5401 ‘retia
548 5358 591 5400 et
620 5364 794 5401 navem
838 5347 969 5401 nihil
1010 5351 1222 5416 legimus
1264 5364 1347 5402 eos
1384 5349 1671 5413 dimisisse;
1712 5360 1760 5401 et

166 5428 339 5471 tamen
387 5420 676 5472 testimonio
723 5420 888 5482 futuri
928 5417 1131 5473 Iudicis
1176 5424 1515 5480 honorantur,
1548 5421 1670 5487 quia
1710 5437 1761 5473 se

169 5487 442 5553 offerentes
468 5501 627 5543 totum
652 5491 954 5544 dimiserunt
976 5493 1113 5560 quod
1134 5490 1406 5543 habebant.
1434 5491 1761 5557 Augustinus

170 5562 334 5632 epist.
368 5559 460 5625 89,
495 5577 547 5631 q.
587 5562 662 5632 ib:
694 5560 874 5631 Neque
910 5559 1036 5615 mihi
1079 5566 1247 5615 minus
1277 5560 1611 5632 imputabitur
1641 5564 1759 5628 quia

168 5631 311 5703 dives
332 5650 432 5685 non
456 5630 555 5702 fui.
576 5630 718 5685 Nam
740 5630 829 5685 nec
849 5632 1091 5700 apostoli,
1117 5635 1205 5703 qui
1225 5630 1364 5702 prius
1380 5632 1488 5685 litvo
1504 5635 1753 5700 fecerunt,

170 5702 351 5756 divites
396 5708 639 5772 fuerunt;
670 5708 759 5757 sed
799 5714 961 5757 totum
1004 5702 1251 5757 mundum
1293 5705 1523 5765 dimittit,
1570 5703 1657 5769 qui
1709 5716 1756 5757 et

171 5778 311 5839 quod
364 5774 603 5839 habebat,
633 5784 679 5827 et
706 5776 841 5843 quod
874 5777 1060 5828 habere
1102 5778 1324 5843 aptabat,
1353 5776 1584 5827 dimittit.
1614 5772 1750 5828 Grc-

168 5847 356 5914 goria
382 5844 611 5913 Magnus
640 5846 825 5900 homil.
858 5844 891 5898 5
920 5848 973 5901 in
1005 5845 1294 5914 Evangelia
1324 5862 1337 5899 :
1366 5844 1631 5913 Fortasse,
1664 5848 1748 5899 itt-

1861 4643 2098 4696 habemus
2132 4661 2193 4697 ex
2225 4644 2483 4696 desiderio
2511 4646 2811 4709 quterimus.
2844 4644 3069 4698 Multum
3101 4662 3219 4714 ergo
3250 4645 3441 4698 Petrus

1861 4724 1907 4779 et
1953 4716 2185 4769 Andreas
2226 4716 2440 4777 dimisit,
2492 4715 2698 4780 quando
2739 4726 2947 4783 uterque
2985 4716 3141 4768 etiam
3188 4717 3445 4770 desideria

1859 4785 2078 4839 habendi
2123 4786 2349 4855 reliquit.
2388 4784 2614 4837 Multum
2644 4786 2836 4839 dimisit
2867 4787 2953 4847 qui
2989 4803 3104 4838 cum
3134 4801 3187 4837 re
3213 4803 3445 4857 possessa

1860 4859 2015 4910 etiam
2048 4858 2464 4923 concupiscentiis
2505 4858 2835 4909 renuntiavit.
2870 4858 2910 4909 Α
2947 4858 3274 4927 sequentibus
3323 4873 3445 4928 ergo

1861 4937 2003 4980 tanta
2026 4929 2237 4980 dimissa
2261 4935 2397 4991 sunt,
2424 4936 2614 4995 quanta
2636 4943 2667 4977 a
2688 4943 2787 4979 non
2808 4928 3129 4989 sequentibus
3152 4928 3445 4994 c‘oncupisci

1861 5007 2152 5065 potuerunt.
2188 4998 2317 5048 Vide
2368 4996 2566 5047 similia
2592 4996 2733 5065 apud
2786 4998 2842 5050 S.
2878 4996 3206 5051 Bernardum
3260 4999 3310 5048 in
3351 4998 3441 5049 de-

1860 5064 2074 5121 elamat.
2128 5070 2175 5119 in
2227 5067 2315 5118 illa
2362 5066 2525 5118 verba
2566 5083 2577 5116 :
2617 5064 2753 5118 Ecce
2803 5083 2899 5119 nos
2941 5066 3240 5137 reliquimus
3273 5069 3445 5122 omnia

1860 5137 2095 5207 (Matth.
2128 5137 2277 5204 χιιι).

1936 5220 1958 5246 ο
2002 5208 2163 5261 Vetus
2194 5204 2487 5268 cantilena,
2536 5220 2631 5260 seu
2679 5205 2949 5259 cavillatio
2982 5206 3395 5275 Pelagianorum
3428 5226 3438 5258 :

1862 5279 1917 5333 ltt
1958 5293 2060 5348 quo
2106 5276 2610 5348 cettsistitliliertas
2652 5277 2857 5329 arbitrii
2888 5285 2943 5330 et
2980 5278 3119 5331 ratio
3166 5276 3364 5342 meriti,
3400 5278 3442 5332 si

1864 5346 2040 5403 omnia
2065 5364 2185 5418 qum
2215 5346 2280 5400 ad
2304 5346 2530 5399 salutem
2559 5356 2799 5400 n0stram
2826 5356 2879 5418 et
2908 5348 3292 5418 perfectionem
3326 5364 3446 5416 pcr-

1864 5424 2063 5485 tinent,
2086 5415 2290 5475 divinae
2321 5418 2741 5485 gratimztcwpta
2761 5415 3039 5471 referenda
3073 5416 3211 5470 sint?
3244 5415 3442 5485 de’qna

1865 5494 2163 5561 quaestione
2195 5490 2315 5543 vide
2350 5490 2406 5539 1).
2436 5489 2821 5561 llieronymum
2848 5488 2951 5561 lib.
2986 5504 3001 5541 ι
3032 5503 3153 5555 cap.
3187 5486 3221 5541 5
3267 5502 3320 5561 et
3349 5490 3441 5561 lib.

1864 5559 1921 5617 ιιι
1954 5579 2071 5633 cap.
2101 5561 2135 5615 2
2163 5564 2425 5633 adversus
2460 5560 2796 5628 Pelagianos,
2829 5559 3189 5633 Augustinum
3234 5560 3326 5633 lib.
3376 5560 3444 5633 de

1861 5626 2045 5689 Gratia
2080 5645 2131 5688 et
2161 5631 2359 5687 Libero
2401 5626 2639 5685 Arbitrio
2683 5646 2806 5701 cap.
2854 5632 2909 5692 1.
2951 5639 3005 5682 et
3050 5630 3381 5701 Bernardum
3413 5626 3446 5686 3

1856 5715 2088 5760 tractatu
2111 5704 2177 5759 de
2200 5703 2393 5773 eodem
2421 5700 2763 5773 argumento.
2785 5702 2892 5759 Sed
2919 5701 3137 5772 plenius
3163 5702 3231 5757 de
3255 5700 3357 5755 bac
3384 5715 3447 5759 re

1856 5788 2046 5845 agetur
2076 5777 2257 5832 collat.
2294 5772 2382 5828 13.
