4026 6204
592 299 700 356 575

1187 411 1416 469 CAPUT
1458 412 1572 468 XII.

595 507 883 578 Responsio
931 507 996 560 de
1044 506 1426 578 dispensatione
1466 507 1655 560 divina
1697 506 1900 575 gratior,
1933 514 2170 559 manente

1130 578 1332 630 arbitrii
1385 576 1636 631 libertate.

665 694 999 762 Paphnutius
1030 712 1041 745 :
1067 693 1179 747 Hoc
1217 707 1312 748 vos
1353 703 1502 748 recte
1542 693 1828 760 movisset,
1860 694 1904 748 si
1944 694 1995 748 in
2026 695 2172 749 omni

594 802 758 857 opere
779 789 863 842 vel
890 786 1174 856 disciplina
1199 786 1524 855 principium
1549 795 1756 840 tantum
1780 796 1922 841 esset
1941 800 2003 840 ac
2025 786 2167 850 ﬁnis,

596 888 621 915 ι
653 889 708 934 et
745 895 850 933 non
887 880 1049 933 etiam
1078 879 1325 949 quaedam
1359 878 1620 934 medietas
1647 880 1955 935 interesset.
1988 878 2172 948 Itaque

594 971 733 1026 sicut
757 975 1094 1027 occasionem
1124 973 1312 1027 salutis
1339 973 1570 1027 diversis
1598 973 1769 1026 modis
1791 973 1958 1027 Deum
1981 988 2174 1040 cogno-

592 1063 797 1118 scimus
828 1062 1066 1139 operari,
1096 1063 1170 1117 ita
1194 1072 1438 1118 nostrum
1461 1073 1544 1118 est
1575 1063 1950 1118 occasionibus
1975 1063 2170 1118 aDivi-

593 1158 761 1212 nitate
791 1157 1092 1223 concessis,
1122 1157 1205 1212 vel
1250 1158 1462 1212 enixius
1500 1157 1587 1212 vel
1621 1157 1900 1211 remissius
1928 1157 2173 1210 famulari

593 1250 612 1315 ί
637 1249 764 1304 Vide
799 1253 1184 1305 annotationem
1222 1252 1455 1321 quintam
1487 1250 1698 1321 Cuychii
1726 1252 1780 1304 in
1806 1253 1906 1320 ﬁne
1936 1251 2171 1321 aperis).

592 1342 722 1396 Nam
745 1342 884 1397 sicut
914 1343 1007 1397 Dei
1037 1342 1138 1396 fuit
1166 1343 1408 1397 vocantis
1438 1344 1658 1408 oblatio,
1691 1341 1794 1396 Exi
1823 1344 1885 1396 de
1907 1353 2040 1397 terra
2062 1353 2170 1407 tua,

593 1437 666 1491 ita
691 1437 920 1491 Abrahae
952 1437 1050 1491 fuit
1071 1440 1321 1492 exeuntis
1352 1437 1661 1494 obedientia
1695 1455 1708 1490 :
1739 1448 1794 1492 et
1827 1437 2174 1508 quemadmo-

592 1529 718 1584 dum
752 1529 880 1583 illud
911 1527 1056 1597 quod
1077 1527 1299 1594 dicitur,
1335 1526 1402 1582 Et
1433 1530 1549 1582 veni
1573 1530 1626 1582 in
1657 1539 1865 1596 terram,
1896 1528 2174 1597 obtempe-

592 1623 763 1678 rantis
801 1621 902 1675 fuit
933 1636 1103 1691 Opus;
1149 1622 1223 1676 ita
1261 1622 1387 1676 illud
1419 1623 1560 1692 quod
1593 1622 1832 1684 additur,
1875 1621 2045 1688 Quam
2085 1620 2176 1674 tibi

591 1723 938 1767 monstravero
959 1711 1178 1784 (Cenes.
1205 1729 1274 1767 xu
1291 1713 1332 1778 ),
1353 1713 1594 1782 jubentis
1619 1713 1736 1778 Dei,
1760 1714 1842 1767 vel
1869 1714 2178 1782 promitten-

593 1805 661 1859 tis
683 1815 764 1858 est
791 1805 980 1874 gratia.
1024 1805 1216 1860 Certos
1247 1814 1425 1860 tamen
1456 1821 1551 1861 nos
1583 1821 1702 1861 esse
1733 1807 2007 1871 convenit,
2031 1805 2174 1876 quod
2203 1801 2252 1861 B

593 1912 808 1951 omnem
855 1898 1107 1952 virtutem
1155 1897 1441 1952 indefessis
1482 1899 1762 1953 conatibus
1809 1911 2168 1966 exercentes,

593 2002 928 2058 nequaquam
961 1988 1237 2058 diligentia
1257 1988 1342 2042 vel
1363 1990 1545 2043 studio
1576 1998 1762 2044 nostro
1787 1990 2171 2060 perfectionem

593 2081 870 2147 possimus
908 2080 1201 2150 attingere;
1242 2094 1344 2134 nec
1375 2079 1608 2134 sufficiat
1654 2081 1882 2134 humana
1913 2081 2174 2138 sedulitas

594 2170 836 2225 laborum
865 2173 1057 2226 merito
1078 2172 1145 2227 ad
1172 2181 1278 2227 tam
1301 2171 1549 2228 sublimia
1573 2173 1929 2229 beatitudinis
1953 2176 2173 2245 praemia

592 2264 902 2330 pervenire,
937 2264 1039 2320 nisi
1068 2281 1130 2321 ea
1161 2267 1388 2320 Domino
1417 2266 1572 2321 nobis
1611 2279 1957 2336 cooperante,
1992 2276 2047 2323 et
2079 2282 2174 2322 cor

593 2367 831 2421 nostrum
849 2357 914 2412 ad
933 2357 982 2412 id
998 2359 1140 2428 quod
1163 2360 1377 2428 expedit
1395 2359 1686 2430 dirigente,
1702 2361 1958 2415 fuerimus
1971 2362 2170 2432 adepti;

590 2450 820 2519 ideoque
845 2451 1104 2506 debemus
1139 2467 1261 2507 eum
1283 2453 1450 2508 David
1481 2464 1702 2510 orantes
1741 2457 2028 2511 momentis
2063 2457 2175 2511 sin-

589 2543 730 2610 gulis
759 2542 963 2608 dicere,
1004 2542 1210 2613 Perﬁce
1258 2562 1461 2616 gressus
1499 2563 1638 2601 meos
1688 2549 1743 2601 in
1789 2549 1985 2603 semitis
2029 2551 2129 2603 tuis
2155 2593 2169 2619 ,

592 2645 647 2720 ut
673 2652 775 2689 non
803 2646 1104 2690 moveantur
1130 2638 1346 2710 vestigia
1383 2656 1494 2694 mea
1518 2641 1536 2709 (
1559 2639 1706 2694 Psal.
1751 2657 1837 2695 xvr
1857 2640 1905 2712 );
1937 2651 2015 2709 et,
2048 2642 2172 2698 Sta-

593 2731 690 2782 tuit
713 2745 874 2799 supra
902 2739 1098 2798 petram
1127 2732 1283 2800 pedes
1312 2749 1471 2797 meos,
1498 2743 1548 2787 et
1580 2735 1769 2789 direxit
1802 2751 2007 2806 gressus
2037 2751 2174 2790 meos
2214 2734 2223 2743 ’

595 2821 792 2893 (Psal.
836 2822 1065 2895 xxxix);
1098 2835 1154 2879 ut
1187 2835 1432 2882 nostrum
1473 2828 1757 2884 arbitrium
1795 2829 1938 2899 quod
1979 2831 2176 2899 procli-

592 2914 710 2969 vius
735 2917 820 2970 vel
847 2917 1185 2986 ignoratione
1210 2919 1335 2974 boni
1358 2920 1448 2974 vel
1477 2921 1844 2979 oblectatione
1865 2925 2171 2994 passionum

593 3008 765 3065 fertur
787 3012 854 3065 ad
882 3013 1033 3079 vilia,
1061 3014 1156 3069 ille
1184 3015 1476 3071 invisibilis
1499 3027 1678 3074 rector
1707 3021 1904 3083 mentis
1926 3020 2173 3074 humanm

594 3103 660 3155 ad
683 3103 933 3157 virtutum
951 3105 1129 3174 potius
1150 3107 1323 3162 studia
1344 3118 1703 3179 contorquere
1723 3111 1993 3181 dignetur.
2017 3111 2172 3180 Quod

593 3209 698 3247 uno
724 3198 989 3252 versiculo
1011 3213 1106 3268 per
1131 3197 1455 3267 Proplietam
1479 3178 1915 3257 manifestissime
1945 3178 2170 3272 legimus
2198 3178 2245 3243 Ο

591 3286 869 3343 decantari
903 3288 1211 3361 :Impulsus
1240 3302 1468 3345 versatus
1510 3309 1654 3356 sum,
1698 3303 1754 3345 ut
1798 3295 2070 3359 caderem;
2119 3296 2172 3348 in

590 3395 697 3448 quo
719 3381 873 3436 liberi
903 3383 1112 3437 arbitrii
1134 3384 1421 3438 infirmitas
1449 3383 1764 3453 designatur
1791 3403 1800 3436 :
1827 3384 1895 3441 Et
1918 3384 2172 3441 Dominus

591 3474 812 3541 suscepit
832 3488 910 3526 me
936 3471 1120 3542 (Psal.
1142 3471 1350 3543 cxvii);
1375 3490 1587 3529 rursum
1615 3475 1939 3545 adjutorium
1964 3477 2173 3533 Domini

589 3562 832 3632 junctum
863 3564 1037 3618 eidem
1080 3579 1297 3636 semper
1335 3566 1664 3634 ostenditur,
1717 3584 1822 3637 quo
1848 3569 1958 3636 jam
1992 3585 2058 3624 ne
2088 3585 2174 3640 pe-

591 3655 734 3709 nitus
767 3656 935 3712 libero
965 3658 1300 3713 collabamur
1339 3661 1582 3726 arbitrio,
1622 3675 1740 3715 cum
1789 3662 2050 3719 titubasse
2076 3681 2176 3720 nos

591 3747 809 3814 viderit,
845 3752 1189 3818 porrectione
1229 3751 1628 3821 quodammodo
1669 3768 1924 3808 manuum
1955 3770 2175 3812 suarum

590 3849 859 3895 sustentat
893 3851 1055 3913 atque
1089 3843 1395 3898 confirmat.
1438 3845 1504 3899 Et
1550 3846 1743 3900 iterum
1776 3862 1789 3900 :
1818 3846 1878 3901 Si
1907 3848 2175 3915 dicebam,

592 3942 756 3987 motus
787 3943 861 3987 est
891 3951 978 4004 pes
1003 3952 1167 4000 meus,
1196 3938 1394 3992 lubrica
1425 3938 1638 3994 scilicet
1659 3938 1866 3993 arbitrii
1898 3939 2173 4010 facultate,

591 4025 944 4080 misericordia
967 4035 1077 4090 tua,
1103 4027 1344 4093 Domine,
1373 4029 1654 4098 adjuvabat
1677 4046 1755 4083 me
1779 4031 1798 4100 (
1823 4029 1970 4084 Psal.
2002 4032 2174 4099 xcut),

591 4116 787 4169 iterum
821 4116 1105 4170 mobilitati
1136 4133 1248 4171 suae
1280 4119 1378 4174 Dei
1406 4120 1691 4189 conjunxit
1720 4122 2015 4187 auxilium;
2047 4124 2173 4192 quia

592 4224 659 4262 ne
693 4219 996 4262 moveretur
1037 4223 1130 4276 pes
1160 4208 1286 4263 fidei
1316 4225 1445 4275 suae,
1499 4226 1607 4265 non
1638 4211 1914 4266 industriae
1944 4216 2177 4283 propria

592 4301 780 4366 fuisse,
814 4300 911 4353 sed
952 4300 1341 4357 misericordiae
1379 4303 1595 4358 Domini
1624 4305 1932 4360 conﬁtetur.
1978 4307 2048 4362 Et
2077 4309 2176 4364 ite-

591 4409 710 4448 rum
748 4410 760 4446 :
795 4392 1093 4447 Secundum
1134 4395 1521 4449 multitudinem
1569 4397 1804 4452 dolorum
1849 4415 2079 4453 meorum
2123 4402 2178 4453 in

591 4485 744 4538 corde
773 4501 902 4548 meo,
935 4486 1028 4555 qui
1062 4485 1239 4541 libero
1265 4488 1448 4556 utique
1477 4487 1607 4541 mihi
1640 4488 2000 4544 nascebantur
2028 4491 2175 4546 arbi-

593 4580 719 4645 trio,
753 4579 1126 4634 consolationes
1164 4589 1264 4634 tua:
1302 4581 1695 4650 laetiﬁcaverunt
1739 4586 1967 4637 animam
2006 4601 2171 4639 meam
2199 4567 2254 4628 Ῑ)

592 4670 774 4743 (Ibid.
789 4671 829 4743 ),
862 4687 957 4741 per
982 4681 1126 4727 tuam
1151 4674 1358 4729 scilicet
1382 4674 1792 4746 inspirationem
1821 4677 2100 4734 venientes
2122 4680 2179 4734 in

592 4782 688 4822 cor
710 4781 908 4834 meum,
937 4775 991 4821 et
1014 4777 1321 4823 reserantes
1341 4769 1849 4837 contemplationem
1875 4769 2177 4827 futurorum

593 4860 856 4914 bonorum
885 4863 1039 4928 (quae
1065 4873 1166 4928 pro
1197 4869 1288 4913 tuo
1311 4861 1528 4916 nomine
1561 4861 1933 4916 laborantibus
1965 4878 2179 4931 praepa-

592 4951 771 5024 rasti),
801 4967 908 5007 non
962 4951 1139 5005 solum
1185 4952 1527 5008 abstulerunt
1574 4969 1787 5012 omnem
1837 4956 2175 5011 anxietatem

592 5045 776 5101 cordis
798 5046 924 5114 mei,
957 5059 1144 5100 verum
1172 5044 1336 5102 etiam
1363 5061 1626 5102 summam
1653 5046 1896 5102 laetitiam
1923 5050 2174 5104 contule-

1646 291 1918 354 JOANNIS
1955 293 2258 353 CASSIANI
2296 292 2783 352 COLLATIONES.

2197 413 2251 474 Α
2276 420 2416 465 runt.
2443 411 2513 465 Et
2534 425 2748 464 rursum
2772 406 2855 463 :N
2860 407 2920 462 isi
2935 409 3062 474 quia
3083 406 3335 462 Dominus
3357 407 3559 480 adjuvit
3580 423 3678 472 me,
3703 411 3860 479 paulo

3754 293 3868 352 576

2272 506 2440 557 minus
2471 503 2788 556 habitaverat
2809 502 2863 554 in
2883 502 3091 569 inferno
3117 502 3295 554 anima
3325 517 3438 553 mea
3473 500 3806 571 (Psal.xcut)
3832 517 3855 555 :

2273 598 2426 652 liberi
2451 602 2635 666 utique
2656 595 2872 649 arbitrii
2899 596 3162 664 pravitate
3183 610 3240 649 se
3264 595 3315 648 in
3346 593 3562 648 inferno
3589 594 3860 648 habitatu-

2272 705 2389 743 rum
2421 688 2585 742 fuisse
2617 698 2862 750 testatur,
2897 687 2997 740 nisi
3029 686 3241 740 Domini
3269 685 3464 741 fuisset
3495 685 3770 754 adjutorio
3793 701 3860 742 ac

2273 781 2603 850 protectione
2626 782 2882 835 salvatus.
2903 779 2944 832 Α
2963 778 3185 832 Domino
3202 780 3366 847 enim,
3393 793 3499 833 non
3519 795 3549 832 a
3575 780 3749 833 libero
3777 795 3860 833 ar—

2275 875 2433 928 bitrio
2452 890 2650 945 gressus
2689 872 2907 926 hominis
2929 873 3231 941 dirigentur.
3285 872 3350 925 Et
3370 888 3485 924 cum
3509 872 3750 924 ceciderit
3773 871 3862 937 ju-

2273 975 2387 1020 stus
2409 1008 2423 1031 ,
2472 966 2639 1019 libero
2681 965 2961 1018 dumtaxat
2998 963 3224 1016 arbitrio
3253 979 3354 1016 non
3380 960 3686 1015 collidetur.
3721 966 3864 1028 Qua-

2274 1059 2534 1128 propter?
2563 1057 2682 1124 quia
2714 1056 2963 1109 Dominus
2992 1056 3233 1126 supponit
3266 1070 3473 1107 manum
3498 1070 3648 1106 suam
3672 1054 3692 1123 (
3716 1053 3862 1106 Psal.

2272 1154 2492 1220 xxxv1).
2524 1153 2637 1206 Hoc
2659 1162 2740 1206 est
2765 1151 3105 1220 apertissime
3133 1149 3315 1204 dicere
3339 1165 3353 1201 :
3376 1147 3562 1202 Nullus
3587 1149 3862 1216 justorum

2275 1246 2377 1301 sibi
2408 1244 2603 1300 sufﬁcit
2631 1243 2700 1297 ad
2729 1241 3077 1297 obtinendam
3123 1241 3407 1310 justitiam,
3451 1239 3554 1292 nisi
3603 1254 3702 1308 per
3749 1254 3864 1294 mo-

2275 1350 2453 1394 menta
2499 1338 2722 1406 singula_
2755 1335 3004 1390 titubanti
3048 1333 3101 1390 ei
3139 1341 3196 1388 et
3235 1333 3508 1388 corruenti
3541 1332 3864 1388 fulcimenta

2274 1446 2464 1486 manus
2503 1445 2614 1484 suae
2651 1427 2999 1497 supposuerit
3040 1425 3225 1480 divina
3274 1425 3582 1489 clementia,
3622 1439 3692 1479 ne
3723 1439 3858 1492 pro-

2275 1533 2475 1579 stratus
2501 1525 2730 1578 intereat
2756 1520 2970 1591 penitus
3011 1534 3134 1574 cum
3163 1517 3329 1573 fuerit
3357 1517 3517 1573 liberi
3540 1516 3742 1572 arbitrii
3773 1518 3868 1572 in-

2277 1616 2534 1670 firmitate
2560 1613 2854 1682 collapsus.

2864 1710 3093 1768 CAPUT
3133 1709 3273 1765 XIII.

2523 1807 2676 1876 Quod
2703 1807 2918 1861 directio
2954 1807 3071 1861 vita:
3094 1816 3284 1860 nostra:
3311 1821 3376 1860 ex
3398 1804 3505 1858 Deo
3533 1805 3619 1858 sit.

2347 1932 2458 1987 Nec
2501 1947 2631 1988 sane
2673 1945 2929 2002 umquam
2960 1929 3063 1984 viri
3100 1929 3274 1983 sancti
3329 1928 3683 1982 directionem
3738 1926 3862 1992 viz,

2275 2043 2380 2099 qua
2409 2026 2814 2098 gradiebantur,
2869 2024 2936 2079 ad
2985 2022 3285 2093 profectum
3316 2023 3573 2076 virtutum
3610 2036 3864 2098 consum-

2277 2122 2676 2188 mationemque
2716 2116 3025 2184 tendentes,
3071 2113 3339 2169 industria
3363 2128 3422 2170 se
3465 2115 3674 2183 prapria
3715 2113 3865 2167 obti-

2277 2213 2459 2266 nuisse
2501 2209 2682 2265 testati
2709 2217 2854 2276 sunt,
2906 2207 3001 2262 sed
3032 2222 3150 2263 eam
3180 2206 3360 2277 potius
3398 2221 3429 2259 a
3480 2206 3702 2260 Domino
3731 2221 3866 2274 pre-

2276 2305 2536 2359 cabantur
2573 2302 2854 2358 dicentes:
2899 2300 3081 2372 Dirige
3119 2315 3199 2354 me
3225 2301 3282 2354 in
3306 2300 3513 2354 veritate
3563 2311 3650 2354 tua
3679 2297 3864 2370 (Psal.

2277 2403 2443 2469 xxrv),
2464 2408 2538 2466 et,
2571 2400 2733 2470 dirige
2752 2399 2808 2452 in
2836 2405 3108 2468 conspectu
3132 2404 3220 2449 tuo
3236 2397 3374 2449 viam
3394 2412 3554 2449 meam
3576 2393 3754 2465 (Psal.
3778 2397 3866 2464 v).

2276 2493 2362 2561 Et,
2383 2491 2574 2568 Notam
2597 2493 2679 2560 fac
2704 2491 2831 2544 mihi
2851 2491 2987 2543 viam
3010 2490 3066 2543 in
3095 2506 3196 2560 qua
3213 2486 3645 2557 ambulem(Psal.
3661 2488 3865 2556 cxur).

2276 2586 2430 2640 Alius
2450 2595 2626 2640 autem
2657 2599 2764 2638 non
2791 2584 2963 2638 solum
2985 2583 3112 2649 ﬁde,
3143 2582 3238 2638 sed
3262 2584 3423 2638 etiam
3449 2581 3866 2650 experimento,

2277 2689 2331 2733 et
2355 2678 2753 2748 quodammodo
2794 2678 2910 2745 ipsa
2955 2692 3135 2732 rerum
3183 2685 3399 2740 natura,
3449 2673 3551 2728 hoc
3576 2673 3756 2744 ipsum
3805 2691 3873 2729 se

2276 2771 2698 2841 deprehendisse
2750 2771 3088 2840 proclamat:
3147 2768 3393 2842 Cagnovi,
3440 2766 3680 2835 Domine,
3729 2768 3868 2836 quia

2277 2882 2378 2918 non
2407 2865 2557 2918 estin
2583 2863 2791 2917 homine
2815 2864 2896 2917 via
2933 2864 3064 2932 ejus,
3098 2878 3191 2916 nec
3214 2862 3311 2916 viri
3361 2870 3433 2914 est
3474 2872 3529 2913 ut
3559 2859 3790 2913 ambulet
3815 2869 3866 2913 et

2278 2959 2468 3028 dirigat
2493 2974 2694 3028 gressus
2723 2972 2841 3010 suos
2871 2953 3092 3024 (Jerem.
3122 2953 3199 3024 x).
3245 2953 3312 3007 Et
3358 2953 3472 3022 ipse
3503 2951 3764 3005 Dominus
3795 2951 3865 3005 ad

2276 3051 2530 3107 Israelem
2567 3068 2580 3103 :
2609 3049 2679 3104 Et
2704 3051 2922 3122 dirigam
2951 3066 3067 3104 eum
3087 3065 3200 3120 ego,
3227 3047 3419 3118 inquit,
3463 3056 3520 3100 ut
3543 3046 3764 3100 abietem
3789 3047 3869 3099 vi-

2275 3155 2465 3200 rentem
2485 3159 2506 3209 ;
2526 3159 2589 3198 ea:
2610 3159 2687 3198 me
2717 3143 2912 3212 fructus
2940 3150 3057 3196 tuus
3083 3143 3319 3197 inventus
3345 3150 3419 3196 est
3448 3140 3624 3210 (Osew
3650 3140 3782 3210 xiv).

2873 3265 3099 3322 CAPUT
3137 3265 3282 3320 XIV.

2384 3361 2533 3429 Quod
2575 3360 2789 3415 scientia
2811 3360 2936 3430 legis
2978 3358 3273 3428 magisterio
3302 3365 3352 3409 et
3377 3355 3752 3409 illuminatione

2776 3430 2986 3484 Domini
3038 3433 3348 3498 conferatur.

2347 3549 2508 3621 Legis
2537 3562 2752 3619 quoque
2799 3545 2968 3617 ipsius
2998 3542 3282 3599 scientiam
3323 3555 3432 3595 non
3485 3536 3727 3594 lectionis
3775 3538 3867 3592 in-

2277 3646 2505 3712 dustria,
2527 3646 2621 3700 sed
2654 3640 2969 3712 magisterio
2999 3649 3052 3694 et
3073 3636 3470 3692 illuminatione
3505 3635 3598 3691 Dei
3621 3632 3872 3703 quotidie

2278 3739 2594 3795 desiderant
2622 3736 2880 3805 adipisci,
2923 3733 3168 3787 dicentes
3213 3729 3280 3783 ad
3314 3744 3438 3784 eum
3473 3747 3485 3780 :
3543 3727 3666 3780 γεω
3724 3737 3866 3792 tuas,

2279 3833 2515 3898 Domine,
2566 3830 2857 3883 demonstra
2907 3826 3070 3888 mihi,
3122 3832 3168 3877 et
3207 3823 3409 3876 semitas
3443 3831 3556 3874 tuas
3595 3821 3746 3873 edoce
3784 3837 3871 3873 me

2278 3922 2454 3994 (Psal.
2483 3920 2656 3991 xxrv).
2688 3920 2777 3986 Et,
2820 3918 3010 3972 Revela
3037 3915 3210 3970 oculos
3260 3931 3420 3978 meos,
3451 3923 3500 3968 et
3527 3913 3868 3966 considerabo

2279 4012 2535 4070 mirabilia
2560 4013 2621 4066 de
2649 4014 2756 4080 lege
2783 4025 2871 4063 tua
2900 4007 3072 4079 (Psal.
3098 4007 3274 4076 xvm).
3305 4006 3389 4069 Et,
3421 4003 3564 4058 Doce
3586 4021 3666 4058 me
3696 4004 3870 4071 facere

2278 4108 2588 4160 voluntatem
2617 4113 2782 4165 tuam,
2809 4103 2930 4172 quia
2971 4100 3110 4155 Deus
3130 4117 3269 4153 meus
3291 4116 3343 4153 es
3368 4109 3424 4151 tu
3459 4096 3633 4166 (Psal.
3660 4098 3868 4164 cxcvr).

2281 4198 2348 4251 Et
2407 4196 2602 4250 iterutn
2653 4211 2666 4246 :
2723 4194 2826 4260 Qui
2872 4193 3021 4246 doces
3063 4190 3322 4244 hominem
3379 4191 3638 4244 scientiam
3689 4188 3870 4258 (Psal.

2277 4289 2449 4361 xcm).

2892 4376 3118 4435 CAPUT
3156 4376 3271 4432 XV.

2283 4474 2434 4543 Quod
2463 4472 2771 4533 intellectus.
2794 4488 2894 4541 quo
2916 4474 3160 4543 mandata
3181 4466 3538 4543 Deipossimus
3553 4480 3870 4532 agnoscere,

2403 4554 2448 4599 et
2471 4544 2614 4599 bonae
2637 4535 2914 4598 voluntatis
2942 4541 3159 4608 affectus
3192 4558 3225 4593 a
3253 4538 3468 4593 Domino
3488 4535 3730 4588 donetur.

2359 4678 2535 4746 Ipsum
2563 4677 2725 4731 etiam
2757 4675 3093 4730 intellecmm
3134 4674 3322 4729 beatus
3353 4668 3538 4736 David,
3569 4683 3677 4737 quo
3709 4685 3872 4724 man-

2287 4770 2410 4823 data
2443 4769 2540 4823 Dei
2569 4767 2742 4838 possit
2771 4779 3090 4836 agnoscere,
3139 4779 3256 4833 qua:
3285 4762 3468 4831 utique
3488 4760 3542 4814 in
3571 4759 3715 4814 libro
3737 4760 3874 4829 legis

2287 4871 2514 4918 noverat
2539 4876 2661 4917 esse
2691 4860 3021 4930 perscripta,
3053 4873 3083 4912 a
3113 4856 3339 4911 Domino
3366 4853 3626 4924 postulat,
3651 4868 3873 4921 prome-

2287 4957 2416 5019 reri,
2446 4955 2670 5010 dicens:
2729 4951 2919 5007 Servus
2951 4963 3066 5006 tuus
3107 4966 3197 5019 ego
3225 4965 3360 5012 sunt,
3410 4947 3479 5000 da
3503 4946 3629 4999 mihi
3666 4946 3872 4998 intelle-

2283 5060 2452 5112 ctum,
2486 5055 2539 5100 ut
2564 5045 2760 5098 discam
2790 5044 3035 5098 mandata
3065 5051 3150 5095 tua
3182 5039 3359 5111 (Psal.
3391 5035 3601 5106 cxvnt).
3628 5035 3730 5102 Qui
3760 5036 3870 5089 uti-

1662 5182 1922 5238 ALARDI
1962 5183 2199 5241 GAZIEI
2235 5181 2798 5240 COMMENTARIUS.

670 5305 696 5332 ι
732 5293 962 5349 Videtur
1005 5296 1092 5349 hic
1131 5294 1466 5363 Paphnutius
1509 5297 1796 5364 quaestioni
1843 5298 1918 5351 illi
1954 5301 2025 5351 ita
2084 5315 2170 5354 re-

591 5366 882 5435 spondere,
902 5370 1054 5436 quasi
1077 5367 1282 5420 initium
1302 5368 1515 5436 quidem
1537 5382 1598 5420 ac
1623 5370 1780 5422 linem
1810 5379 2011 5423 nostra:
2036 5371 2176 5422 salu-

594 5448 665 5490 tis
694 5447 747 5490 et
777 5437 1146 5504 perfectionis,
1177 5437 1372 5491 divina:
1404 5439 1609 5506 gratiae,
1643 5439 1986 5493 medietatem
2026 5455 2177 5502 vero,

596 5509 700 5562 hoc
730 5517 834 5568 est,
877 5523 1242 5576 progressum,
1290 5510 1405 5563 sive
1457 5509 1693 5562 medium
1744 5525 1961 5564 cursum
2003 5513 2176 5564 nostri

599 5578 804 5632 arbitrii
835 5579 1038 5632 viribus
1064 5581 1191 5631 velit
1241 5580 1453 5633 ascribi.
1491 5581 1559 5634 At
1593 5596 1696 5633 nou
1735 5581 1881 5636 aliud
1928 5596 2051 5633 eum
2086 5597 2178 5635 vo-

597 5650 762 5702 luisse
791 5649 1069 5721 contendit
1095 5649 1155 5700 D.
1192 5649 1466 5720 Cuychius
1491 5651 1760 5713 (Annotat.
1787 5653 1844 5714 5,
1870 5653 1924 5704 in
1950 5651 2050 5721 ﬁne
2081 5651 2177 5703 hu-

596 5724 684 5789 ius
709 5717 935 5786 operis),
983 5734 1142 5789 quam
1191 5717 1402 5772 initium
1443 5721 1844 5788 justiﬁeationis
1899 5717 2095 5778 nostrae
2147 5739 2177 5777 a

600 5790 719 5840 solo
748 5789 854 5839 Deo
885 5802 1028 5849 esse,
1061 5788 1198 5840 sicut
1219 5799 1270 5842 et
1300 5789 1503 5844 donum
1543 5796 1963 5856 perseverantia
2013 5810 2180 5862 usque

2281 5299 2333 5352 in
2371 5298 2574 5361 linem;
2628 5309 2972 5364 progressum
3012 5308 3161 5357 vero,
3201 5293 3317 5348 sive
3366 5301 3715 5362 augmentum
3751 5307 3871 5361 gra-

2285 5371 2401 5433 tim,
2431 5368 2673 5436 justitite,
2706 5367 3027 5432 sanctitatis,
3059 5376 3113 5419 et
3142 5364 3506 5436 perfectionis,
3537 5364 3684 5416 velut
3731 5364 3871 5416 inter

2286 5435 2525 5494 extrema
2562 5437 2792 5491 medium
2822 5436 2841 5507 (
2871 5439 3011 5505 quod
3045 5437 3245 5489 idcirco
3279 5435 3624 5507 medietatem
3655 5435 3869 5498 vocat),

2287 5509 2615 5578 conjunctim
2643 5519 2696 5560 et
2719 5506 2905 5562 nostro
2935 5508 3158 5560 arbitrio
3189 5517 3242 5559 et
3263 5506 3456 5578 divinae
3487 5506 3871 5578 gratim_asc_ri-

2286 5575 2545 5634 bendum.
2579 5578 2732 5634 Unde
2759 5592 3093 5646 consequens
3123 5586 3207 5631 est
3252 5586 3306 5629 ut
3330 5577 3542 5629 illorum
3578 5575 3764 5643 potius
3794 5575 3870 5628 in-

2286 5663 2464 5720 eptam
2518 5659 2611 5703 aut
2640 5649 2939 5717 imperitam
2975 5647 3455 5720 interrogationem
3513 5647 3751 5698 voluerit
3786 5661 3870 5700 re-

2285 5719 2568 5790 darguere,
2599 5722 2687 5784 qui
2722 5728 2930 5772 tantum
2986 5719 3192 5790 initium
3244 5733 3308 5771 ac
3358 5719 3756 5790 linem-nostrae
3791 5734 3870 5772 sa-

2285 5786 2413 5848 lutis
2439 5807 2501 5846 ac
2523 5790 2874 5857 perfectionis
2907 5790 3018 5847 Deo
3040 5789 3364 5844 videbantur
3383 5786 3683 5842 ascribere.
