4026 6204
148 166 250 228 377

886 162 1226 224 COLLATIO
1262 161 1355 220 ΙΙΙ.
1380 186 1455 205 αντ-
1486 154 1577 217 DE
1613 154 1866 217 TRIBUS
1902 149 2694 214 ABBENUNTIATIONIBUS.

3326 158 3435 220 578

147 299 251 356 que
299 288 355 339 et
391 278 730 338 intellectum
782 290 951 336 semei
981 280 1085 335 sibi
1118 296 1212 350 per
1242 287 1485 334 naturam
1513 277 1732 348 praesti-
1758 278 1812 339 Α
1835 281 1939 339 est,
1973 272 2235 328 Dominus
2265 271 2539 339 sapientes
2561 270 2694 327 facit
2718 283 2927 337 caecos;
2951 286 3057 327 non
3087 283 3271 330 nostra
3302 292 3435 333 cau-

146 387 258 433 tum
283 375 621 447 possidebat,
661 373 904 441 notitiam
932 388 1149 444 quoque
1180 371 1557 426 mandatorum
1608 368 1730 433 Dei,

144 485 266 539 quae
286 469 563 539 descripta
586 468 905 523 tenebantur
934 467 989 522 in
1020 466 1161 537 lege,
1188 468 1374 537 utique
1411 463 1647 519 habebat
1677 462 1730 517 in

143 571 402 635 promptu
434 580 449 617 :
498 572 554 618 et
590 571 769 619 tamen
813 570 872 617 ut
912 562 1053 616 hanc
1097 558 1307 629 plenius
1331 556 1731 627 apprehendat,

143 655 440 711 Dominum
496 655 848 725 deprecatur,
899 654 1080 711 sciens
1129 666 1471 724 nequaquam
1516 649 1737 706 sibimet

143 750 408 806 sufficere
427 763 587 820 posse
613 748 668 803 id
697 747 839 819 quod
880 763 975 818 per
1003 754 1253 802 naturam
1282 744 1613 801 conditionis
1657 743 1739 797 in-

144 851 361 897 sertum
391 851 498 910 est,
546 840 650 895 nisi
701 839 1006 911 quotidiana
1055 838 1269 893 Domini
1316 835 1738 901 illuminatione,

143 935 217 989 ad
246 933 651 1004 intelligendam
678 930 997 1003 Spiritaliter
1031 932 1208 1002 legem
1250 945 1314 986 ac
1341 929 1595 984 mandata
1623 928 1741 998 ejus

144 1026 392 1095 apertius
417 1023 786 1095 agnoscenda,
809 1037 1003 1079 sensus
1045 1022 1216 1092 ipsius
1254 1020 1325 1076 ab
1354 1021 1550 1077 eodem
1580 1019 1745 1075 fuerit

145 1118 484 1183 illustratus;
509 1117 628 1187 ipso
653 1115 815 1171 etiam
847 1114 988 1170 Vase
1008 1113 1297 1171 electionis
1332 1112 1437 1167 hoc
1482 1112 1625 1183 quod
1656 1110 1741 1165 di-

148 1210 327 1265 cimus
356 1209 559 1265 clarius
607 1206 970 1279 prtedicante,
1002 1207 1142 1260 Deus
1172 1216 1247 1261 cst
1274 1205 1409 1260 enim
1435 1205 1525 1276 qui
1555 1220 1743 1276 opera-

151 1312 235 1355 tur
255 1303 309 1354 in
340 1300 485 1354 nobis
532 1309 581 1353 et
622 1298 782 1366 velle,
821 1308 869 1353 et
893 1299 1140 1371 perﬁcere
1180 1314 1278 1370 pro
1308 1297 1445 1351 bona
1481 1298 1748 1352 voluntate

151 1391 380 1466 (Philip.
413 1396 498 1461 ιι).
532 1392 599 1446 Ει
647 1407 886 1455 rursum,
939 1388 1185 1461 Intelligo
1237 1405 1353 1460 quia
1400 1390 1539 1457 dico,
1600 1390 1745 1443 dabit

148 1487 285 1538 enim
302 1485 391 1537 tibi
413 1484 671 1538 Dominus
694 1483 1018 1537 intellectum
1039 1483 1107 1553 (ll
1134 1481 1267 1535 Tim.
1294 1482 1379 1553 ιι).
1407 1480 1547 1550 Quid
1570 1480 1747 1551 potuit

148 1579 394 1647 apertius
434 1576 564 1639 dici,
614 1590 774 1645 quam
807 1584 866 1629 ut
913 1584 969 1631 et
999 1576 1193 1630 bonam
1248 1575 1585 1629 voluntatem
1644 1588 1746 1628 no-

1838 366 1937 435 tio,
1967 365 2062 421 sed
2109 364 2367 419 Dominus
2420 364 2644 418 custodit
2695 362 2922 417 advenas
2978 364 3181 436 (Psal.
3233 368 3430 442 cum);

1838 474 1946 515 non
1975 467 2162 515 nostra
2188 456 2475 525 fortitudo,
2508 456 2603 512 sed
2652 455 2908 512 Dominus
2956 457 3143 513 allevat
3173 460 3287 516 sive
3318 462 3435 517 suf-

1837 551 1992 607 fulcit
2022 567 2198 605 omnes
2252 551 2341 622 qui
2390 558 2642 605 corruunt
2695 549 2814 624 (Ps.
2844 556 3053 622 cxuv).
3087 552 3214 609 Haec
3254 563 3435 611 autem

1839 643 2096 709 dicimus,
2126 657 2234 698 non
2257 651 2316 697 ut
2341 642 2579 697 studium
2614 654 2859 698 nostrum
2889 643 2973 698 vel
3004 645 3251 702 laborem
3275 656 3439 719 atque
3486 692 3489 695 .

1840 736 2166 791 industriam
2200 736 2354 806 quasi
2384 735 2621 790 inaniter
2651 746 2705 790 et
2754 738 3023 806 superflue
3074 739 3439 808 impendendo

1841 841 2179 893 vacuemus;
2213 827 2307 882 sed
2342 834 2400 881 ut
2453 827 2767 882 noverimus
2800 842 2901 882 nos
2931 828 3050 885 sine
3078 831 3281 886 auxilio
3317 832 3436 896 Dei,

1842 936 1945 977 nec
1968 920 2141 975 adniti
2172 934 2356 990 posse,
2383 934 2487 976 nec
2508 920 2763 976 efficaces
2790 932 3009 977 nostros
3041 938 3165 981 esse
3205 936 3440 981 conatus

1844 1015 1914 1070 ad
1961 1013 2358 1085 capessendum
2398 1023 2506 1069 tam
2540 1014 2785 1070 immane
2831 1016 3116 1085 praemium
3166 1019 3437 1087 puritatis,

1845 1110 1952 1167 nisi
1990 1110 2150 1165 nobis
2191 1110 2467 1181 adjutorio
2503 1110 2720 1167 Domitii
2763 1126 2827 1167 ac
2857 1113 3233 1170 misericordia
3277 1116 3442 1174 fuerit

1847 1203 2234 1258 contributum.
2264 1202 2447 1274 Equus
2489 1203 2637 1258 enim
2689 1212 2910 1275 paratur
2939 1206 2994 1259 in
3048 1206 3185 1260 diem
3235 1208 3375 1280 belli,
3408 1226 3442 1263 a

1846 1294 2073 1349 Domino
2093 1306 2263 1350 autem
2284 1306 2357 1350 est
2381 1297 2706 1369 adjutorium
2730 1297 3008 1370 (Proverb.
3029 1300 3171 1371 XXI),
3195 1303 3314 1371 quia
3335 1319 3441 1357 non

1847 1391 1998 1445 estin
2021 1391 2331 1462 fortitudine
2360 1399 2542 1461 potens
2588 1392 2665 1446 uir
2723 1392 2783 1463 (l
2809 1390 2939 1465 Reg.
2978 1394 3053 1463 ιι)
3078 1410 3091 1446 :
3120 1405 3175 1448 et
3222 1396 3444 1452 mendax

1848 1500 2011 1556 equus
2056 1487 2124 1539 ad
2151 1486 2371 1540 salutem
2398 1485 2573 1558 (Psal.
2604 1487 2805 1559 snit),
2861 1496 2922 1543 ut
2944 1490 3033 1560 qui
3069 1489 3343 1562 gloriatur,
3387 1496 3443 1549 in

1847 1575 2079 1631 Domino
2104 1578 2358 1648 glorietur
2383 1576 2431 1647 (ι
2462 1577 2583 1632 Cor.
2611 1577 2686 1651 ι).
2720 1579 2949 1649 Oportet
2978 1582 3142 1651 igitur
3173 1599 3269 1640 nos
3299 1599 3444 1640 sent-

147 1680 317 1725 stram
347 1676 407 1725 et
425 1669 608 1739 operis
632 1669 1155 1724 consummationem
1184 1683 1214 1723 a
1246 1668 1474 1724 Domino
1501 1668 1555 1723 in
1584 1668 1743 1723 nobis
1772 1673 1822 1734 Β
1851 1686 1949 1740 per
1979 1684 2102 1723 cum
2146 1671 2309 1725 beato
2336 1669 2504 1725 David
2533 1686 2752 1738 canere,
2785 1669 3064 1727 Fortitudo
3092 1692 3207 1729 mea
3234 1686 3283 1730 et
3329 1679 3443 1733 lau-

146 1764 537 1833 pronuntiaret
569 1762 783 1831 impleri
813 1761 836 1815 ἲ
882 1760 949 1815 Et
1000 1763 1217 1827 iterum,
1248 1761 1381 1827 Quia
1408 1760 1545 1814 vobis
1575 1760 1743 1814 dona-

146 1866 262 1909 tum
287 1862 362 1908 est
383 1870 479 1925 pro
510 1851 736 1917 Christo,
765 1870 867 1906 non
888 1852 1059 1907 solum
1090 1854 1216 1907 utin
1242 1870 1359 1907 eum
1382 1854 1625 1919 credatis,
1652 1854 1745 1908 sed

143 1958 204 2002 ut
226 1948 384 2000 etiam
406 1963 503 2009 pro
530 1947 626 2001 illo
648 1946 916 2016 patiamini
947 1945 1177 2017 (Philip.
1206 1946 1271 2016 ι).
1304 1946 1405 2002 Hic
1432 1962 1649 2018 quoque
1690 1956 1745 2003 et

142 2041 365 2097 initium
398 2040 772 2097 conversionis
822 2054 886 2094 ac
917 2039 1041 2095 fidei
1078 2049 1301 2107 nostrae,
1335 2055 1398 2095 ac
1431 2039 1744 2111 passionum

146 2133 506 2189 tolerantiam
533 2130 723 2187 donari
749 2130 907 2187 nobis
931 2146 961 2186 a
986 2131 1214 2186 Domino
1243 2131 1567 2188 declaravit.
1590 2130 1744 2199 Quod

144 2226 469 2297 intelligens
522 2224 694 2280 David
742 2239 959 2295 quoque
1013 2223 1269 2281 similiter
1319 2233 1440 2280 orat
1491 2225 1595 2280 sibi
1643 2225 1747 2281 hoc

140 2321 335 2389 ipsum
348 2318 565 2374 Domini
586 2318 938 2373 miseratione
956 2317 1207 2382 concedi,
1223 2318 1441 2372 dicens:
1460 2315 1742 2385 Conﬁrma,

144 2411 317 2478 Deus,
367 2412 464 2464 ltoo
503 2411 643 2483 quod
672 2419 916 2480 operatus
948 2426 1000 2465 es
1031 2410 1086 2463 in
1133 2410 1280 2464 nobis
1308 2409 1482 2483 (Psal.
1534 2412 1743 2482 LXVII);

142 2501 450 2560 ostendens
480 2517 586 2558 non
614 2502 871 2558 sufficere
914 2502 1018 2557 sibi
1049 2503 1247 2557 salutis
1292 2503 1560 2574 principia
1602 2504 1747 2558 dono

141 2596 253 2652 Dei
281 2597 561 2667 gratiaque
584 2595 806 2659 collata,
840 2595 943 2649 nisi
975 2594 1173 2649 fuerint
1203 2595 1393 2651 eadem
1440 2595 1749 2651 miseratio-

142 2707 223 2747 ne
251 2689 421 2761 ipsius
468 2700 525 2746 et
566 2690 883 2762 quotidiana
928 2690 1287 2759 Opitulatione
1316 2689 1577 2761 perlaeta.
1628 2690 1747 2746 Non

144 2786 298 2840 enim
321 2783 548 2840 liberum
574 2783 878 2849 arbitrium,
916 2783 1013 2838 sed
1043 2781 1301 2839 Dominus
1344 2784 1494 2839 solvit
1546 2801 1748 2857 compe-

143 2876 332 2942 ditos;
361 2891 468 2931 non
495 2884 681 2931 nostra
711 2875 907 2941 virtus,
936 2874 1032 2929 sed
1061 2873 1315 2929 Dominus
1359 2876 1512 2947 erigit
1559 2876 1746 2942 elisos;

146 2983 264 3030 non
296 2968 546 3025 lectionis
568 2967 859 3034 industria,
904 2967 1002 3023 sed
1054 2966 1311 3022 Dominus
1352 2967 1619 3022 illuminat
1648 2984 1748 3023 co:-

1852 1763 1997 1815 datio
2023 1779 2155 1829 mea,
2179 1777 2288 1816 non
2340 1762 2573 1818 liberum
2612 1765 2920 1831 arbitrium,
2951 1767 3045 1822 sed
3081 1766 3353 1840 Dominus,
3395 1782 3444 1827 et

1851 1859 2020 1927 factus
2040 1866 2115 1911 est
2143 1857 2270 1910 mihi
2294 1856 2349 1911 in
2368 1855 2583 1911 salutem
2611 1855 2786 1929 (Psal.
2832 1860 3019 1931 cxvn).
3050 1862 3203 1929 Quod
3252 1866 3445 1921 doctor

1852 1964 2072 2019 quoque
2117 1949 2357 2020 gentium
2402 1965 2509 2005 non
2570 1951 2825 2021 ignorans
2857 1953 3106 2009 idoneum
3155 1971 3216 2011 se
3246 1957 3444 2014 facturn

1850 2041 2155 2096 ministerio
2185 2042 2308 2095 novi
2349 2041 2709 2110 Testamenti,
2734 2058 2843 2097 non
2875 2059 2976 2098 suo
3000 2047 3196 2101 merito
3220 2063 3319 2103 nec
3353 2065 3446 2105 su-

1849 2132 2003 2198 dore,
2035 2133 2131 2188 sed
2165 2132 2265 2188 Dei
2292 2133 2663 2203 miseratione,
2694 2135 2998 2204 proclamat
3026 2152 3041 2190 :
3071 2136 3194 2191 Non
3216 2142 3354 2207 quod
3374 2143 3446 2195 si-

1852 2243 1985 2293 mus,
2022 2226 2215 2296 inquit,
2247 2227 2421 2281 idonei
2445 2227 2671 2298 cogitare
2694 2227 2895 2296 aliquid
2943 2244 2977 2281 a
3006 2230 3151 2283 nobis
3179 2232 3330 2296 quasi
3382 2249 3447 2287 ex

1850 2320 2018 2386 nobis,
2042 2321 2134 2374 sed
2170 2320 2478 2391 su/ﬁcientia
2522 2330 2699 2375 nostra
2740 2336 2803 2375 ea:
2837 2321 2942 2376 Deo
2971 2332 3043 2376 est
3073 2322 3136 2395 (ll
3161 2322 3284 2379 Cor.
3330 2325 3436 2398 ιιι).

1849 2408 2045 2480 l>Quod
2072 2412 2251 2467 minus
2273 2412 2486 2481 Latine,
2512 2412 2607 2469 sed
2626 2414 2942 2482 expressius
2964 2413 3071 2470 dici
3099 2425 3296 2484 potest,
3321 2418 3447 2473 ldo-

1850 2505 2025 2561 neitas
2052 2515 2238 2561 nostra
2267 2523 2332 2562 ex
2361 2507 2476 2562 Deo
2506 2514 2608 2562 est.
2656 2508 2897 2577 Denique
2921 2508 3190 2579 sequitur,
3240 2509 3343 2575 Qui
3392 2521 3443 2567 et

1849 2597 2062 2651 idoneos
2090 2613 2181 2652 nos
2210 2598 2330 2668 fecit
2352 2596 2613 2651 ministros
2634 2598 2753 2651 novi
2776 2596 3089 2653 Testamenti
3119 2599 3186 2671 (Il
3210 2598 3332 2656 Cor.
3361 2600 3441 2675 ι).

2436 2687 2667 2743 CAPUT
2709 2687 2849 2743 XVI.

2072 2778 2226 2845 Quod
2254 2779 2369 2851 ipsa
2407 2778 2538 2849 fides
2563 2798 2595 2833 a
2631 2777 2857 2834 Domino
2886 2783 3221 2838 concedatur.

1922 2872 1980 2927 ln
2016 2882 2223 2927 tantum
2253 2881 2435 2926 autem
2463 2871 2714 2927 universa
2762 2886 2882 2941 quas
2925 2872 2993 2927 ad
3023 2876 3250 2931 salutem
3281 2878 3448 2947 perti-

1851 2976 1983 3019 nent
2012 2963 2243 3033 apostoli
2297 2962 2517 3018 sibimet
2546 2978 2578 3017 a
2612 2961 2844 3018 Domino
2899 2964 3088 3035 largita
3136 2980 3445 3040 senserunt,

149 3078 261 3127 cos,
295 3059 441 3132 quod
467 3059 658 3117 Graece
688 3058 908 3125 dicitur,
943 3067 969 3096 ⁸
997 3061 1180 3133 Κύριος
1203 3067 1358 3133 σοφοῖ
1408 3060 1647 3134 τύφλους,
1688 3060 1740 3116 id

1856 3069 1875 3097 ε
1905 3070 1962 3113 ιιι
1990 3057 2162 3129 ipsam
2188 3072 2403 3129 quoque
2429 3056 2588 3113 fidem
2614 3058 2860 3128 prastari
2888 3058 2993 3114 sibi
3020 3074 3052 3115 a
3086 3059 3318 3117 Domino
3342 3079 3444 3133 po-

1237 3192 1497 3249 ALARDI
1536 3193 1767 3250 GAZIEI
1803 3191 2365 3259 COMMENTARIUS,

231 3300 256 3327 ι
298 3289 389 3345 Sic
434 3289 583 3344 illum
623 3288 761 3359 psal.
789 3286 1047 3344 versicul.
1103 3286 1280 3343 Graeci
1328 3286 1752 3359 interpretantur

149 3362 229 3418 de
258 3362 622 3415 illustratione
653 3361 852 3414 mentis
879 3368 936 3413 et
955 3360 1310 3414 conversione
1354 3361 1671 3423 viiluiitatis,
1696 3371 1755 3415 ut

151 3435 471 3488 illuminare
502 3432 573 3486 sit
602 3438 878 3502 sapientes
905 3430 1084 3485 facere
1115 3428 1283 3498 (LXX
1311 3427 1624 3502 Interpret.)
1648 3433 1752 3487 He-

152 3504 294 3559 1)τωί
326 3515 432 3558 tant
463 3505 532 3558 de
556 3501 801 3573 caecitate
831 3512 887 3557 et
914 3503 1305 3556 illuminatione
1328 3501 1561 3573 spiritali
1588 3501 1749 3573 quain

154 3575 479 3655 corporalil
496 3574 563 3655 D_.
596 3572 901 3655 Iiieronym.
944 3576 999 3627 in
1025 3591 1139 3655 cap.
1189 3589 1275 3628 Liv
1325 3572 1527 3644 lsaite).

234 3647 262 3687 δ
306 3647 384 3701 En
413 3645 559 3700 aliud
590 3645 865 3714 singulare
892 3656 948 3701 et
977 3646 1201 3701 evidens
1229 3658 1609 3711 argumentum
1640 3662 1748 3716 quo

200 3721 423 3774 robatur
450 3717 769 3773 Cassianum
797 3732 904 3770 non
931 3716 1141 3782 Graece,
1171 3718 1262 3769 sed
1288 3717 1752 3771 Latinoidiomate

204 3807 265 3845 as
294 3789 617 3845 collationes
666 3789 1043 3855 descripsisse,
1097 3787 1239 3855 quod
1286 3797 1341 3839 et
1378 3784 1649 3855 Ciiycliins
1698 3798 1751 3841 et

157 3862 454 3917 Ciacoaius
470 3870 816 3913 annotarunt.
849 3859 982 3911 Nam
1008 3861 1051 3911 si
1072 3858 1258 3913 Graece
1284 3857 1572 3917 scriberet,
1604 3856 1755 3911 Grae-

160 3950 283 3987 cam
316 3948 502 3986 vocem
528 3946 648 4000 quae
678 3928 818 3996 apud
845 3932 1164 3997 Apostolum
1207 3944 1307 3983 una
1350 3938 1455 3991 est,
1499 3928 1750 3993 ἱκανότης,

159 4004 488 4073 simpliciter
517 4000 873 4068 exiirimeret,
900 4016 999 4054 nec
1026 4001 1092 4054 de
1123 4002 1348 4054 vocibus
1385 4000 1591 4054 Latinis
1616 4004 1754 4073 inter

161 4092 225 4131 se
253 4071 467 4129 collatis
497 4074 811 4140 scrupulum
848 4083 1108 4130 moveret.
1134 4072 1364 4126 alteram
1394 4074 1547 4126 alteri
1574 4071 1755 4138 prwfe~

160 4148 365 4202 rendo.
394 4144 662 4198 Caeterum
695 4159 794 4209 qua
841 4143 1052 4198 ratione
1083 4144 1290 4197 dicatur
1334 4146 1509 4197 minus
1542 4142 1750 4211 Latine,

158 4218 264 4272 sed
290 4216 597 4283 expressius
622 4215 747 4280 dici,
779 4212 1043 4269 ldoneitas
1084 4225 1280 4279 nostra,
1313 4230 1473 4284 quain
1503 4215 1753 4284 stt/ﬁcien-

160 4294 239 4341 tia
274 4298 475 4349 nostra,
505 4301 566 4338 ea:
604 4285 713 4339 Deo
760 4294 858 4344 est.
911 4286 1283 4354 grammaticis
1334 4288 1751 4355 expendendum

160 4377 218 4414 et
247 4358 669 4412 examinandum
688 4357 957 4422 relinquo.
1004 4356 1131 4411 Mihi
1158 4368 1305 4411 certe
1338 4358 1510 4425 potius
1540 4369 1757 4411 contra—

162 4436 317 4485 rium
355 4428 590 4493 videtur,
615 4438 667 4483 et
709 4430 885 4481 minus
927 4429 1158 4483 fortasse
1186 4428 1400 4493 Latine,
1452 4429 1543 4482 sed
1578 4437 1754 4481 tamen

166 4504 489 4569 expressius
504 4499 638 4569 dici,
663 4497 708 4553 si
733 4500 816 4551 vis
839 4513 1029 4553 Vocum
1048 4501 1406 4569 Διιιιιεςιιιιιιιυιπ
1437 4497 1759 4569 δυθίεἱρηιὶα

1858 3290 1921 3344 D.
1978 3292 2307 3359 Augustinus
2353 3287 2599 3358 pluribus
2656 3289 2709 3344 in
2761 3288 2916 3355 locis,
2968 3293 3269 3359 praesertim
3329 3302 3445 3351 toto

1856 3360 1970 3415 fere
2014 3362 2151 3414 libro
2216 3360 2285 3416 de
2346 3360 2827 3417 Praedestinatione
2887 3372 3220 3418 sanctorum.
3264 3364 3333 3419 Et
3380 3367 3445 3421 D.

1857 3433 2090 3506 Prosper
2113 3432 2253 3485 libro
2299 3434 2476 3506 primo
2503 3432 2895 3506 deVocatione
2920 3436 3159 3503 gentium
3186 3450 3307 3504 cap.
3347 3436 3442 3506 25,

1855 3505 1945 3557 ubi
1970 3502 2267 3571 Scriptura:
2308 3503 2537 3569 plurima
2589 3505 2640 3557 in
2669 3519 2788 3556 eam
2820 3502 2939 3556 rem
2966 3506 3176 3558 confert
3205 3502 3449 3563 testimo-

1857 3573 1964 3627 nia.
2016 3574 2228 3639 Quibus
2257 3583 2491 3626 accessu
2534 3574 2831 3627 auctoritas
2859 3573 3077 3627 concilii
3106 3578 3443 3644 Arausicani,

1856 3659 1978 3699 can.
2010 3645 2044 3697 5
2065 3654 2118 3697 et
2146 3644 2515 3712 sequentibus,
2558 3644 2752 3711 quibus
2781 3651 2968 3696 contra
3000 3644 3271 3713 Pelagium
3304 3647 3443 3701 defi-

1856 3717 2021 3775 nitur.
2078 3715 2208 3767 sicut
2239 3724 2589 3785 augmentum,
2630 3714 2705 3765 ita
2734 3714 3128 3785 initiumW/idei,
3169 3717 3439 3785 ipsumque

1855 3785 2172 3837 credulitatis
2192 3784 2431 3847 a/fectum
2446 3783 2535 3836 Dei
2565 3786 2758 3837 donum
2783 3799 2913 3837 esse.
2937 3783 3259 3839 Damnant'ur
3273 3783 3447 3843 autem

1856 3858 2163 3926 quicumque
2211 3856 2289 3908 vel
2344 3855 2549 3907 initium
2594 3856 2715 3923 ﬁdei
2762 3858 3063 3911 naturaliter
3099 3857 3239 3911 trabis
3281 3859 3448 3915 inesse

1856 3928 2051 3988 dicunt,
2074 3926 2158 3999 uel
2182 3941 2272 3993 per
2302 3938 2503 3978 natura:
2516 3927 2741 3999 rigorem
2765 3928 3064 3999 euangelicos
3084 3930 3447 3999 prtedicationi

1857 3998 2140 4052 consentire
2159 4013 2250 4051 nos
2272 4012 2418 4066 posse
2459 3997 2736 4068 afﬁrmant,
2768 3997 2957 4067 absque
2993 3997 3371 4056 illuminatione
3399 4012 3449 4058 et

1854 4070 2196 4144 inspiratione
2240 4069 2464 4144 Spiritus
2490 4069 2678 4144 sancti.
2727 4069 2897 4144 Quam
2944 4073 3268 4127 sententiain
3297 4075 3448 4144 ejus-

1858 4144 1980 4195 dem
2012 4143 2222 4195 concilii
2249 4140 2443 4214 Patres
2472 4141 2681 4214 plenius
2726 4141 2997 4209 explicant
3026 4144 3202 4211 capite
3235 4162 3264 4197 ii
3293 4140 3444 4214 ii'ino,

1857 4222 2167 4268 asserentes
2191 4228 2288 4285 nos
2319 4212 2543 4285 credere
2573 4212 2797 4275 debere,
2831 4219 2971 4283 quod
3021 4230 3117 4283 per
3165 4212 3447 4285 peccatum

1857 4285 2017 4352 primi
2051 4283 2284 4339 hominis
2308 4284 2379 4338 ita
2410 4284 2723 4338 inclinatum
2751 4292 2804 4338 et
2830 4283 3347 4344 attenuatiitiil'uerii
3384 4291 3449 4345 ii-

1857 4356 2044 4410 beruin
2086 4355 2396 4420 arbitrium,
2442 4364 2502 4409 ut
2528 4356 2709 4409 nullus
2734 4368 2922 4424 pOSlea
2946 4364 3173 4415 credere
3201 4376 3252 4414 tit
3281 4362 3448 4417 Deum

1860 4427 2051 4500 possit,
2078 4427 2179 4500 nisi
2207 4429 2377 4500 gratia
2407 4441 2530 4481 eum
2563 4437 2619 4482 et
2641 4430 3017 4500 misericordia
3041 4430 3221 4485 divina
3246 4450 3451 4500 pra-ve-

1861 4497 2031 4573 nerit;
2067 4498 2232 4573 idqui:
2256 4498 2420 4573 variis
2441 4498 2788 4573 exempliset
2812 4502 3134 4555 testimoniis
3157 4497 3449 4573 Scriptura:

170 4566 355 4660 noitLa
384 4587 449 4660 ea;
490 4567 599 4653 Deo
626 4566 745 4636 est,
767 4586 939 4652 quam
970 4586 995 4660 Ξ
1036 4567 1306 4660 Idoneitals
1333 4566 1601 4650 nostratis:
1647 4568 1758 4623 Deo
1786 4599 1839 4660 Β
1865 4566 2173 4660 declarant.
2192 4566 2289 4623 Cui
2336 4570 2598 4660 doctrina:
2628 4568 2976 4660 "inhaerentes
3020 4574 3205 4628 Patres
3234 4566 3447 4630 concilii

169 4656 267 4697 est.
299 4642 410 4697 Sed
437 4644 564 4711 quia
599 4644 848 4711 superius
871 4642 1032 4696 verba
1061 4641 1309 4711 Apostoli
1357 4641 1430 4711 ita
1458 4650 1753 4695 cttaveiat:

171 4658 267 4697 est.
299 4658 410 4697 bed
477 4658 564 4697 uta
599 4658 848 4711 superius
871 4658 1032 4696 verna
1061 4658 1309 4711 ,ιιροειοιι
1357 4658 1430 4693 tta
1458 4658 1753 4695 cttaveiat:

171 4715 298 4769 Non
328 4658 652 4795 quoii-simus
678 4714 853 4795 idonei
899 4714 1148 4782 cogitare,
1177 4723 1307 4795 εις..
1344 4710 1465 4795 ideo
1501 4712 1635 4795 dicit
1666 4727 1761 4791 ex-

171 4779 419 4855 pressius
445 4785 551 4837 dici
582 4802 594 4836 :
623 4783 897 4855 ldoneitas
915 4779 1089 4837 nostra
1120 4779 1338 4855 edeeo
1374 4792 1467 4836 est.
1499 4782 1761 4837 Nimirum

174 4853 227 4909 iit
260 4857 425 4910 verba
450 4856 633 4909 verbis
667 4853 1050 4923 respondeant.
1080 4856 1152 4909 At
1177 4853 1400 4924 Vulgata
1422 4855 1600 4909 versio
1623 4868 1763 4909 nunc

173 4929 336 4980 liabet
370 4945 382 4978 :
410 4925 535 4979 Non
558 4927 695 4996 quod
718 4926 1022 4995 suﬂicientes
1060 4927 1244 4993 simus,
1271 4936 1401 4994 etc.,
1448 4927 1642 4996 quibus
1671 4940 1762 4982 se-

112 4998 131 5069 ξί
171 4998 399 5069 quentia
431 5007 555 5067 apte
584 5000 937 5069 respondent.

249 5080 273 5106 ε
303 5069 425 5135 Quo
447 5066 616 5137 magis
655 5068 822 5121 divini
866 5067 1060 5122 auxilii
1090 5068 1466 5123 necessitatem
1514 5079 1570 5123 et
1608 5066 1768 5122 liberi

173 5140 387 5193 arbitrii
427 5139 851 5194 imbecillitatem
903 5140 1153 5194 ostendat
1198 5138 1565 5208 Paphnutius,
1609 5140 1768 5193 docet

176 5214 352 5279 ipsam
387 5225 601 5281 quoque
651 5210 811 5265 fidem
844 5209 1230 5281 Christianam,
1277 5226 1394 5279 qua:
1431 5210 1639 5265 initium
1685 5219 1769 5265 est

176 5280 526 5346 salutis,’non
560 5298 625 5337 ex
655 5283 811 5336 nobis
840 5280 994 5348 ipsis,
1027 5282 1129 5336 hoc
1171 5294 1272 5348 est,
1314 5296 1378 5334 ex
1411 5283 1539 5333 solis
1571 5281 1768 5336 viribus

175 5354 335 5407 liberi
388 5354 597 5407 arbitrii
651 5352 859 5418 liaberi,
911 5354 1005 5408 sed
1064 5368 1094 5408 a
1144 5352 1257 5407 Deo
1302 5352 1531 5416 infundi,
1568 5354 1769 5419 Deique

172 5426 384 5478 donum
415 5438 557 5487 esse,
589 5424 734 5493 quod
777 5438 830 5477 et
869 5423 1089 5479 disertis
1116 5424 1294 5478 verbis
1342 5423 1576 5493 affirmat
1616 5422 1765 5485 Apo-

170 5497 351 5551 Stolus
376 5496 446 5548 ad
496 5491 758 5564 Ephesios
798 5495 1045 5551 scribens
1088 5509 1209 5564 cap.
1248 5510 1285 5550 ιι
1320 5491 1548 5548 :Gratia
1584 5494 1770 5546 saluati

172 5568 292 5621 estis
320 5583 415 5639 per
436 5565 625 5639 ﬁdem;
654 5575 705 5619 et
742 5566 833 5618 hoc
872 5582 973 5639 non
1001 5582 1066 5620 ea:
1084 5565 1243 5639 vobis,
1280 5565 1376 5618 Dei
1415 5567 1549 5618 enim
1575 5565 1767 5616 donum

169 5650 269 5695 cst.
315 5636 494 5706 Quam
525 5638 830 5692 doctrinam
870 5638 1132 5691 adversus
1160 5636 1474 5706 Pelagianos
1522 5648 1763 5700 strenue,

171 5719 382 5782 praeter
427 5710 565 5767 alios
615 5708 826 5776 Patres,
858 5717 1265 5782 propugnarunt
1292 5720 1348 5767 et
1375 5710 1769 5765 confirmarunt

1869 4638 2210 4715 Tridentini,
2242 4655 2377 4715 sess.
2412 4639 2445 4694 6
2474 4656 2596 4715 can.
2628 4640 3061 4715 '5,_anaihemate
3090 4648 3365 4715 damnant,
3405 4648 3451 4701 si

1868 4712 1983 4780 quis
2006 4712 2193 4786 dixerit
2210 4712 2321 4786 sine
2333 4713 2667 4786 prtcvenientc
2687 4709 2915 4786 Spiritus
2935 4715 3097 4767 sancti
3117 4709 3452 4786 inspiratione

1871 4794 2022 4857 atque
2051 4784 2315 4853 adjutorio
2360 4783 2612 4857 hominem
2645 4783 2848 4836 credere
2881 4799 3028 4857 posse
3054 4783 3208 4839 sicut'
3228 4799 3446 4857 oportet.

1871 4854 2108 4908 Credere
2133 4862 2311 4907 autem
2341 4856 2477 4907 sicut
2507 4862 2720 4920 oportet
2767 4865 2848 4907 est
2895 4856 3119 4910 credere
3171 4854 3310 4912 sicut
3356 4876 3452 4912 ex-

1874 4924 2131 4999 pedituad
2182 4926 2430 4999 salutent,
2459 4923 2603 4992 quod
2659 4930 2743 4976 est
2794 4927 3045 4999 assentiri
3080 4928 3203 4981 fidei
3251 4943 3450 4999 mySIe-

1872 4996 1969 5049 riis
1997 4994 2098 5045 sibi
2131 4994 2449 5061 propositis,
2484 5004 2755 5062 tamquam
2781 5010 2808 5044 a
2862 4996 2972 5049 Deo
3023 4994 3448 5062 revelatisfhoc

1874 5074 1975 5130 est,
2002 5074 2222 5138 promer
2241 5064 2624 5138 revelationem
2655 5064 2915 5138 divinam,
2939 5079 3206 5136 tamquam
3234 5082 3452 5138 prapter

1872 5139 2138 5190 rationem
2164 5134 2443 5187 formalem
2487 5134 2761 5188 credendi.
2812 5136 2993 5199 Quare
3022 5134 3452 5204 ltieretic'us,'aut

1871 5206 2124 5279 inﬁdelis,
2159 5210 2281 5271 quia
2305 5220 2413 5279 non
2441 5206 2732 5259 assentiiur
2760 5207 3031 5274 mysteriis
3076 5210 3197 5263 fidei
3229 5223 3450 5279 promer

1870 5278 2254 5333 revelationein
2286 5276 2549 5342 divinam,
2594 5279 2689 5332 sed
2723 5285 2939 5346 propter
2964 5278 3067 5331 alia
3108 5276 3343 5347 inotiva,
3364 5283 3450 5337 vel

1871 5351 2111 5404 rationes
2142 5354 2423 5416 humanas,
2455 5349 2576 5403 ideo
2622 5364 2727 5402 non
2779 5349 2954 5403 credit
2984 5352 3089 5405 fide
3114 5352 3447 5416 Christiana,

1872 5430 2023 5475 certa
2053 5428 2107 5474 et
2129 5421 2412 5486 infallibili,
2446 5422 2542 5475 sed
2572 5420 2843 5484 humana;
2878 5424 3103 5489 proinde
3130 5440 3234 5478 non
3280 5426 3455 5478 credit

1872 5496 2014 5552 sicut
2043 5502 2255 5561 oportet
2286 5502 2340 5545 et
2392 5507 2614 5547 necesse
2641 5500 2724 5546 est
2762 5494 2830 5545 ad
2852 5491 3105 5548 salutem.
3138 5494 3341 5551 Idcirco
3383 5495 3453 5550 ad

1875 5564 2264 5617 excludendain
2313 5563 2613 5631 hujusmodi
2658 5562 2817 5618 ﬁdem
2863 5564 3172 5633 humanam,
3230 5565 3451 5625 addide-

1874 5644 1999 5692 runt
2024 5635 2254 5692 concilia
2277 5634 2426 5692 illam
2448 5636 2791 5706 particulam,
2819 5638 2950 5693 sicut
2975 5648 3198 5711 oportet.
