4036 6216
551 240 656 303 579

551 363 837 423 stnlarent,
859 357 1124 421 dicentes,
1152 353 1390 418 Domine,
1412 365 1543 420 auge
1571 347 1714 402 nobis
1740 346 1927 417 ﬁdem;
1950 343 2122 414 pleni-
2148 349 2202 409 Α

553 454 795 511 tudinem
821 452 941 522 ejus
972 465 1079 504 non
1108 447 1280 500 libero
1328 442 1556 496 arbitrio
1587 445 2003 509 prcesumentes,
2033 434 2132 489 sed

556 547 652 603 Dei
703 545 805 600 sibi
848 541 1131 597 credentes
1176 549 1394 590 munere
1433 531 1838 587 conferendam.
1894 527 2133 596 Denique

559 638 845 694 doeetnos
888 633 1031 688 idem
1060 637 1254 682 auctor
1275 625 1464 679 salutis
1505 623 1776 686 humanm,
1812 635 1973 690 quam
2017 620 2132 688 ipsa

561 732 698 786 ﬁdes
736 737 916 783 nostra
973 723 1176 776 lubrica
1225 719 1316 783 sit,
1357 727 1410 770 et
1439 715 1676 780 inﬁrma,
1716 723 1771 769 et
1798 726 2133 782 nequaquam

558 826 661 880 sibi
702 821 1006 881 sufﬁciens,
1038 815 1142 869 nisi
1175 811 1330 868 luerit
1363 809 1564 864 auxilio
1613 806 1827 862 Domini
1857 805 2133 867 roborata,

559 917 748 968 dicens
777 911 843 964 ad
870 909 1120 963 Petrum:
1143 903 1352 966 Simon,
1379 901 1582 966 Simon,
1609 913 1722 952 ecce
1748 896 1972 952 Satanas
1993 908 2137 963 expe-

558 1007 669 1060 tivit
697 1019 784 1058 ros
824 1011 876 1054 ut
921 999 1170 1052 cribraret
1208 1011 1295 1048 vos
1327 1005 1584 1061 tamquam
1632 991 1878 1052 triticum;
1929 986 2016 1040 sed
2045 1001 2137 1054 ego

559 1099 735 1171 νοσανὶ
765 1096 975 1151 Patrem
1021 1108 1188 1147 meum
1239 1106 1302 1142 ne
1352 1087 1590 1157 deﬁceret
1645 1085 1772 1154 ﬁdes
1823 1094 1929 1137 tua.
1983 1077 2140 1146 Quod

561 1170 697 1244 alius
746 1192 798 1242 in
837 1185 1130 1253 semetipso
1157 1183 1398 1235 sentiens
1448 1177 1583 1240 ﬁeri,
1635 1185 1688 1228 et
1741 1170 2141 1241 quodammodo

563 1283 721 1336 Iidem
752 1294 908 1334 suam
939 1274 1270 1331 inﬁdelitatis
1303 1272 1558 1326 ﬂuctibus
1589 1270 1654 1322 ad
1696 1267 1981 1334 perniciosi
2014 1281 2144 1319 nau-

565 1374 717 1442 fragii
738 1370 926 1426 vndens
951 1367 1201 1436 scOpnlos
1231 1364 1531 1433 perurgeri,
1575 1361 1639 1415 ad
1672 1359 1920 1415 eumdem
1957 1357 2143 1412 Domi-

567 1482 694 1520 num
725 1462 977 1518 auxilium
1011 1460 1132 1515 ﬁdei
1157 1474 1268 1513 sua:
1291 1458 1566 1526 postulans
1595 1455 1725 1510 dicit
1751 1473 1763 1506 :
1787 1452 2021 1515 Domine,
2049 1451 2146 1504 ad-

565 1562 688 1632 juva
715 1556 1066 1625 inﬁdelitatem
1094 1566 1259 1606 meam
1283 1549 1473 1620 (Marc.
1506 1546 1600 1618 tx).
1629 1547 1686 1601 In
1718 1555 1922 1600 tantum
1969 1545 2148 1613 itaque

573 1657 866 1706 senserunt
897 1646 1193 1714 evangelici
1229 1652 1284 1696 et
1309 1641 1588 1710 apostolici
1618 1640 1718 1692 viri
1745 1639 2000 1692 universa
2027 1650 2146 1705 quas

1652 227 1929 290 JOANNIS
1963 225 2276 286 CASSIANI
2314 215 2810 281 COLLATIONES.

3704 204 3830 270 88D

2441 397 2444 402 ,
2797 329 3024 389 CAPUT
3062 328 3227 386 XVII.

2341 433 2492 501 Quod
2520 428 2816 501 moderatiq
2833 436 2881 481 et
2905 425 3181 501 tolerantia
3203 420 3538 478 tentationult
3556 419 3708 474 nobis

2726 517 2761 554 a
2784 499 3006 554 Domino
3038 496 3310 551 tribuatur.

2304 620 2580 676 Summam
2605 629 2824 687 quoque
2849 612 3170 677 tolerantiae,
3202 624 3308 680 qua
3337 606 3662 664 tentationes
3687 606 3829 662 illa-

2235 720 2316 766 tas
2344 712 2614 764 sustinere
2667 708 2959 776 possimus,
2991 720 3095 758 non
3145 713 3251 758 tam
3301 703 3354 756 in
3404 711 3586 756 nostra
3618 701 3831 755 virtute

2235 818 2394 874 quam
2427 804 2480 856 in
2509 801 2605 857 Dei
2635 799 3003 857 misericordia
3033 807 3090 854 et
3111 797 3486 852 moderatione
3514 794 3831 850 consistere

2236 895 2430 949 beatus
2460 894 2754 963 Apostolus
2783 894 2854 946 ita
2903 891 3222 961 pronuntiat
3251 907 3264 943 :
3295 887 3534 943 Tentatio
3575 903 3660 941 vos
3710 897 3831 940 non

2236 985 2265 1024 ¹>
2293 987 2643 1055 apprehendat
2673 986 2773 1039 nisi
2820 985 3089 1038 humana:
3120 981 3292 1051 fidelis
3321 991 3492 1036 autem
3524 979 3683 1045 Deus,
3732 979 3835 1048 qui

2241 1097 2342 1133 non
2376 1079 2627 1149 permittet
2654 1093 2741 1132 vos
2763 1077 2953 1131 tentari
2981 1092 3138 1146 super
3178 1076 3234 1128 id
3265 1075 3400 1145 quod
3449 1078 3674 1146 potestis,
3730 1075 3837 1127 sed

2243 1171 2392 1240 faciet
2418 1187 2534 1224 cum
2566 1171 2843 1223 tentatione
2868 1169 3021 1222 etiam
3043 1169 3258 1233 exitum,
3292 1177 3349 1220 ut
3373 1167 3620 1221 sustinere
3649 1169 3838 1236 possi-

2244 1263 2308 1316 tis
2331 1262 2374 1333 (Ι
2405 1262 2523 1316 Cor.
2547 1265 2625 1330 x).
2659 1261 2826 1316 Ileum
2872 1275 3084 1330 quoque
3123 1270 3310 1329 aptare
3341 1261 3452 1316 sive
3501 1262 3839 1316 conﬁrmare

2246 1358 2456 1410 animos
2487 1363 2704 1409 nostros
2736 1355 2802 1408 ad
2841 1369 3001 1409 omne
3022 1369 3157 1422 opus
3188 1355 3408 1420 bonum,
3445 1363 3500 1408 et
3527 1354 3737 1422 operari
3773 1355 3839 1409 in

2246 1446 2402 1500 nobis
2444 1462 2504 1500 ea
2534 1461 2653 1516 qua:
2674 1446 2775 1500 sibi
2807 1456 2931 1500 sunt
2961 1446 3176 1515 placita,
3223 1445 3368 1500 idem
3414 1446 3699 1514 Apostolus
3736 1447 3843 1502 do-

2247 1551 2333 1594 cet
2364 1557 2377 1593 :
2407 1538 2546 1592 Deus
2575 1549 2744 1592 autem
2771 1538 2912 1610 pacis
2933 1542 3025 1608 qui
3048 1538 3222 1592 eduxit
3243 1538 3306 1590 de
3333 1538 3540 1592 tenebris
3567 1547 3841 1606 pastorem

2250 1648 2492 1702 magnum
2519 1632 2689 1684 ovium
2727 1631 2780 1684 in
2827 1633 3078 1702 sanguine
3117 1631 3406 1684 testamenti
3432 1632 3607 1684 (sterni
3643 1629 3844 1684 Iesum

573 1741 712 1800 bona
747 1747 874 1792 sunt
903 1736 1108 1791 auxilio
1131 1733 1340 1787 Domini
1385 1729 1768 1792 consummari,
1811 1736 1864 1782 et
1887 1741 1957 1781 ne
1981 1727 2152 1795 ipsam
2185 1730 2231 1792 Β
2255 1723 2534 1791 Christum,
2561 1734 2697 1791 aptet
2726 1741 2810 1777 vos
2837 1727 2890 1777 in
2918 1725 3056 1777 omni
3071 1725 3222 1790 bona,
3247 1725 3439 1793 faciens
3462 1725 3514 1776 in
3537 1724 3671 1777 oobis
3692 1725 3843 1793 quod

573 1832 788 1905 quidem
819 1829 977 1883 Iidem
1009 1843 1160 1882 suam
1199 1824 1429 1879 confessi
1461 1833 1585 1878 sunt
1623 1822 1845 1876 illzesam
1886 1837 1945 1876 se
1993 1835 2154 1889 pOsse

575 1924 687 1978 suis
710 1923 916 1977 viribus
943 1920 1026 1975 vel
1057 1918 1266 1974 arbitrii
1291 1917 1538 1972 libertate
1567 1929 1806 1978 servare,
1833 1924 1890 1967 ut
1912 1913 2050 1966 hanc
2069 1913 2152 1967 vel

574 2016 816 2086 adjuvari
855 2017 907 2069 in
951 2029 1042 2080 se,
1074 2015 1158 2068 vel
1203 2012 1392 2066 donari
1418 2012 1544 2075 sibi,
1593 2024 1620 2062 a
1666 2009 1890 2062 Domino
1921 2009 2156 2076 postula-

575 2087 879 2176 rentIQute
911 2108 953 2161 si
990 2108 1040 2160 in
1072 2106 1254 2169 Petro,
1288 2118 1355 2156 ne
1401 2101 1680 2166 deﬁceret,
1713 2099 1921 2154 Domini
1967 2099 2157 2167 egebat

576 2201 796 2262 austlto,
818 2199 937 2268 quis
965 2201 1066 2252 erit
1100 2207 1204 2250 tam
1240 2202 1600 2264 praesumptor
1629 2202 1684 2247 ct
1733 2205 1927 2257 caecus,
1957 2190 2046 2259 qui
2096 2203 2156 2243 se

577 2295 642 2348 ad
675 2295 832 2362 hujus
852 2290 1151 2346 custodiam
1182 2288 1498 2358 quotidiano
1548 2284 1762 2340 Domini
1791 2283 1974 2338 credat
2004 2281 2158 2350 adju—

579 2388 720 2442 torio
751 2401 856 2441 non
887 2399 1049 2454 egere
1079 2383 1101 2435 ?
1147 2382 1446 2450 praesertim
1484 2394 1609 2433 cum
1656 2379 1770 2445 ipse
1817 2376 2075 2430 Dominus
2103 2374 2152 2427 in

573 2477 871 2548 Evangelia
901 2478 1000 2530 hoc
1030 2475 1206 2542 ipsum
1249 2471 1528 2528 evidenter
1558 2469 1889 2538 expresserit
1922 2467 2108 2520 dicens
2141 2483 2152 2518 :

581 2573 727 2627 Sicut
760 2571 951 2638 palmes
999 2583 1104 2621 non
1143 2575 1306 2634 potest
1347 2569 1569 2635 fructum
1615 2563 1785 2632 facere
1831 2578 1864 2615 a
1891 2559 2158 2629 semetipso

580 2667 677 2732 nisi
706 2666 759 2730 in
785 2665 883 2718 vite
905 2661 1170 2723 manserit,
1199 2661 1274 2713 ita
1299 2669 1345 2712 et
1371 2674 1457 2712 vos
1498 2658 1598 2710 nisi
1650 2657 1702 2708 in
1730 2670 1808 2709 me
1842 2653 2155 2716 ,manseritis.

582 2757 650 2812 Et
692 2758 882 2810 iterum
917 2773 928 2806 :
966 2753 1098 2820 Quia
1127 2753 1238 2807 sine
1263 2767 1343 2805 me
1365 2749 1495 2805 nihil
1529 2749 1736 2818 potestis
1771 2748 1940 2818 facere
1975 2745 2156 2817 (Joan.

583 2849 695 2920 xv).
729 2850 900 2916 Quam
943 2850 1014 2904 sit
1060 2847 1223 2916 igitur
1273 2846 1513 2915 ineptum
1546 2858 1608 2898 ac
1651 2843 1968 2909 sacrilegum
2008 2839 2163 2910 quid-

583 2959 740 3012 quam
768 2942 834 2997 de
863 2941 1018 2995 bonis
1047 2940 1258 2995 actibus
1289 2949 1488 2993 nostrae
1524 2937 1826 2996 induStrite,
1853 2944 1908 2988 et
1931 2948 2035 2988 non
2062 2932 2160 2987 Dei

587 3036 772 3108 gratiae
803 3037 887 3090 vel
919 3035 1208 3104 adiutorio,
1235 3033 1516 3102 deputare,
1562 3030 1848 3085 manifeste
1878 3028 2158 3098 probatur,

2257 1821 2419 1890 placet
2449 1835 2621 1871 coram
2650 1835 2704 1872 se
2733 1817 2891 1890 (Heb.
2918 1817 3059 1889 xm).
3106 1816 3258 1886 Quod
3287 1818 3448 1872 etiam
3479 1817 3839 1872 Thessaloni-

2254 1913 2504 1968 censibus
2530 1920 2588 1964 ut
2616 1912 2830 1964 eveniat
2855 1912 2923 1964 ita
2949 1922 3196 1980 precatur
3227 1909 3416 1965 dicens
3449 1926 3464 1964 :
3506 1908 3629 1980 Ipse
3661 1919 3840 1963 autem

2257 2005 2510 2059 Dominus
2531 2003 2566 2058 J
2572 2021 2687 2058 esus
2717 2003 2952 2058 Christus
2979 2014 3025 2057 et
3058 2003 3197 2058 Deus
3234 2003 3394 2058 Pater
3435 2012 3609 2058 noster
3634 2006 3721 2074 qui
3749 2005 3843 2058 di-

2255 2099 2380 2152 lexit
2403 2114 2517 2164 nos,
2546 2107 2595 2152 et
2625 2098 2766 2152 dedit
2789 2097 3189 2152 consolationem
3216 2107 3481 2164 ceternam,
3513 2109 3562 2151 et
3583 2115 3719 2169 spem
3743 2098 3844 2150 bo-

2256 2206 2375 2243 nam
2401 2191 2452 2244 in
2483 2191 2674 2262 gratia,
2705 2191 3002 2245 exhortetur
3027 2185 3184 2244 corda
3206 2201 3391 2252 vestra,
3417 2200 3465 2244 et
3493 2192 3758 2260 conﬁrmet
3781 2192 3844 2246 in

2259 2280 2396 2334 omni
2420 2297 2569 2350 apere
2593 2291 2640 2336 et
2669 2297 2898 2335 sermone
2923 2282 3055 2335 bona
3083 2280 3152 2351 (ll
3185 2281 3361 2336 Thess.
3391 2283 3477 2353 tt).

2828 2395 3056 2452 CAPUT
3079 2394 3265 2451 XVIII.

2261 2486 2410 2552 Quod
2440 2487 2750 2556 perpetuitas
2778 2487 2973 2630 timori/.9
3001 2486 3206 2542 Domini
3237 2489 3380 2544 nobis
3409 2506 3441 2544 a
3469 2487 3693 2546 Domino
3715 2508 3851 2547 con-

2957 2570 3150 2613 eratur.

2957 2570 3065 2612 erat
3070 2577 3150 2613 ur.

2328 2650 2505 2720 Ipsum
2544 2650 2778 2721 denique
2809 2663 2830 2691 ε
2864 2653 3112 2706 timorem
3149 2653 3260 2719 Dei,
3305 2669 3411 2722 quo
3456 2654 3683 2710 ﬁrmiter
3713 2671 3849 2712 eum

2261 2751 2444 2798 tenere
2473 2731 2767 2813 possimus,
2798 2758 2830 2798 a
2862 2744 3088 2799 Domino
3129 2744 3287 2800 nobis
3316 2746 3546 2812 infundi,
3577 2747 3852 2803 Jeretnias

2260 2836 2517 2905 propheta
2541 2851 2608 2890 ex
2639 2850 2866 2903 persona
2899 2835 2992 2891 Dei
3026 2837 3309 2892 manifeste
3356 2846 3616 2907 testatur,
3653 2839 3726 2894 ita
3759 2840 3854 2896 di-

2261 2943 2388 2984 cens
2420 2945 2434 2982 :
2463 2927 2530 2981 Et
2572 2929 2703 2982 dabo
2741 2930 2814 2983 eis
2833 2945 2920 2982 cor
2963 2945 3143 2997 unum,
3180 2939 3228 2982 et
3253 2931 3473 2984 animam
3495 2948 3673 2998 unam,
3703 2944 3758 2986 ut
3779 2936 3856 2987 ti-

2262 3031 2434 3074 meant
2458 3036 2538 3074 me
2561 3022 2804 3076 universis
2823 3021 3024 3084 diebus,
3043 3032 3089 3076 et
3121 3023 3244 3077 bene
3267 3024 3334 3078 sit
3362 3026 3453 3090 eis,
3469 3036 3517 3078 et
3534 3026 3855 3093 ﬁliiseorum

587 3128 865 3184 Dominica
906 3136 1238 3196 protestante
1274 3123 1541 3180 sententia
1568 3164 1582 3188 ,
1629 3125 1746 3177 sine
1795 3135 1893 3176 sua
1935 3120 2165 3189 inSpira-
2192 3119 2237 3182 C
2267 3125 2376 3186 post
2405 3129 2512 3179 eos,
2543 3125 2589 3167 et
2621 3114 2800 3184 feriam
2824 3116 2898 3169 eis
2924 3126 3129 3186 pactum
3149 3117 3531 3188 sempiternum,
3563 3129 3610 3172 et
3636 3136 3736 3172 non
3760 3120 3863 3173 de-

589 3221 755 3283 tione,
802 3219 886 3273 vel
927 3218 1310 3288 cooperatione
1359 3216 1632 3286 spiritales
1663 3215 1868 3269 fructus
1911 3212 2169 3268 exhibere

589 3311 859 3367 neminem
884 3324 1043 3379 posse
1068 3327 1080 3362 :
1115 3307 1276 3362 Omne
1303 3310 1438 3362 enim
1469 3309 1650 3360 datum
1698 3306 1909 3370 bonum,
1936 3317 1986 3359 et
2023 3321 2170 3358 omne

563 3407 784 3460 'donum
828 3404 1106 3475 perfectum
1153 3403 1422 3456 desursum
1465 3411 1570 3466 est,
1601 3399 1911 3454 descendens
1937 3414 1970 3451 a
2010 3395 2170 3450 Patre

593 3499 844 3572 luminum
870 3495 1076 3569 (Jacobi
1097 3496 1158 3567 ι).
1182 3494 1474 3550 Zacharias
1502 3507 1739 3562 quoque,
1768 3499 1793 3527 ε
1820 3490 1952 3555 Quia
1979 3491 2025 3542 si
2051 3488 2171 3554 quid

595 3592 800 3656 bonum,
833 3589 994 3658 ipsius
1020 3598 1093 3642 est
1117 3597 1204 3654 ;et
1233 3588 1276 3640 si
1297 3585 1420 3657 quid
1451 3585 1720 3653 optimum,
1749 3582 1810 3635 ab
1840 3583 1952 3655 ipso
1984 3581 2170 3653 (Zach.

594 3685 692 3756 ιι).
748 3683 812 3737 Et
868 3682 990 3738 ideo
1037 3689 1351 3738 constanter
1404 3679 1596 3758 beatus
1644 3679 1980 3748 Apostolus:
2035 3674 2174 3744 Quid

596 3767 729 3846 enim
757 3775 910 3831 habes
933 3775 1071 3845 quod
1097 3791 1200 3830 non
1224 3774 1516 3846 accepisti?
1540 3773 1677 3843 quod
1697 3773 1741 3826 si
1767 3772 2027 3843 accepisti,
2050 3769 2174 3841 quid

597 3867 834 3938 gloriaris
855 3867 1001 3936 quasi
1025 3882 1127 3921 non
1153 3867 1411 3938 acceperis
1439 3863 1482 3939 (I
1509 3863 1631 3920 Car.
1669 3862 1745 3934 tv)
1769 3863 1792 3916 ?

2264 3208 2433 3260 sinam
2456 3208 2527 3262 eis
2553 3207 2866 3276 benefacere,
2895 3219 2942 3263 et
2977 3211 3208 3264 timorem
3250 3227 3410 3264 meum
3440 3211 3572 3266 dabo
3609 3214 3662 3266 in
3688 3215 3859 3267 corda

2271 3314 2467 3361 eorum,
2501 3309 2553 3351 ut
2582 3314 2681 3352 non
2711 3301 2948 3354 recedant
2970 3318 3002 3354 a
3022 3317 3100 3355 me
3127 3299 3341 3370 (Ierem.
3367 3304 3568 3374 xxxn).
3603 3306 3861 3361 Ezechiel

2273 3406 2484 3460 quoque
2515 3407 2529 3444 :
2573 3391 2640 3444 Et
2678 3391 2812 3446 dabo
2850 3394 2922 3448 eis
2966 3409 3056 3448 cor
3081 3410 3295 3464 novum,
3337 3405 3382 3449 et
3407 3398 3636 3469 spiritum
3663 3414 3862 3454 novum

2276 3481 2492 3536 tribuam
2521 3483 2574 3535 in
2603 3483 2875 3539 visceribus
2905 3502 3099 3553 eorum,
3130 3498 3177 3541 et
3201 3489 3436 3558 auferam
3477 3506 3561 3543 cor
3587 3479 3863 3562 lapideum

2277 3577 2342 3631 de
2361 3593 2514 3631 carne
2545 3593 2741 3645 eorum,
2772 3588 2819 3633 et
2843 3580 2976 3634 dabo
2996 3581 3068 3635 eis
3095 3597 3182 3635 cor
3211 3599 3475 3649 corneum,
3498 3593 3556 3640 ut
3583 3585 3637 3638 in
3659 3601 3865 3656 praece-

2277 3671 2380 3741 ptis
2399 3671 2521 3724 meis
2533 3670 2812 3738 ambulent,
2829 3680 2875 3725 et
2887 3673 3093 3743 judicia
3113 3689 3226 3728 mea
3242 3675 3552 3740 custodiant,
3567 3677 3865 3752 faciantque

2279 3779 2363 3829 ea,
2390 3772 2440 3817 et
2479 3767 2580 3819 sint
2603 3765 2727 3818 mihi
2754 3766 2806 3819 in
2833 3767 3118 3838 populum,
3144 3778 3195 3824 et
3232 3785 3324 3841 ego
3351 3770 3448 3824 sim
3496 3771 3568 3826 eis
3597 3771 3651 3826 in
3691 3770 3866 3827 Deum

2281 3857 2576 3931 (Ezechiel.
2604 3875 2659 3914 ιι
2679 3869 2725 3912 et
2750 3875 2918 3915 xxxvx
2937 3859 2979 3931 ).

1662 4019 1917 4076 ALARDI
1955 4017 2184 4075 GAZEI
2224 4016 2774 4074 COMMENTARIUS.

679 4178 703 4205 ι
732 4165 955 4234 Vulgata
983 4161 1166 4234 versio
1193 4159 1384 4234 habet;
1420 4159 1560 4234 Quia
1583 4155 1719 4210 enim
1741 4154 1924 4234 bonum
1949 4155 2061 4234 eius
2078 4161 2169 4218 est,

606 4250 652 4295 et
676 4237 795 4307 quid
824 4225 1251 4307 pulchrumfjus,
1286 4230 1382 4281 nisi
1403 4230 1727 4307 frumentum
1744 4225 2045 4307 electorum?
2067 4236 2172 4278 etc.

676 4297 702 4348 5
745 4297 987 4362 Ita'nunc
1010 4306 1060 4356 in
1096 4297 1318 4368 Vulgata
1351 4300 1584 4352 editione
1629 4297 1839 4363 legitur.
1872 4297 1937 4368 At
1962 4299 2027 4368 in
2046 4310 2180 4348 non-

607 4381 766 4436 nullis
814 4365 1223 4442 antiquioribus
1261 4380 1340 4425 est
1381 4368 1755 4442 apprehendit,
1804 4375 1859 4419 ut
1909 4365 2180 4442 itLGrzeco

608 4452 820 4523 εἴληφεν.
856 4449 920 4500 Ει
948 4436 1363 4523 Cypriunnsli‘b.
1399 4436 1460 4492 nt
1488 4441 1552 4492 ad
1571 4438 1911 4523 Quirinum}
1943 4436 2180 4491 Tentatio

607 4541 692 4576 vos
720 4510 822 4574 non
851 4510 1133 4584 occupavit,
1169 4514 1266 4565 nisi
1296 4512 1538 4564 humana.
1568 4512 1747 4584 quam
1767 4510 2180 4584 IecrtiOnemLye-

2274 4152 2386 4205 liali
2418 4151 2764 4220 intelligitur,
2791 4165 2895 4220 quo
2933 4151 3054 4221 quis
3092 4155 3280 4209 metuit
3309 4154 3476 4212 Deum
3508 4158 3786 4218 otl'endere
3811 4173 3871 4218 et

2277 4239 2373 4292 per
2403 4222 2661 4304 nll‘ensam
2692 4221 2758 4304 ab
2786 4237 2850 4275 en
2881 4226 3143 4289 separari,
3184 4241 3367 4304 verum
3388 4231 3549 4283 etiam
3579 4232 3646 4287 de
3670 4240 3871 4288 timore

2279 4293 2486 4374 servili.
2517 4308 2622 4374 quo
2655 4293 2774 4374 quis
2799 4309 2831 4374 a
2866 4307 3089 4360 peccatu
3113 4297 3433 4374 retrahitur;
3459 4315 3564 4356 non
3596 4313 3872 4370 quatenus

2278 4365 2488 4445 servilis
2508 4371 2623 4445 est,
2655 4364 2704 4417 id
2733 4371 2830 4427 est,
2853 4374 3127 4445 _qnalenus
3165 4372 3505 4445 coniunctum
3535 4364 3694 4427 habet
3720 4390 3869 4442 pec-

2281 4435 2438 4490 candi
2471 4434 2737 4510 affectum,
2772 4436 2864 4488 sed
2889 4447 3151 4510 quatenus
3182 4450 3339 4494 timor
3361 4441 3572 4508 quidam
3612 4455 3693 4496 est
3711 4434 3737 4506 ,’
3762 4460 3874 4510 per

2283 4522 2440 4583 quem
2465 4505 2738 4574 pr0posita
2757 4507 3202 4583 comminatione
3224 4505 3389 4578 poenae
3419 4505 3872 4583 retrahiturquis

609 4609 722 4650 ram
771 4600 824 4645 et
871 4577 1173 4656 germanam
1226 4598 1366 4659 esse
1389 4581 1664 4659 contendit
1711 4581 1998 4659 Cassianus
2047 4581 2184 4659 libro
2210 4600 2261 4659 ι)
2286 4578 2352 4633 ab
2375 4593 2547 4659 opere
2567 4577 2792 4658 peccati,
2823 4578 2906 4659 cni
2934 4593 3145 4646 poenam
3172 4582 3318 4635 illam
3343 4582 3485 4636 nevit
3511 4597 3632 4638 esse
3653 4577 3874 4640 con'sti-

611 4668 796 4730 quinto
826 4653 1221 4730 Institutionum
1253 4655 1427 4730 capite
1458 4653 1668 4730 decimo
1689 4662 1840 4730 sexto
1871 4653 1953 4706 his
1974 4654 2181 4730 verbis:

610 4722 726 4790 Hoc
779 4731 1008 4804 Apostoli
1057 4722 1394 4804 testimonium
1441 4741 1546 4804 non
1595 4722 1934 4804 intelligentes
1976 4723 2185 4804 quidam

611 4795 889 4896 posuerunt
938 4817 1030 4872 pro
1067 4798 1344 4896 indicatiio
1387 4796 1696 4896 gptativum‘.
1714 4796 1947 4856 modum,
1981 4795 2032 4846 id
2062 4805 2134 4847 est

625 4877 653 4896 ιι
677 4876 848 4896 ,,,._.:-
880 4889 965 4896 -..η
996 4889 1095 4896 ..-η
1127 4885 1280 4896 ,μυηη
1324 4884 1377 4896 Α...
1422 4879 1472 4896 ,ιο
1539 4866 1638 4896 ..ἐή
1706 4881 1892 4896 umnnn
1960 4867 2094 4896 ιηιηΑ
2125 4882 2150 4896 η

612 4865 852 4932 Τεηιαιὶθ
880 4865 965 4926 vos
995 4889 1097 4924 non
1122 4867 1505 4936 apprehendat,
1539 4866 1638 4918 nisi
1667 4865 1913 4929 humana,
1959 4867 2094 4936 quod
2122 4865 2185 4918 ab

610 4950 722 5017 ipso
753 4945 913 5015 magis
940 4944 1042 5017 dici
1075 4935 1397 5017 ntanifestum
1426 4947 1534 5017 est,
1548 4953 1647 5017 non
1677 4937 1920 5017 aptantis,
1950 4935 2040 5017 sed
2064 4953 2184 5017 pro-

612 5009 897 5073 nuntiantis
928 5013 1134 5079 affectu.
1164 5011 1287 5064 I-Ia'c
1325 5010 1459 5078 ipse.
1497 5009 1645 5063 Unde
1676 5013 1866 5061 mirum
1899 5018 1981 5062 est
2024 5010 2111 5062 hic
2155 5023 2186 5063 a

613 5092 792 5157 seipso
821 5087 1105 5140 dissentire
1127 5124 1141 5147 ,
1171 5091 1226 5136 et
1257 5083 1429 5157 aliam
1482 5079 1785 5157 lectionem
1813 5081 1985 5157 sequi.
2033 5079 2187 5157 Quod

613 5152 741 5216 vero
767 5159 852 5214 hic
876 5159 1115 5224 sequitur
1137 5171 1150 5208 :
1179 5153 1265 5207 sed
1288 5153 1436 5221 faciet
1467 5167 1579 5205 cum
1611 5153 1882 5205 tentatione
1903 5152 2190 5224 etiameti-

613 5243 722 5287 tum
750 5222 963 5295 (eme
984 5224 1241 5296 ἔκϐασιν),
1272 5227 1349 5278 sic
1372 5227 1501 5296 citat
1526 5224 1665 5296 hunc
1692 5224 1864 5278 locum
1887 5222 2044 5296 divus
2069 5223 2193 5276 Ilie-

615 5293 871 5372 ronymns
912 5300 965 5353 in
1011 5315 1130 5368 cap.
1163 5293 1748 5372 ttlo-rm-.__C_ypriatms
1792 5308 1917 5372 vero
1951 5311 1963 5345 :
2004 5293 2192 5346 Faciet

615 5365 736 5428 cum
770 5365 1146 5426 tentationeet
1173 5365 1432 5424 evadendi
1481 5368 1805 5418 facultatem.
1835 5366 1967 5417 Cum
2008 5375 2186 5417 autem

615 5445 855 5500 ὺϐαἱνειν
872 5445 1136 5511 signiﬁcet
1162 5443 1296 5495 ultra
1320 5438 1669 5511 proscquiLrt
1688 5450 2023 5511 promovere,
2045 5445 2190 5511 recte

617 5517 776 5570 etiam
827 5501 984 5569 vertit
1028 5514 1270 5582 vulgatus
1297 5501 1533 5576 interpf:
1569 5501 1746 5559 Faciet
1771 5522 1886 5558 cum
1921 5507 2194 5558 tentatione

621 5598 939 5657 proventum.

694 5667 716 5695 ο
758 5655 1025 5708 Τηιιοτειιι
1063 5653 1272 5709 Domini
1306 5652 1447 5704 inter
1477 5651 1614 5701 dona
1646 5648 1877 5701 Sniritns
1899 5647 2066 5698 sancti
2092 5663 2190 5698 nn-

621 5737 788 5783 mersi
819 5726 976 5777 Isaias
1005 5742 1067 5778 ca
1112 5764 1119 5770 .
1160 5740 1209 5774 xl
1260 5724 1407 5786 ρηηά
1444 5738 1546 5770 tum
1603 5739 1625 5762 «ι
1649 5721 1772 5770 dum
1818 5720 1878 5768 'lt‘,
1910 5720 2096 5770 titttttt‘o'
2131 5719 2187 5772 li-

2287 4647 2475 4703 tutarn.
2507 4648 2655 4703 Hunc
2684 4649 2824 4703 enim
2855 4647 3102 4703 timorem
3132 4653 3422 4706 secundum
3444 4669 3501 4709 se
3531 4654 3726 4709 malum
3753 4672 3870 4713 non

2286 4736 2426 4794 esse,
2471 4721 2790 4794 quinimmo
2815 4719 3013 4794 donum
3044 4721 3139 4794 Dei
3187 4739 3338 4790 esse,
3370 4725 3526 4780 docet
3569 4729 3872 4794 Aposwlus

2287 4791 2442 4844 Rutn.
2468 4805 2581 4868 vni.
2610 4791 2801 4868 Diceris
2819 4791 2974 4868 enim
3001 4791 3172 4868 :_Non
3200 4795 3378 4868 iterum
3409 4791 3672 4866 accepistis
3709 4801 3872 4868 spiri-

2289 4873 2396 4940 t_um
2418 4861 2690 4940 servitutis
2711 4863 2765 4940 in
2792 4863 3001 4940 timore,
3031 4862 3166 4916 haud
3198 4867 3430 4940 obscure
3458 4861 3808 4940 signiﬁcat'et
3840 4887 3874 4927 a

2291 4934 2492 5010 Spiritu
2516 4942 2700 5010 sancto
2726 4935 3452 5010 ιιι-ιιιοιὶιιιοιιθῃιἓρτυῐὶειδοί,
3487 4934 3540 4994 e1
3566 4940 3634 4992 ab
3659 4956 3722 4994 εο
3743 4944 3874 5010 qui-

2288 5003 2511 5080 busdam
2537 5002 2824 5080 aliquando
2854 5003 3032 5056 datum
3074 5002 3285 5080 fuisse,
3301 5002 3511 5064 sciliéet
3540 5013 3732 5080 populo
3762 5002 3872 5067 3n-

2287 5075 2442 5129 daico
2473 5075 2523 5127 in
2564 5075 2677 5144 ipsa
2712 5073 2843 5143 legis
2884 5076 3213 5143 acceptione.
3259 5078 3463 5133 Rursus
3492 5073 3794 5137 tuli-motu.
3833 5100 3872 5144 ι,

2288 5161 2408 5200 cum
2440 5148 2514 5219 ait
2535 5143 2700 5219 :_Non
2727 5147 2862 5198 enim
2890 5144 3031 5219 dedit
3057 5147 3208 5219 nobis
3225 5147 3362 5203 Deus
3385 5152 3616 5219 spiritum
3650 5143 3872 5219 timoris,

2289 5232 2407 5270 eum
2434 5215 2684 5269 videlicet
2722 5218 2808 5284 qui
2850 5217 2975 5267 olim
3003 5216 3157 5270 datus
3190 5217 3365 5273 fuerat
3403 5215 3625 5278 Judaeis.
3659 5215 3870 5280 hodeni

2289 5296 2496 5354 spectat
2517 5287 2647 5340 illud
2675 5286 2825 5338 Isaia:
2859 5300 3014 5357 nivi:
3036 5285 3271 5344 Atintore
3295 5302 3401 5357 tuo,
3432 5293 3664 5357 Domine,
3689 5311 3873 5350 conce-

2292 5360 2460 5434 pimus
2487 5357 2858 5434 et_peperimus
2890 5355 3158 5434 Spiritum-
3178 5355 3395 5434 salutis.»
3415 5355 3660 5434 Denique
3681 5365 3758 5419 sic
3790 5371 3873 5421 in-

2295 5441 2373 5482 ter
2407 5430 2497 5483 Dei
2533 5429 2673 5501 dutta
2709 5429 3118 5501 commendatur
3148 5429 3236 5486 hic
3267 5431 3460 5501 timor,
3495 5429 3872 5500 utsecundum

2294 5500 2642 5571 quorumdam
2673 5499 3060 5572 expositiOnem
3109 5501 3318 5556 dicatur
3351 5489 3876 5572 Iniiiumisapieniit;

2297 5569 2466 5636 (Ptol.
2499 5587 2588 5640 cxi
2611 5577 2656 5621 et
2697 5569 2934 5622 Praverb.
2954 5585 3023 5633 tt;
3057 5574 3239 5627 concil.
3273 5573 3501 5629 Trident.
3531 5593 3603 5631 ss.
3631 5569 3741 5632 6c.
3771 5578 3807 5632 6
3829 5588 3880 5640 et

2293 5662 2408 5698 can.
2437 5645 2523 5713 ἃ).
2552 5638 2639 5698 Sic
2664 5643 2807 5695 enim
2843 5643 2901 5694 υ.
2941 5644 3275 5713 Augmtinus
3301 5655 3356 5703 et
3382 5646 3526 5704 Beda
3551 5653 3806 5720 espoutt.
