  <div class='ocr_page' id='page_1' title='image "/cluster/home/n/w/nwhite01/storage/ocr_20150623/49/uva.x000827093/298.png"; bbox 0 0 4026 6204; ppageno 0'>
   <div class='ocr_carea' id='block_1_1' title="bbox 136 234 234 300">
    <p class='ocr_par' dir='ltr' id='par_1_1' title="bbox 136 234 234 300">
     <span class='ocr_line' id='line_1_1' title="bbox 136 234 234 300; baseline 0.071 -7"><span class='ocrx_word' id='word_1_1' title='bbox 136 234 234 300; x_wconf 73' lang='grc'><strong>581</strong></span> 
     </span>
    </p>
   </div>
   <div class='ocr_carea' id='block_1_2' title="bbox 737 353 1129 412">
    <p class='ocr_par' dir='ltr' id='par_1_2' title="bbox 737 353 1129 412">
     <span class='ocr_line' id='line_1_2' title="bbox 737 353 1129 412; baseline -0.013 -1"><span class='ocrx_word' id='word_1_2' title='bbox 737 353 961 412; x_wconf 74' lang='lat' dir='ltr'><strong>CAPUT</strong></span> <span class='ocrx_word' id='word_1_3' title='bbox 988 354 1129 409; x_wconf 79' lang='lat' dir='ltr'><strong>XIX.</strong></span> 
     </span>
    </p>
   </div>
   <div class='ocr_carea' id='block_1_3' title="bbox 138 447 1729 519">
    <p class='ocr_par' dir='ltr' id='par_1_3' title="bbox 138 447 1729 519">
     <span class='ocr_line' id='line_1_3' title="bbox 138 447 1729 519; baseline -0.002 -16"><span class='ocrx_word' id='word_1_4' title='bbox 138 449 289 518; x_wconf 86' lang='lat' dir='ltr'><strong>Quod</strong></span> <span class='ocrx_word' id='word_1_5' title='bbox 314 448 529 504; x_wconf 80' lang='lat' dir='ltr'><strong>initium</strong></span> <span class='ocrx_word' id='word_1_6' title='bbox 568 448 846 519; x_wconf 79' lang='lat' dir='ltr'><strong>voluntatis</strong></span> <span class='ocrx_word' id='word_1_7' title='bbox 890 447 1037 503; x_wconf 75' lang='lat' dir='ltr'><strong>bona:</strong></span> <span class='ocrx_word' id='word_1_8' title='bbox 1081 457 1129 502; x_wconf 82' lang='lat' dir='ltr'><strong>et</strong></span> <span class='ocrx_word' id='word_1_9' title='bbox 1163 447 1524 502; x_wconf 87' lang='lat' dir='ltr'><strong>consummatio</strong></span> <span class='ocrx_word' id='word_1_10' title='bbox 1554 449 1666 519; x_wconf 88' lang='lat' dir='ltr'><strong>ejus</strong></span> <span class='ocrx_word' id='word_1_11' title='bbox 1694 461 1729 499; x_wconf 90' lang='lat' dir='ltr'><strong>a</strong></span> 
     </span>
    </p>
   </div>
   <div class='ocr_carea' id='block_1_4' title="bbox 779 518 1120 574">
    <p class='ocr_par' dir='ltr' id='par_1_4' title="bbox 779 518 1120 574">
     <span class='ocr_line' id='line_1_4' title="bbox 779 518 1120 574; baseline 0 -2"><span class='ocrx_word' id='word_1_12' title='bbox 779 518 1003 573; x_wconf 91' lang='lat' dir='ltr'><strong>Domino</strong></span> <span class='ocrx_word' id='word_1_13' title='bbox 1034 519 1120 574; x_wconf 85' lang='lat' dir='ltr'><strong>sit.</strong></span> 
     </span>
    </p>
   </div>
   <div class='ocr_carea' id='block_1_5' title="bbox 208 611 1727 683">
    <p class='ocr_par' dir='ltr' id='par_1_5' title="bbox 208 611 1727 683">
     <span class='ocr_line' id='line_1_5' title="bbox 208 611 1727 683; baseline -0.003 -14"><span class='ocrx_word' id='word_1_14' title='bbox 208 614 422 683; x_wconf 84' lang='lat' dir='ltr'><strong>Quibus</strong></span> <span class='ocrx_word' id='word_1_15' title='bbox 468 612 908 670; x_wconf 75' lang='lat' dir='ltr'><strong>manifestissime</strong></span> <span class='ocrx_word' id='word_1_16' title='bbox 948 612 1327 682; x_wconf 87' lang='lat' dir='ltr'><strong>perdocemur,</strong></span> <span class='ocrx_word' id='word_1_17' title='bbox 1377 620 1431 679; x_wconf 83' lang='lat' dir='ltr'><strong>et</strong></span> <span class='ocrx_word' id='word_1_18' title='bbox 1459 620 1484 649; x_wconf 74' lang='grc' dir='ltr'>ι</span> <span class='ocrx_word' id='word_1_19' title='bbox 1515 611 1727 666; x_wconf 90' lang='lat' dir='ltr'><strong>initium</strong></span> 
     </span>
    </p>
   </div>
   <div class='ocr_carea' id='block_1_6' title="bbox 137 701 1727 771">
    <p class='ocr_par' dir='ltr' id='par_1_6' title="bbox 137 701 1727 771">
     <span class='ocr_line' id='line_1_6' title="bbox 137 701 1727 771; baseline -0.004 -11"><span class='ocrx_word' id='word_1_20' title='bbox 137 706 445 761; x_wconf 77' lang='lat' dir='ltr'><strong>voluntatis</strong></span> <span class='ocrx_word' id='word_1_21' title='bbox 488 704 648 762; x_wconf 65' lang='lat' dir='ltr'><strong>bona:</strong></span> <span class='ocrx_word' id='word_1_22' title='bbox 672 703 829 759; x_wconf 93' lang='lat' dir='ltr'><strong>nobis</strong></span> <span class='ocrx_word' id='word_1_23' title='bbox 856 702 1085 757; x_wconf 85' lang='lat' dir='ltr'><strong>Domino</strong></span> <span class='ocrx_word' id='word_1_24' title='bbox 1134 702 1434 771; x_wconf 78' lang='lat' dir='ltr'><strong>inspirante</strong></span> <span class='ocrx_word' id='word_1_25' title='bbox 1483 701 1727 764; x_wconf 89' lang='lat' dir='ltr'><strong>concedi,</strong></span> 
     </span>
    </p>
   </div>
   <div class='ocr_carea' id='block_1_7' title="bbox 139 794 1733 869">
    <p class='ocr_par' dir='ltr' id='par_1_7' title="bbox 139 794 1733 869">
     <span class='ocr_line' id='line_1_7' title="bbox 139 794 1733 869; baseline -0.003 -16"><span class='ocrx_word' id='word_1_26' title='bbox 139 814 268 855; x_wconf 91' lang='lat' dir='ltr'><strong>cum</strong></span> <span class='ocrx_word' id='word_1_27' title='bbox 292 810 385 855; x_wconf 89' lang='lat' dir='ltr'><strong>aut</strong></span> <span class='ocrx_word' id='word_1_28' title='bbox 403 814 501 869; x_wconf 89' lang='lat' dir='ltr'><strong>per</strong></span> <span class='ocrx_word' id='word_1_29' title='bbox 522 813 603 863; x_wconf 81' lang='lat' dir='ltr'><strong>se,</strong></span> <span class='ocrx_word' id='word_1_30' title='bbox 626 806 719 852; x_wconf 87' lang='lat' dir='ltr'><strong>aut</strong></span> <span class='ocrx_word' id='word_1_31' title='bbox 744 812 839 866; x_wconf 91' lang='lat' dir='ltr'><strong>per</strong></span> <span class='ocrx_word' id='word_1_32' title='bbox 866 794 1303 857; x_wconf 66' lang='lat' dir='ltr'><strong>exhortationem</strong></span> <span class='ocrx_word' id='word_1_33' title='bbox 1323 794 1609 867; x_wconf 84' lang='lat' dir='ltr'><strong>cujuslibet</strong></span> <span class='ocrx_word' id='word_1_34' title='bbox 1637 794 1733 848; x_wconf 84' lang='lat' dir='ltr'><strong>ho-</strong></span> 
     </span>
    </p>
   </div>
   <div class='ocr_carea' id='block_1_8' title="bbox 141 884 1738 959">
    <p class='ocr_par' dir='ltr' id='par_1_8' title="bbox 141 884 1738 959">
     <span class='ocr_line' id='line_1_8' title="bbox 141 884 1738 959; baseline -0.004 -14"><span class='ocrx_word' id='word_1_35' title='bbox 141 892 331 955; x_wconf 87' lang='lat' dir='ltr'><strong>minis,</strong></span> <span class='ocrx_word' id='word_1_36' title='bbox 363 901 457 951; x_wconf 88' lang='lat' dir='ltr'><strong>aut</strong></span> <span class='ocrx_word' id='word_1_37' title='bbox 489 906 585 959; x_wconf 86' lang='lat' dir='ltr'><strong>per</strong></span> <span class='ocrx_word' id='word_1_38' title='bbox 612 890 986 944; x_wconf 85' lang='lat' dir='ltr'><strong>necessitatem</strong></span> <span class='ocrx_word' id='word_1_39' title='bbox 1035 900 1134 951; x_wconf 90' lang='lat' dir='ltr'><strong>nos</strong></span> <span class='ocrx_word' id='word_1_40' title='bbox 1179 886 1246 940; x_wconf 86' lang='lat' dir='ltr'><strong>ad</strong></span> <span class='ocrx_word' id='word_1_41' title='bbox 1278 886 1466 941; x_wconf 90' lang='lat' dir='ltr'><strong>salutis</strong></span> <span class='ocrx_word' id='word_1_42' title='bbox 1513 884 1738 939; x_wconf 89' lang='lat' dir='ltr'><strong>attrahit</strong></span> 
     </span>
    </p>
   </div>
   <div class='ocr_carea' id='block_1_9' title="bbox 144 977 1795 1051">
    <p class='ocr_par' dir='ltr' id='par_1_9' title="bbox 144 977 1795 1051">
     <span class='ocr_line' id='line_1_9' title="bbox 144 977 1795 1051; baseline -0.002 -16"><span class='ocrx_word' id='word_1_43' title='bbox 144 983 312 1045; x_wconf 86' lang='lat' dir='ltr'><strong>viam.</strong></span> <span class='ocrx_word' id='word_1_44' title='bbox 342 991 397 1037; x_wconf 89' lang='lat' dir='ltr'><strong>et</strong></span> <span class='ocrx_word' id='word_1_45' title='bbox 426 981 813 1051; x_wconf 82' lang='lat' dir='ltr'><strong>perfectionem</strong></span> <span class='ocrx_word' id='word_1_46' title='bbox 840 978 1096 1033; x_wconf 90' lang='lat' dir='ltr'><strong>virtutum</strong></span> <span class='ocrx_word' id='word_1_47' title='bbox 1127 977 1197 1032; x_wconf 90' lang='lat' dir='ltr'><strong>ab</strong></span> <span class='ocrx_word' id='word_1_48' title='bbox 1244 977 1438 1033; x_wconf 87' lang='lat' dir='ltr'><strong>eodem</strong></span> <span class='ocrx_word' id='word_1_49' title='bbox 1487 977 1739 1032; x_wconf 84' lang='lat' dir='ltr'><strong>similiter</strong></span> <span class='ocrx_word' id='word_1_50' title='bbox 1792 990 1795 991; x_wconf 71' lang='lat'><strong><em>&#39;</em></strong></span> 
     </span>
    </p>
   </div>
   <div class='ocr_carea' id='block_1_10' title="bbox 144 1070 1738 1141">
    <p class='ocr_par' dir='ltr' id='par_1_10' title="bbox 144 1070 1738 1141">
     <span class='ocr_line' id='line_1_10' title="bbox 144 1070 1738 1141; baseline -0.003 -13"><span class='ocrx_word' id='word_1_51' title='bbox 144 1073 466 1140; x_wconf 90' lang='lat' dir='ltr'><strong>condonari;</strong></span> <span class='ocrx_word' id='word_1_52' title='bbox 490 1071 518 1112; x_wconf 73' lang='grc' dir='ltr'>δ</span> <span class='ocrx_word' id='word_1_53' title='bbox 537 1084 781 1141; x_wconf 91' lang='lat' dir='ltr'><strong>nostrum</strong></span> <span class='ocrx_word' id='word_1_54' title='bbox 798 1087 929 1126; x_wconf 89' lang='lat' dir='ltr'><strong>vero</strong></span> <span class='ocrx_word' id='word_1_55' title='bbox 944 1073 1045 1125; x_wconf 91' lang='lat' dir='ltr'><strong>hoc</strong></span> <span class='ocrx_word' id='word_1_56' title='bbox 1068 1085 1208 1133; x_wconf 88' lang='lat' dir='ltr'><strong>esse,</strong></span> <span class='ocrx_word' id='word_1_57' title='bbox 1231 1080 1289 1125; x_wconf 91' lang='lat' dir='ltr'><strong>ut</strong></span> <span class='ocrx_word' id='word_1_58' title='bbox 1306 1070 1738 1124; x_wconf 78' lang='lat' dir='ltr'><strong>exhortationem</strong></span> 
     </span>
    </p>
   </div>
   <div class='ocr_carea' id='block_1_11' title="bbox 147 1163 1741 1236">
    <p class='ocr_par' dir='ltr' id='par_1_11' title="bbox 147 1163 1741 1236">
     <span class='ocr_line' id='line_1_11' title="bbox 147 1163 1741 1236; baseline -0.003 -15"><span class='ocrx_word' id='word_1_59' title='bbox 147 1168 513 1236; x_wconf 82' lang='lat' dir='ltr'><strong>auxiliumque</strong></span> <span class='ocrx_word' id='word_1_60' title='bbox 543 1166 640 1221; x_wconf 91' lang='lat' dir='ltr'><strong>Dei</strong></span> <span class='ocrx_word' id='word_1_61' title='bbox 673 1165 757 1229; x_wconf 86' lang='lat' dir='ltr'><strong>vel</strong></span> <span class='ocrx_word' id='word_1_62' title='bbox 788 1165 1067 1229; x_wconf 80' lang='lat' dir='ltr'><strong>remissius</strong></span> <span class='ocrx_word' id='word_1_63' title='bbox 1106 1164 1192 1219; x_wconf 85' lang='lat' dir='ltr'><strong>vel</strong></span> <span class='ocrx_word' id='word_1_64' title='bbox 1222 1163 1435 1219; x_wconf 81' lang='lat' dir='ltr'><strong>enixius</strong></span> <span class='ocrx_word' id='word_1_65' title='bbox 1482 1178 1741 1234; x_wconf 82' lang='lat' dir='ltr'><strong>exsequa-</strong></span> 
     </span>
    </p>
   </div>
   <div class='ocr_carea' id='block_1_12' title="bbox 149 1256 1743 1333">
    <p class='ocr_par' dir='ltr' id='par_1_12' title="bbox 149 1256 1743 1333">
     <span class='ocr_line' id='line_1_12' title="bbox 149 1256 1743 1333; baseline -0.001 -18"><span class='ocrx_word' id='word_1_66' title='bbox 149 1277 294 1328; x_wconf 87' lang='lat' dir='ltr'><strong>mur,</strong></span> <span class='ocrx_word' id='word_1_67' title='bbox 317 1271 373 1315; x_wconf 89' lang='lat' dir='ltr'><strong>et</strong></span> <span class='ocrx_word' id='word_1_68' title='bbox 396 1276 495 1330; x_wconf 92' lang='lat' dir='ltr'><strong>pro</strong></span> <span class='ocrx_word' id='word_1_69' title='bbox 518 1259 687 1333; x_wconf 76' lang='lat' dir='ltr'><strong>(Lips.</strong></span> <span class='ocrx_word' id='word_1_70' title='bbox 716 1260 770 1315; x_wconf 90' lang='lat' dir='ltr'><strong>in</strong></span> <span class='ocrx_word' id='word_1_71' title='bbox 799 1277 962 1330; x_wconf 87' lang='lat' dir='ltr'><strong>marg.</strong></span> <span class='ocrx_word' id='word_1_72' title='bbox 988 1256 1108 1329; x_wconf 91' lang='lat' dir='ltr'><strong>per]</strong></span> <span class='ocrx_word' id='word_1_73' title='bbox 1139 1261 1240 1314; x_wconf 92' lang='lat' dir='ltr'><strong>hoc</strong></span> <span class='ocrx_word' id='word_1_74' title='bbox 1268 1275 1367 1313; x_wconf 87' lang='lat' dir='ltr'><strong>nos</strong></span> <span class='ocrx_word' id='word_1_75' title='bbox 1385 1259 1468 1313; x_wconf 92' lang='lat' dir='ltr'><strong>vel</strong></span> <span class='ocrx_word' id='word_1_76' title='bbox 1496 1273 1743 1314; x_wconf 89' lang='lat' dir='ltr'><strong>remune-</strong></span> 
     </span>
    </p>
   </div>
   <div class='ocr_carea' id='block_1_13' title="bbox 149 1351 1741 1423">
    <p class='ocr_par' dir='ltr' id='par_1_13' title="bbox 149 1351 1741 1423">
     <span class='ocr_line' id='line_1_13' title="bbox 149 1351 1741 1423; baseline -0.003 -15"><span class='ocrx_word' id='word_1_77' title='bbox 149 1356 417 1409; x_wconf 83' lang='lat' dir='ltr'><strong>rationem</strong></span> <span class='ocrx_word' id='word_1_78' title='bbox 450 1354 533 1408; x_wconf 92' lang='lat' dir='ltr'><strong>vel</strong></span> <span class='ocrx_word' id='word_1_79' title='bbox 561 1352 825 1423; x_wconf 89' lang='lat' dir='ltr'><strong>supplicia</strong></span> <span class='ocrx_word' id='word_1_80' title='bbox 856 1353 1173 1420; x_wconf 88' lang='lat' dir='ltr'><strong>dignissima</strong></span> <span class='ocrx_word' id='word_1_81' title='bbox 1220 1352 1560 1421; x_wconf 85' lang='lat' dir='ltr'><strong>promereri,</strong></span> <span class='ocrx_word' id='word_1_82' title='bbox 1601 1351 1741 1419; x_wconf 90' lang='lat' dir='ltr'><strong>quod</strong></span> 
     </span>
    </p>
   </div>
   <div class='ocr_carea' id='block_1_14' title="bbox 149 1442 1742 1515">
    <p class='ocr_par' dir='ltr' id='par_1_14' title="bbox 149 1442 1742 1515">
     <span class='ocr_line' id='line_1_14' title="bbox 149 1442 1742 1515; baseline -0.003 -15"><span class='ocrx_word' id='word_1_83' title='bbox 149 1446 265 1515; x_wconf 91' lang='lat' dir='ltr'><strong>ejus</strong></span> <span class='ocrx_word' id='word_1_84' title='bbox 289 1442 681 1513; x_wconf 84' lang='lat' dir='ltr'><strong>dispensationi</strong></span> <span class='ocrx_word' id='word_1_85' title='bbox 706 1459 771 1499; x_wconf 92' lang='lat' dir='ltr'><strong>ac</strong></span> <span class='ocrx_word' id='word_1_86' title='bbox 796 1444 1167 1512; x_wconf 62' lang='lat' dir='ltr'><strong>providentiae,</strong></span> <span class='ocrx_word' id='word_1_87' title='bbox 1185 1458 1311 1513; x_wconf 88' lang='lat' dir='ltr'><strong>erga</strong></span> <span class='ocrx_word' id='word_1_88' title='bbox 1339 1458 1438 1499; x_wconf 90' lang='lat' dir='ltr'><strong>nos</strong></span> <span class='ocrx_word' id='word_1_89' title='bbox 1462 1443 1742 1513; x_wconf 82' lang='lat' dir='ltr'><strong>benignis-</strong></span> 
     </span>
    </p>
   </div>
   <div class='ocr_carea' id='block_1_15' title="bbox 150 1535 1743 1607">
    <p class='ocr_par' dir='ltr' id='par_1_15' title="bbox 150 1535 1743 1607">
     <span class='ocr_line' id='line_1_15' title="bbox 150 1535 1743 1607; baseline -0.003 -14"><span class='ocrx_word' id='word_1_90' title='bbox 150 1540 281 1593; x_wconf 91' lang='lat' dir='ltr'><strong>sima</strong></span> <span class='ocrx_word' id='word_1_91' title='bbox 329 1538 646 1607; x_wconf 78' lang='lat' dir='ltr'><strong>dignatione</strong></span> <span class='ocrx_word' id='word_1_92' title='bbox 676 1538 913 1600; x_wconf 59' lang='lat' dir='ltr'><strong>collatae,</strong></span> <span class='ocrx_word' id='word_1_93' title='bbox 945 1537 1026 1590; x_wconf 86' lang='lat' dir='ltr'><strong>vel</strong></span> <span class='ocrx_word' id='word_1_94' title='bbox 1061 1536 1394 1605; x_wconf 82' lang='lat' dir='ltr'><strong>negleximus</strong></span> <span class='ocrx_word' id='word_1_95' title='bbox 1424 1535 1509 1590; x_wconf 85' lang='lat' dir='ltr'><strong>vel</strong></span> <span class='ocrx_word' id='word_1_96' title='bbox 1540 1536 1743 1589; x_wconf 85' lang='lat' dir='ltr'><strong>studui-</strong></span> 
     </span>
    </p>
   </div>
   <div class='ocr_carea' id='block_1_16' title="bbox 152 1626 1738 1698">
    <p class='ocr_par' dir='ltr' id='par_1_16' title="bbox 152 1626 1738 1698">
     <span class='ocr_line' id='line_1_16' title="bbox 152 1626 1738 1698; baseline -0.001 -15"><span class='ocrx_word' id='word_1_97' title='bbox 152 1647 270 1684; x_wconf 89' lang='lat' dir='ltr'><strong>mus</strong></span> <span class='ocrx_word' id='word_1_98' title='bbox 302 1640 504 1685; x_wconf 69' lang='lat' dir='ltr'><strong>nostra:</strong></span> <span class='ocrx_word' id='word_1_99' title='bbox 541 1627 869 1691; x_wconf 72' lang='lat' dir='ltr'><strong>obedientia:</strong></span> <span class='ocrx_word' id='word_1_100' title='bbox 907 1628 1199 1683; x_wconf 86' lang='lat' dir='ltr'><strong>devotione</strong></span> <span class='ocrx_word' id='word_1_101' title='bbox 1226 1643 1549 1698; x_wconf 81' lang='lat' dir='ltr'><strong>congruere.</strong></span> <span class='ocrx_word' id='word_1_102' title='bbox 1584 1626 1738 1693; x_wconf 87' lang='lat' dir='ltr'><strong>Quod</strong></span> 
     </span>
    </p>
   </div>
   <div class='ocr_carea' id='block_1_17' title="bbox 880 224 2684 295">
    <p class='ocr_par' dir='ltr' id='par_1_17' title="bbox 880 224 2684 295">
     <span class='ocr_line' id='line_1_17' title="bbox 880 224 2684 295; baseline -0.007 1"><span class='ocrx_word' id='word_1_103' title='bbox 880 235 1213 295; x_wconf 83' lang='lat' dir='ltr'><strong>COLLATIO</strong></span> <span class='ocrx_word' id='word_1_104' title='bbox 1250 233 1338 292; x_wconf 88' lang='lat' dir='ltr'><strong>III.</strong></span> <span class='ocrx_word' id='word_1_105' title='bbox 1368 234 1441 277; x_wconf 59' lang='lat'><strong>——&#39;</strong></span> <span class='ocrx_word' id='word_1_106' title='bbox 1470 232 1557 289; x_wconf 88' lang='lat' dir='ltr'><strong>DE</strong></span> <span class='ocrx_word' id='word_1_107' title='bbox 1594 230 1843 289; x_wconf 80' lang='lat' dir='ltr'><strong>TBIBUS</strong></span> <span class='ocrx_word' id='word_1_108' title='bbox 1885 224 2684 288; x_wconf 69' lang='lat' dir='ltr'><strong>ABRENUNTIATIONIBUS.‘</strong></span> 
     </span>
    </p>
   </div>
   <div class='ocr_carea' id='block_1_18' title="bbox 3311 234 3419 293">
    <p class='ocr_par' dir='ltr' id='par_1_18' title="bbox 3311 234 3419 293">
     <span class='ocr_line' id='line_1_18' title="bbox 3311 234 3419 293; baseline 0.019 -2"><span class='ocrx_word' id='word_1_109' title='bbox 3311 234 3419 293; x_wconf 69' lang='lat'><strong>582</strong></span> 
     </span>
    </p>
   </div>
   <div class='ocr_carea' id='block_1_19' title="bbox 1752 346 3420 417">
    <p class='ocr_par' dir='ltr' id='par_1_19' title="bbox 1752 346 3420 417">
     <span class='ocr_line' id='line_1_19' title="bbox 1752 346 3420 417; baseline 0.002 -14"><span class='ocrx_word' id='word_1_110' title='bbox 1752 350 1805 409; x_wconf 81' lang='grc' dir='ltr'><strong>Α</strong></span> <span class='ocrx_word' id='word_1_111' title='bbox 1830 347 2033 403; x_wconf 89' lang='lat' dir='ltr'><strong>cundos</strong></span> <span class='ocrx_word' id='word_1_112' title='bbox 2066 356 2226 417; x_wconf 87' lang='lat' dir='ltr'><strong>atque</strong></span> <span class='ocrx_word' id='word_1_113' title='bbox 2254 346 2564 413; x_wconf 82' lang='lat' dir='ltr'><strong>victoriam;</strong></span> <span class='ocrx_word' id='word_1_114' title='bbox 2594 354 2841 402; x_wconf 91' lang='lat' dir='ltr'><strong>nostrum</strong></span> <span class='ocrx_word' id='word_1_115' title='bbox 2896 361 3027 405; x_wconf 79' lang='lat' dir='ltr'><strong>vero</strong></span> <span class='ocrx_word' id='word_1_116' title='bbox 3047 360 3168 415; x_wconf 83' lang='lat' dir='ltr'><strong>esse</strong></span> <span class='ocrx_word' id='word_1_117' title='bbox 3194 357 3257 406; x_wconf 89' lang='lat' dir='ltr'><strong>ut</strong></span> <span class='ocrx_word' id='word_1_118' title='bbox 3288 365 3420 407; x_wconf 90' lang='lat' dir='ltr'><strong>eon-</strong></span> 
     </span>
    </p>
   </div>
   <div class='ocr_carea' id='block_1_20' title="bbox 1832 438 3420 512">
    <p class='ocr_par' dir='ltr' id='par_1_20' title="bbox 1832 438 3420 512">
     <span class='ocr_line' id='line_1_20' title="bbox 1832 438 3420 512; baseline 0.001 -17"><span class='ocrx_word' id='word_1_119' title='bbox 1832 455 1982 495; x_wconf 87' lang='lat' dir='ltr'><strong>cessa</strong></span> <span class='ocrx_word' id='word_1_120' title='bbox 2012 439 2108 493; x_wconf 89' lang='lat' dir='ltr'><strong>Dei</strong></span> <span class='ocrx_word' id='word_1_121' title='bbox 2134 438 2398 494; x_wconf 89' lang='lat' dir='ltr'><strong>beneﬁcia</strong></span> <span class='ocrx_word' id='word_1_122' title='bbox 2421 440 2505 495; x_wconf 86' lang='lat' dir='ltr'><strong>vel</strong></span> <span class='ocrx_word' id='word_1_123' title='bbox 2531 438 2789 494; x_wconf 85' lang='lat' dir='ltr'><strong>intentius</strong></span> <span class='ocrx_word' id='word_1_124' title='bbox 2812 440 2895 495; x_wconf 85' lang='lat' dir='ltr'><strong>vel</strong></span> <span class='ocrx_word' id='word_1_125' title='bbox 2922 441 3138 510; x_wconf 75' lang='lat' dir='ltr'><strong>segnius</strong></span> <span class='ocrx_word' id='word_1_126' title='bbox 3159 456 3420 512; x_wconf 77' lang='lat' dir='ltr'><strong>exsequa-</strong></span> 
     </span>
    </p>
   </div>
   <div class='ocr_carea' id='block_1_21' title="bbox 1831 531 3423 599">
    <p class='ocr_par' dir='ltr' id='par_1_21' title="bbox 1831 531 3423 599">
     <span class='ocr_line' id='line_1_21' title="bbox 1831 531 3423 599; baseline -0.001 -11"><span class='ocrx_word' id='word_1_127' title='bbox 1831 549 1970 588; x_wconf 88' lang='lat' dir='ltr'><strong>mur.</strong></span> <span class='ocrx_word' id='word_1_128' title='bbox 2005 534 2178 599; x_wconf 91' lang='lat' dir='ltr'><strong>Quam</strong></span> <span class='ocrx_word' id='word_1_129' title='bbox 2203 532 2469 587; x_wconf 86' lang='lat' dir='ltr'><strong>rationem</strong></span> <span class='ocrx_word' id='word_1_130' title='bbox 2501 532 2663 586; x_wconf 89' lang='lat' dir='ltr'><strong>etiam</strong></span> <span class='ocrx_word' id='word_1_131' title='bbox 2696 532 2749 585; x_wconf 93' lang='lat' dir='ltr'><strong>in</strong></span> <span class='ocrx_word' id='word_1_132' title='bbox 2780 531 2997 593; x_wconf 87' lang='lat' dir='ltr'><strong>illorum</strong></span> <span class='ocrx_word' id='word_1_133' title='bbox 3029 547 3297 589; x_wconf 83' lang='lat' dir='ltr'><strong>caecorum</strong></span> <span class='ocrx_word' id='word_1_134' title='bbox 3326 549 3423 587; x_wconf 85' lang='lat' dir='ltr'><strong>cu-</strong></span> 
     </span>
    </p>
   </div>
   <div class='ocr_carea' id='block_1_22' title="bbox 1832 621 3421 692">
    <p class='ocr_par' dir='ltr' id='par_1_22' title="bbox 1832 621 3421 692">
     <span class='ocr_line' id='line_1_22' title="bbox 1832 621 3421 692; baseline 0.001 -15"><span class='ocrx_word' id='word_1_135' title='bbox 1832 636 2044 678; x_wconf 79' lang='lat' dir='ltr'><strong>ratione</strong></span> <span class='ocrx_word' id='word_1_136' title='bbox 2088 621 2220 676; x_wconf 82' lang='lat' dir='ltr'><strong>satis</strong></span> <span class='ocrx_word' id='word_1_137' title='bbox 2269 621 2549 679; x_wconf 86' lang='lat' dir='ltr'><strong>evidenter</strong></span> <span class='ocrx_word' id='word_1_138' title='bbox 2596 622 2840 677; x_wconf 87' lang='lat' dir='ltr'><strong>videmus</strong></span> <span class='ocrx_word' id='word_1_139' title='bbox 2886 637 3220 692; x_wconf 75' lang='lat' dir='ltr'><strong>expressam.</strong></span> <span class='ocrx_word' id='word_1_140' title='bbox 3268 624 3421 691; x_wconf 87' lang='lat' dir='ltr'><strong>Quod</strong></span> 
     </span>
    </p>
   </div>
   <div class='ocr_carea' id='block_1_23' title="bbox 1830 711 3422 784">
    <p class='ocr_par' dir='ltr' id='par_1_23' title="bbox 1830 711 3422 784">
     <span class='ocr_line' id='line_1_23' title="bbox 1830 711 3422 784; baseline 0.001 -17"><span class='ocrx_word' id='word_1_141' title='bbox 1830 714 1976 768; x_wconf 92' lang='lat' dir='ltr'><strong>enim</strong></span> <span class='ocrx_word' id='word_1_142' title='bbox 2010 711 2219 765; x_wconf 84' lang='lat' dir='ltr'><strong>transiit</strong></span> <span class='ocrx_word' id='word_1_143' title='bbox 2246 722 2368 765; x_wconf 88' lang='lat' dir='ltr'><strong>ante</strong></span> <span class='ocrx_word' id='word_1_144' title='bbox 2398 726 2496 773; x_wconf 87' lang='lat' dir='ltr'><strong>eos</strong></span> <span class='ocrx_word' id='word_1_145' title='bbox 2526 711 2682 776; x_wconf 82' lang='lat' dir='ltr'><strong>Jesus</strong></span> <span class='ocrx_word' id='word_1_146' title='bbox 2702 753 2718 778; x_wconf 90' lang='lat'><strong>,</strong></span> <span class='ocrx_word' id='word_1_147' title='bbox 2750 712 2949 767; x_wconf 69' lang='lat' dir='ltr'><strong>divina:</strong></span> <span class='ocrx_word' id='word_1_148' title='bbox 2977 715 3335 784; x_wconf 64' lang='lat' dir='ltr'><strong>providentiae</strong></span> <span class='ocrx_word' id='word_1_149' title='bbox 3367 725 3422 769; x_wconf 87' lang='lat' dir='ltr'><strong>et</strong></span> 
     </span>
    </p>
   </div>
   <div class='ocr_carea' id='block_1_24' title="bbox 1834 802 3417 872">
    <p class='ocr_par' dir='ltr' id='par_1_24' title="bbox 1834 802 3417 872">
     <span class='ocr_line' id='line_1_24' title="bbox 1834 802 3417 872; baseline 0 -15"><span class='ocrx_word' id='word_1_150' title='bbox 1834 802 2159 872; x_wconf 80' lang='lat' dir='ltr'><strong>dignationis</strong></span> <span class='ocrx_word' id='word_1_151' title='bbox 2189 812 2271 857; x_wconf 89' lang='lat' dir='ltr'><strong>cst</strong></span> <span class='ocrx_word' id='word_1_152' title='bbox 2294 803 2486 870; x_wconf 85' lang='lat' dir='ltr'><strong>gratia.</strong></span> <span class='ocrx_word' id='word_1_153' title='bbox 2518 802 2669 870; x_wconf 84' lang='lat' dir='ltr'><strong>Quod</strong></span> <span class='ocrx_word' id='word_1_154' title='bbox 2699 804 3083 869; x_wconf 78' lang='lat' dir='ltr'><strong>vociferantur,</strong></span> <span class='ocrx_word' id='word_1_155' title='bbox 3114 812 3170 859; x_wconf 90' lang='lat' dir='ltr'><strong>et</strong></span> <span class='ocrx_word' id='word_1_156' title='bbox 3196 806 3380 858; x_wconf 84' lang='lat' dir='ltr'><strong>dlCtlnl</strong></span> <span class='ocrx_word' id='word_1_157' title='bbox 3405 823 3417 857; x_wconf 87' lang='lat'><strong>:</strong></span> 
     </span>
    </p>
   </div>
   <div class='ocr_carea' id='block_1_25' title="bbox 1838 893 3423 966">
    <p class='ocr_par' dir='ltr' id='par_1_25' title="bbox 1838 893 3423 966">
     <span class='ocr_line' id='line_1_25' title="bbox 1838 893 3423 966; baseline 0.001 -16"><span class='ocrx_word' id='word_1_158' title='bbox 1838 895 2083 950; x_wconf 73' lang='lat' dir='ltr'><strong>Miserere</strong></span> <span class='ocrx_word' id='word_1_159' title='bbox 2108 896 2289 960; x_wconf 81' lang='lat' dir='ltr'><strong>nostri,</strong></span> <span class='ocrx_word' id='word_1_160' title='bbox 2307 893 2546 960; x_wconf 83' lang='lat' dir='ltr'><strong>Domine,</strong></span> <span class='ocrx_word' id='word_1_161' title='bbox 2576 896 2654 963; x_wconf 78' lang='lat' dir='ltr'><strong>ﬁll</strong></span> <span class='ocrx_word' id='word_1_162' title='bbox 2678 894 2844 949; x_wconf 84' lang='lat' dir='ltr'><strong>David</strong></span> <span class='ocrx_word' id='word_1_163' title='bbox 2866 894 3080 962; x_wconf 75' lang='lat' dir='ltr'><strong>(Matth.</strong></span> <span class='ocrx_word' id='word_1_164' title='bbox 3108 898 3226 966; x_wconf 76' lang='lat' dir='ltr'><strong>xx),</strong></span> <span class='ocrx_word' id='word_1_165' title='bbox 3244 893 3271 934; x_wconf 72' lang='grc' dir='ltr'><strong>ά</strong></span> <span class='ocrx_word' id='word_1_166' title='bbox 3297 896 3423 952; x_wconf 89' lang='lat' dir='ltr'><strong>ﬁdei</strong></span> 
     </span>
    </p>
   </div>
   <div class='ocr_carea' id='block_1_26' title="bbox 1837 985 3427 1057">
    <p class='ocr_par' dir='ltr' id='par_1_26' title="bbox 1837 985 3427 1057">
     <span class='ocr_line' id='line_1_26' title="bbox 1837 985 3427 1057; baseline 0.001 -16"><span class='ocrx_word' id='word_1_167' title='bbox 1837 988 2075 1057; x_wconf 89' lang='lat' dir='ltr'><strong>ipsorum</strong></span> <span class='ocrx_word' id='word_1_168' title='bbox 2106 996 2161 1040; x_wconf 89' lang='lat' dir='ltr'><strong>et</strong></span> <span class='ocrx_word' id='word_1_169' title='bbox 2193 985 2531 1047; x_wconf 86' lang='lat' dir='ltr'><strong>credulitatis</strong></span> <span class='ocrx_word' id='word_1_170' title='bbox 2573 995 2657 1040; x_wconf 89' lang='lat' dir='ltr'><strong>est</strong></span> <span class='ocrx_word' id='word_1_171' title='bbox 2694 1001 2851 1056; x_wconf 88' lang='lat' dir='ltr'><strong>opus.</strong></span> <span class='ocrx_word' id='word_1_172' title='bbox 2885 987 3039 1052; x_wconf 84' lang='lat' dir='ltr'><strong>Quod</strong></span> <span class='ocrx_word' id='word_1_173' title='bbox 3080 988 3253 1042; x_wconf 91' lang='lat' dir='ltr'><strong>visum</strong></span> <span class='ocrx_word' id='word_1_174' title='bbox 3283 989 3427 1042; x_wconf 82' lang='lat' dir='ltr'><strong>reci-</strong></span> 
     </span>
    </p>
   </div>
   <div class='ocr_carea' id='block_1_27' title="bbox 1840 1078 3421 1151">
    <p class='ocr_par' dir='ltr' id='par_1_27' title="bbox 1840 1078 3421 1151">
     <span class='ocr_line' id='line_1_27' title="bbox 1840 1078 3421 1151; baseline 0.002 -18"><span class='ocrx_word' id='word_1_175' title='bbox 1840 1081 1995 1151; x_wconf 90' lang='lat' dir='ltr'><strong>piunt</strong></span> <span class='ocrx_word' id='word_1_176' title='bbox 2046 1079 2359 1147; x_wconf 91' lang='lat' dir='ltr'><strong>oculorum,</strong></span> <span class='ocrx_word' id='word_1_177' title='bbox 2413 1078 2613 1133; x_wconf 72' lang='lat' dir='ltr'><strong>divinas</strong></span> <span class='ocrx_word' id='word_1_178' title='bbox 2661 1080 3028 1136; x_wconf 90' lang='lat' dir='ltr'><strong>miserationis</strong></span> <span class='ocrx_word' id='word_1_179' title='bbox 3073 1091 3156 1146; x_wconf 82' lang='lat' dir='ltr'><strong>est</strong></span> <span class='ocrx_word' id='word_1_180' title='bbox 3203 1096 3421 1139; x_wconf 87' lang='lat' dir='ltr'><strong>munus.</strong></span> 
     </span>
    </p>
   </div>
   <div class='ocr_carea' id='block_1_28' title="bbox 1840 1173 3428 1243">
    <p class='ocr_par' dir='ltr' id='par_1_28' title="bbox 1840 1173 3428 1243">
     <span class='ocr_line' id='line_1_28' title="bbox 1840 1173 3428 1243; baseline 0.001 -15"><span class='ocrx_word' id='word_1_181' title='bbox 1840 1173 1991 1241; x_wconf 90' lang='lat' dir='ltr'><strong>Quod</strong></span> <span class='ocrx_word' id='word_1_182' title='bbox 2024 1182 2205 1229; x_wconf 90' lang='lat' dir='ltr'><strong>autem</strong></span> <span class='ocrx_word' id='word_1_183' title='bbox 2235 1173 2397 1227; x_wconf 87' lang='lat' dir='ltr'><strong>etiam</strong></span> <span class='ocrx_word' id='word_1_184' title='bbox 2424 1180 2544 1240; x_wconf 89' lang='lat' dir='ltr'><strong>post</strong></span> <span class='ocrx_word' id='word_1_185' title='bbox 2574 1175 2974 1241; x_wconf 89' lang='lat' dir='ltr'><strong>perceptionem</strong></span> <span class='ocrx_word' id='word_1_186' title='bbox 3000 1175 3289 1243; x_wconf 86' lang='lat' dir='ltr'><strong>cujuslibet</strong></span> <span class='ocrx_word' id='word_1_187' title='bbox 3310 1190 3428 1230; x_wconf 86' lang='lat' dir='ltr'><strong>mu-</strong></span> 
     </span>
    </p>
   </div>
   <div class='ocr_carea' id='block_1_29' title="bbox 1843 1263 3426 1334">
    <p class='ocr_par' dir='ltr' id='par_1_29' title="bbox 1843 1263 3426 1334">
     <span class='ocr_line' id='line_1_29' title="bbox 1843 1263 3426 1334; baseline 0.001 -15"><span class='ocrx_word' id='word_1_188' title='bbox 1843 1266 1991 1322; x_wconf 91' lang='lat' dir='ltr'><strong>neris</strong></span> <span class='ocrx_word' id='word_1_189' title='bbox 2022 1275 2127 1319; x_wconf 90' lang='lat' dir='ltr'><strong>tam</strong></span> <span class='ocrx_word' id='word_1_190' title='bbox 2156 1263 2327 1333; x_wconf 84' lang='lat' dir='ltr'><strong>gratia</strong></span> <span class='ocrx_word' id='word_1_191' title='bbox 2361 1264 2453 1319; x_wconf 91' lang='lat' dir='ltr'><strong>Dei</strong></span> <span class='ocrx_word' id='word_1_192' title='bbox 2476 1279 2636 1334; x_wconf 88' lang='lat' dir='ltr'><strong>quam</strong></span> <span class='ocrx_word' id='word_1_193' title='bbox 2663 1264 2805 1318; x_wconf 88' lang='lat' dir='ltr'><strong>ratio</strong></span> <span class='ocrx_word' id='word_1_194' title='bbox 2830 1263 2983 1319; x_wconf 90' lang='lat' dir='ltr'><strong>liberi</strong></span> <span class='ocrx_word' id='word_1_195' title='bbox 3008 1264 3215 1318; x_wconf 86' lang='lat' dir='ltr'><strong>arbitrii</strong></span> <span class='ocrx_word' id='word_1_196' title='bbox 3242 1281 3426 1334; x_wconf 80' lang='lat' dir='ltr'><strong>perse-</strong></span> 
     </span>
    </p>
   </div>
   <div class='ocr_carea' id='block_1_30' title="bbox 1842 1354 3428 1425">
    <p class='ocr_par' dir='ltr' id='par_1_30' title="bbox 1842 1354 3428 1425">
     <span class='ocr_line' id='line_1_30' title="bbox 1842 1354 3428 1425; baseline 0 -14"><span class='ocrx_word' id='word_1_197' title='bbox 1842 1366 2016 1423; x_wconf 87' lang='lat' dir='ltr'><strong>veret,</strong></span> <span class='ocrx_word' id='word_1_198' title='bbox 2048 1358 2386 1425; x_wconf 88' lang='lat' dir='ltr'><strong>leprosorum</strong></span> <span class='ocrx_word' id='word_1_199' title='bbox 2416 1370 2630 1425; x_wconf 89' lang='lat' dir='ltr'><strong>quoque</strong></span> <span class='ocrx_word' id='word_1_200' title='bbox 2672 1354 2858 1409; x_wconf 87' lang='lat' dir='ltr'><strong>decem</strong></span> <span class='ocrx_word' id='word_1_201' title='bbox 2889 1357 2979 1425; x_wconf 89' lang='lat' dir='ltr'><strong>qui</strong></span> <span class='ocrx_word' id='word_1_202' title='bbox 3024 1355 3228 1424; x_wconf 88' lang='lat' dir='ltr'><strong>pariter</strong></span> <span class='ocrx_word' id='word_1_203' title='bbox 3254 1358 3428 1411; x_wconf 89' lang='lat' dir='ltr'><strong>curati</strong></span> 
     </span>
    </p>
   </div>
   <div class='ocr_carea' id='block_1_31' title="bbox 1842 1445 3430 1519">
    <p class='ocr_par' dir='ltr' id='par_1_31' title="bbox 1842 1445 3430 1519">
     <span class='ocr_line' id='line_1_31' title="bbox 1842 1445 3430 1519; baseline -0.002 -14"><span class='ocrx_word' id='word_1_204' title='bbox 1842 1458 1971 1513; x_wconf 87' lang='lat' dir='ltr'><strong>sunt</strong></span> <span class='ocrx_word' id='word_1_205' title='bbox 2016 1449 2256 1504; x_wconf 88' lang='lat' dir='ltr'><strong>declarat</strong></span> <span class='ocrx_word' id='word_1_206' title='bbox 2304 1447 2612 1513; x_wconf 82' lang='lat' dir='ltr'><strong>exemplum</strong></span> <span class='ocrx_word' id='word_1_207' title='bbox 2653 1445 2845 1519; x_wconf 77' lang='lat' dir='ltr'><strong>(Luca:</strong></span> <span class='ocrx_word' id='word_1_208' title='bbox 2884 1445 3049 1515; x_wconf 78' lang='lat' dir='ltr'><strong>xvii).</strong></span> <span class='ocrx_word' id='word_1_209' title='bbox 3106 1446 3184 1513; x_wconf 80' lang='lat' dir='ltr'><strong>Ex</strong></span> <span class='ocrx_word' id='word_1_210' title='bbox 3232 1448 3430 1517; x_wconf 83' lang='lat' dir='ltr'><strong>quibus</strong></span> 
     </span>
    </p>
   </div>
   <div class='ocr_carea' id='block_1_32' title="bbox 1844 1537 3430 1609">
    <p class='ocr_par' dir='ltr' id='par_1_32' title="bbox 1844 1537 3430 1609">
     <span class='ocr_line' id='line_1_32' title="bbox 1844 1537 3430 1609; baseline 0.001 -15"><span class='ocrx_word' id='word_1_211' title='bbox 1844 1540 1969 1595; x_wconf 94' lang='lat' dir='ltr'><strong>dum</strong></span> <span class='ocrx_word' id='word_1_212' title='bbox 1998 1554 2136 1594; x_wconf 90' lang='lat' dir='ltr'><strong>unus</strong></span> <span class='ocrx_word' id='word_1_213' title='bbox 2166 1554 2260 1608; x_wconf 89' lang='lat' dir='ltr'><strong>per</strong></span> <span class='ocrx_word' id='word_1_214' title='bbox 2283 1537 2490 1592; x_wconf 87' lang='lat' dir='ltr'><strong>arbitrii</strong></span> <span class='ocrx_word' id='word_1_215' title='bbox 2519 1539 2599 1591; x_wconf 93' lang='lat' dir='ltr'><strong>sui</strong></span> <span class='ocrx_word' id='word_1_216' title='bbox 2636 1538 2833 1593; x_wconf 92' lang='lat' dir='ltr'><strong>bonum</strong></span> <span class='ocrx_word' id='word_1_217' title='bbox 2865 1539 3157 1609; x_wconf 71' lang='lat' dir='ltr'><strong>gratiarum</strong></span> <span class='ocrx_word' id='word_1_218' title='bbox 3196 1539 3430 1596; x_wconf 89' lang='lat' dir='ltr'><strong>restituit</strong></span> 
     </span>
    </p>
   </div>
   <div class='ocr_carea' id='block_1_33' title="bbox 1843 1630 3428 1700">
    <p class='ocr_par' dir='ltr' id='par_1_33' title="bbox 1843 1630 3428 1700">
     <span class='ocr_line' id='line_1_33' title="bbox 1843 1630 3428 1700; baseline -0.001 -14"><span class='ocrx_word' id='word_1_219' title='bbox 1843 1633 2143 1696; x_wconf 88' lang='lat' dir='ltr'><strong>actionem,</strong></span> <span class='ocrx_word' id='word_1_220' title='bbox 2176 1630 2435 1685; x_wconf 89' lang='lat' dir='ltr'><strong>Dominus</strong></span> <span class='ocrx_word' id='word_1_221' title='bbox 2466 1644 2657 1685; x_wconf 89' lang='lat' dir='ltr'><strong>novem</strong></span> <span class='ocrx_word' id='word_1_222' title='bbox 2690 1630 2993 1700; x_wconf 89' lang='lat' dir='ltr'><strong>inquirens,</strong></span> <span class='ocrx_word' id='word_1_223' title='bbox 3013 1645 3281 1700; x_wconf 90' lang='lat' dir='ltr'><strong>unumque</strong></span> <span class='ocrx_word' id='word_1_224' title='bbox 3311 1632 3428 1685; x_wconf 91' lang='lat' dir='ltr'><strong>col-</strong></span> 
     </span>
    </p>
   </div>
   <div class='ocr_carea' id='block_1_34' title="bbox 153 1721 3428 1797">
    <p class='ocr_par' dir='ltr' id='par_1_34' title="bbox 153 1721 3428 1797">
     <span class='ocr_line' id='line_1_34' title="bbox 153 1721 3428 1797; baseline 0 -20"><span class='ocrx_word' id='word_1_225' title='bbox 153 1723 437 1779; x_wconf 90' lang='lat' dir='ltr'><strong>evidenter</strong></span> <span class='ocrx_word' id='word_1_226' title='bbox 488 1722 541 1775; x_wconf 90' lang='lat' dir='ltr'><strong>in</strong></span> <span class='ocrx_word' id='word_1_227' title='bbox 594 1721 1013 1776; x_wconf 88' lang='lat' dir='ltr'><strong>Deuteronomio</strong></span> <span class='ocrx_word' id='word_1_228' title='bbox 1051 1731 1342 1792; x_wconf 90' lang='lat' dir='ltr'><strong>aperteque</strong></span> <span class='ocrx_word' id='word_1_229' title='bbox 1381 1721 1741 1776; x_wconf 88' lang='lat' dir='ltr'><strong>describitur:</strong></span> <span class='ocrx_word' id='word_1_230' title='bbox 1777 1726 1822 1785; x_wconf 86' lang='lat' dir='ltr'><strong>B</strong></span> <span class='ocrx_word' id='word_1_231' title='bbox 1851 1724 2093 1792; x_wconf 85' lang='lat' dir='ltr'><strong>laudans,</strong></span> <span class='ocrx_word' id='word_1_232' title='bbox 2122 1723 2537 1797; x_wconf 89' lang='lat' dir='ltr'><strong>sollicitudinem</strong></span> <span class='ocrx_word' id='word_1_233' title='bbox 2562 1722 2811 1792; x_wconf 90' lang='lat' dir='ltr'><strong>adjutorii</strong></span> <span class='ocrx_word' id='word_1_234' title='bbox 2849 1723 2930 1777; x_wconf 91' lang='lat' dir='ltr'><strong>sui</strong></span> <span class='ocrx_word' id='word_1_235' title='bbox 2960 1724 3121 1778; x_wconf 91' lang='lat' dir='ltr'><strong>etiam</strong></span> <span class='ocrx_word' id='word_1_236' title='bbox 3154 1722 3295 1777; x_wconf 89' lang='lat' dir='ltr'><strong>circa</strong></span> <span class='ocrx_word' id='word_1_237' title='bbox 3328 1724 3428 1777; x_wconf 88' lang='lat' dir='ltr'><strong>im-</strong></span> 
     </span>
    </p>
   </div>
   <div class='ocr_carea' id='block_1_35' title="bbox 154 1811 1744 1883">
    <p class='ocr_par' dir='ltr' id='par_1_35' title="bbox 154 1811 1744 1883">
     <span class='ocr_line' id='line_1_35' title="bbox 154 1811 1744 1883; baseline -0.002 -14"><span class='ocrx_word' id='word_1_238' title='bbox 154 1815 310 1882; x_wconf 84' lang='lat' dir='ltr'><strong>Cum,</strong></span> <span class='ocrx_word' id='word_1_239' title='bbox 343 1814 551 1883; x_wconf 78' lang='lat' dir='ltr'><strong>inquit,</strong></span> <span class='ocrx_word' id='word_1_240' title='bbox 578 1813 924 1866; x_wconf 69' lang='lat' dir='ltr'><strong>introduxerit</strong></span> <span class='ocrx_word' id='word_1_241' title='bbox 975 1821 1023 1865; x_wconf 91' lang='lat' dir='ltr'><strong>te</strong></span> <span class='ocrx_word' id='word_1_242' title='bbox 1078 1811 1328 1865; x_wconf 80' lang='lat' dir='ltr'><strong>Dominus</strong></span> <span class='ocrx_word' id='word_1_243' title='bbox 1363 1813 1497 1866; x_wconf 87' lang='lat' dir='ltr'><strong>Deus</strong></span> <span class='ocrx_word' id='word_1_244' title='bbox 1542 1822 1657 1866; x_wconf 89' lang='lat' dir='ltr'><strong>tuus</strong></span> <span class='ocrx_word' id='word_1_245' title='bbox 1688 1814 1744 1866; x_wconf 86' lang='lat' dir='ltr'><strong>in</strong></span> 
     </span>
    </p>
   </div>
   <div class='ocr_carea' id='block_1_36' title="bbox 151 1904 1747 1977">
    <p class='ocr_par' dir='ltr' id='par_1_36' title="bbox 151 1904 1747 1977">
     <span class='ocr_line' id='line_1_36' title="bbox 151 1904 1747 1977; baseline 0 -18"><span class='ocrx_word' id='word_1_246' title='bbox 151 1918 355 1960; x_wconf 89' lang='lat' dir='ltr'><strong>terram</strong></span> <span class='ocrx_word' id='word_1_247' title='bbox 382 1922 534 1977; x_wconf 88' lang='lat' dir='ltr'><strong>quam</strong></span> <span class='ocrx_word' id='word_1_248' title='bbox 559 1921 882 1974; x_wconf 87' lang='lat' dir='ltr'><strong>possessurus</strong></span> <span class='ocrx_word' id='word_1_249' title='bbox 910 1904 1231 1973; x_wconf 84' lang='lat' dir='ltr'><strong>ingredieris,</strong></span> <span class='ocrx_word' id='word_1_250' title='bbox 1252 1912 1297 1957; x_wconf 89' lang='lat' dir='ltr'><strong>et</strong></span> <span class='ocrx_word' id='word_1_251' title='bbox 1319 1904 1551 1958; x_wconf 71' lang='lat' dir='ltr'><strong>deiecerit</strong></span> <span class='ocrx_word' id='word_1_252' title='bbox 1574 1913 1747 1977; x_wconf 77' lang='lat' dir='ltr'><strong>gentes</strong></span> 
     </span>
    </p>
   </div>
   <div class='ocr_carea' id='block_1_37' title="bbox 150 1994 1745 2065">
    <p class='ocr_par' dir='ltr' id='par_1_37' title="bbox 150 1994 1745 2065">
     <span class='ocr_line' id='line_1_37' title="bbox 150 1994 1745 2065; baseline -0.003 -12"><span class='ocrx_word' id='word_1_253' title='bbox 150 2001 352 2053; x_wconf 83' lang='lat' dir='ltr'><strong>multas</strong></span> <span class='ocrx_word' id='word_1_254' title='bbox 403 2014 577 2051; x_wconf 87' lang='lat' dir='ltr'><strong>coram</strong></span> <span class='ocrx_word' id='word_1_255' title='bbox 618 2006 683 2059; x_wconf 86' lang='lat' dir='ltr'><strong>te,</strong></span> <span class='ocrx_word' id='word_1_256' title='bbox 713 1995 954 2049; x_wconf 73' lang='lat' dir='ltr'><strong>Ethwum</strong></span> <span class='ocrx_word' id='word_1_257' title='bbox 978 2037 993 2063; x_wconf 92' lang='lat'><strong>,</strong></span> <span class='ocrx_word' id='word_1_258' title='bbox 1021 2007 1071 2049; x_wconf 90' lang='lat' dir='ltr'><strong>et</strong></span> <span class='ocrx_word' id='word_1_259' title='bbox 1114 1994 1453 2065; x_wconf 78' lang='lat' dir='ltr'><strong>Gergeswum,</strong></span> <span class='ocrx_word' id='word_1_260' title='bbox 1484 2004 1532 2049; x_wconf 89' lang='lat' dir='ltr'><strong>et</strong></span> <span class='ocrx_word' id='word_1_261' title='bbox 1558 1997 1745 2049; x_wconf 85' lang='lat' dir='ltr'><strong>Amor-</strong></span> 
     </span>
    </p>
   </div>
   <div class='ocr_carea' id='block_1_38' title="bbox 152 2087 1745 2167">
    <p class='ocr_par' dir='ltr' id='par_1_38' title="bbox 152 2087 1745 2167">
     <span class='ocr_line' id='line_1_38' title="bbox 152 2087 1745 2167; baseline -0.003 -23"><span class='ocrx_word' id='word_1_262' title='bbox 152 2093 374 2155; x_wconf 71' lang='lat' dir='ltr'><strong>rhwum,</strong></span> <span class='ocrx_word' id='word_1_263' title='bbox 402 2089 766 2167; x_wconf 71' lang='lat' dir='ltr'><strong>Chananazum,</strong></span> <span class='ocrx_word' id='word_1_264' title='bbox 802 2096 849 2141; x_wconf 86' lang='lat' dir='ltr'><strong>et</strong></span> <span class='ocrx_word' id='word_1_265' title='bbox 878 2087 1206 2143; x_wconf 74' lang='lat' dir='ltr'><strong>Pheresreum</strong></span> <span class='ocrx_word' id='word_1_266' title='bbox 1229 2130 1242 2154; x_wconf 95' lang='lat'><strong>,</strong></span> <span class='ocrx_word' id='word_1_267' title='bbox 1276 2087 1485 2142; x_wconf 71' lang='lat' dir='ltr'><strong>vaum</strong></span> <span class='ocrx_word' id='word_1_268' title='bbox 1513 2098 1559 2143; x_wconf 88' lang='lat' dir='ltr'><strong>et</strong></span> <span class='ocrx_word' id='word_1_269' title='bbox 1585 2089 1745 2141; x_wconf 83' lang='lat' dir='ltr'><strong>Jeba-</strong></span> 
     </span>
    </p>
   </div>
   <div class='ocr_carea' id='block_1_39' title="bbox 153 2179 1737 2251">
    <p class='ocr_par' dir='ltr' id='par_1_39' title="bbox 153 2179 1737 2251">
     <span class='ocr_line' id='line_1_39' title="bbox 153 2179 1737 2251; baseline -0.004 -13"><span class='ocrx_word' id='word_1_270' title='bbox 153 2200 339 2248; x_wconf 71' lang='lat' dir='ltr'><strong>swum,</strong></span> <span class='ocrx_word' id='word_1_271' title='bbox 364 2190 559 2248; x_wconf 80' lang='lat' dir='ltr'><strong>septem</strong></span> <span class='ocrx_word' id='word_1_272' title='bbox 596 2191 772 2250; x_wconf 83' lang='lat' dir='ltr'><strong>gentes</strong></span> <span class='ocrx_word' id='word_1_273' title='bbox 802 2179 960 2235; x_wconf 89' lang='lat' dir='ltr'><strong>multo</strong></span> <span class='ocrx_word' id='word_1_274' title='bbox 1005 2182 1222 2251; x_wconf 80' lang='lat' dir='ltr'><strong>majoris</strong></span> <span class='ocrx_word' id='word_1_275' title='bbox 1264 2182 1485 2244; x_wconf 88' lang='lat' dir='ltr'><strong>numeri,</strong></span> <span class='ocrx_word' id='word_1_276' title='bbox 1517 2191 1563 2233; x_wconf 90' lang='lat' dir='ltr'><strong>et</strong></span> <span class='ocrx_word' id='word_1_277' title='bbox 1591 2181 1737 2234; x_wconf 82' lang='lat' dir='ltr'><strong>robu-</strong></span> 
     </span>
    </p>
   </div>
   <div class='ocr_carea' id='block_1_40' title="bbox 153 2280 1748 2352">
    <p class='ocr_par' dir='ltr' id='par_1_40' title="bbox 153 2280 1748 2352">
     <span class='ocr_line' id='line_1_40' title="bbox 153 2280 1748 2352; baseline 0.002 -22"><span class='ocrx_word' id='word_1_278' title='bbox 153 2280 339 2332; x_wconf 85' lang='lat' dir='ltr'><strong>stiores</strong></span> <span class='ocrx_word' id='word_1_279' title='bbox 390 2289 457 2349; x_wconf 85' lang='lat' dir='ltr'><strong>te,</strong></span> <span class='ocrx_word' id='word_1_280' title='bbox 487 2281 857 2350; x_wconf 85' lang='lat' dir='ltr'><strong>tradideritque</strong></span> <span class='ocrx_word' id='word_1_281' title='bbox 899 2298 984 2335; x_wconf 89' lang='lat' dir='ltr'><strong>eas</strong></span> <span class='ocrx_word' id='word_1_282' title='bbox 1030 2280 1141 2347; x_wconf 87' lang='lat' dir='ltr'><strong>tibi,</strong></span> <span class='ocrx_word' id='word_1_283' title='bbox 1174 2282 1425 2352; x_wconf 86' lang='lat' dir='ltr'><strong>percuties</strong></span> <span class='ocrx_word' id='word_1_284' title='bbox 1452 2297 1538 2334; x_wconf 84' lang='lat' dir='ltr'><strong>cas</strong></span> <span class='ocrx_word' id='word_1_285' title='bbox 1583 2296 1748 2350; x_wconf 86' lang='lat' dir='ltr'><strong>usque</strong></span> 
     </span>
    </p>
   </div>
   <div class='ocr_carea' id='block_1_41' title="bbox 152 2370 1747 2441">
    <p class='ocr_par' dir='ltr' id='par_1_41' title="bbox 152 2370 1747 2441">
     <span class='ocr_line' id='line_1_41' title="bbox 152 2370 1747 2441; baseline 0 -19"><span class='ocrx_word' id='word_1_286' title='bbox 152 2370 227 2423; x_wconf 87' lang='lat' dir='ltr'><strong>ad</strong></span> <span class='ocrx_word' id='word_1_287' title='bbox 243 2373 652 2439; x_wconf 85' lang='lat' dir='ltr'><strong>internecionem;</strong></span> <span class='ocrx_word' id='word_1_288' title='bbox 673 2388 776 2426; x_wconf 88' lang='lat' dir='ltr'><strong>non</strong></span> <span class='ocrx_word' id='word_1_289' title='bbox 800 2372 951 2425; x_wconf 85' lang='lat' dir='ltr'><strong>inibis</strong></span> <span class='ocrx_word' id='word_1_290' title='bbox 976 2388 1090 2424; x_wconf 85' lang='lat' dir='ltr'><strong>cum</strong></span> <span class='ocrx_word' id='word_1_291' title='bbox 1110 2373 1182 2425; x_wconf 87' lang='lat' dir='ltr'><strong>eis</strong></span> <span class='ocrx_word' id='word_1_292' title='bbox 1206 2374 1388 2441; x_wconf 68' lang='lat' dir='ltr'><strong>factus,</strong></span> <span class='ocrx_word' id='word_1_293' title='bbox 1404 2388 1561 2440; x_wconf 85' lang='lat' dir='ltr'><strong>neque</strong></span> <span class='ocrx_word' id='word_1_294' title='bbox 1580 2371 1747 2422; x_wconf 84' lang='lat' dir='ltr'><strong>socia-</strong></span> 
     </span>
    </p>
   </div>
   <div class='ocr_carea' id='block_1_42' title="bbox 156 2447 1747 2536">
    <p class='ocr_par' dir='ltr' id='par_1_42' title="bbox 156 2447 1747 2536">
     <span class='ocr_line' id='line_1_42' title="bbox 156 2447 1747 2536; baseline -0.001 -20"><span class='ocrx_word' id='word_1_295' title='bbox 156 2463 236 2516; x_wconf 87' lang='lat' dir='ltr'><strong>bis</strong></span> <span class='ocrx_word' id='word_1_296' title='bbox 260 2479 373 2515; x_wconf 87' lang='lat' dir='ltr'><strong>cum</strong></span> <span class='ocrx_word' id='word_1_297' title='bbox 412 2463 484 2516; x_wconf 85' lang='lat' dir='ltr'><strong>eis</strong></span> <span class='ocrx_word' id='word_1_298' title='bbox 512 2447 754 2536; x_wconf 87' lang='lat' dir='ltr'><strong>conjugia</strong></span> <span class='ocrx_word' id='word_1_299' title='bbox 781 2463 1033 2533; x_wconf 77' lang='lat' dir='ltr'><strong>(Denter.</strong></span> <span class='ocrx_word' id='word_1_300' title='bbox 1063 2461 1180 2531; x_wconf 82' lang='lat' dir='ltr'><strong>vn).</strong></span> <span class='ocrx_word' id='word_1_301' title='bbox 1210 2462 1361 2529; x_wconf 88' lang='lat' dir='ltr'><strong>Quod</strong></span> <span class='ocrx_word' id='word_1_302' title='bbox 1392 2462 1551 2531; x_wconf 86' lang='lat' dir='ltr'><strong>igitur</strong></span> <span class='ocrx_word' id='word_1_303' title='bbox 1578 2461 1747 2515; x_wconf 90' lang='lat' dir='ltr'><strong>intro-</strong></span> 
     </span>
    </p>
   </div>
   <div class='ocr_carea' id='block_1_43' title="bbox 155 2552 1747 2624">
    <p class='ocr_par' dir='ltr' id='par_1_43' title="bbox 155 2552 1747 2624">
     <span class='ocr_line' id='line_1_43' title="bbox 155 2552 1747 2624; baseline -0.001 -17"><span class='ocrx_word' id='word_1_304' title='bbox 155 2552 431 2609; x_wconf 89' lang='lat' dir='ltr'><strong>ducuntur</strong></span> <span class='ocrx_word' id='word_1_305' title='bbox 477 2555 531 2608; x_wconf 94' lang='lat' dir='ltr'><strong>in</strong></span> <span class='ocrx_word' id='word_1_306' title='bbox 579 2564 777 2610; x_wconf 88' lang='lat' dir='ltr'><strong>terram</strong></span> <span class='ocrx_word' id='word_1_307' title='bbox 818 2555 1292 2624; x_wconf 89' lang='lat' dir='ltr'><strong>repromissionis,</strong></span> <span class='ocrx_word' id='word_1_308' title='bbox 1323 2552 1468 2623; x_wconf 90' lang='lat' dir='ltr'><strong>quod</strong></span> <span class='ocrx_word' id='word_1_309' title='bbox 1498 2552 1747 2607; x_wconf 87' lang='lat' dir='ltr'><strong>delentur</strong></span> 
     </span>
    </p>
   </div>
   <div class='ocr_carea' id='block_1_44' title="bbox 154 2647 1744 2718">
    <p class='ocr_par' dir='ltr' id='par_1_44' title="bbox 154 2647 1744 2718">
     <span class='ocr_line' id='line_1_44' title="bbox 154 2647 1744 2718; baseline 0.001 -18"><span class='ocrx_word' id='word_1_310' title='bbox 154 2657 347 2717; x_wconf 83' lang='lat' dir='ltr'><strong>gentes</strong></span> <span class='ocrx_word' id='word_1_311' title='bbox 390 2648 575 2702; x_wconf 61' lang='lat' dir='ltr'><strong>multa:</strong></span> <span class='ocrx_word' id='word_1_312' title='bbox 606 2663 789 2703; x_wconf 90' lang='lat' dir='ltr'><strong>coram</strong></span> <span class='ocrx_word' id='word_1_313' title='bbox 836 2650 937 2713; x_wconf 92' lang='lat' dir='ltr'><strong>eis,</strong></span> <span class='ocrx_word' id='word_1_314' title='bbox 964 2648 1105 2718; x_wconf 92' lang='lat' dir='ltr'><strong>quod</strong></span> <span class='ocrx_word' id='word_1_315' title='bbox 1137 2648 1424 2702; x_wconf 88' lang='lat' dir='ltr'><strong>traduntur</strong></span> <span class='ocrx_word' id='word_1_316' title='bbox 1455 2647 1505 2700; x_wconf 87' lang='lat' dir='ltr'><strong>in</strong></span> <span class='ocrx_word' id='word_1_317' title='bbox 1554 2662 1744 2701; x_wconf 80' lang='lat' dir='ltr'><strong>manus</strong></span> 
     </span>
    </p>
   </div>
   <div class='ocr_carea' id='block_1_45' title="bbox 157 2739 1744 2808">
    <p class='ocr_par' dir='ltr' id='par_1_45' title="bbox 157 2739 1744 2808">
     <span class='ocr_line' id='line_1_45' title="bbox 157 2739 1744 2808; baseline -0.003 -15"><span class='ocrx_word' id='word_1_318' title='bbox 157 2754 348 2793; x_wconf 88' lang='lat' dir='ltr'><strong>eorum</strong></span> <span class='ocrx_word' id='word_1_319' title='bbox 379 2740 630 2793; x_wconf 85' lang='lat' dir='ltr'><strong>nationes</strong></span> <span class='ocrx_word' id='word_1_320' title='bbox 648 2740 870 2808; x_wconf 85' lang='lat' dir='ltr'><strong>majoris</strong></span> <span class='ocrx_word' id='word_1_321' title='bbox 887 2740 1118 2803; x_wconf 79' lang='lat' dir='ltr'><strong>numeri,</strong></span> <span class='ocrx_word' id='word_1_322' title='bbox 1143 2746 1201 2793; x_wconf 87' lang='lat' dir='ltr'><strong>et</strong></span> <span class='ocrx_word' id='word_1_323' title='bbox 1231 2739 1563 2793; x_wconf 88' lang='lat' dir='ltr'><strong>robustiores</strong></span> <span class='ocrx_word' id='word_1_324' title='bbox 1585 2752 1744 2804; x_wconf 92' lang='lat' dir='ltr'><strong>quam</strong></span> 
     </span>
    </p>
   </div>
   <div class='ocr_carea' id='block_1_46' title="bbox 155 2829 1745 2901">
    <p class='ocr_par' dir='ltr' id='par_1_46' title="bbox 155 2829 1745 2901">
     <span class='ocr_line' id='line_1_46' title="bbox 155 2829 1745 2901; baseline 0.001 -20"><span class='ocrx_word' id='word_1_325' title='bbox 155 2832 390 2901; x_wconf 83' lang='lat' dir='ltr'><strong>populus</strong></span> <span class='ocrx_word' id='word_1_326' title='bbox 418 2831 601 2897; x_wconf 85' lang='lat' dir='ltr'><strong>Israel,</strong></span> <span class='ocrx_word' id='word_1_327' title='bbox 637 2831 735 2885; x_wconf 90' lang='lat' dir='ltr'><strong>Dei</strong></span> <span class='ocrx_word' id='word_1_328' title='bbox 778 2845 897 2886; x_wconf 90' lang='lat' dir='ltr'><strong>esse</strong></span> <span class='ocrx_word' id='word_1_329' title='bbox 938 2831 1167 2900; x_wconf 87' lang='lat' dir='ltr'><strong>gratiam</strong></span> <span class='ocrx_word' id='word_1_330' title='bbox 1198 2829 1474 2896; x_wconf 90' lang='lat' dir='ltr'><strong>Scriptura</strong></span> <span class='ocrx_word' id='word_1_331' title='bbox 1507 2844 1745 2898; x_wconf 90' lang='lat' dir='ltr'><strong>pronun-</strong></span> 
     </span>
    </p>
   </div>
   <div class='ocr_carea' id='block_1_47' title="bbox 156 2921 1743 3001">
    <p class='ocr_par' dir='ltr' id='par_1_47' title="bbox 156 2921 1743 3001">
     <span class='ocr_line' id='line_1_47' title="bbox 156 2921 1743 3001; baseline -0.002 -24"><span class='ocrx_word' id='word_1_332' title='bbox 156 2924 282 2977; x_wconf 91' lang='lat' dir='ltr'><strong>tiat.</strong></span> <span class='ocrx_word' id='word_1_333' title='bbox 316 2921 503 3001; x_wconf 85' lang='lat' dir='ltr'><strong>Utrum</strong></span> <span class='ocrx_word' id='word_1_334' title='bbox 542 2933 721 2977; x_wconf 85' lang='lat' dir='ltr'><strong>autem</strong></span> <span class='ocrx_word' id='word_1_335' title='bbox 753 2923 1023 2993; x_wconf 88' lang='lat' dir='ltr'><strong>percutiat</strong></span> <span class='ocrx_word' id='word_1_336' title='bbox 1059 2937 1151 2977; x_wconf 88' lang='lat' dir='ltr'><strong>eas</strong></span> <span class='ocrx_word' id='word_1_337' title='bbox 1177 2921 1342 2977; x_wconf 88' lang='lat' dir='ltr'><strong>Israel</strong></span> <span class='ocrx_word' id='word_1_338' title='bbox 1376 2937 1545 2991; x_wconf 88' lang='lat' dir='ltr'><strong>usque</strong></span> <span class='ocrx_word' id='word_1_339' title='bbox 1567 2922 1633 2976; x_wconf 89' lang='lat' dir='ltr'><strong>ad</strong></span> <span class='ocrx_word' id='word_1_340' title='bbox 1656 2922 1743 2975; x_wconf 89' lang='lat' dir='ltr'><strong>in-</strong></span> 
     </span>
    </p>
   </div>
   <div class='ocr_carea' id='block_1_48' title="bbox 156 3016 1739 3083">
    <p class='ocr_par' dir='ltr' id='par_1_48' title="bbox 156 3016 1739 3083">
     <span class='ocr_line' id='line_1_48' title="bbox 156 3016 1739 3083; baseline -0.004 -11"><span class='ocrx_word' id='word_1_341' title='bbox 156 3016 563 3078; x_wconf 86' lang='lat' dir='ltr'><strong>ternecionem,</strong></span> <span class='ocrx_word' id='word_1_342' title='bbox 610 3030 679 3069; x_wconf 86' lang='lat' dir='ltr'><strong>an</strong></span> <span class='ocrx_word' id='word_1_343' title='bbox 722 3022 965 3070; x_wconf 89' lang='lat' dir='ltr'><strong>reservet</strong></span> <span class='ocrx_word' id='word_1_344' title='bbox 1011 3029 1105 3069; x_wconf 89' lang='lat' dir='ltr'><strong>eas</strong></span> <span class='ocrx_word' id='word_1_345' title='bbox 1133 3024 1187 3069; x_wconf 90' lang='lat' dir='ltr'><strong>et</strong></span> <span class='ocrx_word' id='word_1_346' title='bbox 1235 3025 1442 3083; x_wconf 88' lang='lat' dir='ltr'><strong>parcat,</strong></span> <span class='ocrx_word' id='word_1_347' title='bbox 1477 3022 1533 3069; x_wconf 92' lang='lat' dir='ltr'><strong>et</strong></span> <span class='ocrx_word' id='word_1_348' title='bbox 1562 3019 1739 3067; x_wconf 88' lang='lat' dir='ltr'><strong>utrum</strong></span> 
     </span>
    </p>
   </div>
   <div class='ocr_carea' id='block_1_49' title="bbox 1850 1814 3430 1885">
    <p class='ocr_par' dir='ltr' id='par_1_49' title="bbox 1850 1814 3430 1885">
     <span class='ocr_line' id='line_1_49' title="bbox 1850 1814 3430 1885; baseline 0.001 -16"><span class='ocrx_word' id='word_1_349' title='bbox 1850 1830 2122 1871; x_wconf 88' lang='lat' dir='ltr'><strong>memores</strong></span> <span class='ocrx_word' id='word_1_350' title='bbox 2169 1814 2552 1870; x_wconf 87' lang='lat' dir='ltr'><strong>beneﬁciorum</strong></span> <span class='ocrx_word' id='word_1_351' title='bbox 2601 1831 2821 1871; x_wconf 89' lang='lat' dir='ltr'><strong>suorum</strong></span> <span class='ocrx_word' id='word_1_352' title='bbox 2859 1817 3037 1885; x_wconf 83' lang='lat' dir='ltr'><strong>jugem</strong></span> <span class='ocrx_word' id='word_1_353' title='bbox 3090 1817 3324 1871; x_wconf 90' lang='lat' dir='ltr'><strong>retinere</strong></span> <span class='ocrx_word' id='word_1_354' title='bbox 3369 1832 3430 1871; x_wconf 90' lang='lat' dir='ltr'><strong>se</strong></span> 
     </span>
    </p>
   </div>
   <div class='ocr_carea' id='block_1_50' title="bbox 1847 1907 3427 1976">
    <p class='ocr_par' dir='ltr' id='par_1_50' title="bbox 1847 1907 3427 1976">
     <span class='ocr_line' id='line_1_50' title="bbox 1847 1907 3427 1976; baseline -0.002 -11"><span class='ocrx_word' id='word_1_355' title='bbox 1847 1915 2137 1965; x_wconf 88' lang='lat' dir='ltr'><strong>monstrat.</strong></span> <span class='ocrx_word' id='word_1_356' title='bbox 2170 1908 2283 1963; x_wconf 90' lang='lat' dir='ltr'><strong>Hoc</strong></span> <span class='ocrx_word' id='word_1_357' title='bbox 2329 1907 2501 1976; x_wconf 87' lang='lat' dir='ltr'><strong>ipsum</strong></span> <span class='ocrx_word' id='word_1_358' title='bbox 2539 1908 2683 1964; x_wconf 90' lang='lat' dir='ltr'><strong>enim</strong></span> <span class='ocrx_word' id='word_1_359' title='bbox 2715 1908 3041 1962; x_wconf 86' lang='lat' dir='ltr'><strong>visitationis</strong></span> <span class='ocrx_word' id='word_1_360' title='bbox 3088 1923 3198 1963; x_wconf 69' lang='lat' dir='ltr'><strong>suae</strong></span> <span class='ocrx_word' id='word_1_361' title='bbox 3226 1909 3427 1964; x_wconf 91' lang='lat' dir='ltr'><strong>donum</strong></span> 
     </span>
    </p>
   </div>
   <div class='ocr_carea' id='block_1_51' title="bbox 1848 2000 3432 2072">
    <p class='ocr_par' dir='ltr' id='par_1_51' title="bbox 1848 2000 3432 2072">
     <span class='ocr_line' id='line_1_51' title="bbox 1848 2000 3432 2072; baseline 0 -17"><span class='ocrx_word' id='word_1_362' title='bbox 1848 2011 1950 2067; x_wconf 89' lang='lat' dir='ltr'><strong>est,</strong></span> <span class='ocrx_word' id='word_1_363' title='bbox 1976 2000 2117 2069; x_wconf 92' lang='lat' dir='ltr'><strong>quod</strong></span> <span class='ocrx_word' id='word_1_364' title='bbox 2145 2000 2230 2053; x_wconf 88' lang='lat' dir='ltr'><strong>vel</strong></span> <span class='ocrx_word' id='word_1_365' title='bbox 2260 2000 2486 2069; x_wconf 89' lang='lat' dir='ltr'><strong>suscipit</strong></span> <span class='ocrx_word' id='word_1_366' title='bbox 2514 2008 2570 2054; x_wconf 91' lang='lat' dir='ltr'><strong>et</strong></span> <span class='ocrx_word' id='word_1_367' title='bbox 2599 2000 2859 2069; x_wconf 87' lang='lat' dir='ltr'><strong>approbat</strong></span> <span class='ocrx_word' id='word_1_368' title='bbox 2888 2010 3124 2071; x_wconf 83' lang='lat' dir='ltr'><strong>gratum,</strong></span> <span class='ocrx_word' id='word_1_369' title='bbox 3147 2001 3229 2056; x_wconf 87' lang='lat' dir='ltr'><strong>vel</strong></span> <span class='ocrx_word' id='word_1_370' title='bbox 3250 2002 3432 2072; x_wconf 83' lang='lat' dir='ltr'><strong>requi-</strong></span> 
     </span>
    </p>
   </div>
   <div class='ocr_carea' id='block_1_52' title="bbox 1850 2092 2669 2163">
    <p class='ocr_par' dir='ltr' id='par_1_52' title="bbox 1850 2092 2669 2163">
     <span class='ocr_line' id='line_1_52' title="bbox 1850 2092 2669 2163; baseline -0.005 -15"><span class='ocrx_word' id='word_1_371' title='bbox 1850 2094 1922 2150; x_wconf 90' lang='lat' dir='ltr'><strong>rit</strong></span> <span class='ocrx_word' id='word_1_372' title='bbox 1946 2108 2007 2148; x_wconf 82' lang='lat' dir='ltr'><strong>ac</strong></span> <span class='ocrx_word' id='word_1_373' title='bbox 2035 2092 2385 2163; x_wconf 88' lang='lat' dir='ltr'><strong>reprehendit</strong></span> <span class='ocrx_word' id='word_1_374' title='bbox 2414 2095 2669 2161; x_wconf 89' lang='lat' dir='ltr'><strong>ingratos.</strong></span> 
     </span>
    </p>
   </div>
   <div class='ocr_carea' id='block_1_53' title="bbox 2448 2181 2831 2239">
    <p class='ocr_par' dir='ltr' id='par_1_53' title="bbox 2448 2181 2831 2239">
     <span class='ocr_line' id='line_1_53' title="bbox 2448 2181 2831 2239; baseline -0.003 0"><span class='ocrx_word' id='word_1_375' title='bbox 2448 2181 2675 2239; x_wconf 79' lang='lat' dir='ltr'><strong>CAPUT</strong></span> <span class='ocrx_word' id='word_1_376' title='bbox 2715 2183 2831 2238; x_wconf 79' lang='lat' dir='ltr'><strong>XX.</strong></span> 
     </span>
    </p>
   </div>
   <div class='ocr_carea' id='block_1_54' title="bbox 2014 2275 3281 2347">
    <p class='ocr_par' dir='ltr' id='par_1_54' title="bbox 2014 2275 3281 2347">
     <span class='ocr_line' id='line_1_54' title="bbox 2014 2275 3281 2347; baseline -0.002 -15"><span class='ocrx_word' id='word_1_377' title='bbox 2014 2279 2165 2347; x_wconf 84' lang='lat' dir='ltr'><strong>Quod</strong></span> <span class='ocrx_word' id='word_1_378' title='bbox 2184 2277 2318 2335; x_wconf 83' lang='lat' dir='ltr'><strong>nihil</strong></span> <span class='ocrx_word' id='word_1_379' title='bbox 2341 2278 2395 2337; x_wconf 88' lang='lat' dir='ltr'><strong>in</strong></span> <span class='ocrx_word' id='word_1_380' title='bbox 2428 2277 2517 2333; x_wconf 80' lang='lat' dir='ltr'><strong>boc</strong></span> <span class='ocrx_word' id='word_1_381' title='bbox 2545 2276 2738 2330; x_wconf 87' lang='lat' dir='ltr'><strong>mundo</strong></span> <span class='ocrx_word' id='word_1_382' title='bbox 2764 2277 2874 2330; x_wconf 84' lang='lat' dir='ltr'><strong>sine</strong></span> <span class='ocrx_word' id='word_1_383' title='bbox 2904 2275 3013 2331; x_wconf 88' lang='lat' dir='ltr'><strong>Deo</strong></span> <span class='ocrx_word' id='word_1_384' title='bbox 3055 2284 3281 2346; x_wconf 84' lang='lat' dir='ltr'><strong>geratur.</strong></span> 
     </span>
    </p>
   </div>
   <div class='ocr_carea' id='block_1_55' title="bbox 1915 2369 3429 2436">
    <p class='ocr_par' dir='ltr' id='par_1_55' title="bbox 1915 2369 3429 2436">
     <span class='ocr_line' id='line_1_55' title="bbox 1915 2369 3429 2436; baseline -0.001 -9"><span class='ocrx_word' id='word_1_385' title='bbox 1915 2372 2152 2429; x_wconf 88' lang='lat' dir='ltr'><strong>Credere</strong></span> <span class='ocrx_word' id='word_1_386' title='bbox 2176 2383 2354 2427; x_wconf 89' lang='lat' dir='ltr'><strong>tamen</strong></span> <span class='ocrx_word' id='word_1_387' title='bbox 2385 2370 2706 2425; x_wconf 90' lang='lat' dir='ltr'><strong>inconcussa</strong></span> <span class='ocrx_word' id='word_1_388' title='bbox 2731 2369 2833 2423; x_wconf 91' lang='lat' dir='ltr'><strong>ﬁde</strong></span> <span class='ocrx_word' id='word_1_389' title='bbox 2869 2384 2968 2424; x_wconf 88' lang='lat' dir='ltr'><strong>nos</strong></span> <span class='ocrx_word' id='word_1_390' title='bbox 2998 2370 3269 2436; x_wconf 91' lang='lat' dir='ltr'><strong>convenit,</strong></span> <span class='ocrx_word' id='word_1_391' title='bbox 3295 2369 3429 2426; x_wconf 92' lang='lat' dir='ltr'><strong>nihil</strong></span> 
     </span>
    </p>
   </div>
   <div class='ocr_carea' id='block_1_56' title="bbox 1844 2460 3430 2533">
    <p class='ocr_par' dir='ltr' id='par_1_56' title="bbox 1844 2460 3430 2533">
     <span class='ocr_line' id='line_1_56' title="bbox 1844 2460 3430 2533; baseline -0.002 -12"><span class='ocrx_word' id='word_1_392' title='bbox 1844 2465 1963 2521; x_wconf 91' lang='lat' dir='ltr'><strong>sine</strong></span> <span class='ocrx_word' id='word_1_393' title='bbox 1998 2466 2106 2519; x_wconf 91' lang='lat' dir='ltr'><strong>Deo</strong></span> <span class='ocrx_word' id='word_1_394' title='bbox 2136 2478 2358 2533; x_wconf 89' lang='lat' dir='ltr'><strong>prorsus</strong></span> <span class='ocrx_word' id='word_1_395' title='bbox 2399 2462 2450 2515; x_wconf 91' lang='lat' dir='ltr'><strong>in</strong></span> <span class='ocrx_word' id='word_1_396' title='bbox 2494 2460 2596 2516; x_wconf 88' lang='lat' dir='ltr'><strong>hoc</strong></span> <span class='ocrx_word' id='word_1_397' title='bbox 2625 2460 2825 2515; x_wconf 92' lang='lat' dir='ltr'><strong>mundo</strong></span> <span class='ocrx_word' id='word_1_398' title='bbox 2850 2462 2985 2531; x_wconf 88' lang='lat' dir='ltr'><strong>geri.</strong></span> <span class='ocrx_word' id='word_1_399' title='bbox 3015 2460 3123 2515; x_wconf 90' lang='lat' dir='ltr'><strong>Aut</strong></span> <span class='ocrx_word' id='word_1_400' title='bbox 3162 2464 3304 2516; x_wconf 88' lang='lat' dir='ltr'><strong>enim</strong></span> <span class='ocrx_word' id='word_1_401' title='bbox 3333 2476 3430 2518; x_wconf 86' lang='lat' dir='ltr'><strong>vo-</strong></span> 
     </span>
    </p>
   </div>
   <div class='ocr_carea' id='block_1_57' title="bbox 1845 2552 3429 2623">
    <p class='ocr_par' dir='ltr' id='par_1_57' title="bbox 1845 2552 3429 2623">
     <span class='ocr_line' id='line_1_57' title="bbox 1845 2552 3429 2623; baseline -0.001 -12"><span class='ocrx_word' id='word_1_402' title='bbox 1845 2556 2054 2611; x_wconf 89' lang='lat' dir='ltr'><strong>luntate</strong></span> <span class='ocrx_word' id='word_1_403' title='bbox 2076 2557 2192 2623; x_wconf 86' lang='lat' dir='ltr'><strong>ejus</strong></span> <span class='ocrx_word' id='word_1_404' title='bbox 2222 2565 2312 2608; x_wconf 87' lang='lat' dir='ltr'><strong>aut</strong></span> <span class='ocrx_word' id='word_1_405' title='bbox 2343 2552 2609 2623; x_wconf 91' lang='lat' dir='ltr'><strong>permissu</strong></span> <span class='ocrx_word' id='word_1_406' title='bbox 2635 2552 2719 2622; x_wconf 85' lang='lat' dir='ltr'><strong>agi</strong></span> <span class='ocrx_word' id='word_1_407' title='bbox 2751 2552 2997 2608; x_wconf 89' lang='lat' dir='ltr'><strong>universa</strong></span> <span class='ocrx_word' id='word_1_408' title='bbox 3027 2552 3302 2611; x_wconf 89' lang='lat' dir='ltr'><strong>fatendum</strong></span> <span class='ocrx_word' id='word_1_409' title='bbox 3326 2563 3429 2623; x_wconf 89' lang='lat' dir='ltr'><strong>est,</strong></span> 
     </span>
    </p>
   </div>
   <div class='ocr_carea' id='block_1_58' title="bbox 1844 2646 3432 2717">
    <p class='ocr_par' dir='ltr' id='par_1_58' title="bbox 1844 2646 3432 2717">
     <span class='ocr_line' id='line_1_58' title="bbox 1844 2646 3432 2717; baseline 0.001 -14"><span class='ocrx_word' id='word_1_410' title='bbox 1844 2659 1903 2703; x_wconf 90' lang='lat' dir='ltr'><strong>ut</strong></span> <span class='ocrx_word' id='word_1_411' title='bbox 1924 2648 2133 2701; x_wconf 89' lang='lat' dir='ltr'><strong>scilicet</strong></span> <span class='ocrx_word' id='word_1_412' title='bbox 2166 2647 2279 2701; x_wconf 82' lang='lat' dir='ltr'><strong>haec</strong></span> <span class='ocrx_word' id='word_1_413' title='bbox 2302 2662 2421 2714; x_wconf 83' lang='lat' dir='ltr'><strong>quae</strong></span> <span class='ocrx_word' id='word_1_414' title='bbox 2449 2646 2588 2700; x_wconf 86' lang='lat' dir='ltr'><strong>bona</strong></span> <span class='ocrx_word' id='word_1_415' title='bbox 2629 2654 2781 2711; x_wconf 93' lang='lat' dir='ltr'><strong>sunt,</strong></span> <span class='ocrx_word' id='word_1_416' title='bbox 2815 2648 3090 2700; x_wconf 83' lang='lat' dir='ltr'><strong>voluntate</strong></span> <span class='ocrx_word' id='word_1_417' title='bbox 3122 2646 3214 2701; x_wconf 92' lang='lat' dir='ltr'><strong>Dei</strong></span> <span class='ocrx_word' id='word_1_418' title='bbox 3247 2647 3432 2717; x_wconf 89' lang='lat' dir='ltr'><strong>perﬁci</strong></span> 
     </span>
    </p>
   </div>
   <div class='ocr_carea' id='block_1_59' title="bbox 1843 2739 3431 2810">
    <p class='ocr_par' dir='ltr' id='par_1_59' title="bbox 1843 2739 3431 2810">
     <span class='ocr_line' id='line_1_59' title="bbox 1843 2739 3431 2810; baseline -0.001 -14"><span class='ocrx_word' id='word_1_419' title='bbox 1843 2742 2156 2810; x_wconf 85' lang='lat' dir='ltr'><strong>auxilioque</strong></span> <span class='ocrx_word' id='word_1_420' title='bbox 2203 2739 2518 2803; x_wconf 89' lang='lat' dir='ltr'><strong>credantur;</strong></span> <span class='ocrx_word' id='word_1_421' title='bbox 2571 2753 2691 2808; x_wconf 80' lang='lat' dir='ltr'><strong>quae</strong></span> <span class='ocrx_word' id='word_1_422' title='bbox 2723 2750 2899 2793; x_wconf 88' lang='lat' dir='ltr'><strong>autem</strong></span> <span class='ocrx_word' id='word_1_423' title='bbox 2947 2739 3218 2794; x_wconf 87' lang='lat' dir='ltr'><strong>contraria</strong></span> <span class='ocrx_word' id='word_1_424' title='bbox 3272 2750 3431 2807; x_wconf 89' lang='lat' dir='ltr'><strong>sunt,</strong></span> 
     </span>
    </p>
   </div>
   <div class='ocr_carea' id='block_1_60' title="bbox 1844 2830 3433 2902">
    <p class='ocr_par' dir='ltr' id='par_1_60' title="bbox 1844 2830 3433 2902">
     <span class='ocr_line' id='line_1_60' title="bbox 1844 2830 3433 2902; baseline 0.001 -16"><span class='ocrx_word' id='word_1_425' title='bbox 1844 2831 2145 2902; x_wconf 90' lang='lat' dir='ltr'><strong>permissu;</strong></span> <span class='ocrx_word' id='word_1_426' title='bbox 2180 2845 2301 2884; x_wconf 91' lang='lat' dir='ltr'><strong>cum</strong></span> <span class='ocrx_word' id='word_1_427' title='bbox 2334 2844 2431 2898; x_wconf 92' lang='lat' dir='ltr'><strong>pro</strong></span> <span class='ocrx_word' id='word_1_428' title='bbox 2461 2830 2711 2899; x_wconf 91' lang='lat' dir='ltr'><strong>nequitiis</strong></span> <span class='ocrx_word' id='word_1_429' title='bbox 2739 2844 2801 2886; x_wconf 91' lang='lat' dir='ltr'><strong>ac</strong></span> <span class='ocrx_word' id='word_1_430' title='bbox 2826 2830 3020 2885; x_wconf 91' lang='lat' dir='ltr'><strong>duritia</strong></span> <span class='ocrx_word' id='word_1_431' title='bbox 3051 2833 3231 2893; x_wconf 89' lang='lat' dir='ltr'><strong>cordis</strong></span> <span class='ocrx_word' id='word_1_432' title='bbox 3263 2831 3433 2888; x_wconf 90' lang='lat' dir='ltr'><strong>nostri</strong></span> 
     </span>
    </p>
   </div>
   <div class='ocr_carea' id='block_1_61' title="bbox 1845 2922 3433 2993">
    <p class='ocr_par' dir='ltr' id='par_1_61' title="bbox 1845 2922 3433 2993">
     <span class='ocr_line' id='line_1_61' title="bbox 1845 2922 3433 2993; baseline 0.003 -13"><span class='ocrx_word' id='word_1_433' title='bbox 1845 2925 2104 2980; x_wconf 91' lang='lat' dir='ltr'><strong>deserens</strong></span> <span class='ocrx_word' id='word_1_434' title='bbox 2151 2937 2251 2979; x_wconf 89' lang='lat' dir='ltr'><strong>nos</strong></span> <span class='ocrx_word' id='word_1_435' title='bbox 2290 2922 2469 2978; x_wconf 88' lang='lat' dir='ltr'><strong>divina</strong></span> <span class='ocrx_word' id='word_1_436' title='bbox 2502 2923 2802 2993; x_wconf 90' lang='lat' dir='ltr'><strong>protectio,</strong></span> <span class='ocrx_word' id='word_1_437' title='bbox 2844 2923 3117 2981; x_wconf 88' lang='lat' dir='ltr'><strong>diabolum</strong></span> <span class='ocrx_word' id='word_1_438' title='bbox 3168 2927 3321 2981; x_wconf 88' lang='lat' dir='ltr'><strong>nobis</strong></span> <span class='ocrx_word' id='word_1_439' title='bbox 3347 2930 3433 2985; x_wconf 91' lang='lat' dir='ltr'><strong>vel</strong></span> 
     </span>
    </p>
   </div>
   <div class='ocr_carea' id='block_1_62' title="bbox 1846 3014 3431 3088">
    <p class='ocr_par' dir='ltr' id='par_1_62' title="bbox 1846 3014 3431 3088">
     <span class='ocr_line' id='line_1_62' title="bbox 1846 3014 3431 3088; baseline 0.002 -15"><span class='ocrx_word' id='word_1_440' title='bbox 1846 3017 2235 3088; x_wconf 76' lang='lat' dir='ltr'><strong>ignominiosos</strong></span> <span class='ocrx_word' id='word_1_441' title='bbox 2283 3016 2533 3085; x_wconf 91' lang='lat' dir='ltr'><strong>corporis</strong></span> <span class='ocrx_word' id='word_1_442' title='bbox 2580 3014 2860 3085; x_wconf 87' lang='lat' dir='ltr'><strong>passiones</strong></span> <span class='ocrx_word' id='word_1_443' title='bbox 2905 3018 3103 3086; x_wconf 88' lang='lat' dir='ltr'><strong>patitur</strong></span> <span class='ocrx_word' id='word_1_444' title='bbox 3145 3018 3431 3076; x_wconf 83' lang='lat' dir='ltr'><strong>dominari.</strong></span> 
     </span>
    </p>
   </div>
   <div class='ocr_carea' id='block_1_63' title="bbox 154 3106 3435 3180">
    <p class='ocr_par' dir='ltr' id='par_1_63' title="bbox 154 3106 3435 3180">
     <span class='ocr_line' id='line_1_63' title="bbox 154 3106 3435 3180; baseline 0.001 -15"><span class='ocrx_word' id='word_1_445' title='bbox 154 3111 311 3165; x_wconf 83' lang='lat' dir='ltr'><strong>ineat</strong></span> <span class='ocrx_word' id='word_1_446' title='bbox 357 3124 480 3163; x_wconf 88' lang='lat' dir='ltr'><strong>cum</strong></span> <span class='ocrx_word' id='word_1_447' title='bbox 510 3109 604 3171; x_wconf 79' lang='lat' dir='ltr'><strong>-eis</strong></span> <span class='ocrx_word' id='word_1_448' title='bbox 639 3108 831 3178; x_wconf 86' lang='lat' dir='ltr'><strong>foedus,</strong></span> <span class='ocrx_word' id='word_1_449' title='bbox 867 3118 920 3163; x_wconf 89' lang='lat' dir='ltr'><strong>et</strong></span> <span class='ocrx_word' id='word_1_450' title='bbox 947 3117 1126 3163; x_wconf 90' lang='lat' dir='ltr'><strong>utrum</strong></span> <span class='ocrx_word' id='word_1_451' title='bbox 1172 3122 1280 3162; x_wconf 90' lang='lat' dir='ltr'><strong>non</strong></span> <span class='ocrx_word' id='word_1_452' title='bbox 1311 3108 1483 3162; x_wconf 90' lang='lat' dir='ltr'><strong>societ</strong></span> <span class='ocrx_word' id='word_1_453' title='bbox 1510 3121 1633 3162; x_wconf 91' lang='lat' dir='ltr'><strong>cum</strong></span> <span class='ocrx_word' id='word_1_454' title='bbox 1663 3106 1743 3161; x_wconf 90' lang='lat' dir='ltr'><strong>eis</strong></span> <span class='ocrx_word' id='word_1_455' title='bbox 1768 3115 1814 3177; x_wconf 63' lang='grc' dir='ltr'><strong>(ζ</strong></span> <span class='ocrx_word' id='word_1_456' title='bbox 1847 3110 1998 3179; x_wconf 87' lang='lat' dir='ltr'><strong>Quod</strong></span> <span class='ocrx_word' id='word_1_457' title='bbox 2037 3110 2195 3163; x_wconf 89' lang='lat' dir='ltr'><strong>etiam</strong></span> <span class='ocrx_word' id='word_1_458' title='bbox 2238 3108 2488 3179; x_wconf 87' lang='lat' dir='ltr'><strong>Apostoli</strong></span> <span class='ocrx_word' id='word_1_459' title='bbox 2519 3109 2743 3163; x_wconf 89' lang='lat' dir='ltr'><strong>vocibus</strong></span> <span class='ocrx_word' id='word_1_460' title='bbox 2788 3109 3191 3169; x_wconf 86' lang='lat' dir='ltr'><strong>evidentissime</strong></span> <span class='ocrx_word' id='word_1_461' title='bbox 3236 3114 3435 3180; x_wconf 79' lang='lat' dir='ltr'><strong>perdo-</strong></span> 
     </span>
    </p>
   </div>
   <div class='ocr_carea' id='block_1_64' title="bbox 154 3198 1751 3270">
    <p class='ocr_par' dir='ltr' id='par_1_64' title="bbox 154 3198 1751 3270">
     <span class='ocr_line' id='line_1_64' title="bbox 154 3198 1751 3270; baseline -0.001 -15"><span class='ocrx_word' id='word_1_462' title='bbox 154 3202 435 3270; x_wconf 83' lang='lat' dir='ltr'><strong>conjugia,</strong></span> <span class='ocrx_word' id='word_1_463' title='bbox 460 3216 527 3255; x_wconf 92' lang='lat' dir='ltr'><strong>an</strong></span> <span class='ocrx_word' id='word_1_464' title='bbox 553 3201 747 3265; x_wconf 91' lang='lat' dir='ltr'><strong>societ,</strong></span> <span class='ocrx_word' id='word_1_465' title='bbox 778 3202 1016 3269; x_wconf 91' lang='lat' dir='ltr'><strong>ipsorum</strong></span> <span class='ocrx_word' id='word_1_466' title='bbox 1044 3214 1168 3255; x_wconf 87' lang='lat' dir='ltr'><strong>esse</strong></span> <span class='ocrx_word' id='word_1_467' title='bbox 1188 3207 1433 3254; x_wconf 82' lang='lat' dir='ltr'><strong>testatur.</strong></span> <span class='ocrx_word' id='word_1_468' title='bbox 1456 3199 1574 3266; x_wconf 88' lang='lat' dir='ltr'><strong>Quo</strong></span> <span class='ocrx_word' id='word_1_469' title='bbox 1602 3198 1751 3253; x_wconf 89' lang='lat' dir='ltr'><strong>testi-</strong></span> 
     </span>
    </p>
   </div>
   <div class='ocr_carea' id='block_1_65' title="bbox 154 3291 1744 3363">
    <p class='ocr_par' dir='ltr' id='par_1_65' title="bbox 154 3291 1744 3363">
     <span class='ocr_line' id='line_1_65' title="bbox 154 3291 1744 3363; baseline -0.003 -14"><span class='ocrx_word' id='word_1_470' title='bbox 154 3295 350 3349; x_wconf 88' lang='lat' dir='ltr'><strong>monio</strong></span> <span class='ocrx_word' id='word_1_471' title='bbox 393 3294 672 3348; x_wconf 80' lang='lat' dir='ltr'><strong>manifeste</strong></span> <span class='ocrx_word' id='word_1_472' title='bbox 722 3292 1049 3349; x_wconf 89' lang='lat' dir='ltr'><strong>discernitur</strong></span> <span class='ocrx_word' id='word_1_473' title='bbox 1082 3304 1104 3332; x_wconf 80' lang='grc' dir='ltr'><strong>ο</strong></span> <span class='ocrx_word' id='word_1_474' title='bbox 1141 3292 1268 3363; x_wconf 90' lang='lat' dir='ltr'><strong>quid</strong></span> <span class='ocrx_word' id='word_1_475' title='bbox 1299 3293 1470 3346; x_wconf 89' lang='lat' dir='ltr'><strong>libero</strong></span> <span class='ocrx_word' id='word_1_476' title='bbox 1500 3291 1744 3358; x_wconf 90' lang='lat' dir='ltr'><strong>arbitrio,</strong></span> 
     </span>
    </p>
   </div>
   <div class='ocr_carea' id='block_1_66' title="bbox 156 3373 1747 3457">
    <p class='ocr_par' dir='ltr' id='par_1_66' title="bbox 156 3373 1747 3457">
     <span class='ocr_line' id='line_1_66' title="bbox 156 3373 1747 3457; baseline 0.001 -17"><span class='ocrx_word' id='word_1_477' title='bbox 156 3373 362 3457; x_wconf 60' lang='lat' dir='ltr'><strong>aiam</strong></span> <span class='ocrx_word' id='word_1_478' title='bbox 415 3374 805 3456; x_wconf 88' lang='lat' dir='ltr'><strong>dispensationi</strong></span> <span class='ocrx_word' id='word_1_479' title='bbox 835 3387 919 3442; x_wconf 89' lang='lat' dir='ltr'><strong>vel</strong></span> <span class='ocrx_word' id='word_1_480' title='bbox 970 3374 1284 3456; x_wconf 88' lang='lat' dir='ltr'><strong>quotidiano</strong></span> <span class='ocrx_word' id='word_1_481' title='bbox 1332 3386 1600 3455; x_wconf 89' lang='lat' dir='ltr'><strong>adjutorio</strong></span> <span class='ocrx_word' id='word_1_482' title='bbox 1642 3385 1747 3441; x_wconf 87' lang='lat' dir='ltr'><strong>Do-</strong></span> 
     </span>
    </p>
   </div>
   <div class='ocr_carea' id='block_1_67' title="bbox 156 3477 1746 3557">
    <p class='ocr_par' dir='ltr' id='par_1_67' title="bbox 156 3477 1746 3557">
     <span class='ocr_line' id='line_1_67' title="bbox 156 3477 1746 3557; baseline -0.002 -22"><span class='ocrx_word' id='word_1_483' title='bbox 156 3480 296 3535; x_wconf 86' lang='lat' dir='ltr'><strong>mini</strong></span> <span class='ocrx_word' id='word_1_484' title='bbox 334 3479 630 3535; x_wconf 89' lang='lat' dir='ltr'><strong>debeamus</strong></span> <span class='ocrx_word' id='word_1_485' title='bbox 672 3480 966 3546; x_wconf 89' lang='lat' dir='ltr'><strong>ascribere,</strong></span> <span class='ocrx_word' id='word_1_486' title='bbox 987 3488 1041 3553; x_wconf 86' lang='lat' dir='ltr'><strong>et</strong></span> <span class='ocrx_word' id='word_1_487' title='bbox 1069 3478 1213 3557; x_wconf 86' lang='lat' dir='ltr'><strong>quod</strong></span> <span class='ocrx_word' id='word_1_488' title='bbox 1235 3477 1434 3533; x_wconf 83' lang='lat' dir='ltr'><strong>divinae</strong></span> <span class='ocrx_word' id='word_1_489' title='bbox 1464 3479 1532 3533; x_wconf 91' lang='lat' dir='ltr'><strong>sit</strong></span> <span class='ocrx_word' id='word_1_490' title='bbox 1557 3479 1746 3549; x_wconf 82' lang='lat' dir='ltr'><strong>gratiae</strong></span> 
     </span>
    </p>
   </div>
   <div class='ocr_carea' id='block_1_68' title="bbox 157 3571 1747 3643">
    <p class='ocr_par' dir='ltr' id='par_1_68' title="bbox 157 3571 1747 3643">
     <span class='ocr_line' id='line_1_68' title="bbox 157 3571 1747 3643; baseline -0.001 -17"><span class='ocrx_word' id='word_1_491' title='bbox 157 3580 425 3643; x_wconf 58' lang='lat' dir='ltr'><strong>praestare</strong></span> <span class='ocrx_word' id='word_1_492' title='bbox 471 3573 628 3629; x_wconf 88' lang='lat' dir='ltr'><strong>nobis</strong></span> <span class='ocrx_word' id='word_1_493' title='bbox 669 3571 987 3628; x_wconf 88' lang='lat' dir='ltr'><strong>occasiones</strong></span> <span class='ocrx_word' id='word_1_494' title='bbox 1027 3572 1218 3627; x_wconf 90' lang='lat' dir='ltr'><strong>salutis</strong></span> <span class='ocrx_word' id='word_1_495' title='bbox 1260 3580 1315 3627; x_wconf 90' lang='lat' dir='ltr'><strong>et</strong></span> <span class='ocrx_word' id='word_1_496' title='bbox 1342 3582 1633 3641; x_wconf 87' lang='lat' dir='ltr'><strong>proventus</strong></span> <span class='ocrx_word' id='word_1_497' title='bbox 1661 3586 1747 3625; x_wconf 89' lang='lat' dir='ltr'><strong>se-</strong></span> 
     </span>
    </p>
   </div>
   <div class='ocr_carea' id='block_1_69' title="bbox 1854 3199 3435 3269">
    <p class='ocr_par' dir='ltr' id='par_1_69' title="bbox 1854 3199 3435 3269">
     <span class='ocr_line' id='line_1_69' title="bbox 1854 3199 3435 3269; baseline 0.001 -11"><span class='ocrx_word' id='word_1_498' title='bbox 1854 3217 2063 3269; x_wconf 88' lang='lat' dir='ltr'><strong>cemur,</strong></span> <span class='ocrx_word' id='word_1_499' title='bbox 2091 3201 2317 3257; x_wconf 88' lang='lat' dir='ltr'><strong>dicentis</strong></span> <span class='ocrx_word' id='word_1_500' title='bbox 2346 3218 2361 3255; x_wconf 86' lang='lat'><strong>:</strong></span> <span class='ocrx_word' id='word_1_501' title='bbox 2394 3199 2617 3269; x_wconf 88' lang='lat' dir='ltr'><strong>Propter</strong></span> <span class='ocrx_word' id='word_1_502' title='bbox 2645 3199 2781 3268; x_wconf 89' lang='lat' dir='ltr'><strong>quod</strong></span> <span class='ocrx_word' id='word_1_503' title='bbox 2826 3200 3039 3255; x_wconf 85' lang='lat' dir='ltr'><strong>tradidit</strong></span> <span class='ocrx_word' id='word_1_504' title='bbox 3066 3204 3183 3257; x_wconf 81' lang='lat' dir='ltr'><strong>illos</strong></span> <span class='ocrx_word' id='word_1_505' title='bbox 3214 3201 3355 3259; x_wconf 84' lang='lat' dir='ltr'><strong>Deus</strong></span> <span class='ocrx_word' id='word_1_506' title='bbox 3379 3205 3435 3260; x_wconf 89' lang='lat' dir='ltr'><strong>in</strong></span> 
     </span>
    </p>
   </div>
   <div class='ocr_carea' id='block_1_70' title="bbox 1849 3294 3434 3370">
    <p class='ocr_par' dir='ltr' id='par_1_70' title="bbox 1849 3294 3434 3370">
     <span class='ocr_line' id='line_1_70' title="bbox 1849 3294 3434 3370; baseline -0.001 -21"><span class='ocrx_word' id='word_1_507' title='bbox 1849 3296 2109 3369; x_wconf 84' lang='lat' dir='ltr'><strong>passiones</strong></span> <span class='ocrx_word' id='word_1_508' title='bbox 2152 3294 2446 3370; x_wconf 62' lang='lat' dir='ltr'><strong>ignominiis</strong></span> <span class='ocrx_word' id='word_1_509' title='bbox 2479 3294 2654 3367; x_wconf 89' lang='lat' dir='ltr'><strong>(Rom.</strong></span> <span class='ocrx_word' id='word_1_510' title='bbox 2675 3310 2695 3347; x_wconf 76' lang='grc' dir='ltr'><strong><em>ι</em></strong></span> <span class='ocrx_word' id='word_1_511' title='bbox 2790 3295 2858 3367; x_wconf 72' lang='lat' dir='ltr'><strong>Et</strong></span> <span class='ocrx_word' id='word_1_512' title='bbox 2904 3296 3095 3365; x_wconf 88' lang='lat' dir='ltr'><strong>iterum</strong></span> <span class='ocrx_word' id='word_1_513' title='bbox 3124 3314 3133 3348; x_wconf 93' lang='lat'><strong>:</strong></span> <span class='ocrx_word' id='word_1_514' title='bbox 3171 3296 3299 3365; x_wconf 82' lang='lat' dir='ltr'><strong>Quia</strong></span> <span class='ocrx_word' id='word_1_515' title='bbox 3334 3314 3434 3353; x_wconf 84' lang='lat' dir='ltr'><strong>non</strong></span> 
     </span>
    </p>
   </div>
   <div class='ocr_carea' id='block_1_71' title="bbox 1848 3385 3434 3459">
    <p class='ocr_par' dir='ltr' id='par_1_71' title="bbox 1848 3385 3434 3459">
     <span class='ocr_line' id='line_1_71' title="bbox 1848 3385 3434 3459; baseline 0.002 -19"><span class='ocrx_word' id='word_1_516' title='bbox 1848 3388 2178 3442; x_wconf 85' lang='lat' dir='ltr'><strong>crediderunt</strong></span> <span class='ocrx_word' id='word_1_517' title='bbox 2209 3385 2386 3459; x_wconf 88' lang='lat' dir='ltr'><strong>[Lips.</strong></span> <span class='ocrx_word' id='word_1_518' title='bbox 2414 3388 2465 3439; x_wconf 92' lang='lat' dir='ltr'><strong>in</strong></span> <span class='ocrx_word' id='word_1_519' title='bbox 2495 3403 2660 3457; x_wconf 88' lang='lat' dir='ltr'><strong>marg.</strong></span> <span class='ocrx_word' id='word_1_520' title='bbox 2703 3386 3063 3454; x_wconf 84' lang='lat' dir='ltr'><strong>probaverunt</strong></span> <span class='ocrx_word' id='word_1_521' title='bbox 3086 3385 3103 3457; x_wconf 85' lang='lat' dir='ltr'><strong>j</strong></span> <span class='ocrx_word' id='word_1_522' title='bbox 3130 3385 3297 3442; x_wconf 90' lang='lat' dir='ltr'><strong>Deum</strong></span> <span class='ocrx_word' id='word_1_523' title='bbox 3336 3391 3434 3443; x_wconf 78' lang='lat' dir='ltr'><strong>lia-</strong></span> 
     </span>
    </p>
   </div>
   <div class='ocr_carea' id='block_1_72' title="bbox 1846 3473 3431 3547">
    <p class='ocr_par' dir='ltr' id='par_1_72' title="bbox 1846 3473 3431 3547">
     <span class='ocr_line' id='line_1_72' title="bbox 1846 3473 3431 3547; baseline 0.001 -16"><span class='ocrx_word' id='word_1_524' title='bbox 1846 3476 1963 3531; x_wconf 86' lang='lat' dir='ltr'><strong>bere</strong></span> <span class='ocrx_word' id='word_1_525' title='bbox 1988 3478 2039 3530; x_wconf 89' lang='lat' dir='ltr'><strong>in</strong></span> <span class='ocrx_word' id='word_1_526' title='bbox 2071 3478 2278 3540; x_wconf 86' lang='lat' dir='ltr'><strong>notitia,</strong></span> <span class='ocrx_word' id='word_1_527' title='bbox 2308 3476 2521 3547; x_wconf 80' lang='lat' dir='ltr'><strong>tradidit</strong></span> <span class='ocrx_word' id='word_1_528' title='bbox 2544 3477 2662 3530; x_wconf 79' lang='lat' dir='ltr'><strong>illos</strong></span> <span class='ocrx_word' id='word_1_529' title='bbox 2684 3473 2819 3530; x_wconf 90' lang='lat' dir='ltr'><strong>Deus</strong></span> <span class='ocrx_word' id='word_1_530' title='bbox 2833 3477 2886 3529; x_wconf 90' lang='lat' dir='ltr'><strong>in</strong></span> <span class='ocrx_word' id='word_1_531' title='bbox 2908 3478 3181 3547; x_wconf 88' lang='lat' dir='ltr'><strong>reprobum</strong></span> <span class='ocrx_word' id='word_1_532' title='bbox 3204 3496 3431 3546; x_wconf 86' lang='lat' dir='ltr'><strong>sensum,</strong></span> 
     </span>
    </p>
   </div>
   <div class='ocr_carea' id='block_1_73' title="bbox 1847 3565 3433 3639">
    <p class='ocr_par' dir='ltr' id='par_1_73' title="bbox 1847 3565 3433 3639">
     <span class='ocr_line' id='line_1_73' title="bbox 1847 3565 3433 3639; baseline 0.002 -16"><span class='ocrx_word' id='word_1_533' title='bbox 1847 3580 1904 3624; x_wconf 91' lang='lat' dir='ltr'><strong>ut</strong></span> <span class='ocrx_word' id='word_1_534' title='bbox 1932 3572 2124 3639; x_wconf 79' lang='lat' dir='ltr'><strong>faciant</strong></span> <span class='ocrx_word' id='word_1_535' title='bbox 2153 3585 2211 3623; x_wconf 84' lang='lat' dir='ltr'><strong>ea</strong></span> <span class='ocrx_word' id='word_1_536' title='bbox 2237 3584 2355 3639; x_wconf 74' lang='lat' dir='ltr'><strong>qua:</strong></span> <span class='ocrx_word' id='word_1_537' title='bbox 2379 3584 2483 3622; x_wconf 90' lang='lat' dir='ltr'><strong>non</strong></span> <span class='ocrx_word' id='word_1_538' title='bbox 2505 3568 2807 3621; x_wconf 85' lang='lat' dir='ltr'><strong>conveniunt</strong></span> <span class='ocrx_word' id='word_1_539' title='bbox 2834 3565 3047 3639; x_wconf 88' lang='lat' dir='ltr'><strong>(Ibid.).</strong></span> <span class='ocrx_word' id='word_1_540' title='bbox 3076 3566 3197 3638; x_wconf 90' lang='lat' dir='ltr'><strong>Ipse</strong></span> <span class='ocrx_word' id='word_1_541' title='bbox 3222 3586 3433 3639; x_wconf 88' lang='lat' dir='ltr'><strong>quoque</strong></span> 
     </span>
    </p>
   </div>
   <div class='ocr_carea' id='block_1_74' title="bbox 1233 3686 2363 3762">
    <p class='ocr_par' dir='ltr' id='par_1_74' title="bbox 1233 3686 2363 3762">
     <span class='ocr_line' id='line_1_74' title="bbox 1233 3686 2363 3762; baseline -0.008 0"><span class='ocrx_word' id='word_1_542' title='bbox 1233 3686 1487 3762; x_wconf 80' lang='lat' dir='ltr'><strong>ALARDI</strong></span> <span class='ocrx_word' id='word_1_543' title='bbox 1522 3702 1755 3760; x_wconf 72' lang='lat' dir='ltr'><strong>eam</strong></span> <span class='ocrx_word' id='word_1_544' title='bbox 1793 3701 2363 3760; x_wconf 71' lang='lat' dir='ltr'><strong>COMMENTARIUS.</strong></span> 
     </span>
    </p>
   </div>
   <div class='ocr_carea' id='block_1_75' title="bbox 243 3798 1744 3861">
    <p class='ocr_par' dir='ltr' id='par_1_75' title="bbox 243 3798 1744 3861">
     <span class='ocr_line' id='line_1_75' title="bbox 243 3798 1744 3861; baseline -0.007 1"><span class='ocrx_word' id='word_1_545' title='bbox 243 3816 271 3846; x_wconf 74' lang='grc'>⁸</span> <span class='ocrx_word' id='word_1_546' title='bbox 304 3806 577 3861; x_wconf 89' lang='lat' dir='ltr'><strong>Consonat</strong></span> <span class='ocrx_word' id='word_1_547' title='bbox 604 3804 727 3858; x_wconf 91' lang='lat' dir='ltr'><strong>huic</strong></span> <span class='ocrx_word' id='word_1_548' title='bbox 756 3803 951 3858; x_wconf 89' lang='lat' dir='ltr'><strong>similis</strong></span> <span class='ocrx_word' id='word_1_549' title='bbox 980 3810 1031 3857; x_wconf 92' lang='lat' dir='ltr'><strong>et</strong></span> <span class='ocrx_word' id='word_1_550' title='bbox 1058 3801 1256 3857; x_wconf 86' lang='lat' dir='ltr'><strong>diserta</strong></span> <span class='ocrx_word' id='word_1_551' title='bbox 1291 3800 1553 3854; x_wconf 90' lang='lat' dir='ltr'><strong>sententia</strong></span> <span class='ocrx_word' id='word_1_552' title='bbox 1582 3798 1744 3851; x_wconf 88' lang='lat' dir='ltr'><strong>abba-</strong></span> 
     </span>
    </p>
   </div>
   <div class='ocr_carea' id='block_1_76' title="bbox 160 3868 1744 3939">
    <p class='ocr_par' dir='ltr' id='par_1_76' title="bbox 160 3868 1744 3939">
     <span class='ocr_line' id='line_1_76' title="bbox 160 3868 1744 3939; baseline -0.009 -4"><span class='ocrx_word' id='word_1_553' title='bbox 160 3880 235 3936; x_wconf 85' lang='lat' dir='ltr'><strong>tis</strong></span> <span class='ocrx_word' id='word_1_554' title='bbox 258 3876 626 3932; x_wconf 69' lang='lat' dir='ltr'><strong>Chasremonis</strong></span> <span class='ocrx_word' id='word_1_555' title='bbox 668 3875 954 3930; x_wconf 91' lang='lat' dir='ltr'><strong>collatione</strong></span> <span class='ocrx_word' id='word_1_556' title='bbox 999 3873 1097 3938; x_wconf 76' lang='grc'><strong>15,</strong></span> <span class='ocrx_word' id='word_1_557' title='bbox 1126 3887 1283 3939; x_wconf 91' lang='lat' dir='ltr'><strong>quam</strong></span> <span class='ocrx_word' id='word_1_558' title='bbox 1315 3878 1371 3925; x_wconf 89' lang='lat' dir='ltr'><strong>et</strong></span> <span class='ocrx_word' id='word_1_559' title='bbox 1401 3869 1466 3923; x_wconf 95' lang='lat' dir='ltr'><strong>D.</strong></span> <span class='ocrx_word' id='word_1_560' title='bbox 1507 3868 1744 3939; x_wconf 79' lang='lat' dir='ltr'><strong>Prosper</strong></span> 
     </span>
    </p>
   </div>
   <div class='ocr_carea' id='block_1_77' title="bbox 160 3938 1741 4007">
    <p class='ocr_par' dir='ltr' id='par_1_77' title="bbox 160 3938 1741 4007">
     <span class='ocr_line' id='line_1_77' title="bbox 160 3938 1741 4007; baseline -0.006 -4"><span class='ocrx_word' id='word_1_561' title='bbox 160 3951 321 4003; x_wconf 83' lang='lat' dir='ltr'><strong>valde</strong></span> <span class='ocrx_word' id='word_1_562' title='bbox 348 3948 722 4007; x_wconf 90' lang='lat' dir='ltr'><strong>commendat,</strong></span> <span class='ocrx_word' id='word_1_563' title='bbox 751 3953 811 3999; x_wconf 91' lang='lat' dir='ltr'><strong>ut</strong></span> <span class='ocrx_word' id='word_1_564' title='bbox 853 3945 1022 3998; x_wconf 86' lang='lat' dir='ltr'><strong>basim</strong></span> <span class='ocrx_word' id='word_1_565' title='bbox 1051 3955 1104 3997; x_wconf 91' lang='lat' dir='ltr'><strong>et</strong></span> <span class='ocrx_word' id='word_1_566' title='bbox 1133 3938 1537 3996; x_wconf 74' lang='lat' dir='ltr'><strong>fundamentum</strong></span> <span class='ocrx_word' id='word_1_567' title='bbox 1578 3938 1741 3993; x_wconf 73' lang='lat' dir='ltr'><strong>torius</strong></span> 
     </span>
    </p>
   </div>
   <div class='ocr_carea' id='block_1_78' title="bbox 158 4011 1736 4087">
    <p class='ocr_par' dir='ltr' id='par_1_78' title="bbox 158 4011 1736 4087">
     <span class='ocr_line' id='line_1_78' title="bbox 158 4011 1736 4087; baseline -0.008 -11"><span class='ocrx_word' id='word_1_568' title='bbox 158 4020 542 4087; x_wconf 86' lang='lat' dir='ltr'><strong>disputationis</strong></span> <span class='ocrx_word' id='word_1_569' title='bbox 570 4016 829 4087; x_wconf 13' lang='lat' dir='ltr'><strong>adversus,</strong></span> <span class='ocrx_word' id='word_1_570' title='bbox 842 4013 1157 4087; x_wconf 77' lang='lat' dir='ltr'><strong>Pelagianos</strong></span> <span class='ocrx_word' id='word_1_571' title='bbox 1172 4021 1231 4087; x_wconf 90' lang='lat' dir='ltr'><strong>et</strong></span> <span class='ocrx_word' id='word_1_572' title='bbox 1258 4011 1736 4080; x_wconf 83' lang='lat' dir='ltr'><strong>Semipelagianos,</strong></span> 
     </span>
    </p>
   </div>
   <div class='ocr_carea' id='block_1_79' title="bbox 156 4086 1740 4163">
    <p class='ocr_par' dir='ltr' id='par_1_79' title="bbox 156 4086 1740 4163">
     <span class='ocr_line' id='line_1_79' title="bbox 156 4086 1740 4163; baseline -0.006 -20"><span class='ocrx_word' id='word_1_573' title='bbox 156 4086 287 4163; x_wconf 70' lang='lat' dir='ltr'><strong>qua:</strong></span> <span class='ocrx_word' id='word_1_574' title='bbox 313 4092 388 4144; x_wconf 91' lang='lat' dir='ltr'><strong>sic</strong></span> <span class='ocrx_word' id='word_1_575' title='bbox 416 4090 577 4163; x_wconf 80' lang='lat' dir='ltr'><strong>habet</strong></span> <span class='ocrx_word' id='word_1_576' title='bbox 606 4086 768 4163; x_wconf 71' lang='lat' dir='ltr'><strong>(Cap.</strong></span> <span class='ocrx_word' id='word_1_577' title='bbox 798 4086 870 4155; x_wconf 79' lang='grc'>5)</span> <span class='ocrx_word' id='word_1_578' title='bbox 899 4104 913 4140; x_wconf 91' lang='lat'><strong>:</strong></span> <span class='ocrx_word' id='word_1_579' title='bbox 946 4086 1064 4140; x_wconf 80' lang='lat' dir='ltr'><strong>Non</strong></span> <span class='ocrx_word' id='word_1_580' title='bbox 1101 4086 1268 4163; x_wconf 57' lang='lat' dir='ltr'><strong>solum</strong></span> <span class='ocrx_word' id='word_1_581' title='bbox 1307 4092 1535 4163; x_wconf 81' lang='lat' dir='ltr'><strong>actuum,</strong></span> <span class='ocrx_word' id='word_1_582' title='bbox 1559 4097 1740 4162; x_wconf 34' lang='lat' dir='ltr'><strong>Iverum</strong></span> 
     </span>
    </p>
   </div>
   <div class='ocr_carea' id='block_1_80' title="bbox 157 4154 1733 4227">
    <p class='ocr_par' dir='ltr' id='par_1_80' title="bbox 157 4154 1733 4227">
     <span class='ocr_line' id='line_1_80' title="bbox 157 4154 1733 4227; baseline -0.006 -12"><span class='ocrx_word' id='word_1_583' title='bbox 157 4154 320 4217; x_wconf 58' lang='lat' dir='ltr'><strong>e&#39;tiam</strong></span> <span class='ocrx_word' id='word_1_584' title='bbox 352 4154 723 4227; x_wconf 71' lang='lat' dir='ltr'><strong>mgnanmm</strong></span> <span class='ocrx_word' id='word_1_585' title='bbox 744 4154 991 4210; x_wconf 87' lang='lat' dir='ltr'><strong>bonarum</strong></span> <span class='ocrx_word' id='word_1_586' title='bbox 1017 4172 1078 4208; x_wconf 77' lang='lat' dir='ltr'><strong>ea:</strong></span> <span class='ocrx_word' id='word_1_587' title='bbox 1107 4155 1213 4209; x_wconf 84' lang='lat' dir='ltr'><strong>Deo</strong></span> <span class='ocrx_word' id='word_1_588' title='bbox 1258 4171 1363 4227; x_wconf 85' lang='lat' dir='ltr'><strong>esse</strong></span> <span class='ocrx_word' id='word_1_589' title='bbox 1403 4154 1733 4227; x_wconf 75' lang='lat' dir='ltr'><strong>principium,</strong></span> 
     </span>
    </p>
   </div>
   <div class='ocr_carea' id='block_1_81' title="bbox 154 4225 1743 4304">
    <p class='ocr_par' dir='ltr' id='par_1_81' title="bbox 154 4225 1743 4304">
     <span class='ocr_line' id='line_1_81' title="bbox 154 4225 1743 4304; baseline -0.008 -18"><span class='ocrx_word' id='word_1_590' title='bbox 154 4236 249 4304; x_wconf 86' lang='lat' dir='ltr'><strong>qui</strong></span> <span class='ocrx_word' id='word_1_591' title='bbox 290 4225 434 4285; x_wconf 79' lang='lat' dir='ltr'><strong>nobis</strong></span> <span class='ocrx_word' id='word_1_592' title='bbox 461 4240 505 4283; x_wconf 85' lang='lat' dir='ltr'><strong>et</strong></span> <span class='ocrx_word' id='word_1_593' title='bbox 529 4230 674 4283; x_wconf 86' lang='lat' dir='ltr'><strong>initia</strong></span> <span class='ocrx_word' id='word_1_594' title='bbox 697 4238 887 4304; x_wconf 67' lang='lat' dir='ltr'><strong>sancta:</strong></span> <span class='ocrx_word' id='word_1_595' title='bbox 912 4227 1191 4281; x_wconf 85' lang='lat' dir='ltr'><strong>voluntatis</strong></span> <span class='ocrx_word' id='word_1_596' title='bbox 1219 4226 1467 4294; x_wconf 87' lang='lat' dir='ltr'><strong>inspirat,</strong></span> <span class='ocrx_word' id='word_1_597' title='bbox 1499 4235 1548 4277; x_wconf 89' lang='lat' dir='ltr'><strong>et</strong></span> <span class='ocrx_word' id='word_1_598' title='bbox 1578 4225 1743 4304; x_wconf 79' lang='lat' dir='ltr'><strong>virtu-</strong></span> 
     </span>
    </p>
   </div>
   <div class='ocr_carea' id='block_1_82' title="bbox 156 4296 1740 4370">
    <p class='ocr_par' dir='ltr' id='par_1_82' title="bbox 156 4296 1740 4370">
     <span class='ocr_line' id='line_1_82' title="bbox 156 4296 1740 4370; baseline -0.005 -14"><span class='ocrx_word' id='word_1_599' title='bbox 156 4296 270 4359; x_wconf 71' lang='lat' dir='ltr'><strong>tem</strong></span> <span class='ocrx_word' id='word_1_600' title='bbox 318 4310 471 4370; x_wconf 86' lang='lat' dir='ltr'><strong>atque</strong></span> <span class='ocrx_word' id='word_1_601' title='bbox 513 4301 950 4367; x_wconf 48' lang='lat' dir='ltr'><strong>opportunitatem</strong></span> <span class='ocrx_word' id='word_1_602' title='bbox 988 4314 1161 4351; x_wconf 87' lang='lat' dir='ltr'><strong>eorum</strong></span> <span class='ocrx_word' id='word_1_603' title='bbox 1189 4313 1302 4361; x_wconf 72' lang='lat' dir='ltr'><strong>quae</strong></span> <span class='ocrx_word' id='word_1_604' title='bbox 1338 4296 1740 4370; x_wconf 72' lang='lat' dir='ltr'><strong>rectecupimus</strong></span> 
     </span>
    </p>
   </div>
   <div class='ocr_carea' id='block_1_83' title="bbox 158 4366 1742 4441">
    <p class='ocr_par' dir='ltr' id='par_1_83' title="bbox 158 4366 1742 4441">
     <span class='ocr_line' id='line_1_83' title="bbox 158 4366 1742 4441; baseline -0.008 -12"><span class='ocrx_word' id='word_1_605' title='bbox 158 4374 348 4429; x_wconf 84' lang='lat' dir='ltr'><strong>tribuit</strong></span> <span class='ocrx_word' id='word_1_606' title='bbox 375 4366 665 4441; x_wconf 84' lang='lat' dir='ltr'><strong>peragendi,</strong></span> <span class='ocrx_word' id='word_1_607' title='bbox 694 4380 825 4434; x_wconf 88' lang='lat' dir='ltr'><strong>etc.;</strong></span> <span class='ocrx_word' id='word_1_608' title='bbox 857 4386 885 4422; x_wconf 91' lang='lat' dir='ltr'><strong>a</strong></span> <span class='ocrx_word' id='word_1_609' title='bbox 915 4383 1018 4437; x_wconf 91' lang='lat' dir='ltr'><strong>qua</strong></span> <span class='ocrx_word' id='word_1_610' title='bbox 1054 4366 1524 4441; x_wconf 63' lang='lat' dir='ltr'><strong>tamensententia</strong></span> <span class='ocrx_word' id='word_1_611' title='bbox 1557 4368 1742 4441; x_wconf 79' lang='lat' dir='ltr'><strong>catho-</strong></span> 
     </span>
    </p>
   </div>
   <div class='ocr_carea' id='block_1_84' title="bbox 157 4437 1741 4504">
    <p class='ocr_par' dir='ltr' id='par_1_84' title="bbox 157 4437 1741 4504">
     <span class='ocr_line' id='line_1_84' title="bbox 157 4437 1741 4504; baseline -0.007 -4"><span class='ocrx_word' id='word_1_612' title='bbox 157 4446 268 4500; x_wconf 87' lang='lat' dir='ltr'><strong>lica</strong></span> <span class='ocrx_word' id='word_1_613' title='bbox 295 4437 587 4498; x_wconf 60' lang='lat' dir='ltr'><strong>reéessiSse</strong></span> <span class='ocrx_word' id='word_1_614' title='bbox 609 4437 697 4496; x_wconf 88' lang='lat' dir='ltr'><strong>aut</strong></span> <span class='ocrx_word' id='word_1_615' title='bbox 716 4440 1000 4495; x_wconf 82' lang='lat' dir='ltr'><strong>deﬂexisse</strong></span> <span class='ocrx_word' id='word_1_616' title='bbox 1026 4439 1173 4492; x_wconf 89' lang='lat' dir='ltr'><strong>visus</strong></span> <span class='ocrx_word' id='word_1_617' title='bbox 1202 4437 1341 4491; x_wconf 90' lang='lat' dir='ltr'><strong>idem</strong></span> <span class='ocrx_word' id='word_1_618' title='bbox 1372 4438 1484 4504; x_wconf 88' lang='lat' dir='ltr'><strong>ipse</strong></span> <span class='ocrx_word' id='word_1_619' title='bbox 1512 4437 1741 4489; x_wconf 85' lang='lat' dir='ltr'><strong>collator</strong></span> 
     </span>
    </p>
   </div>
   <div class='ocr_carea' id='block_1_85' title="bbox 164 4507 1741 4579">
    <p class='ocr_par' dir='ltr' id='par_1_85' title="bbox 164 4507 1741 4579">
     <span class='ocr_line' id='line_1_85' title="bbox 164 4507 1741 4579; baseline -0.008 -9"><span class='ocrx_word' id='word_1_620' title='bbox 164 4523 275 4570; x_wconf 78' lang='lat' dir='ltr'><strong>tota</strong></span> <span class='ocrx_word' id='word_1_621' title='bbox 327 4529 421 4567; x_wconf 88' lang='lat' dir='ltr'><strong>sua</strong></span> <span class='ocrx_word' id='word_1_622' title='bbox 470 4514 817 4579; x_wconf 81' lang='lat' dir='ltr'><strong>consequenti</strong></span> <span class='ocrx_word' id='word_1_623' title='bbox 847 4509 1208 4574; x_wconf 85' lang='lat' dir='ltr'><strong>disputatione</strong></span> <span class='ocrx_word' id='word_1_624' title='bbox 1252 4507 1635 4579; x_wconf 19' lang='lat' dir='ltr'><strong>etAcollatione</strong></span> <span class='ocrx_word' id='word_1_625' title='bbox 1674 4507 1741 4579; x_wconf 81' lang='lat' dir='ltr'><strong>de</strong></span> 
     </span>
    </p>
   </div>
   <div class='ocr_carea' id='block_1_86' title="bbox 163 4577 1735 4655">
    <p class='ocr_par' dir='ltr' id='par_1_86' title="bbox 163 4577 1735 4655">
     <span class='ocr_line' id='line_1_86' title="bbox 163 4577 1735 4655; baseline -0.007 -15"><span class='ocrx_word' id='word_1_626' title='bbox 163 4586 501 4655; x_wconf 82' lang='lat' dir='ltr'><strong>protectione</strong></span> <span class='ocrx_word' id='word_1_627' title='bbox 540 4583 629 4655; x_wconf 83' lang='lat' dir='ltr'><strong>Dei</strong></span> <span class='ocrx_word' id='word_1_628' title='bbox 656 4577 714 4637; x_wconf 87' lang='lat' dir='ltr'><strong>et</strong></span> <span class='ocrx_word' id='word_1_629' title='bbox 743 4582 916 4636; x_wconf 90' lang='lat' dir='ltr'><strong>libero</strong></span> <span class='ocrx_word' id='word_1_630' title='bbox 943 4579 1184 4655; x_wconf 62' lang='lat' dir='ltr'><strong>arbitrio.</strong></span> <span class='ocrx_word' id='word_1_631' title='bbox 1221 4577 1599 4655; x_wconf 39' lang='lat' dir='ltr'><strong>Uudeumerito.</strong></span> <span class='ocrx_word' id='word_1_632' title='bbox 1618 4591 1647 4628; x_wconf 94' lang='lat' dir='ltr'><strong>a</strong></span> <span class='ocrx_word' id='word_1_633' title='bbox 1676 4577 1735 4629; x_wconf 87' lang='lat' dir='ltr'><strong>D.</strong></span> 
     </span>
    </p>
   </div>
   <div class='ocr_carea' id='block_1_87' title="bbox 164 4646 1736 4723">
    <p class='ocr_par' dir='ltr' id='par_1_87' title="bbox 164 4646 1736 4723">
     <span class='ocr_line' id='line_1_87' title="bbox 164 4646 1736 4723; baseline -0.008 -11"><span class='ocrx_word' id='word_1_634' title='bbox 164 4646 438 4723; x_wconf 65' lang='lat' dir='ltr'><strong>Prospero</strong></span> <span class='ocrx_word' id='word_1_635' title='bbox 474 4653 809 4722; x_wconf 65' lang='lat' dir='ltr'><strong>rednrgutus,</strong></span> <span class='ocrx_word' id='word_1_636' title='bbox 850 4661 908 4705; x_wconf 88' lang='lat' dir='ltr'><strong>et</strong></span> <span class='ocrx_word' id='word_1_637' title='bbox 933 4666 961 4703; x_wconf 90' lang='lat' dir='ltr'><strong>a</strong></span> <span class='ocrx_word' id='word_1_638' title='bbox 988 4649 1202 4723; x_wconf 73' lang='lat' dir='ltr'><strong>Gelasio</strong></span> <span class='ocrx_word' id='word_1_639' title='bbox 1232 4649 1485 4723; x_wconf 74' lang='lat' dir='ltr'><strong>pontiﬁce</strong></span> <span class='ocrx_word' id='word_1_640' title='bbox 1513 4646 1736 4716; x_wconf 86' lang='lat' dir='ltr'><strong>aliisque</strong></span> 
     </span>
    </p>
   </div>
   <div class='ocr_carea' id='block_1_88' title="bbox 164 4719 1515 4791">
    <p class='ocr_par' dir='ltr' id='par_1_88' title="bbox 164 4719 1515 4791">
     <span class='ocr_line' id='line_1_88' title="bbox 164 4719 1515 4791; baseline -0.01 -9"><span class='ocrx_word' id='word_1_641' title='bbox 164 4719 384 4783; x_wconf 76' lang='lat' dir='ltr'><strong>notatus</strong></span> <span class='ocrx_word' id='word_1_642' title='bbox 413 4735 513 4791; x_wconf 76' lang='lat' dir='ltr'><strong>est,</strong></span> <span class='ocrx_word' id='word_1_643' title='bbox 548 4731 603 4777; x_wconf 89' lang='lat' dir='ltr'><strong>ut</strong></span> <span class='ocrx_word' id='word_1_644' title='bbox 625 4719 821 4777; x_wconf 75' lang='lat' dir='ltr'><strong>ibidem</strong></span> <span class='ocrx_word' id='word_1_645' title='bbox 853 4723 961 4775; x_wconf 91' lang='lat' dir='ltr'><strong>Deo</strong></span> <span class='ocrx_word' id='word_1_646' title='bbox 992 4720 1199 4791; x_wconf 78' lang='lat' dir='ltr'><strong>favente</strong></span> <span class='ocrx_word' id='word_1_647' title='bbox 1227 4719 1515 4791; x_wconf 82' lang='lat' dir='ltr'><strong>videbitur.</strong></span> 
     </span>
    </p>
   </div>
   <div class='ocr_carea' id='block_1_89' title="bbox 238 4786 1734 4857">
    <p class='ocr_par' dir='ltr' id='par_1_89' title="bbox 238 4786 1734 4857">
     <span class='ocr_line' id='line_1_89' title="bbox 238 4786 1734 4857; baseline -0.007 -5"><span class='ocrx_word' id='word_1_648' title='bbox 238 4798 267 4837; x_wconf 71' lang='grc' dir='ltr'><strong>ι)</strong></span> <span class='ocrx_word' id='word_1_649' title='bbox 300 4786 552 4851; x_wconf 76' lang='lat' dir='ltr'><strong>Nostrum</strong></span> <span class='ocrx_word' id='word_1_650' title='bbox 581 4794 815 4857; x_wconf 80' lang='lat' dir='ltr'><strong>intellige</strong></span> <span class='ocrx_word' id='word_1_651' title='bbox 839 4808 944 4847; x_wconf 90' lang='lat' dir='ltr'><strong>non</strong></span> <span class='ocrx_word' id='word_1_652' title='bbox 991 4790 1321 4846; x_wconf 67' lang='lat' dir='ltr'><strong>excludenda</strong></span> <span class='ocrx_word' id='word_1_653' title='bbox 1349 4788 1597 4857; x_wconf 84' lang='lat' dir='ltr'><strong>gratiam,</strong></span> <span class='ocrx_word' id='word_1_654' title='bbox 1640 4786 1734 4841; x_wconf 89' lang='lat' dir='ltr'><strong>sed</strong></span> 
     </span>
    </p>
   </div>
   <div class='ocr_carea' id='block_1_90' title="bbox 162 4860 1738 4934">
    <p class='ocr_par' dir='ltr' id='par_1_90' title="bbox 162 4860 1738 4934">
     <span class='ocr_line' id='line_1_90' title="bbox 162 4860 1738 4934; baseline -0.008 -8"><span class='ocrx_word' id='word_1_655' title='bbox 162 4885 285 4926; x_wconf 88' lang='lat' dir='ltr'><strong>eam</strong></span> <span class='ocrx_word' id='word_1_656' title='bbox 313 4865 683 4934; x_wconf 81' lang='lat' dir='ltr'><strong>supponenda.</strong></span> <span class='ocrx_word' id='word_1_657' title='bbox 718 4864 850 4917; x_wconf 88' lang='lat' dir='ltr'><strong>Illud</strong></span> <span class='ocrx_word' id='word_1_658' title='bbox 895 4862 1033 4916; x_wconf 88' lang='lat' dir='ltr'><strong>enim</strong></span> <span class='ocrx_word' id='word_1_659' title='bbox 1082 4861 1581 4934; x_wconf 23' lang='lat' dir='ltr'><strong>Pelagianumdest,</strong></span> <span class='ocrx_word' id='word_1_660' title='bbox 1635 4860 1738 4934; x_wconf 79' lang='lat' dir='ltr'><strong>hoc</strong></span> 
     </span>
    </p>
   </div>
   <div class='ocr_carea' id='block_1_91' title="bbox 162 4930 1739 5003">
    <p class='ocr_par' dir='ltr' id='par_1_91' title="bbox 162 4930 1739 5003">
     <span class='ocr_line' id='line_1_91' title="bbox 162 4930 1739 5003; baseline -0.009 -7"><span class='ocrx_word' id='word_1_661' title='bbox 162 4930 517 5002; x_wconf 83' lang='lat' dir='ltr'><strong>catholicum,</strong></span> <span class='ocrx_word' id='word_1_662' title='bbox 551 4944 609 4989; x_wconf 90' lang='lat' dir='ltr'><strong>ut</strong></span> <span class='ocrx_word' id='word_1_663' title='bbox 633 4944 778 5003; x_wconf 85' lang='lat' dir='ltr'><strong>patet</strong></span> <span class='ocrx_word' id='word_1_664' title='bbox 797 4950 859 4987; x_wconf 83' lang='lat' dir='ltr'><strong>ex</strong></span> <span class='ocrx_word' id='word_1_665' title='bbox 887 4934 951 4987; x_wconf 89' lang='lat' dir='ltr'><strong>iis</strong></span> <span class='ocrx_word' id='word_1_666' title='bbox 972 4948 1089 5001; x_wconf 70' lang='lat' dir='ltr'><strong>qua:</strong></span> <span class='ocrx_word' id='word_1_667' title='bbox 1111 4933 1244 5003; x_wconf 61' lang='lat' dir='ltr'><strong>dictu</strong></span> <span class='ocrx_word' id='word_1_668' title='bbox 1276 4941 1402 4985; x_wconf 89' lang='lat' dir='ltr'><strong>sunt</strong></span> <span class='ocrx_word' id='word_1_669' title='bbox 1430 4932 1519 4985; x_wconf 90' lang='lat' dir='ltr'><strong>lib.</strong></span> <span class='ocrx_word' id='word_1_670' title='bbox 1550 4946 1621 4985; x_wconf 79' lang='lat' dir='ltr'><strong>xu</strong></span> <span class='ocrx_word' id='word_1_671' title='bbox 1653 4930 1739 4984; x_wconf 88' lang='lat' dir='ltr'><strong>In-</strong></span> 
     </span>
    </p>
   </div>
   <div class='ocr_carea' id='block_1_92' title="bbox 162 5001 1739 5078">
    <p class='ocr_par' dir='ltr' id='par_1_92' title="bbox 162 5001 1739 5078">
     <span class='ocr_line' id='line_1_92' title="bbox 162 5001 1739 5078; baseline -0.008 -13"><span class='ocrx_word' id='word_1_672' title='bbox 162 5014 341 5065; x_wconf 81' lang='lat' dir='ltr'><strong>stitul.</strong></span> <span class='ocrx_word' id='word_1_673' title='bbox 377 5001 542 5078; x_wconf 86' lang='lat' dir='ltr'><strong>(Cap.</strong></span> <span class='ocrx_word' id='word_1_674' title='bbox 573 5001 709 5059; x_wconf 66' lang='lat' dir='ltr'><strong>ISet</strong></span> <span class='ocrx_word' id='word_1_675' title='bbox 737 5003 1012 5078; x_wconf 77' lang='lat' dir='ltr'><strong>sequent.),</strong></span> <span class='ocrx_word' id='word_1_676' title='bbox 1035 5010 1087 5055; x_wconf 85' lang='lat' dir='ltr'><strong>et</strong></span> <span class='ocrx_word' id='word_1_677' title='bbox 1102 5001 1304 5078; x_wconf 78' lang='lat' dir='ltr'><strong>clarius</strong></span> <span class='ocrx_word' id='word_1_678' title='bbox 1320 5003 1602 5078; x_wconf 82' lang='lat' dir='ltr'><strong>patebitex</strong></span> <span class='ocrx_word' id='word_1_679' title='bbox 1627 5010 1739 5054; x_wconf 90' lang='lat' dir='ltr'><strong>toto</strong></span> 
     </span>
    </p>
   </div>
   <div class='ocr_carea' id='block_1_93' title="bbox 161 5073 1741 5141">
    <p class='ocr_par' dir='ltr' id='par_1_93' title="bbox 161 5073 1741 5141">
     <span class='ocr_line' id='line_1_93' title="bbox 161 5073 1741 5141; baseline -0.008 -5"><span class='ocrx_word' id='word_1_680' title='bbox 161 5073 401 5136; x_wconf 85' lang='lat' dir='ltr'><strong>decursu</strong></span> <span class='ocrx_word' id='word_1_681' title='bbox 432 5073 735 5131; x_wconf 83' lang='lat' dir='ltr'><strong>collationis</strong></span> <span class='ocrx_word' id='word_1_682' title='bbox 753 5075 976 5129; x_wconf 61' lang='lat' dir='ltr'><strong>decimae</strong></span> <span class='ocrx_word' id='word_1_683' title='bbox 1002 5073 1193 5139; x_wconf 69' lang='lat' dir='ltr'><strong>tertiae,</strong></span> <span class='ocrx_word' id='word_1_684' title='bbox 1218 5074 1307 5126; x_wconf 87' lang='lat' dir='ltr'><strong>ubi</strong></span> <span class='ocrx_word' id='word_1_685' title='bbox 1336 5074 1434 5127; x_wconf 89' lang='lat' dir='ltr'><strong>hoc</strong></span> <span class='ocrx_word' id='word_1_686' title='bbox 1456 5086 1741 5141; x_wconf 85' lang='lat' dir='ltr'><strong>argumen-</strong></span> 
     </span>
    </p>
   </div>
   <div class='ocr_carea' id='block_1_94' title="bbox 164 5141 1745 5211">
    <p class='ocr_par' dir='ltr' id='par_1_94' title="bbox 164 5141 1745 5211">
     <span class='ocr_line' id='line_1_94' title="bbox 164 5141 1745 5211; baseline -0.008 -5"><span class='ocrx_word' id='word_1_687' title='bbox 164 5165 280 5206; x_wconf 87' lang='lat' dir='ltr'><strong>tum</strong></span> <span class='ocrx_word' id='word_1_688' title='bbox 312 5159 562 5203; x_wconf 85' lang='lat' dir='ltr'><strong>accurate</strong></span> <span class='ocrx_word' id='word_1_689' title='bbox 588 5154 860 5201; x_wconf 84' lang='lat' dir='ltr'><strong>tractatur.</strong></span> <span class='ocrx_word' id='word_1_690' title='bbox 894 5144 1009 5199; x_wconf 82' lang='lat' dir='ltr'><strong>Non</strong></span> <span class='ocrx_word' id='word_1_691' title='bbox 1037 5158 1164 5211; x_wconf 85' lang='lat' dir='ltr'><strong>ergo</strong></span> <span class='ocrx_word' id='word_1_692' title='bbox 1197 5143 1283 5196; x_wconf 89' lang='lat' dir='ltr'><strong>hic</strong></span> <span class='ocrx_word' id='word_1_693' title='bbox 1310 5144 1548 5208; x_wconf 86' lang='lat' dir='ltr'><strong>separari</strong></span> <span class='ocrx_word' id='word_1_694' title='bbox 1583 5141 1745 5195; x_wconf 87' lang='lat' dir='ltr'><strong>debet</strong></span> 
     </span>
    </p>
   </div>
   <div class='ocr_carea' id='block_1_95' title="bbox 162 5211 1744 5289">
    <p class='ocr_par' dir='ltr' id='par_1_95' title="bbox 162 5211 1744 5289">
     <span class='ocr_line' id='line_1_95' title="bbox 162 5211 1744 5289; baseline -0.008 -12"><span class='ocrx_word' id='word_1_695' title='bbox 162 5224 218 5277; x_wconf 85' lang='lat' dir='ltr'><strong>id</strong></span> <span class='ocrx_word' id='word_1_696' title='bbox 248 5221 394 5289; x_wconf 77' lang='lat' dir='ltr'><strong>quod</strong></span> <span class='ocrx_word' id='word_1_697' title='bbox 419 5228 664 5273; x_wconf 89' lang='lat' dir='ltr'><strong>nostrum</strong></span> <span class='ocrx_word' id='word_1_698' title='bbox 692 5225 773 5289; x_wconf 81' lang='lat' dir='ltr'><strong>est</strong></span> <span class='ocrx_word' id='word_1_699' title='bbox 798 5216 951 5289; x_wconf 85' lang='lat' dir='ltr'><strong>abeo</strong></span> <span class='ocrx_word' id='word_1_700' title='bbox 976 5216 1125 5289; x_wconf 83' lang='lat' dir='ltr'><strong>quod</strong></span> <span class='ocrx_word' id='word_1_701' title='bbox 1148 5214 1238 5289; x_wconf 77' lang='lat' dir='ltr'><strong>Dei</strong></span> <span class='ocrx_word' id='word_1_702' title='bbox 1274 5220 1357 5289; x_wconf 73' lang='lat' dir='ltr'><strong>est</strong></span> <span class='ocrx_word' id='word_1_703' title='bbox 1376 5216 1392 5281; x_wconf 96' lang='lat'><strong>(</strong></span> <span class='ocrx_word' id='word_1_704' title='bbox 1411 5214 1453 5267; x_wconf 91' lang='lat' dir='ltr'><strong>si</strong></span> <span class='ocrx_word' id='word_1_705' title='bbox 1483 5211 1744 5289; x_wconf 81' lang='lat' dir='ltr'><strong>catholice</strong></span> 
     </span>
    </p>
   </div>
   <div class='ocr_carea' id='block_1_96' title="bbox 162 5281 1743 5357">
    <p class='ocr_par' dir='ltr' id='par_1_96' title="bbox 162 5281 1743 5357">
     <span class='ocr_line' id='line_1_96' title="bbox 162 5281 1743 5357; baseline -0.01 -9"><span class='ocrx_word' id='word_1_706' title='bbox 162 5281 447 5357; x_wconf 48' lang='grc' dir='ltr'><strong>ειη-θυαε</strong></span> <span class='ocrx_word' id='word_1_707' title='bbox 477 5286 735 5357; x_wconf 86' lang='lat' dir='ltr'><strong>velimus)</strong></span> <span class='ocrx_word' id='word_1_708' title='bbox 762 5287 911 5357; x_wconf 84' lang='lat' dir='ltr'><strong>quasi</strong></span> <span class='ocrx_word' id='word_1_709' title='bbox 941 5281 1008 5341; x_wconf 69' lang='lat' dir='ltr'><strong>ei</strong></span> <span class='ocrx_word' id='word_1_710' title='bbox 1042 5286 1193 5338; x_wconf 88' lang='lat' dir='ltr'><strong>nobis</strong></span> <span class='ocrx_word' id='word_1_711' title='bbox 1220 5281 1385 5357; x_wconf 73' lang='lat' dir='ltr'><strong>ipsis,</strong></span> <span class='ocrx_word' id='word_1_712' title='bbox 1410 5298 1511 5357; x_wconf 75' lang='lat' dir='ltr'><strong>seu</strong></span> <span class='ocrx_word' id='word_1_713' title='bbox 1544 5282 1743 5357; x_wconf 78' lang='lat' dir='ltr'><strong>nostris</strong></span> 
     </span>
    </p>
   </div>
   <div class='ocr_carea' id='block_1_97' title="bbox 162 5352 1744 5427">
    <p class='ocr_par' dir='ltr' id='par_1_97' title="bbox 162 5352 1744 5427">
     <span class='ocr_line' id='line_1_97' title="bbox 162 5352 1744 5427; baseline -0.006 -10"><span class='ocrx_word' id='word_1_714' title='bbox 162 5352 377 5417; x_wconf 76' lang='lat' dir='ltr'><strong>viribus</strong></span> <span class='ocrx_word' id='word_1_715' title='bbox 400 5361 603 5425; x_wconf 86' lang='lat' dir='ltr'><strong>absque</strong></span> <span class='ocrx_word' id='word_1_716' title='bbox 641 5352 862 5427; x_wconf 83' lang='lat' dir='ltr'><strong>speciali</strong></span> <span class='ocrx_word' id='word_1_717' title='bbox 888 5365 945 5427; x_wconf 90' lang='lat' dir='ltr'><strong>et</strong></span> <span class='ocrx_word' id='word_1_718' title='bbox 988 5354 1378 5423; x_wconf 84' lang='lat' dir='ltr'><strong>supernaturali</strong></span> <span class='ocrx_word' id='word_1_719' title='bbox 1409 5353 1501 5406; x_wconf 88' lang='lat' dir='ltr'><strong>Dei</strong></span> <span class='ocrx_word' id='word_1_720' title='bbox 1545 5352 1744 5427; x_wconf 78' lang='lat' dir='ltr'><strong>auxilio</strong></span> 
     </span>
    </p>
   </div>
   <div class='ocr_carea' id='block_1_98' title="bbox 161 5425 1746 5504">
    <p class='ocr_par' dir='ltr' id='par_1_98' title="bbox 161 5425 1746 5504">
     <span class='ocr_line' id='line_1_98' title="bbox 161 5425 1746 5504; baseline -0.006 -17"><span class='ocrx_word' id='word_1_721' title='bbox 161 5436 442 5504; x_wconf 76' lang='lat' dir='ltr'><strong>possimus</strong></span> <span class='ocrx_word' id='word_1_722' title='bbox 480 5431 657 5485; x_wconf 91' lang='lat' dir='ltr'><strong>eidem</strong></span> <span class='ocrx_word' id='word_1_723' title='bbox 676 5425 898 5483; x_wconf 76' lang='lat' dir='ltr'><strong>vocanti</strong></span> <span class='ocrx_word' id='word_1_724' title='bbox 936 5427 1193 5504; x_wconf 37' lang='lat' dir='ltr'><strong>assentiri.</strong></span> <span class='ocrx_word' id='word_1_725' title='bbox 1235 5437 1288 5479; x_wconf 90' lang='lat' dir='ltr'><strong>et</strong></span> <span class='ocrx_word' id='word_1_726' title='bbox 1320 5425 1746 5504; x_wconf 29' lang='lat' dir='ltr'><strong>.cooperarin‘ac</strong></span> 
     </span>
    </p>
   </div>
   <div class='ocr_carea' id='block_1_99' title="bbox 164 5494 1747 5574">
    <p class='ocr_par' dir='ltr' id='par_1_99' title="bbox 164 5494 1747 5574">
     <span class='ocr_line' id='line_1_99' title="bbox 164 5494 1747 5574; baseline -0.006 -16"><span class='ocrx_word' id='word_1_727' title='bbox 164 5494 262 5574; x_wconf 69' lang='lat' dir='ltr'><strong>im</strong></span> <span class='ocrx_word' id='word_1_728' title='bbox 294 5506 397 5557; x_wconf 87' lang='lat' dir='ltr'><strong>hoc</strong></span> <span class='ocrx_word' id='word_1_729' title='bbox 416 5504 583 5558; x_wconf 91' lang='lat' dir='ltr'><strong>vitam</strong></span> <span class='ocrx_word' id='word_1_730' title='bbox 615 5511 871 5574; x_wconf 67' lang='lat' dir='ltr'><strong>aeternam</strong></span> <span class='ocrx_word' id='word_1_731' title='bbox 901 5496 1219 5574; x_wconf 77' lang='lat' dir='ltr'><strong>promereri,</strong></span> <span class='ocrx_word' id='word_1_732' title='bbox 1244 5496 1331 5564; x_wconf 90' lang='lat' dir='ltr'><strong>qui</strong></span> <span class='ocrx_word' id='word_1_733' title='bbox 1356 5495 1452 5574; x_wconf 74' lang='lat' dir='ltr'><strong>fuit</strong></span> <span class='ocrx_word' id='word_1_734' title='bbox 1471 5509 1623 5547; x_wconf 90' lang='lat' dir='ltr'><strong>error</strong></span> <span class='ocrx_word' id='word_1_735' title='bbox 1650 5494 1747 5548; x_wconf 87' lang='lat' dir='ltr'><strong>Pe-</strong></span> 
     </span>
    </p>
   </div>
   <div class='ocr_carea' id='block_1_100' title="bbox 164 5567 1747 5646">
    <p class='ocr_par' dir='ltr' id='par_1_100' title="bbox 164 5567 1747 5646">
     <span class='ocr_line' id='line_1_100' title="bbox 164 5567 1747 5646; baseline -0.008 -16"><span class='ocrx_word' id='word_1_736' title='bbox 164 5567 506 5646; x_wconf 80' lang='lat' dir='ltr'><strong>lagianorum</strong></span> <span class='ocrx_word' id='word_1_737' title='bbox 568 5581 663 5646; x_wconf 78' lang='lat' dir='ltr'><strong>aut</strong></span> <span class='ocrx_word' id='word_1_738' title='bbox 708 5570 1291 5646; x_wconf 73' lang='lat' dir='ltr'><strong>Semipelugianorum;</strong></span> <span class='ocrx_word' id='word_1_739' title='bbox 1344 5567 1437 5619; x_wconf 91' lang='lat' dir='ltr'><strong>sed</strong></span> <span class='ocrx_word' id='word_1_740' title='bbox 1505 5574 1747 5617; x_wconf 88' lang='lat' dir='ltr'><strong>nostrum</strong></span> 
     </span>
    </p>
   </div>
   <div class='ocr_carea' id='block_1_101' title="bbox 166 5637 1752 5716">
    <p class='ocr_par' dir='ltr' id='par_1_101' title="bbox 166 5637 1752 5716">
     <span class='ocr_line' id='line_1_101' title="bbox 166 5637 1752 5716; baseline -0.009 -14"><span class='ocrx_word' id='word_1_741' title='bbox 166 5637 512 5716; x_wconf 66' lang='lat' dir='ltr'><strong>inielligitur,</strong></span> <span class='ocrx_word' id='word_1_742' title='bbox 552 5643 673 5709; x_wconf 87' lang='lat' dir='ltr'><strong>quia</strong></span> <span class='ocrx_word' id='word_1_743' title='bbox 705 5656 773 5696; x_wconf 80' lang='lat' dir='ltr'><strong>ex</strong></span> <span class='ocrx_word' id='word_1_744' title='bbox 799 5637 997 5716; x_wconf 62' lang='lat' dir='ltr'><strong>posti-ii</strong></span> <span class='ocrx_word' id='word_1_745' title='bbox 1025 5637 1225 5705; x_wconf 87' lang='lat' dir='ltr'><strong>pendet</strong></span> <span class='ocrx_word' id='word_1_746' title='bbox 1250 5650 1517 5693; x_wconf 88' lang='lat' dir='ltr'><strong>consensu</strong></span> <span class='ocrx_word' id='word_1_747' title='bbox 1568 5644 1622 5691; x_wconf 90' lang='lat' dir='ltr'><strong>et</strong></span> <span class='ocrx_word' id='word_1_748' title='bbox 1666 5648 1752 5689; x_wconf 89' lang='lat' dir='ltr'><strong>co-</strong></span> 
     </span>
    </p>
   </div>
   <div class='ocr_carea' id='block_1_102' title="bbox 168 5709 1067 5787">
    <p class='ocr_par' dir='ltr' id='par_1_102' title="bbox 168 5709 1067 5787">
     <span class='ocr_line' id='line_1_102' title="bbox 168 5709 1067 5787; baseline -0.01 -13"><span class='ocrx_word' id='word_1_749' title='bbox 168 5709 643 5787; x_wconf 42' lang='lat' dir='ltr'><strong>operat&#39;iune&#39;cum</strong></span> <span class='ocrx_word' id='word_1_750' title='bbox 676 5709 847 5781; x_wconf 81' lang='lat' dir='ltr'><strong>gratia</strong></span> <span class='ocrx_word' id='word_1_751' title='bbox 875 5710 1067 5787; x_wconf 82' lang='lat' dir='ltr'><strong>divina.</strong></span> 
     </span>
    </p>
   </div>
   <div class='ocr_carea' id='block_1_103' title="bbox 1924 3793 3431 3862">
    <p class='ocr_par' dir='ltr' id='par_1_103' title="bbox 1924 3793 3431 3862">
     <span class='ocr_line' id='line_1_103' title="bbox 1924 3793 3431 3862; baseline -0.001 -12"><span class='ocrx_word' id='word_1_752' title='bbox 1924 3805 1950 3836; x_wconf 78' lang='grc' dir='ltr'><strong>ο</strong></span> <span class='ocrx_word' id='word_1_753' title='bbox 1981 3796 2056 3849; x_wconf 90' lang='lat' dir='ltr'><strong>Ita</strong></span> <span class='ocrx_word' id='word_1_754' title='bbox 2088 3797 2229 3850; x_wconf 90' lang='lat' dir='ltr'><strong>enim</strong></span> <span class='ocrx_word' id='word_1_755' title='bbox 2262 3796 2377 3848; x_wconf 68' lang='lat' dir='ltr'><strong>haec</strong></span> <span class='ocrx_word' id='word_1_756' title='bbox 2403 3793 2510 3847; x_wconf 94' lang='lat' dir='ltr'><strong>duo</strong></span> <span class='ocrx_word' id='word_1_757' title='bbox 2554 3799 2841 3859; x_wconf 79' lang='lat' dir='ltr'><strong>conjuncta</strong></span> <span class='ocrx_word' id='word_1_758' title='bbox 2887 3799 3012 3846; x_wconf 92' lang='lat' dir='ltr'><strong>sunt</strong></span> <span class='ocrx_word' id='word_1_759' title='bbox 3054 3808 3108 3847; x_wconf 83' lang='lat' dir='ltr'><strong>in</strong></span> <span class='ocrx_word' id='word_1_760' title='bbox 3138 3807 3301 3862; x_wconf 90' lang='lat' dir='ltr'><strong>opere</strong></span> <span class='ocrx_word' id='word_1_761' title='bbox 3329 3810 3431 3849; x_wconf 83' lang='lat' dir='ltr'><strong>no-</strong></span> 
     </span>
    </p>
   </div>
   <div class='ocr_carea' id='block_1_104' title="bbox 1849 3861 3434 3938">
    <p class='ocr_par' dir='ltr' id='par_1_104' title="bbox 1849 3861 3434 3938">
     <span class='ocr_line' id='line_1_104' title="bbox 1849 3861 3434 3938; baseline 0.001 -17"><span class='ocrx_word' id='word_1_762' title='bbox 1849 3878 1975 3938; x_wconf 69' lang='lat' dir='ltr'><strong>strae</strong></span> <span class='ocrx_word' id='word_1_763' title='bbox 2019 3866 2413 3938; x_wconf 82' lang='lat' dir='ltr'><strong>jiistiﬁcationis</strong></span> <span class='ocrx_word' id='word_1_764' title='bbox 2440 3872 2497 3919; x_wconf 90' lang='lat' dir='ltr'><strong>et</strong></span> <span class='ocrx_word' id='word_1_765' title='bbox 2520 3861 2731 3938; x_wconf 79' lang='lat' dir='ltr'><strong>salutis,</strong></span> <span class='ocrx_word' id='word_1_766' title='bbox 2771 3872 2830 3917; x_wconf 89' lang='lat' dir='ltr'><strong>ut</strong></span> <span class='ocrx_word' id='word_1_767' title='bbox 2861 3864 3072 3938; x_wconf 84' lang='lat' dir='ltr'><strong>utrique</strong></span> <span class='ocrx_word' id='word_1_768' title='bbox 3091 3861 3224 3938; x_wconf 83' lang='lat' dir='ltr'><strong>suas</strong></span> <span class='ocrx_word' id='word_1_769' title='bbox 3254 3877 3434 3934; x_wconf 90' lang='lat' dir='ltr'><strong>partes</strong></span> 
     </span>
    </p>
   </div>
   <div class='ocr_carea' id='block_1_105' title="bbox 1849 3934 3431 4004">
    <p class='ocr_par' dir='ltr' id='par_1_105' title="bbox 1849 3934 3431 4004">
     <span class='ocr_line' id='line_1_105' title="bbox 1849 3934 3431 4004; baseline -0.002 -13"><span class='ocrx_word' id='word_1_770' title='bbox 1849 3934 2084 3992; x_wconf 77' lang='lat' dir='ltr'><strong>tribuere</strong></span> <span class='ocrx_word' id='word_1_771' title='bbox 2128 3936 2442 3998; x_wconf 84' lang='lat' dir='ltr'><strong>debeamus,</strong></span> <span class='ocrx_word' id='word_1_772' title='bbox 2493 3934 2731 4004; x_wconf 88' lang='lat' dir='ltr'><strong>potiores</strong></span> <span class='ocrx_word' id='word_1_773' title='bbox 2780 3943 2956 3986; x_wconf 89' lang='lat' dir='ltr'><strong>tamen</strong></span> <span class='ocrx_word' id='word_1_774' title='bbox 2992 3934 3188 3989; x_wconf 60' lang='lat' dir='ltr'><strong>divina»</strong></span> <span class='ocrx_word' id='word_1_775' title='bbox 3228 3940 3431 4003; x_wconf 67' lang='lat' dir='ltr'><strong>gratiae.</strong></span> 
     </span>
    </p>
   </div>
   <div class='ocr_carea' id='block_1_106' title="bbox 1848 4005 3433 4076">
    <p class='ocr_par' dir='ltr' id='par_1_106' title="bbox 1848 4005 3433 4076">
     <span class='ocr_line' id='line_1_106' title="bbox 1848 4005 3433 4076; baseline 0.002 -15"><span class='ocrx_word' id='word_1_776' title='bbox 1848 4009 2000 4076; x_wconf 86' lang='lat' dir='ltr'><strong>Quod</strong></span> <span class='ocrx_word' id='word_1_777' title='bbox 2044 4024 2073 4061; x_wconf 88' lang='lat' dir='ltr'><strong>a</strong></span> <span class='ocrx_word' id='word_1_778' title='bbox 2119 4009 2182 4061; x_wconf 93' lang='lat' dir='ltr'><strong>D.</strong></span> <span class='ocrx_word' id='word_1_779' title='bbox 2220 4009 2487 4075; x_wconf 83' lang='lat' dir='ltr'><strong>Prospero</strong></span> <span class='ocrx_word' id='word_1_780' title='bbox 2533 4005 2762 4076; x_wconf 14' lang='lat' dir='ltr'><strong>egregie,</strong></span> <span class='ocrx_word' id='word_1_781' title='bbox 2794 4006 3096 4076; x_wconf 70' lang='lat' dir='ltr'><strong>explicatur</strong></span> <span class='ocrx_word' id='word_1_782' title='bbox 3147 4006 3230 4060; x_wconf 90' lang='lat' dir='ltr'><strong>his</strong></span> <span class='ocrx_word' id='word_1_783' title='bbox 3256 4010 3433 4063; x_wconf 82' lang='lat' dir='ltr'><strong>verbis</strong></span> 
     </span>
    </p>
   </div>
   <div class='ocr_carea' id='block_1_107' title="bbox 1848 4074 3434 4162">
    <p class='ocr_par' dir='ltr' id='par_1_107' title="bbox 1848 4074 3434 4162">
     <span class='ocr_line' id='line_1_107' title="bbox 1848 4074 3434 4162; baseline 0.001 -29"><span class='ocrx_word' id='word_1_784' title='bbox 1848 4074 1994 4162; x_wconf 71' lang='lat' dir='ltr'><strong>(Lib.</strong></span> <span class='ocrx_word' id='word_1_785' title='bbox 2030 4080 2156 4162; x_wconf 63' lang='lat' dir='ltr'><strong>ride</strong></span> <span class='ocrx_word' id='word_1_786' title='bbox 2188 4074 2387 4162; x_wconf 38' lang='lat' dir='ltr'><strong>Vocat.”</strong></span> <span class='ocrx_word' id='word_1_787' title='bbox 2405 4087 2542 4162; x_wconf 70' lang='lat' dir='ltr'><strong>gent.</strong></span> <span class='ocrx_word' id='word_1_788' title='bbox 2573 4092 2697 4162; x_wconf 66' lang='lat' dir='ltr'><strong>cap.</strong></span> <span class='ocrx_word' id='word_1_789' title='bbox 2740 4075 2832 4159; x_wconf 67' lang='lat' dir='ltr'><strong>2D)</strong></span> <span class='ocrx_word' id='word_1_790' title='bbox 2858 4074 3078 4162; x_wconf 22' lang='lat' dir='ltr'><strong>irGrqatia</strong></span> <span class='ocrx_word' id='word_1_791' title='bbox 3104 4080 3312 4159; x_wconf 63' lang='lat' dir='ltr'><strong>quidem</strong></span> <span class='ocrx_word' id='word_1_792' title='bbox 3338 4078 3434 4134; x_wconf 88' lang='lat' dir='ltr'><strong>Dei</strong></span> 
     </span>
    </p>
   </div>
   <div class='ocr_carea' id='block_1_108' title="bbox 1844 4146 3430 4219">
    <p class='ocr_par' dir='ltr' id='par_1_108' title="bbox 1844 4146 3430 4219">
     <span class='ocr_line' id='line_1_108' title="bbox 1844 4146 3430 4219; baseline -0.001 -16"><span class='ocrx_word' id='word_1_793' title='bbox 1844 4146 1901 4204; x_wconf 81' lang='lat' dir='ltr'><strong>in</strong></span> <span class='ocrx_word' id='word_1_794' title='bbox 1943 4152 2176 4205; x_wconf 89' lang='lat' dir='ltr'><strong>omnibus</strong></span> <span class='ocrx_word' id='word_1_795' title='bbox 2217 4146 2675 4219; x_wconf 73' lang='lat' dir='ltr'><strong>justiﬁcationibus</strong></span> <span class='ocrx_word' id='word_1_796' title='bbox 2715 4146 3070 4219; x_wconf 86' lang='lat' dir='ltr'><strong>principaliter</strong></span> <span class='ocrx_word' id='word_1_797' title='bbox 3105 4146 3430 4219; x_wconf 70' lang='lat' dir='ltr'><strong>priceminet,</strong></span> 
     </span>
    </p>
   </div>
   <div class='ocr_carea' id='block_1_109' title="bbox 1839 4218 3432 4289">
    <p class='ocr_par' dir='ltr' id='par_1_109' title="bbox 1839 4218 3432 4289">
     <span class='ocr_line' id='line_1_109' title="bbox 1839 4218 3432 4289; baseline 0.001 -15"><span class='ocrx_word' id='word_1_798' title='bbox 1839 4224 2101 4275; x_wconf 87' lang='lat' dir='ltr'><strong>suadendo</strong></span> <span class='ocrx_word' id='word_1_799' title='bbox 2133 4218 2598 4281; x_wconf 76' lang='lat' dir='ltr'><strong>exhortationibus,</strong></span> <span class='ocrx_word' id='word_1_800' title='bbox 2616 4218 2870 4271; x_wconf 87' lang='lat' dir='ltr'><strong>monendo</strong></span> <span class='ocrx_word' id='word_1_801' title='bbox 2886 4218 3165 4289; x_wconf 70' lang='lat' dir='ltr'><strong>exemplis,</strong></span> <span class='ocrx_word' id='word_1_802' title='bbox 3197 4222 3432 4276; x_wconf 85' lang='lat' dir='ltr'><strong>terrendo</strong></span> 
     </span>
    </p>
   </div>
   <div class='ocr_carea' id='block_1_110' title="bbox 1842 4289 3435 4359">
    <p class='ocr_par' dir='ltr' id='par_1_110' title="bbox 1842 4289 3435 4359">
     <span class='ocr_line' id='line_1_110' title="bbox 1842 4289 3435 4359; baseline 0 -15"><span class='ocrx_word' id='word_1_803' title='bbox 1842 4294 2102 4359; x_wconf 87' lang='lat' dir='ltr'><strong>periculis,</strong></span> <span class='ocrx_word' id='word_1_804' title='bbox 2136 4293 2404 4346; x_wconf 87' lang='lat' dir='ltr'><strong>incitando</strong></span> <span class='ocrx_word' id='word_1_805' title='bbox 2445 4290 2730 4353; x_wconf 82' lang='lat' dir='ltr'><strong>miraculis,</strong></span> <span class='ocrx_word' id='word_1_806' title='bbox 2759 4289 2935 4342; x_wconf 88' lang='lat' dir='ltr'><strong>dando</strong></span> <span class='ocrx_word' id='word_1_807' title='bbox 2974 4290 3322 4356; x_wconf 87' lang='lat' dir='ltr'><strong>intellectum,</strong></span> <span class='ocrx_word' id='word_1_808' title='bbox 3357 4294 3435 4345; x_wconf 83' lang='lat' dir='ltr'><strong>in-</strong></span> 
     </span>
    </p>
   </div>
   <div class='ocr_carea' id='block_1_111' title="bbox 1841 4360 3434 4431">
    <p class='ocr_par' dir='ltr' id='par_1_111' title="bbox 1841 4360 3434 4431">
     <span class='ocr_line' id='line_1_111' title="bbox 1841 4360 3434 4431; baseline 0.002 -16"><span class='ocrx_word' id='word_1_809' title='bbox 1841 4364 2089 4427; x_wconf 85' lang='lat' dir='ltr'><strong>spirando</strong></span> <span class='ocrx_word' id='word_1_810' title='bbox 2142 4364 2451 4425; x_wconf 78' lang='lat' dir='ltr'><strong>consilium,</strong></span> <span class='ocrx_word' id='word_1_811' title='bbox 2485 4376 2671 4431; x_wconf 84' lang='lat' dir='ltr'><strong>corque</strong></span> <span class='ocrx_word' id='word_1_812' title='bbox 2714 4362 2947 4428; x_wconf 88' lang='lat' dir='ltr'><strong>ipsorum</strong></span> <span class='ocrx_word' id='word_1_813' title='bbox 2992 4360 3355 4427; x_wconf 83' lang='lat' dir='ltr'><strong>illuminanda,</strong></span> <span class='ocrx_word' id='word_1_814' title='bbox 3387 4375 3434 4418; x_wconf 89' lang='lat' dir='ltr'><strong>et</strong></span> 
     </span>
    </p>
   </div>
   <div class='ocr_carea' id='block_1_112' title="bbox 1842 4431 3436 4501">
    <p class='ocr_par' dir='ltr' id='par_1_112' title="bbox 1842 4431 3436 4501">
     <span class='ocr_line' id='line_1_112' title="bbox 1842 4431 3436 4501; baseline 0.002 -18"><span class='ocrx_word' id='word_1_815' title='bbox 1842 4432 1967 4501; x_wconf 77' lang='lat' dir='ltr'><strong>ﬁdei</strong></span> <span class='ocrx_word' id='word_1_816' title='bbox 1996 4433 2352 4499; x_wconf 76' lang='lat' dir='ltr'><strong>alfectionibus</strong></span> <span class='ocrx_word' id='word_1_817' title='bbox 2376 4434 2666 4486; x_wconf 69' lang='lat' dir='ltr'><strong>imbuendo.</strong></span> <span class='ocrx_word' id='word_1_818' title='bbox 2694 4431 2799 4486; x_wconf 85' lang='lat' dir='ltr'><strong>Sed</strong></span> <span class='ocrx_word' id='word_1_819' title='bbox 2827 4433 2979 4484; x_wconf 86' lang='lat' dir='ltr'><strong>etiam</strong></span> <span class='ocrx_word' id='word_1_820' title='bbox 3000 4432 3238 4486; x_wconf 82' lang='lat' dir='ltr'><strong>voluntas</strong></span> <span class='ocrx_word' id='word_1_821' title='bbox 3271 4436 3436 4487; x_wconf 85' lang='lat' dir='ltr'><strong>homi-</strong></span> 
     </span>
    </p>
   </div>
   <div class='ocr_carea' id='block_1_113' title="bbox 1841 4503 3435 4576">
    <p class='ocr_par' dir='ltr' id='par_1_113' title="bbox 1841 4503 3435 4576">
     <span class='ocr_line' id='line_1_113' title="bbox 1841 4503 3435 4576; baseline 0.002 -21"><span class='ocrx_word' id='word_1_822' title='bbox 1841 4504 1921 4576; x_wconf 86' lang='lat' dir='ltr'><strong>nis</strong></span> <span class='ocrx_word' id='word_1_823' title='bbox 1944 4506 2274 4576; x_wconf 84' lang='lat' dir='ltr'><strong>subjungitur</strong></span> <span class='ocrx_word' id='word_1_824' title='bbox 2303 4506 2368 4567; x_wconf 87' lang='lat' dir='ltr'><strong>ei,</strong></span> <span class='ocrx_word' id='word_1_825' title='bbox 2395 4516 2545 4575; x_wconf 86' lang='lat' dir='ltr'><strong>atque</strong></span> <span class='ocrx_word' id='word_1_826' title='bbox 2574 4503 2925 4576; x_wconf 81' lang='lat' dir='ltr'><strong>conjungitur,</strong></span> <span class='ocrx_word' id='word_1_827' title='bbox 2944 4518 3059 4572; x_wconf 71' lang='lat' dir='ltr'><strong>quae</strong></span> <span class='ocrx_word' id='word_1_828' title='bbox 3083 4504 3149 4557; x_wconf 88' lang='lat' dir='ltr'><strong>ad</strong></span> <span class='ocrx_word' id='word_1_829' title='bbox 3176 4504 3271 4557; x_wconf 85' lang='lat' dir='ltr'><strong>hoc</strong></span> <span class='ocrx_word' id='word_1_830' title='bbox 3299 4522 3435 4573; x_wconf 67' lang='lat' dir='ltr'><strong>prm-</strong></span> 
     </span>
    </p>
   </div>
   <div class='ocr_carea' id='block_1_114' title="bbox 1842 4574 3434 4645">
    <p class='ocr_par' dir='ltr' id='par_1_114' title="bbox 1842 4574 3434 4645">
     <span class='ocr_line' id='line_1_114' title="bbox 1842 4574 3434 4645; baseline 0.003 -20"><span class='ocrx_word' id='word_1_831' title='bbox 1842 4574 1992 4627; x_wconf 88' lang='lat' dir='ltr'><strong>dictis</strong></span> <span class='ocrx_word' id='word_1_832' title='bbox 2010 4574 2084 4629; x_wconf 73' lang='lat' dir='ltr'><strong>est</strong></span> <span class='ocrx_word' id='word_1_833' title='bbox 2115 4578 2336 4628; x_wconf 71' lang='lat' dir='ltr'><strong>excitata</strong></span> <span class='ocrx_word' id='word_1_834' title='bbox 2364 4575 2640 4645; x_wconf 67' lang='lat' dir='ltr'><strong>praesidiis,</strong></span> <span class='ocrx_word' id='word_1_835' title='bbox 2680 4581 2740 4645; x_wconf 82' lang='lat' dir='ltr'><strong>ut</strong></span> <span class='ocrx_word' id='word_1_836' title='bbox 2768 4574 2938 4626; x_wconf 86' lang='lat' dir='ltr'><strong>divino</strong></span> <span class='ocrx_word' id='word_1_837' title='bbox 2965 4575 3017 4626; x_wconf 91' lang='lat' dir='ltr'><strong>in</strong></span> <span class='ocrx_word' id='word_1_838' title='bbox 3044 4590 3096 4626; x_wconf 89' lang='lat' dir='ltr'><strong>se</strong></span> <span class='ocrx_word' id='word_1_839' title='bbox 3133 4588 3434 4638; x_wconf 81' lang='lat' dir='ltr'><strong>cooperetur</strong></span> 
     </span>
    </p>
   </div>
   <div class='ocr_carea' id='block_1_115' title="bbox 1766 4622 3434 4717">
    <p class='ocr_par' dir='ltr' id='par_1_115' title="bbox 1766 4622 3434 4717">
     <span class='ocr_line' id='line_1_115' title="bbox 1766 4622 3434 4717; baseline 0.002 -20"><span class='ocrx_word' id='word_1_840' title='bbox 1766 4622 1819 4681; x_wconf 81' lang='lat' dir='ltr'><strong>D</strong></span> <span class='ocrx_word' id='word_1_841' title='bbox 1844 4647 2008 4714; x_wconf 88' lang='lat' dir='ltr'><strong>operi,</strong></span> <span class='ocrx_word' id='word_1_842' title='bbox 2054 4655 2100 4698; x_wconf 90' lang='lat' dir='ltr'><strong>et</strong></span> <span class='ocrx_word' id='word_1_843' title='bbox 2144 4622 2640 4717; x_wconf 47' lang='lat' dir='ltr'><strong>incipiatrexercere,</strong></span> <span class='ocrx_word' id='word_1_844' title='bbox 2673 4643 2747 4717; x_wconf 83' lang='lat' dir='ltr'><strong>ad</strong></span> <span class='ocrx_word' id='word_1_845' title='bbox 2789 4646 3185 4717; x_wconf 86' lang='lat' dir='ltr'><strong>meritumquod</strong></span> <span class='ocrx_word' id='word_1_846' title='bbox 3213 4622 3434 4713; x_wconf 51' lang='lat' dir='ltr'><strong>superno</strong></span> 
     </span>
    </p>
   </div>
   <div class='ocr_carea' id='block_1_116' title="bbox 1840 4715 3436 4788">
    <p class='ocr_par' dir='ltr' id='par_1_116' title="bbox 1840 4715 3436 4788">
     <span class='ocr_line' id='line_1_116' title="bbox 1840 4715 3436 4788; baseline 0.002 -21"><span class='ocrx_word' id='word_1_847' title='bbox 1840 4718 2030 4769; x_wconf 87' lang='lat' dir='ltr'><strong>semine</strong></span> <span class='ocrx_word' id='word_1_848' title='bbox 2064 4715 2289 4788; x_wconf 78' lang='lat' dir='ltr'><strong>concepit</strong></span> <span class='ocrx_word' id='word_1_849' title='bbox 2317 4718 2388 4788; x_wconf 84' lang='lat' dir='ltr'><strong>ad</strong></span> <span class='ocrx_word' id='word_1_850' title='bbox 2419 4716 2687 4780; x_wconf 88' lang='lat' dir='ltr'><strong>studium;</strong></span> <span class='ocrx_word' id='word_1_851' title='bbox 2715 4715 2779 4788; x_wconf 83' lang='lat' dir='ltr'><strong>de</strong></span> <span class='ocrx_word' id='word_1_852' title='bbox 2817 4731 2913 4788; x_wconf 89' lang='lat' dir='ltr'><strong>sua</strong></span> <span class='ocrx_word' id='word_1_853' title='bbox 2947 4716 3138 4768; x_wconf 80' lang='lat' dir='ltr'><strong>habens</strong></span> <span class='ocrx_word' id='word_1_854' title='bbox 3168 4717 3436 4788; x_wconf 86' lang='lat' dir='ltr'><strong>mutabili-</strong></span> 
     </span>
    </p>
   </div>
   <div class='ocr_carea' id='block_1_117' title="bbox 1842 4784 3435 4856">
    <p class='ocr_par' dir='ltr' id='par_1_117' title="bbox 1842 4784 3435 4856">
     <span class='ocr_line' id='line_1_117' title="bbox 1842 4784 3435 4856; baseline 0.003 -19"><span class='ocrx_word' id='word_1_855' title='bbox 1842 4794 1944 4838; x_wconf 90' lang='lat' dir='ltr'><strong>tate</strong></span> <span class='ocrx_word' id='word_1_856' title='bbox 1982 4788 2026 4840; x_wconf 85' lang='lat' dir='ltr'><strong>si</strong></span> <span class='ocrx_word' id='word_1_857' title='bbox 2055 4784 2258 4856; x_wconf 78' lang='lat' dir='ltr'><strong>deﬁcit,</strong></span> <span class='ocrx_word' id='word_1_858' title='bbox 2290 4786 2354 4839; x_wconf 87' lang='lat' dir='ltr'><strong>de</strong></span> <span class='ocrx_word' id='word_1_859' title='bbox 2392 4788 2574 4856; x_wconf 69' lang='lat' dir='ltr'><strong>gratia</strong></span> <span class='ocrx_word' id='word_1_860' title='bbox 2616 4784 2953 4853; x_wconf 73' lang='lat' dir='ltr'><strong>opitulatione</strong></span> <span class='ocrx_word' id='word_1_861' title='bbox 2980 4788 3025 4838; x_wconf 87' lang='lat' dir='ltr'><strong>si</strong></span> <span class='ocrx_word' id='word_1_862' title='bbox 3057 4787 3290 4854; x_wconf 80' lang='lat' dir='ltr'><strong>proﬁcit;</strong></span> <span class='ocrx_word' id='word_1_863' title='bbox 3321 4805 3435 4856; x_wconf 78' lang='lat' dir='ltr'><strong>qua:</strong></span> 
     </span>
    </p>
   </div>
   <div class='ocr_carea' id='block_1_118' title="bbox 1844 4856 3428 4925">
    <p class='ocr_par' dir='ltr' id='par_1_118' title="bbox 1844 4856 3428 4925">
     <span class='ocr_line' id='line_1_118' title="bbox 1844 4856 3428 4925; baseline 0 -16"><span class='ocrx_word' id='word_1_864' title='bbox 1844 4859 2118 4923; x_wconf 83' lang='lat' dir='ltr'><strong>apitulatio</strong></span> <span class='ocrx_word' id='word_1_865' title='bbox 2150 4875 2238 4925; x_wconf 86' lang='lat' dir='ltr'><strong>per</strong></span> <span class='ocrx_word' id='word_1_866' title='bbox 2268 4858 2563 4912; x_wconf 88' lang='lat' dir='ltr'><strong>innumeros</strong></span> <span class='ocrx_word' id='word_1_867' title='bbox 2588 4856 2767 4909; x_wconf 89' lang='lat' dir='ltr'><strong>modos</strong></span> <span class='ocrx_word' id='word_1_868' title='bbox 2788 4857 2890 4908; x_wconf 84' lang='lat' dir='ltr'><strong>sive</strong></span> <span class='ocrx_word' id='word_1_869' title='bbox 2918 4857 3164 4914; x_wconf 83' lang='lat' dir='ltr'><strong>occultos.</strong></span> <span class='ocrx_word' id='word_1_870' title='bbox 3196 4860 3297 4911; x_wconf 85' lang='lat' dir='ltr'><strong>sive</strong></span> <span class='ocrx_word' id='word_1_871' title='bbox 3327 4876 3428 4910; x_wconf 80' lang='lat' dir='ltr'><strong>ma-</strong></span> 
     </span>
    </p>
   </div>
   <div class='ocr_carea' id='block_1_119' title="bbox 1845 4925 3434 4998">
    <p class='ocr_par' dir='ltr' id='par_1_119' title="bbox 1845 4925 3434 4998">
     <span class='ocr_line' id='line_1_119' title="bbox 1845 4925 3434 4998; baseline 0.001 -19"><span class='ocrx_word' id='word_1_872' title='bbox 1845 4928 2077 4994; x_wconf 77' lang='lat' dir='ltr'><strong>nifestos,</strong></span> <span class='ocrx_word' id='word_1_873' title='bbox 2118 4929 2351 4981; x_wconf 88' lang='lat' dir='ltr'><strong>omnibus</strong></span> <span class='ocrx_word' id='word_1_874' title='bbox 2394 4928 2699 4991; x_wconf 73' lang='lat' dir='ltr'><strong>adhibetur;</strong></span> <span class='ocrx_word' id='word_1_875' title='bbox 2727 4928 2943 4998; x_wconf 84' lang='lat' dir='ltr'><strong>etquod</strong></span> <span class='ocrx_word' id='word_1_876' title='bbox 2972 4943 3003 4977; x_wconf 90' lang='lat' dir='ltr'><strong>a</strong></span> <span class='ocrx_word' id='word_1_877' title='bbox 3032 4925 3209 4979; x_wconf 86' lang='lat' dir='ltr'><strong>multis</strong></span> <span class='ocrx_word' id='word_1_878' title='bbox 3238 4929 3434 4998; x_wconf 81' lang='lat' dir='ltr'><strong>refuta-</strong></span> 
     </span>
    </p>
   </div>
   <div class='ocr_carea' id='block_1_120' title="bbox 1846 4997 3432 5067">
    <p class='ocr_par' dir='ltr' id='par_1_120' title="bbox 1846 4997 3432 5067">
     <span class='ocr_line' id='line_1_120' title="bbox 1846 4997 3432 5067; baseline 0.001 -18"><span class='ocrx_word' id='word_1_879' title='bbox 1846 5006 1948 5058; x_wconf 83' lang='lat' dir='ltr'><strong>tur,</strong></span> <span class='ocrx_word' id='word_1_880' title='bbox 1980 4998 2209 5067; x_wconf 89' lang='lat' dir='ltr'><strong>ipsorum</strong></span> <span class='ocrx_word' id='word_1_881' title='bbox 2238 5005 2316 5051; x_wconf 81' lang='lat' dir='ltr'><strong>est</strong></span> <span class='ocrx_word' id='word_1_882' title='bbox 2357 4999 2630 5065; x_wconf 68' lang='lat' dir='ltr'><strong>nequitia;</strong></span> <span class='ocrx_word' id='word_1_883' title='bbox 2656 4997 2795 5067; x_wconf 91' lang='lat' dir='ltr'><strong>quod</strong></span> <span class='ocrx_word' id='word_1_884' title='bbox 2821 5006 2993 5048; x_wconf 86' lang='lat' dir='ltr'><strong>autem</strong></span> <span class='ocrx_word' id='word_1_885' title='bbox 3042 5016 3073 5049; x_wconf 90' lang='lat' dir='ltr'><strong>a</strong></span> <span class='ocrx_word' id='word_1_886' title='bbox 3104 4998 3274 5049; x_wconf 86' lang='lat' dir='ltr'><strong>multis</strong></span> <span class='ocrx_word' id='word_1_887' title='bbox 3314 5015 3432 5051; x_wconf 86' lang='lat' dir='ltr'><strong>sus-</strong></span> 
     </span>
    </p>
   </div>
   <div class='ocr_carea' id='block_1_121' title="bbox 1845 5067 3427 5138">
    <p class='ocr_par' dir='ltr' id='par_1_121' title="bbox 1845 5067 3427 5138">
     <span class='ocr_line' id='line_1_121' title="bbox 1845 5067 3427 5138; baseline 0.001 -19"><span class='ocrx_word' id='word_1_888' title='bbox 1845 5068 2062 5138; x_wconf 81' lang='lat' dir='ltr'><strong>cipitur,</strong></span> <span class='ocrx_word' id='word_1_889' title='bbox 2105 5076 2153 5119; x_wconf 90' lang='lat' dir='ltr'><strong>et</strong></span> <span class='ocrx_word' id='word_1_890' title='bbox 2200 5068 2381 5135; x_wconf 68' lang='lat' dir='ltr'><strong>gratia:</strong></span> <span class='ocrx_word' id='word_1_891' title='bbox 2417 5078 2492 5121; x_wconf 90' lang='lat' dir='ltr'><strong>est</strong></span> <span class='ocrx_word' id='word_1_892' title='bbox 2546 5068 2732 5119; x_wconf 70' lang='lat' dir='ltr'><strong>divinw</strong></span> <span class='ocrx_word' id='word_1_893' title='bbox 2768 5076 2817 5119; x_wconf 88' lang='lat' dir='ltr'><strong>et</strong></span> <span class='ocrx_word' id='word_1_894' title='bbox 2852 5067 3129 5138; x_wconf 62' lang='lat' dir='ltr'><strong>voluntatis</strong></span> <span class='ocrx_word' id='word_1_895' title='bbox 3171 5068 3427 5121; x_wconf 78' lang='lat' dir='ltr'><strong>humanae.</strong></span> 
     </span>
    </p>
   </div>
   <div class='ocr_carea' id='block_1_122' title="bbox 1918 5136 3427 5207">
    <p class='ocr_par' dir='ltr' id='par_1_122' title="bbox 1918 5136 3427 5207">
     <span class='ocr_line' id='line_1_122' title="bbox 1918 5136 3427 5207; baseline 0 -16"><span class='ocrx_word' id='word_1_896' title='bbox 1918 5136 1946 5176; x_wconf 71' lang='grc' dir='ltr'>ἀ</span> <span class='ocrx_word' id='word_1_897' title='bbox 1974 5138 2089 5191; x_wconf 89' lang='lat' dir='ltr'><strong>Non</strong></span> <span class='ocrx_word' id='word_1_898' title='bbox 2121 5138 2276 5192; x_wconf 84' lang='lat' dir='ltr'><strong>aliter</strong></span> <span class='ocrx_word' id='word_1_899' title='bbox 2298 5152 2456 5207; x_wconf 88' lang='lat' dir='ltr'><strong>quam</strong></span> <span class='ocrx_word' id='word_1_900' title='bbox 2502 5146 2829 5207; x_wconf 79' lang='lat' dir='ltr'><strong>cooperante</strong></span> <span class='ocrx_word' id='word_1_901' title='bbox 2873 5137 3046 5205; x_wconf 86' lang='lat' dir='ltr'><strong>gratia</strong></span> <span class='ocrx_word' id='word_1_902' title='bbox 3092 5136 3222 5201; x_wconf 85' lang='lat' dir='ltr'><strong>Dei,</strong></span> <span class='ocrx_word' id='word_1_903' title='bbox 3274 5139 3427 5205; x_wconf 89' lang='lat' dir='ltr'><strong>cujus</strong></span> 
     </span>
    </p>
   </div>
   <div class='ocr_carea' id='block_1_123' title="bbox 1846 5205 3428 5275">
    <p class='ocr_par' dir='ltr' id='par_1_123' title="bbox 1846 5205 3428 5275">
     <span class='ocr_line' id='line_1_123' title="bbox 1846 5205 3428 5275; baseline -0.001 -12"><span class='ocrx_word' id='word_1_904' title='bbox 1846 5209 2005 5263; x_wconf 88' lang='lat' dir='ltr'><strong>etiam</strong></span> <span class='ocrx_word' id='word_1_905' title='bbox 2033 5208 2238 5262; x_wconf 91' lang='lat' dir='ltr'><strong>donum</strong></span> <span class='ocrx_word' id='word_1_906' title='bbox 2266 5205 2349 5262; x_wconf 82' lang='lat' dir='ltr'><strong>est</strong></span> <span class='ocrx_word' id='word_1_907' title='bbox 2380 5209 2493 5275; x_wconf 92' lang='lat' dir='ltr'><strong>ipsa</strong></span> <span class='ocrx_word' id='word_1_908' title='bbox 2534 5205 2689 5269; x_wconf 85' lang='lat' dir='ltr'><strong>ﬁdes.</strong></span> <span class='ocrx_word' id='word_1_909' title='bbox 2720 5216 2779 5261; x_wconf 91' lang='lat' dir='ltr'><strong>ut</strong></span> <span class='ocrx_word' id='word_1_910' title='bbox 2826 5208 3077 5274; x_wconf 88' lang='lat' dir='ltr'><strong>superius</strong></span> <span class='ocrx_word' id='word_1_911' title='bbox 3104 5209 3276 5261; x_wconf 90' lang='lat' dir='ltr'><strong>visum</strong></span> <span class='ocrx_word' id='word_1_912' title='bbox 3322 5218 3428 5262; x_wconf 89' lang='lat' dir='ltr'><strong>est.</strong></span> 
     </span>
    </p>
   </div>
   <div class='ocr_carea' id='block_1_124' title="bbox 1845 5276 3427 5348">
    <p class='ocr_par' dir='ltr' id='par_1_124' title="bbox 1845 5276 3427 5348">
     <span class='ocr_line' id='line_1_124' title="bbox 1845 5276 3427 5348; baseline -0.001 -15"><span class='ocrx_word' id='word_1_913' title='bbox 1845 5278 1997 5345; x_wconf 85' lang='lat' dir='ltr'><strong>Quod</strong></span> <span class='ocrx_word' id='word_1_914' title='bbox 2027 5284 2169 5334; x_wconf 92' lang='lat' dir='ltr'><strong>enim</strong></span> <span class='ocrx_word' id='word_1_915' title='bbox 2198 5278 2283 5333; x_wconf 87' lang='lat' dir='ltr'><strong>vel</strong></span> <span class='ocrx_word' id='word_1_916' title='bbox 2331 5279 2494 5345; x_wconf 72' lang='lat' dir='ltr'><strong>caeci,</strong></span> <span class='ocrx_word' id='word_1_917' title='bbox 2546 5287 2606 5332; x_wconf 87' lang='lat' dir='ltr'><strong>ut</strong></span> <span class='ocrx_word' id='word_1_918' title='bbox 2652 5293 2683 5331; x_wconf 87' lang='lat' dir='ltr'><strong>a</strong></span> <span class='ocrx_word' id='word_1_919' title='bbox 2714 5276 2937 5348; x_wconf 71' lang='lat' dir='ltr'><strong>Christo</strong></span> <span class='ocrx_word' id='word_1_920' title='bbox 2974 5277 3427 5348; x_wconf 83' lang='lat' dir='ltr'><strong>illuminarentur,</strong></span> 
     </span>
    </p>
   </div>
   <div class='ocr_carea' id='block_1_125' title="bbox 1846 5345 3431 5417">
    <p class='ocr_par' dir='ltr' id='par_1_125' title="bbox 1846 5345 3431 5417">
     <span class='ocr_line' id='line_1_125' title="bbox 1846 5345 3431 5417; baseline -0.001 -12"><span class='ocrx_word' id='word_1_921' title='bbox 1846 5354 2231 5413; x_wconf 85' lang='lat' dir='ltr'><strong>clamaverunt,</strong></span> <span class='ocrx_word' id='word_1_922' title='bbox 2264 5349 2510 5404; x_wconf 79' lang='lat' dir='ltr'><strong>Miserere</strong></span> <span class='ocrx_word' id='word_1_923' title='bbox 2541 5350 2731 5414; x_wconf 88' lang='lat' dir='ltr'><strong>nostri,</strong></span> <span class='ocrx_word' id='word_1_924' title='bbox 2782 5346 2860 5416; x_wconf 77' lang='lat' dir='ltr'><strong>[ili</strong></span> <span class='ocrx_word' id='word_1_925' title='bbox 2903 5345 3090 5415; x_wconf 78' lang='lat' dir='ltr'><strong>Dauid,</strong></span> <span class='ocrx_word' id='word_1_926' title='bbox 3122 5349 3204 5400; x_wconf 92' lang='lat' dir='ltr'><strong>vel</strong></span> <span class='ocrx_word' id='word_1_927' title='bbox 3232 5350 3370 5417; x_wconf 89' lang='lat' dir='ltr'><strong>quod</strong></span> <span class='ocrx_word' id='word_1_928' title='bbox 3399 5345 3431 5405; x_wconf 86' lang='lat' dir='ltr'><strong>e</strong></span> 
     </span>
    </p>
   </div>
   <div class='ocr_carea' id='block_1_126' title="bbox 1846 5418 3431 5490">
    <p class='ocr_par' dir='ltr' id='par_1_126' title="bbox 1846 5418 3431 5490">
     <span class='ocr_line' id='line_1_126' title="bbox 1846 5418 3431 5490; baseline -0.001 -14"><span class='ocrx_word' id='word_1_929' title='bbox 1846 5422 2031 5477; x_wconf 91' lang='lat' dir='ltr'><strong>decem</strong></span> <span class='ocrx_word' id='word_1_930' title='bbox 2065 5422 2294 5490; x_wconf 90' lang='lat' dir='ltr'><strong>leprosis</strong></span> <span class='ocrx_word' id='word_1_931' title='bbox 2338 5421 2608 5476; x_wconf 84' lang='lat' dir='ltr'><strong>mundatis</strong></span> <span class='ocrx_word' id='word_1_932' title='bbox 2634 5435 2771 5474; x_wconf 89' lang='lat' dir='ltr'><strong>unus</strong></span> <span class='ocrx_word' id='word_1_933' title='bbox 2793 5418 3078 5490; x_wconf 59' lang='lat' dir='ltr'><strong>dumtaxat</strong></span> <span class='ocrx_word' id='word_1_934' title='bbox 3094 5418 3340 5484; x_wconf 90' lang='lat' dir='ltr'><strong>redierit,</strong></span> <span class='ocrx_word' id='word_1_935' title='bbox 3373 5430 3431 5475; x_wconf 90' lang='lat' dir='ltr'><strong>ut</strong></span> 
     </span>
    </p>
   </div>
   <div class='ocr_carea' id='block_1_127' title="bbox 1849 5488 3429 5564">
    <p class='ocr_par' dir='ltr' id='par_1_127' title="bbox 1849 5488 3429 5564">
     <span class='ocr_line' id='line_1_127' title="bbox 1849 5488 3429 5564; baseline -0.003 -16"><span class='ocrx_word' id='word_1_936' title='bbox 1849 5492 2001 5548; x_wconf 89' lang='lat' dir='ltr'><strong>daret</strong></span> <span class='ocrx_word' id='word_1_937' title='bbox 2048 5488 2272 5564; x_wconf 85' lang='lat' dir='ltr'><strong>gloriam</strong></span> <span class='ocrx_word' id='word_1_938' title='bbox 2322 5494 2469 5561; x_wconf 87' lang='lat' dir='ltr'><strong>Deo,</strong></span> <span class='ocrx_word' id='word_1_939' title='bbox 2510 5508 2617 5564; x_wconf 86' lang='lat' dir='ltr'><strong>non</strong></span> <span class='ocrx_word' id='word_1_940' title='bbox 2666 5494 2784 5546; x_wconf 88' lang='lat' dir='ltr'><strong>sine</strong></span> <span class='ocrx_word' id='word_1_941' title='bbox 2814 5488 3033 5564; x_wconf 59' lang='lat' dir='ltr'><strong>speciali</strong></span> <span class='ocrx_word' id='word_1_942' title='bbox 3067 5489 3163 5564; x_wconf 78' lang='lat' dir='ltr'><strong>Dei</strong></span> <span class='ocrx_word' id='word_1_943' title='bbox 3206 5493 3429 5564; x_wconf 80' lang='lat' dir='ltr'><strong>auxilio,</strong></span> 
     </span>
    </p>
   </div>
   <div class='ocr_carea' id='block_1_128' title="bbox 1852 5559 3430 5634">
    <p class='ocr_par' dir='ltr' id='par_1_128' title="bbox 1852 5559 3430 5634">
     <span class='ocr_line' id='line_1_128' title="bbox 1852 5559 3430 5634; baseline -0.001 -17"><span class='ocrx_word' id='word_1_944' title='bbox 1852 5559 2109 5631; x_wconf 71' lang='lat' dir='ltr'><strong>motione,</strong></span> <span class='ocrx_word' id='word_1_945' title='bbox 2142 5559 2497 5634; x_wconf 86' lang='lat' dir='ltr'><strong>inspiratione</strong></span> <span class='ocrx_word' id='word_1_946' title='bbox 2548 5563 2745 5618; x_wconf 85' lang='lat' dir='ltr'><strong>factum</strong></span> <span class='ocrx_word' id='word_1_947' title='bbox 2777 5572 2882 5617; x_wconf 88' lang='lat' dir='ltr'><strong>est.</strong></span> <span class='ocrx_word' id='word_1_948' title='bbox 2911 5559 3107 5634; x_wconf 83' lang='lat' dir='ltr'><strong>Verum</strong></span> <span class='ocrx_word' id='word_1_949' title='bbox 3151 5561 3308 5634; x_wconf 86' lang='lat' dir='ltr'><strong>hujus</strong></span> <span class='ocrx_word' id='word_1_950' title='bbox 3353 5564 3430 5620; x_wconf 91' lang='lat' dir='ltr'><strong>rei</strong></span> 
     </span>
    </p>
   </div>
   <div class='ocr_carea' id='block_1_129' title="bbox 1848 5633 3429 5759">
    <p class='ocr_par' dir='ltr' id='par_1_129' title="bbox 1848 5633 3429 5759">
     <span class='ocr_line' id='line_1_129' title="bbox 1848 5633 3429 5759; baseline 0.001 -72"><span class='ocrx_word' id='word_1_951' title='bbox 1848 5634 2059 5759; x_wconf 48' lang='lat' dir='ltr'><strong>pltznior</strong></span> <span class='ocrx_word' id='word_1_952' title='bbox 2087 5640 2353 5759; x_wconf 57' lang='grc' dir='ltr'><strong>ιιιηοριειιίο</strong></span> <span class='ocrx_word' id='word_1_953' title='bbox 2393 5637 2461 5692; x_wconf 89' lang='lat' dir='ltr'><strong>ad</strong></span> <span class='ocrx_word' id='word_1_954' title='bbox 2505 5636 2854 5692; x_wconf 84' lang='lat' dir='ltr'><strong>collationem</strong></span> <span class='ocrx_word' id='word_1_955' title='bbox 2906 5633 3122 5688; x_wconf 85' lang='lat' dir='ltr'><strong>tertiam</strong></span> <span class='ocrx_word' id='word_1_956' title='bbox 3168 5633 3429 5688; x_wconf 76' lang='lat' dir='ltr'><strong>decimam</strong></span> 
     </span>
     <span class='ocr_line' id='line_1_130' title="bbox 1852 5720 2261 5759; baseline 0 0"><span class='ocrx_word' id='word_1_957' title='bbox 1852 5720 1909 5759; x_wconf 82' lang='lat' dir='ltr'><strong>re</strong></span> <span class='ocrx_word' id='word_1_958' title='bbox 1938 5725 2079 5759; x_wconf 71' lang='grc' dir='ltr'><strong>ιξΓριι(</strong></span> <span class='ocrx_word' id='word_1_959' title='bbox 2104 5727 2127 5759; x_wconf 79' lang='lat' dir='ltr'><strong>:t</strong></span> <span class='ocrx_word' id='word_1_960' title='bbox 2161 5723 2261 5759; x_wconf 60' lang='lat' dir='ltr'><strong>est.</strong></span> 
     </span>
    </p>
   </div>
   <div class='ocr_carea' id='block_1_130' title="bbox 1852 5712 2261 5763">
    <p class='ocr_par' dir='ltr' id='par_1_130' title="bbox 1852 5712 2261 5763">
     <span class='ocr_line' id='line_1_131' title="bbox 1852 5712 2261 5763; baseline 0.007 -4"><span class='ocrx_word' id='word_1_961' title='bbox 1852 5712 2127 5763; x_wconf 81' lang='lat' dir='ltr'><strong>referenda</strong></span> <span class='ocrx_word' id='word_1_962' title='bbox 2161 5723 2261 5762; x_wconf 60' lang='lat' dir='ltr'><strong>esi.</strong></span> 
     </span>
    </p>
   </div>
  </div>
