4036 6216
585 231 682 291 583

1650 224 1926 283 JOANNIS
1966 221 2279 280 CASSIANI
2316 214 2809 276 COLLATIONES.

3754 207 3862 267 584

583 341 847 411 Dominus
871 366 969 425 per
995 350 1320 424 Prophetam
1351 349 1462 404 ait:
1497 344 1567 401 Et
1595 362 1697 400 non
1727 345 1920 399 audivit
1942 348 2165 414 populus
2190 344 2243 404 Α
2272 339 2431 395 modo
2483 347 2535 395 et
2587 336 2861 393 monentis
2899 334 3226 391 ostenditur.
3256 331 3389 388 Cum
3420 330 3565 387 enim
3597 328 3726 385 dicit
3757 348 3769 381 :
3802 330 3863 387 Si

584 464 729 504 meus
751 462 925 503 vocem
944 462 1131 513 meam,
1156 453 1204 499 et
1226 440 1392 497 Israel
1414 457 1519 495 non
1543 439 1764 493 intendit
1786 438 1931 492 mihi.
1951 435 2173 504 Propter

584 541 722 612 quod
747 540 919 594 dimisi
946 555 1052 599 eos.
1069 535 1261 606 inquit,
1285 532 1570 587 secundum
1595 529 1976 585 adinventiones
2004 528 2172 581 cordis

584 649 783 699 eorum,
798 629 1193 685 ambulabuntin
1205 623 1648 680 adinventionibtts
1665 623 1771 678 suis
1793 620 1964 694 (Psal.
1984 617 2167 691 ιλιι).

1170 718 1395 776 CAPUT
1434 718 1578 774 XXI.

826 816 1055 890 Objectio
1086 829 1239 885 super
1268 811 1417 865 liberi
1453 810 1650 866 arbitrii
1682 818 1951 877 potestate.

653 908 995 965 Germanus:
1029 905 1140 960 Hoc
1178 903 1551 959 testimonium
1573 901 1914 973 apertissime
1939 899 2170 954 liberum

583 1000 921 1056 demonstrat
949 997 1254 1061 arbitrium,
1283 1012 1390 1064 quo
1419 992 1618 1049 dicitur
1648 1010 1662 1046 :
1704 990 1768 1049 Si
1792 989 2012 1063 papulus
2033 1006 2172 1043 meus

582 1091 815 1145 audisset
834 1106 943 1154 me;
962 1096 1036 1157 et,
1054 1104 1157 1142 non
1178 1086 1373 1141 audivit
1396 1086 1618 1159 papulas
1639 1101 1782 1138 meus
1797 1099 1965 1137 vocem
1986 1098 2169 1136 meam.

582 1180 717 1236 Cum
748 1181 892 1235 enim
924 1180 1055 1235 dicit
1082 1180 1127 1233 si
1164 1178 1420 1243 audisset,
1454 1175 1692 1231 ostendit
1718 1175 1771 1229 in
1812 1181 2082 1243 potestate
2111 1172 2175 1226 il-

584 1271 692 1328 lius
719 1272 887 1327 fuisse
921 1272 1003 1326 vel
1034 1268 1411 1341 acquiescendi
1435 1268 1521 1323 vel
1552 1284 1657 1322 non
1689 1264 2062 1336 acquiescendi
2082 1264 2174 1334 ju-

584 1365 807 1421 dicium.
831 1363 1114 1433 Quomodo
1137 1362 1299 1432 igitur
1323 1375 1429 1415 non
1452 1360 1505 1415 in
1534 1359 1694 1414 nobis
1719 1367 1901 1412 nostra
1926 1358 2072 1412 salus
2093 1364 2176 1412 est

583 1456 917 1522 collocanda,
950 1470 1072 1510 cum
1117 1454 1202 1509 vel
1232 1450 1487 1508 audiendi
1525 1452 1610 1508 vel
1641 1465 1748 1505 non
1778 1449 2031 1505 audiendi
2061 1449 2176 1519 ipse

584 1553 742 1608 nobis
768 1549 1105 1606 concesserit
1128 1546 1473 1603 facultatem?

1148 1661 1375 1719 CAPUT
1417 1659 1582 1715 XXII.

2274 434 2494 505 populus
2525 448 2667 488 meus
2697 430 2921 483 audisset
2943 442 3040 505 me,
3074 428 3310 497 priorem
3341 425 3528 494 utique
3555 437 3615 479 se
3636 422 3862 477 locutum
3895 447 3903 458 -

2275 529 2353 583 eis
2393 527 2677 583 evidenter
2706 523 2967 587 ostendit,
2998 522 3140 593 quod
3174 521 3287 576 ﬁeri
3326 535 3356 574 a
3387 517 3615 573 Domino
3644 532 3751 571 non
3781 532 3864 569 sn-

2276 621 2387 676 lum
2417 636 2511 691 per
2534 620 2703 689 legem
2744 618 2998 688 scriptam
3029 616 3247 678 litteris,
3282 627 3470 669 verum
3499 612 3661 667 etiam
3688 612 3862 681 quoti-
3885 586 3921 665 ’ί

2274 710 2450 766 dianis
2483 709 2703 765 monitis
2730 709 2888 777 solet,
2911 707 3207 764 secundum
3235 705 3367 761 illud
3391 704 3534 775 quod
3564 719 3660 774 per
3679 704 3865 758 Isaiam
3898 741 3906 785 ,I

2274 805 2474 860 dicitur
2498 822 2511 857 ε
2543 786 2676 857 Tota
2704 802 2787 856 die
2813 801 3037 871 expandi
3064 816 3252 854 manus
3271 799 3339 852 ad
3364 797 3613 869 p0pulum
3641 811 3743 849 non
3766 811 3867 847 cre-
3906 868 3910 875 γ

2276 899 2478 952 dentem
2507 896 2656 961 mihi,
2688 895 2779 950 sed
2806 895 3242 949 contradicentem
3267 890 3452 961 (Isaite
3478 890 3635 961 va).
3656 888 3867 945 Utrum-
3907 880 3911 889 ’

2276 1006 2382 1061 que
2406 974 2534 1060 ergo
2561 996 2738 1059 potest
2766 987 2866 1042 hoc
2894 985 3207 1042 testimonio
3238 982 3581 1053 comprobari
3620 980 3765 1051 quod
3795 978 3868 1032 di-

2278 1084 2457 1138 citur:
2493 1083 2553 1139 Si
2584 1082 2807 1155 populus
2855 1097 3001 1135 meus
3035 1079 3260 1133 audisset
3286 1094 3385 1143 me,
3429 1074 3600 1130 Israel
3629 1076 3674 1129 si
3700 1077 3753 1129 in
3780 1075 3869 1128 viis

2276 1179 2404 1231 meis
2425 1176 2763 1241 ambulasset,
2790 1190 2887 1244 pro
2925 1173 3089 1228 nihilo
3117 1174 3289 1243 utique
3314 1171 3551 1225 inimicos
3575 1186 3751 1223 eorum
3778 1167 3869 1221 Iut-

2278 1270 2593 1337 miliassem,
2624 1280 2673 1323 et
2715 1284 2869 1339 super
2908 1266 3207 1320 tribulantes
3255 1280 3341 1319 eos
3388 1263 3637 1317 misissem
3667 1276 3871 1315 manum

2279 1364 2475 1417 meam.
2491 1362 2622 1416 Nam
2656 1361 2797 1416 sicut
2848 1358 3076 1414 liberum
3110 1356 3393 1413 arbitrium
3427 1370 3520 1424 per
3557 1353 3872 1409 inobedien-

2280 1438 2639 1524 tia'm'populi
2683 1452 3107 1517 demonstratur,
3163 1449 3237 1504 ita
3284 1446 3619 1517 dispensatio
3667 1444 3765 1500 Dei
3818 1454 3874 1500 et

2280 1548 2540 1602 auxilium
2596 1546 2717 1617 ejus
2757 1543 3011 1600 versiculi
3062 1542 3229 1611 ipsius
3280 1539 3435 1595 initio
3480 1538 3779 1593 declaratur
3809 1551 3875 1590 ac

2282 1644 2413 1707 fine,
2436 1640 2555 1694 cum
2589 1654 2646 1695 se
2695 1641 2751 1694 et
2800 1638 3033 1706 priorem
3073 1636 3306 1690 locutum
3343 1633 3512 1688 fuisse
3540 1642 3788 1697 testatur,
3821 1642 3875 1687 et

585 1758 895 1828 Responsio,
927 1758 1065 1829 quod
1092 1756 1159 1809 lib
1193 1772 1309 1809 rum
1337 1755 1608 1829 arbitrium
1648 1761 1878 1808 nostrum
1910 1753 2174 1827 adjutorio
2202 1741 2251 1803 Β
2282 1730 2752 1829 Ρδείεθλίηίίηίςλςδδ
2774 1730 2889 1829 ei“?
2918 1725 3408 1829 huminf‘mmmvSi
3440 1725 3508 1780 ab
3527 1724 3717 1829 eadem
3747 1722 3875 1779 fuis'

1029 1829 1235 1882 Domini
1258 1842 1459 1894 semper
1486 1824 1740 1896 indigeat.

655 1922 994 1994 Paphnutius
1023 1939 1036 1975 :
1070 1924 1237 1978 Acute
1261 1920 1475 1990 quidem
1504 1919 1892 1974 considerastis
1917 1919 2019 1974 hoc
2035 1919 2175 1987 quod

587 2016 808 2083 dicitur,
840 2015 901 2071 Si
923 2016 1149 2069 audisset
1177 2028 1290 2076 me;
1322 2011 1416 2067 sed
1460 2027 1797 2083 nequaquam
1829 2014 1949 2081 quis
1977 2013 2047 2066 sit
2086 2014 2177 2083 qui

589 2106 655 2162 ad
680 2106 988 2161 audientem
1011 2106 1096 2160 vel
1130 2120 1233 2161 non
1252 2103 1558 2158 audientem
1588 2102 2175 2173 loquatur,attenditis;

587 2211 687 2254 nec
721 2198 851 2253 illud
904 2196 1047 2268 quod
1093 2196 1356 2266 sequitur,
1389 2211 1483 2266 pro
1520 2192 1684 2247 nihilo
1730 2195 1902 2265 utique
1948 2195 2179 2252 inimicos

585 2293 702 2363 eius
754 2290 1136 2356 humiliassem,
1167 2297 1214 2343 et
1262 2302 1416 2359 super
1462 2287 1764 2342 tribulantes
1809 2304 1894 2341 eos
1933 2289 2181 2341 misissem

588 2399 798 2438 manum
833 2398 1015 2437 meam.
1046 2380 1217 2437 Nemo
1247 2380 1409 2451 igitur
1441 2379 1591 2444 haec,
1622 2394 1744 2449 quae
1773 2380 2091 2450 pr0tulimus
2124 2389 2181 2434 ut

588 2476 725 2532 nihil
753 2476 867 2545 geri
896 2476 1015 2530 sine
1046 2473 1273 2528 Domino
1302 2472 1656 2543 probaremus
1676 2513 1691 2537 ,
1725 2487 1888 2541 prava
1919 2472 2184 2540 interpre-

591 2567 792 2622 tationt
829 2567 1178 2637 detorquens,
1202 2566 1269 2620 ad
1301 2564 1671 2620 defensionem
1700 2564 2081 2620 liberiarhitrii
2113 2566 2181 2619 ita

588 2670 817 2717 conetur
846 2676 1147 2727 assumere,
1181 2669 1239 2714 ut
1266 2659 1335 2713 ab
1363 2660 1582 2714 homine
1610 2658 1841 2728 gratiam
1877 2658 1970 2712 Dei
1999 2659 2182 2727 provi-

589 2753 908 2822 sionemque
939 2752 1305 2821 quotidianam
1331 2759 1500 2805 tentet
1521 2747 1758 2813 auferre,
1792 2765 1889 2819 per
1916 2749 2019 2804 hoc
2043 2750 2184 2819 quod

590 2843 809 2911 dicntnr,
843 2842 910 2897 Et
939 2860 1041 2897 non
1071 2842 1270 2897 audivit
1296 2844 1519 2913 populus
1548 2857 1687 2896 meus
1716 2857 1886 2894 vocem
1909 2857 2104 2907 meam;
2133 2851 2188 2896 et

590 2933 808 3003 iterum,
839 2935 900 2989 Si
930 2933 1155 3005 p0pulus
1178 2949 1325 2987 meus
1350 2933 1579 2987 audisset
1608 2948 1688 2986 me
1710 2971 1726 2996 ,
1754 2930 1923 2987 Israel
1945 2932 1989 2985 si
2014 2933 2069 2985 in
2095 2933 2188 2986 viis

592 3029 718 3084 meis
746 3028 1079 3096 ambulasset,
1104 3037 1238 3092 etc.;
1268 3027 1362 3081 sed
1388 3026 1642 3096 respiciat
1669 3024 1835 3095 quod,
1868 3024 2005 3080 sicut
2032 3026 2186 3080 liberi

2280 1835 2367 1882 set
2395 1822 2634 1882 auditus.
2664 1822 2773 1878 Nos
2801 1821 2944 1877 enim
2976 1836 3073 1890 per
3100 1820 3218 1876 haec
3254 1835 3371 1890 quin
3401 1818 3744 1889 protulimus,
3770 1832 3872 1871 non

2281 1920 2511 1974 liberum
2537 1917 2824 1972 arbitrium
2858 1914 3094 1971 hominis
3116 1914 3366 1970 volumus
3397 1913 3740 1981 submovere
3783 1912 3875 1967 sed

2285 2013 2412 2068 huic
2440 2011 2769 2081 adjutorium
2802 2019 2857 2065 et
2886 2009 3115 2081 gratiam
3156 2008 3252 2064 Dei
3286 2023 3381 2077 per
3407 2008 3650 2077 singulos
3677 2007 3789 2062 dies
3822 2021 3877 2060 ac

2281 2116 2555 2161 momenta
2588 2105 2947 2160 necessariam
2979 2102 3353 2174 comprobare.
3403 2101 3499 2156 His
3538 2116 3633 2156 nos
3666 2114 3878 2163 sermo-

2283 2198 2443 2253 nibus
2478 2198 2719 2253 eruditos
2747 2196 2914 2251 abbas
2941 2174 3273 2264 Paphnutius
3294 2209 3326 2250 e
3351 2210 3443 2251 sua
3477 2194 3609 2249 cella
3636 2209 3740 2261 non
3764 2202 3880 2247 tam

2294 2293 2502 2347 alacres
2534 2307 2691 2360 quam
2723 2300 3075 2359 compunctus
3103 2290 3268 2346 corde
3294 2298 3417 2344 ante
3440 2289 3677 2344 medium
3707 2290 3884 2343 noctis

2289 2385 2495 2450 emisit,
2530 2384 2633 2438 hoc
2682 2384 2836 2438 nobis
2866 2383 3200 2452 praecipuum
3248 2396 3340 2436 sua
3377 2381 3663 2436 collatione
3691 2380 3882 2435 confe-

2290 2492 2440 2535 rens.
2463 2486 2520 2530 ut
2542 2491 2665 2531 cum
2690 2492 2786 2546 per
2812 2475 3299 2530 abrenuntiationis
3327 2475 3511 2545 prima;
3540 2489 3888 2543 consumma-

2287 2570 2513 2637 tionem,
2542 2584 2700 2639 quam
2734 2578 2847 2623 toto
2871 2567 3083 2623 virtutis
3104 2568 3224 2622 nisu
3252 2566 3595 2621 studebamus
3617 2566 3885 2633 implere,

2289 2659 2600 2728 attingenda
2643 2660 2799 2715 nobis
2837 2658 3187 2730 perfectionis
3234 2659 3465 2713 culmina
3497 2657 3888 2723 crederemus,

2290 2754 2653 2822 inciperemus
2694 2768 2987 2823 agnoscere
3018 2751 3247 2808 necdum
3300 2766 3396 2805 nos
3436 2750 3667 2817 caspisse
3696 2765 3892 2805 monao

2287 2848 2513 2902 chorum
2560 2848 2768 2919 fasuigia
2796 2848 3070 2902 somniare
3119 2863 3133 2898 :
3181 2846 3380 2915 quippe
3407 2845 3496 2916 qui
3534 2844 3601 2899 de
3647 2845 3893 2901 secunda

2291 2936 2760 2994 abrenuntiatione
2790 2936 3009 2993 Patrum
3039 2939 3091 2991 in
3125 2932 3387 2993 emnobiis
3418 2936 3639 3001 eruditi,
3672 2938 3892 2991 tertiam

2290 3031 2345 3086 in
2378 3047 2479 3101 qua
2508 3034 2684 3086 onmis
2716 3032 2975 3101 perfectio
3004 3020 3351 3094 continetur,
3378 3043 3610 3097 quaeque
3649 3028 3771 3081 illas
3812 3029 3895 3085 in-

592 3122 807 3176 arbitrii
837 3120 1065 3175 facultas
1096 3120 1279 3189 populi
1303 3118 1666 3174 inobedientia
1687 3119 2090 3187 comprobatur,
2112 3120 2186 3173 ita
2211 3131 2260 3196 c
2292 3122 2520 3179 feriores
2546 3125 2679 3179 duas
2709 3124 2891 3178 multis
2923 3124 3098 3178 modis
3130 3121 3416 3191 praecedit,
3450 3107 3519 3177 ne
3556 3122 3742 3177 auditu
3772 3123 3895 3194 qui-

591 3216 901 3287 quotidiana
926 3215 1069 3270 circa
1088 3229 1212 3269 eum
1236 3212 1473 3283 provisio
1492 3213 1588 3268 Dei
1618 3214 1905 3268 clamantis
1932 3212 2193 3282 quodam-

2301 3216 2423 3271 dem
2456 3231 2553 3271 nos
2576 3226 2732 3271 antea
2766 3216 3076 3287 percepisse
3104 3228 3406 3270 nossemus.

604 3348 3884 3374 —-—-——_'————'————-————vw———-—_-———I——

1444 3438 1959 3546 οοιιΑ
1977 3440 2247 3545 T10
2335 3443 2432 3570 ρ
2455 3442 2777 3551 [ΓΑΒ
2800 3446 3057 3568 ΤΑ,

1782 3623 1938 3699 Qum
1969 3632 2066 3686 est
2100 3628 2353 3691 abbatis
2391 3629 2702 3695 Danielis.

1556 3749 1639 3802 DE
1671 3749 2217 3805 CONCUPISCENTIA
2247 3754 2471 3807 CARNIS
2505 3749 2585 3807 ET
2619 3749 2931 3811 SWRITUS.

1108 4002 1337 4061 CAPUT
1377 4002 1687 4068 PRIMUMJ

666 4102 810 4156 Inter
837 4110 1066 4156 caeteros
1086 4096 1409 4151 Christianae
1437 4094 1797 4165 philosophia:
1824 4095 1997 4164 viros,
2028 4105 2054 4133 ι
2090 4098 2187 4153 ab-

596 4194 778 4248 batem
806 4206 1022 4262 quoque
1049 4188 1285 4243 vidimus
1314 4188 1617 4254 Danielem,
1651 4190 1913 4259 aequalem
1961 4190 2181 4259 quidem

596 4285 652 4340 in
683 4285 829 4338 omni
874 4285 1132 4339 virtutum
1179 4296 1379 4352 genere
1423 4280 1507 4337 bis
1534 4283 1627 4353 qui
1669 4283 1723 4337 in
1776 4298 1962 4338 eremo
1993 4283 2183 4357 Scytbi

2291 4007 2747 4073 commanebant,
2808 4006 2905 4062 sed
2958 4004 3284 4077 peculiarius
3335 4006 3509 4076 gratia
3555 4007 3898 4067 humilitatis

2292 4110 2566 4164 ornatum,
2589 4100 2680 4167 qui
2714 4098 2908 4154 merito
2944 4097 3193 4165 puritatis
3219 4113 3283 4153 ac
3314 4101 3746 4157 mansuetudinis
3766 4119 3888 4161 sua:

2291 4190 2319 4231 ι)
2350 4207 2380 4246 a
2407 4193 2563 4247 beato
2589 4191 2893 4262 Paphnutio
2918 4191 3230 4247 solitudinis
3251 4191 3494 4261 ejusdem
3529 4196 3881 4266 presbytero,

2293 4292 2348 4339 ct
2376 4284 2590 4345 quidem
2621 4300 2740 4341 cum
2773 4285 2959 4340 multis
2985 4286 3171 4355 junior
3201 4294 3349 4342 esset
3376 4295 3559 4355 aetate,
3593 4289 3661 4343 ad
3688 4270 3886 4347 diaco-

1664 4395 1924 4453 ALARDI
1965 4398 2205 4455 GAZASI
2241 4398 2811 4459 COMMENTARIUS.

669 4498 695 4527 ι
720 4486 835 4544 Non
877 4504 1051 4556 tuum,
1083 4489 1315 4562 opinor,
1352 4489 1626 4545 Danielem
1663 4490 1929 4562 ,Styliten.
1976 4493 2027 4547 id
2071 4505 2175 4558 est.
2204 4499 2256 4559 D
2283 4495 2481 4550 fertur.

597 4562 1041 4633 Columnicolam,
1066 4559 1266 4633 dequo
1295 4560 1628 4633 Sozomenus
1659 4559 1752 4615 lib'.
1782 4578 1836 4616 ιιι
1860 4579 1978 4633 cap.
2006 4567 2095 4631 1'5,
2121 4577 2175 4620 et

596 4650 661 4689 ex
693 4649 757 4686 eo
784 4631 1121 4701 Nicephorus
1146 4631 1244 4686 lib.
1268 4647 1337 4686 xv
1361 4647 1481 4698 cap.
1510 4632 1603 4696 22,
1631 4642 1685 4688 et
1716 4634 1811 4687 lib.
1845 4631 1941 4689 xvi
1970 4649 2090 4701 cap.
2115 4637 2171 4701 6,

596 4704 869 4757 Cedrenus
898 4711 955 4757 et
980 4703 1070 4756 alii
1104 4704 1157 4756 in
1189 4704 1368 4773 Leone
1400 4703 1587 4772 Magno
1619 4704 1775 4773 imp.,
1803 4704 2174 4762 Damascenus

596 4778 647 4830 in
676 4784 813 4828 orat.
845 4776 880 4829 5
910 4774 978 4828 de
994 4775 1326 4845 imaginibus
1349 4772 1571 4845 (Baron.
1602 4772 1724 4828 tom.
1761 4774 2051 4845 Vl‘Annal.
2080 4795 2169 4833 an.

593 4846 733 4909 460;
780 4854 825 4898 et
871 4845 928 4898 in
982 4844 1260 4915 Martyrol.
1314 4844 1375 4900 ll
1411 4845 1733 4915 Decembr.).
1766 4844 1895 4900 Nam
1930 4848 2025 4903 ille
2064 4865 2171 4903 non

596 4916 910 4986 Pnplmutii,
941 4914 1034 4969 sed
1072 4914 1347 4989 _Simeonis
1374 4916 1581 4989 itidem
1610 4917 1823 4989 Stylitis
1869 4917 2173 4989 discipulus

593 4989 831 5051 exstitit;
867 5002 1042 5060 neque
1070 4986 1124 5041 in
1141 5002 1335 5060 eremo
1364 4987 1573 5056 Scytlii,
1606 4988 1719 5044 sive
1762 4986 2038 5060 Scythica,
2075 4991 2171 5047 sed

594 5060 734 5125 apud
768 5059 1105 5113 Antiochiam
1134 5057 1329 5130 Syri-.e,
1354 5074 1518 5129 super
1540 5057 1852 5114 columnam
1876 5064 2035 5116 annis
2061 5065 2173 5117 circ

593 5133 730 5185 eiter
762 5130 945 5203 viginti
978 5130 1652 5203 n_ovem_vixisse_l_egitur.
1700 5130 2029 5203 Memoratur
2057 5137 2177 5203 qui-

596 5203 718 5274 dem
749 5211 805 5256 et
840 5202 972 5274 alter
1001 5200 1209 5274 Daniel.
1240 5200 1336 5256 sed
1375 5201 1587 5257 abbatis
1602 5203 1823 5274 Arsenii
1853 5200 2171 5274 discipulus,

593 5273 747 5340 cujus
795 5272 1053 5341 praeclara
1083 5272 1224 5327 dicta
1254 5282 1309 5327 et
1352 5282 1469 5327 acta
1505 5274 1557 5326 in
1599 5272 1738 5327 Vitis
1784 5272 2007 5328 Patrum
2033 5275 2176 5330 refe-

595 5352 809 5417 runtur.
860 5343 1076 5417 Tertius
1124 5342 1253 5399 item
1300 5344 1495 5417 _Daniel
1547 5343 1713 5417 abbas
1775 5346 2175 5417 etrpresbyter

596 5414 911 5487 Egyptins,
939 5414 1007 5469 de
1046 5431 1151 5486 quo
1179 5414 1521 5487 Sophronins
1551 5416 1602 5469 in
1647 5416 1809 5470 Prato
1837 5416 2027 5482 Spirit.
2053 5414 2173 5487 cap.

596 5484 725 5551 ιιι
751 5496 805 5540 et
825 5487 1016 5541 Petrus
1043 5484 1316 5554 Equilinus
1346 5486 1396 5540 in
1420 5486 1677 5554 Catalngo
1703 5487 1796 5539 lib.
1825 5501 1875 5539 vr
1900 5500 2021 5549 cap.
2051 5485 2177 5543 l25.

596 5558 832 5626 Quartus
859 5558 1116 5628 denique,
1142 5559 1208 5613 tle
1233 5572 1340 5629 quo
1365 5559 1450 5612 hic
1476 5559 1675 5627 agitur,
1700 5556 1988 5629 Paplinutii
2014 5559 2180 5613 abba-

596 5631 671 5684 tis
691 5629 1009 5694 discipnlns,
1043 5629 1290 5753 idemgue
1319 5630 1624 5701 presbyter,
1649 5644 1808 5696 quem
1842 5628 2180 5697 Paphnutius

599 5714 971 5753 soccessorem
1003 5714 1156 5751 suum
1226 5702 1466 5753 eiecerat
1493 5717 1508 5753 :
1542 5701 1634 5753 sed
1667 5701 1774 5752 Deo
1804 5700 1964 5753 aliter
1993 5700 2180 5753 disno—

599 5714 971 5771 successorem
1003 5714 1156 5771 suum
1187 5700 1508 5771 delegerat:
1542 5701 1634 5771 sed
1667 5701 1774 5752 Deo
1804 5700 1964 5754 aliter
1993 5700 2180 5771 dispo-

601 5778 785 5835 nente,
822 5769 909 5822 ille
951 5770 1101 5837 prior
1129 5784 1197 5824 ex
1242 5768 1344 5824 huc
1385 5771 1495 5825 vita
1544 5770 1800 5841 decessit,
1852 5780 1912 5828 ut
1957 5771 2048 5830 hic
2084 5768 2184 5831 ἰ’θ·

2354 4565 2382 4605 δ
2415 4568 2514 4623 Hic
2542 4583 2728 4624 rursus
2766 4569 3055 4640 Paphnutii
3089 4571 3316 4637 mentio,
3346 4569 3415 4625 de
3440 4583 3548 4640 quo
3586 4568 3641 4624 in
3675 4586 3907 4637 prtece-

2284 4638 2431 4694 denti
2460 4640 2750 4695 collatione
2775 4650 2831 4696 et
2849 4638 2993 4695 alias
3034 4643 3237 4712 saepius
3270 4638 3573 4697 actum'est.
3603 4644 3841 4712 SuSpica
3854 4650 3903 4703 ri

2286 4719 2468 4764 autem
2501 4712 2622 4780 quis
2650 4723 2834 4780 posset
2872 4712 3124 4767 eumdem
3156 4716 3324 4768 fuisse
3359 4713 3674 4782 episcopum
3706 4730 3771 4769 ex
3808 4718 3905 4774 bis

2282 4796 2404 4853 qua:
2448 4795 2773 4850 sequuntur,
2819 4783 2907 4837 tibi
2952 4782 3154 4838 dicitur
3201 4783 3481 4839 Danielem
3517 4785 3703 4851 istum,
3733 4789 3906 4853 Cujus

2282 4852 2400 4907 haec
2426 4853 2669 4917 collatio,
2694 4853 2761 4907 ad
2790 4854 3025 4909 diaconii
3058 4855 3300 4910 officium
3344 4866 3402 4911 ac
3437 4854 3561 4918 inde
3592 4856 3660 4909 ad
3690 4871 3894 4914 sacer-

2284 4923 2694 5005 dotii_ordinem
2724 4935 2779 5005 et
2810 4926 3079 5005 honorent
3103 4928 3457 5005 provexisse;
3489 4942 3613 4981 cum
3658 4943 3774 5005 non
3816 4934 3903 4987 sit

2281 4995 2551 5075 simplicis
2603 4996 2931 5075 presbyteri,
2987 4995 3381 5075 sedﬁepiscopi
3436 5012 3535 5075 seu
3586 4998 3900 5069 pontificis,

2284 5065 2545 5147 diaconos
2591 5080 2655 5147 a_c
2712 5067 3065 5147 presbyteros
3124 5065 3401 5147 ordinare.
3430 5070 3523 5147 _At
3572 5065 3723 5147 certe
3778 5065 3903 5128 non

2281 5136 2477 5217 dicitur
2509 5136 2856 5217 Paphnutius
2881 5136 3189 5217 ordinasse,
3232 5142 3327 5195 sed
3377 5138 3447 5193 ad
3490 5139 3736 5217 ordinent
3786 5160 3901 5217 seu

2284 5206 2517 5261 officium
2549 5206 2859 5273 huiusmodi
2891 5212 3232 5278 provexisse,
3262 5225 3371 5265 non
3404 5211 3710 5264 ordinando
3736 5213 3903 5267 scili-

2282 5287 2390 5360 cet,
2424 5293 2519 5360 seu
2546 5280 2766 5360 ordines
2794 5280 3347 5360 ipsosciinierendo,
3378 5281 3473 5337 sed
3519 5282 3899 5360 ordinanduxn

2282 5350 2350 5403 ad
2378 5350 2665 5420 episcopos
2685 5351 3031 5416 destinando,
3061 5368 3158 5408 seu
3187 5356 3268 5408 eis
3301 5352 3763 5416 commendando,
3799 5360 3902 5413 vel

2281 5420 2580 5493 offerendo,
2616 5432 2674 5477 ut
2730 5423 2912 5477 solent
2939 5424 3165 5479 abbates
3206 5434 3264 5478 et
3291 5424 3381 5477 alii
3415 5423 3621 5491 praelati
3668 5428 3902 5493 episeo-

2282 5492 2367 5561 pis
2390 5491 2696 5565 inferiores,
2722 5493 3008 5561 religiosos
3034 5495 3137 5549 sibi
3164 5494 3445 5563 subjectos
3468 5495 3536 5548 ad
3559 5491 3902 5565 episcopum

2282 5577 2408 5617 cum
2431 5563 2625 5618 litteris
2648 5565 3108 5619 commendatitiis
3143 5566 3393 5629 mittere;
3423 5563 3904 5633 quemadmodum

2286 5635 2349 5688 Ι).
2387 5635 2709 5706 Benedictus
2747 5636 2937 5690 statuit
2966 5650 3086 5705 cap.
3118 5637 3151 5692 6
3182 5635 3407 5706 Regulae
3434 5649 3452 5690 :
3478 5634 3541 5690 Si
3580 5637 3694 5704 quis
3727 5638 3904 5696 abbas

2285 5706 2383 5781 sibi
2412 5704 2769 5781 presbyterum
2795 5717 2886 5760 aut
2931 5704 3208 5781 diaConum
3258 5704 3495 5781 ordinari
3544 5708 3784 5781 petierit,
3824 5710 3906 5772 de

2287 5776 2393 5832 suis
2416 5778 2573 5851 eligat
2603 5779 2691 5849 qui
2716 5778 2905 5851 dignus
2925 5780 2991 5835 sit
3020 5778 3309 5836 sacerdotio
3342 5777 3512 5851 fungi.
