4026 6204
221 247 328 304 585

792 242 1129 301 COLLATIO
1170 242 1260 300 IV.
1290 274 1360 285 —
1391 243 1481 300 DE
1521 242 2114 300 CONCUPISCENTIA
2153 238 2403 300 CARNIS
2444 243 2536 298 ET
2574 244 2905 303 SPlRlTUS.

3406 261 3515 317 586

221 361 300 415 nii
332 368 419 417 est
458 360 719 431 praelatus
762 360 1026 415 officium.
1067 361 1123 415 In
1171 368 1380 414 tantum
1432 359 1575 413 enim
1624 358 1811 413 beatus
1841 359 1893 417 Α
1921 355 2039 410 nire
2068 357 2302 412 sentiret
2335 376 2346 410 :
2378 372 2441 412 ac
2471 373 2687 412 rursum
2720 360 2881 413 nullis
2922 362 3289 422 existentibus
3328 372 3517 430 causis

222 454 568 525 Paphnutius
610 455 897 509 virtutibus
928 453 1096 523 ipsius
1137 451 1501 523 adgaudebat,
1552 460 1610 505 ut
1653 465 1813 520 quem

224 548 354 602 vitae
392 548 603 602 meritis
632 545 738 601 sibi
765 555 819 602 et
846 549 1017 617 gratia
1040 560 1223 616 parem
1251 552 1505 611 noverat,
1533 556 1815 610 coaequare

224 640 330 694 sibi
381 640 544 695 etiam
589 638 882 695 sacerdotii
950 638 1139 693 ordine
1186 638 1496 702 festinaret;
1547 635 1812 706 siquidem

227 746 572 801 nequaquam
607 731 784 787 ferens
833 731 887 785 in
914 730 1174 785 inferiore
1204 744 1326 784 eum
1371 729 1667 782 ministerio
1698 727 1817 781 diu-

227 824 338 878 tius
394 822 693 888 immorari,
739 831 763 859 ⁸
822 833 1125 891 Optansque
1177 821 1399 875 sibimet
1445 832 1814 874 successorem

224 914 601 985 dignissimum
634 913 954 984 providere,
1006 923 1285 984 superstes
1333 928 1455 966 eum
1496 910 1819 982 presbyterii

224 1005 436 1061 honore
464 1010 729 1075 provexit.
754 1005 855 1074 Qui
903 1014 1080 1060 tamen
1113 1005 1311 1074 prioris
1340 1002 1662 1058 humilitatis
1688 1017 1818 1057 con-

222 1097 569 1153 suetudinem
602 1111 707 1151 non
740 1098 1021 1162 omittens,
1077 1096 1212 1151 nihil
1256 1111 1513 1166 umquam
1569 1093 1672 1148 sibi
1722 1094 1816 1148 illo

222 1198 500 1259 praesente
526 1188 593 1242 de
625 1187 962 1242 sublimioris
991 1188 1202 1242 ordinis
1232 1186 1539 1256 adjectione
1569 1184 1813 1249 donavit,

223 1280 325 1334 sed
373 1294 589 1348 semper
644 1279 837 1333 abbate
890 1278 1250 1348 Paphnutiob
1283 1278 1559 1348 spiritales
1612 1276 1815 1331 hostias

223 1370 514 1435 offerente,
566 1370 654 1424 hic
699 1370 846 1425 velut
894 1370 1155 1427 diaconus
1202 1372 1256 1425 in
1306 1371 1502 1440 prioris
1531 1369 1811 1424 ministerii

224 1462 527 1532 permansit
546 1460 751 1516 officio.
776 1460 833 1515 ln
857 1476 966 1530 quo
988 1470 1168 1516 tamen
1186 1461 1407 1516 beatum
1430 1459 1810 1530 Paphnutium,

222 1568 345 1608 cum
380 1553 504 1607 talis
531 1552 615 1606 vir
646 1560 798 1607 esset
826 1566 890 1605 ac
948 1561 1161 1618 tantus,
1205 1560 1263 1607 ut
1311 1552 1366 1606 in
1416 1551 1596 1606 multis
1645 1551 1809 1606 etiam

218 1644 594 1716 praescientize
619 1645 849 1714 gratiam
895 1643 1217 1712 pbssideret,
1263 1643 1378 1697 haec
1401 1656 1525 1711 spes
1545 1641 1811 1698 substitu-

218 1736 392 1791 tionis
419 1745 475 1791 et
500 1735 697 1791 electio
725 1734 980 1789 frustrata
1023 1742 1123 1789 est.
1165 1734 1295 1788 Nam
1339 1749 1446 1788 non
1474 1734 1644 1788 multo
1687 1743 1811 1802 post
1840 1738 1887 1797 Β

216 1838 475 1896 tempore
514 1826 660 1881 hunc
706 1842 867 1896 quem
922 1825 1027 1882 sibi
1081 1835 1362 1895 paraverat
1407 1839 1805 1895 successorem,

216 1919 486 1989 praemisit
518 1918 584 1973 ad
616 1918 809 1972 Deum.

851 2006 1078 2065 CAPUT
1116 2008 1176 2063 11.

218 2103 415 2170 Quwrit
450 2103 587 2155 unde
617 2102 817 2155 oriatur
858 2101 1122 2170 repentina
1172 2100 1507 2153 commutatio
1551 2101 1807 2154 mentium

289 2175 351 2227 ab
379 2173 633 2240 ineffabili
663 2172 840 2226 lwtitia
870 2172 923 2225 in
967 2172 1342 2225 maestissintam
1370 2172 1532 2224 animi
1558 2171 1803 2241 dejectio-

292 2261 427 2296 nem.

294 2356 393 2411 llic
418 2356 580 2425 igitur
606 2356 795 2411 beatus
826 2355 1035 2421 Daniel,
1069 2356 1471 2426 inquirentibus
1499 2356 1677 2423 nobis,
1711 2371 1809 2411 cur

217 2451 497 2506 interdum
531 2451 832 2506 residentes
869 2450 927 2503 in
957 2449 1156 2505 cellula
1189 2458 1339 2503 tanta
1375 2450 1655 2504 alacritate
1685 2464 1811 2504 cor-

216 2544 335 2609 dis,
385 2559 506 2599 cum
543 2542 800 2598 ineffabili
844 2541 1078 2610 quodam
1128 2542 1323 2610 gaudio
1365 2552 1418 2597 et
1458 2542 1808 2598 exuberantia

215 2636 711 2693 secretissimorum
744 2648 1002 2689 sensuum
1052 2634 1409 2703 replerentur,
1445 2642 1503 2687 ut
1530 2649 1650 2688 eam
1696 2649 1803 2689 non

215 2732 395 2787 dicam
440 2742 623 2784 sermo
653 2727 942 2797 subsequi,
985 2727 1078 2781 sed
1112 2742 1180 2781 ne
1220 2726 1336 2796 ipse
1365 2727 1585 2796 quidem
1616 2742 1808 2783 sensus

216 2830 561 2885 occurreret;
591 2819 766 2873 oratio
791 2833 1006 2888 quoque
1030 2833 1167 2886 pura
1195 2832 1260 2872 ac
1282 2825 1549 2887 prompta,
1579 2828 1633 2874 et
1652 2834 1806 2875 mens

215 2912 377 2981 plena
422 2909 758 2980 Spiritalibus
790 2909 1050 2963 fructibus
1080 2923 1269 2976 preces
1295 2923 1421 2963 suas
1450 2909 1703 2964 efficaces
1743 2926 1807 2967 ac

218 3004 369 3060 leves
397 3004 557 3059 etiam
578 3017 676 3074 per
705 3016 957 3070 soporem
986 3001 1297 3071 supplicans
1325 3000 1392 3056 ad
1416 3002 1584 3056 Deum
1612 3018 1806 3073 perve-
1842 3002 1851 3007 '

1924 455 2071 501 tanta
2103 449 2284 503 subito
2329 450 2599 504 anxietate
2652 451 3009 519 repleremur,
3056 464 3109 509 et
3149 457 3515 518 irratronahili

1920 539 2157 609 quodam
2182 555 2415 596 maerore
2441 557 2831 609 premeremur,
2859 553 3049 600 utnon
3073 548 3248 603 solum
3275 566 3514 609 nosmet».

1919 632 2066 700 ipsos
2117 633 2425 702 hujusmodi
2457 633 2709 690 sensibus
2744 651 2995 693 arescere
3032 642 3387 708 sentiremus,
3417 660 3512 700 ve-

1919 739 2036 779 rum
2061 726 2225 780 etiam
2260 727 2510 782 horreret
2540 729 2700 794 cella,
2735 730 2981 786 sorderet
3012 734 3191 801 lectio,
3227 736 3340 805 ipsa
3372 753 3512 806 quo-

1923 833 2029 889 que
2058 819 2328 874 instabilis
2357 835 2419 875 ac
2453 822 2791 888 nutabunda,
2832 834 2887 879 et
2930 827 3330 894 quodammodo
3359 830 3511 887 ebria

1920 912 2257 967 emitteretur
2286 914 2480 977 oratio,
2512 914 2581 967 ita
2613 922 2671 968 ut
2703 915 3190 984 ingemiscentibus
3221 930 3275 974 et
3305 936 3509 977 conan-

1920 1002 2061 1056 tibus
2090 1003 2263 1067 nobis,
2310 1003 2375 1057 ad
2421 1004 2778 1061 directionem
2810 1008 3092 1077 pristinam
3124 1012 3310 1067 reduci
3352 1030 3507 1071 mens

1920 1103 2104 1149 nostra
2134 1110 2245 1148 non
2272 1105 2478 1165 posset,
2511 1106 2822 1165 quantoque
2851 1100 3105 1155 intentius
3131 1103 3197 1157 ad
3230 1104 3321 1158 Dei
3354 1105 3512 1160 redu-

1919 1196 2133 1240 ceretur
2176 1186 2451 1251 intuitum,
2504 1195 2656 1242 tanto
2706 1189 3082 1246 vehementius
3117 1194 3182 1246 ad
3232 1194 3509 1253 discursus

1920 1275 2200 1330 instabiles
2254 1277 2462 1331 lubrico
2504 1287 2790 1347 raperetur
2840 1296 3093 1348 excessu,
3127 1293 3182 1338 et
3234 1286 3305 1339 ita
3357 1289 3507 1342 omni

1917 1367 2146 1436 spiritali
2177 1366 2357 1422 fructu
2404 1369 2729 1425 redderetur
2772 1372 2951 1437 effeta,
3005 1385 3061 1428 ut
3110 1392 3209 1431 nec
3238 1378 3509 1434 desiderio

1917 1462 2069 1532 regni
2120 1461 2405 1525 caelorum,
2456 1460 2556 1518 nec
2606 1474 2748 1518 metu
2807 1465 3069 1535 gehennae
3116 1470 3393 1538 proposito
3440 1471 3508 1525 ab

1918 1551 2021 1607 hoc
2079 1552 2263 1607 lethali
2315 1554 2550 1624 quodam
2599 1570 2792 1611 somno
2852 1560 3057 1615 valeret
3107 1561 3385 1627 suscitari;
3434 1564 3507 1619 ita

1917 1644 2200 1714 respondit
2230 1663 2242 1697 :

2518 1739 2750 1798 CAPUT
2800 1743 2887 1797 Ill.

2156 1850 2445 1922 Responsio
2481 1869 2638 1923 super
2665 1857 2933 1925 proposita
2961 1861 3264 1927 quaestione.

1990 1996 2011 2025 ο
2046 1986 2338 2057 Tripartita
2368 1987 2522 2043 nobis
2554 2002 2581 2040 a
2619 1989 2908 2057 majoribus
2956 2007 3118 2063 super
3166 1996 3292 2062 hac,
3340 2014 3504 2068 quam

1912 2079 2112 2147 dicitis,
2144 2081 2431 2136 sterilitate
2458 2083 2657 2135 mentis
2685 2085 2879 2137 tradita
2908 2086 3050 2139 ratio
3086 2096 3192 2141 cst.
3222 2089 3329 2142 Aut
3359 2094 3505 2147 enim

1918 2172 1988 2227 de
2019 2173 2341 2243 negligentia
2370 2183 2575 2239 nostra,
2608 2183 2699 2227 aut
2737 2176 2803 2229 de
2846 2177 3255 2245 impugnatiune
3282 2182 3500 2248 diaboli,

1920 2274 2013 2320 aut
2040 2264 2106 2320 de
2137 2264 2545 2334 dispensatione
2577 2266 2787 2319 Domini
2820 2282 2881 2320 ac
2920 2268 3239 2335 probatione
3278 2272 3505 2328 descen-

1911 2359 2012 2413 dit.
2043 2357 2068 2395 ά
2100 2359 2164 2413 Εῑ
2208 2358 2276 2413 de
2302 2358 2628 2428 negligentia
2672 2358 2920 2427 quidem,
2964 2375 3085 2414 cum
3138 2370 3323 2416 nostro
3366 2364 3505 2420 vitio

1911 2461 2101 2522 tepore
2148 2451 2488 2521 praecedente
2538 2450 2987 2522 iucircumspecte
3035 2455 3399 2524 nosmetipsos
3440 2468 3496 2514 et

1912 2544 2192 2600 remissius
2241 2542 2586 2605 exhibentes,
2632 2552 2687 2597 et
2715 2559 2810 2611 per
2851 2545 3117 2612 ignaviam
3153 2557 3205 2600 et
3236 2548 3505 2606 desidiam

1912 2636 2089 2689 noxiis
2132 2635 2554 2705 cogitationibus
2610 2636 2787 2701 pasti,
2840 2644 3043 2691 terram
3094 2638 3275 2692 cordis
3331 2644 3505 2699 nostri

1911 2728 2098 2795 spinas
2129 2737 2183 2781 et
2228 2726 2458 2781 tribulos
2504 2727 2729 2781 facimus
2755 2730 3081 2797 germinare,
3129 2732 3322 2800 quibus
3353 2734 3404 2786 iu
3438 2751 3504 2791 ea

1914 2819 2301 2889 pullulantibus
2328 2829 2728 2889 consequenter
2775 2819 3041 2875 efﬁcimur
3071 2824 3311 2889 steriles,
3340 2834 3505 2895 atque

1913 2913 1982 2967 ab
2010 2912 2155 2965 omni
2185 2910 2463 2979 reddimur
2491 2911 2717 2979 spiritali
2750 2911 2927 2965 fructu
2958 2920 3013 2967 et
3034 2917 3499 2984 contemplatione

1906 3004 2101 3075 jejuni.
2140 3012 2162 3040 θ
2196 3003 2273 3058 De
2319 3003 2729 3073 impugnatione
2760 3017 2889 3058 vero
2917 3003 3137 3073 diaboli,
3172 3022 3293 3061 cum
3336 3011 3502 3066 etiam

1282 3101 1538 3156 ALARDI
1576 3102 1811 3159 CAZASI
1847 3102 2410 3161 COMMENTARIUS.

298 3194 326 3221 λ
353 3183 527 3239 Simili
557 3182 812 3253 exemplo
840 3181 1287 3254 abbas‘Joannes,
1323 3192 1381 3235 ut
1408 3182 1574 3254 refert
1603 3182 1807 3239 Auctor
1833 3192 1877 3254 Ο

221 3258 320 3313 lib.
352 3270 405 3308 ιν
430 3255 668 3309 lnstitut.
700 3268 821 3322 cap.
853 3252 946 3319 29,
978 3252 1211 3308 Mucium
1245 3252 1564 3307 monachum
1598 3254 1667 3307 ob
1696 3256 1809 3309 siu-

220 3329 466 3399 gularern
522 3335 577 3379 et
629 3323 947 3393 stupendam
1002 3323 1328 3399 obedientize
1390 3324 1803 3399 probationem,

220 3394 383 3469 quam
414 3397 468 3449 in
513 3412 579 3450 eo
608 3395 1159 3469 exercuerat,‘_morti
1192 3394 1302 3462 jam
1349 3394 1646 3469 proximus,
1692 3413 1807 3450 eum

222 3465 528 3538 praponens
580 3466 775 3519 cunctis
828 3465 1076 3538 fratribus
1114 3480 1468 3538 rsucgessorem
1510 3466 1626 3532 sibi,
1659 3477 1808 3537 atque

224 3535 457 3594 abbatem
508 3538 814 3590 monasterio
876 3536 1164 3605 dereliquit.
1218 3535 1456 3601 Quorum
1523 3535 1807 3593 occasidne

224 3611 458 3681 quaestio
492 3609 592 3681 _hic
621 3607 827 3663 moveri
871 3615 1081 3681 posset,
1110 3622 1176 3660 an
1207 3607 1373 3681 abbas
1417 3606 1502 3681 vel
1549 3609 1806 3681 praglatus

224 3677 401 3752 possit
442 3678 545 3734 sibi
578 3678 1306 3752 successoremdeligereet
1349 3677 1804 3752 instituerere-

224 3746 349 3807 rum
379 3752 496 3805 haec
525 3751 753 3815 quaestio
784 3748 1005 3817 majoris
1031 3746 1423 3818 diSquisitionis
1450 3756 1506 3801 et
1533 3746 1808 3818 difficilio-

226 3825 302 3878 ris
332 3821 668 3876 tractationis
707 3834 827 3874 esse
863 3819 1099 3884 videtur,
1130 3817 1290 3889 quam
1326 3828 1382 3871 ut
1424 3819 1528 3889 hoc
1554 3817 1674 3871 loco
1707 3832 1805 3887 pro

222 3894 436 3949 ratione
478 3890 707 3945 instituti
746 3889 1028 3944 commode
1059 3888 1300 3957 expediri
1338 3888 1545 3957 possit:
1580 3889 1805 3955 proinde

222 3980 348 4020 eam
375 3962 501 4016 alibi
530 3960 918 4015 discutiendam
947 3961 1193 4031 relinquo
1218 3959 1377 4031 (Vide
1402 3961 1534 4014 inter
1560 3959 1689 4013 alias
1710 3960 1807 4013 ad-

223 4036 444 4089 ditiones
470 4033 539 4085 ad
563 4032 754 4087 calcem
779 4031 994 4101 aperis).

299 4105 328 4143 δ
358 4104 493 4158 Nota
524 4104 790 4172 spiritales
823 4099 1050 4173 hostias,
1079 4101 1132 4157 id
1164 4111 1250 4156 est
1279 4101 1560 4173 mysticam
1594 4099 1806 4173 Eucba-y

221 4177 399 4232 ristire
421 4175 769 4234 oblationem.
804 4188 899 4228 seu
927 4172 1102 4227 Missae
1127 4172 1448 4228 sacrificium
1473 4173 1634 4227 etiam
1662 4172 1804 4240 apud

218 4245 586 4301 anachoretas
610 4246 729 4299 illos
752 4244 1173 4313 frequentatum.
1203 4244 1403 4298 Dicitur
1432 4252 1609 4297 autem
1643 4244 1805 4313 spiri.

219 4317 395 4371 tualis
427 4314 621 4386 hostia,
652 4326 765 4369 tum
812 4318 937 4385 quia
967 4314 1235 4386 spirituali
1273 4324 1325 4386 et
1361 4313 1618 4368 ineffabili
1647 4314 1806 4368 modo

217 4387 479 4444 Christus
504 4385 618 4453 ipse
636 4384 889 4441 sacerdbs
910 4394 965 4440 et
988 4384 1203 4441 victima
1227 4384 1455 4440 offertur
1474 4395 1529 4440 et
1549 4385 1805 4453 sumitur,

220 4468 343 4513 tum
371 4457 499 4526 quia
526 4457 834 4526 spirituales
867 4456 995 4511 facit
1019 4472 1083 4511 ex
1112 4456 1442 4511 carnalibus.

307 4474 343 4511 ιι
411 4473 499 4511 uta
526 4473 834 4526 spmtuates
867 4473 995 4511 lacn.
1019 4473 1083 4511 ex
1112 4473 1442 4511 carnannus.

303 4540 328 4567 ε
360 4473 576 4596 θτὶμιθχ
608 4542 771 4582 causa
812 4528 1074 4594 spiritalis
1102 4527 1475 4593 desolationis,
1524 4540 1686 4595 quam
1719 4525 1806 4580 hic

220 4600 567 4656 sterilitatem
621 4599 735 4653 sive
782 4598 1091 4653 ariditatem
1139 4598 1369 4664 mentis,
1400 4597 1529 4652 alibi
1559 4606 1805 4663 teporem

217 4674 346 4726 sive
375 4670 710 4735 tepiditatem
742 4677 918 4724 vocat.

296 4741 325 4778 ἀ
356 4741 505 4797 Hanc
541 4755 755 4795 causam
800 4739 1079 4795 annotavit
1122 4738 1185 4793 D.
1228 4738 1518 4809 Gregorius
1555 4753 1588 4792 x
1618 4738 1804 4793 Mora].

220 4828 349 4882 cap.
381 4813 433 4864 7.
468 4810 637 4881 Saepe,
676 4811 870 4879 inquit,
916 4811 1181 4882 immunda
1220 4813 1456 4881 quaedam
1502 4809 1586 4882 vel
1624 4810 1809 4863 illicita

221 4880 401 4939 animo
430 4880 710 4945 versamus,
732 4883 926 4950 quoties
956 4899 987 4933 a
1009 4880 1239 4950 precibus
1266 4898 1525 4937 vacamus.
1556 4880 1661 4935 Sed
1691 4898 1809 4934 cum

218 4972 277 5011 se
306 4970 449 5007 mens
479 4954 545 5006 ad
572 4952 799 5006 studium
827 4954 1076 5006 orationis
1120 4953 1365 5018 erexerit,
1411 4969 1590 5007 earum
1631 4966 1809 5005 rerum

218 5027 476 5098 imagines
528 5024 843 5098 reverberata
890 5025 1105 5098 patitur,
1154 5022 1338 5098 quibus
1401 5024 1611 5098 libenter
1668 5023 1811 5098 prius

221 5094 391 5152 otioS-a
417 5097 773 5163 premebatur;
791 5105 836 5148 et
858 5094 1006 5164 quasi
1022 5096 1136 5164 jam
1159 5095 1340 5163 [aciem
1362 5095 1429 5146 ad
1452 5094 1615 5147 Deum
1638 5094 1813 5144 anima

221 5171 396 5222 levare
422 5181 527 5219 non
546 5166 755 5234 sit/ﬁcit,
779 5168 903 5235 quia
924 5166 981 5218 in
1008 5180 1062 5217 se
1083 5165 1325 5217 nimirum
1352 5165 1623 5235 inquinata
1651 5173 1817 5235 mente

218 5239 460 5292 maculas
510 5233 721 5305 polluta:
775 5233 1103 5305 cogitationis
1151 5235 1426 5287 erubescit.
1477 5234 1629 5300 Swpe
1677 5233 1815 5305 curis

220 5309 407 5361 mundi
462 5304 677 5360 libenter
721 5304 1072 5374 occupamur,
1121 5320 1336 5373 cumque
1381 5308 1599 5372 posthac
1644 5304 1817 5355 studio

219 5379 483 5433 orationis
512 5373 857 5441 intendimus,
892 5392 1209 5445 nequaquam
1249 5390 1304 5428 se
1334 5390 1473 5445 mens
1490 5375 1559 5445 ad
1589 5373 1818 5427 caelestia

216 5450 402 5522 erigit,
429 5450 553 5518 quia
576 5449 777 5516 pondus
805 5451 938 5501 hanc
968 5444 1184 5522 terrena:
1210 5444 1583 5522 sollicitudinis
1612 5444 1666 5496 in
1695 5459 1817 5522 pro-

218 5513 453 5591 fun'dn'm'
482 5513 690 5583 mersit;
723 5529 767 5591 et
800 5522 852 5572 in
876 5534 1025 5591 prece
1058 5519 1218 5591 facies
1248 5516 1441 5569 munda
1463 5531 1563 5591 non
1593 5513 1817 5591 estaudi—

220 5583 327 5658 tur,
380 5592 505 5660 quia
558 5583 885 5659 cogitationis
932 5583 1123 5657 inﬁnite
1170 5587 1279 5640 luto
1328 5584 1637 5660 maculatur.
1694 5583 1820 5660 llaac

218 5653 545 5730 Gregorius.
567 5653 701 5713 Vide
720 5653 1304 5715 Joannem'Climacum
1323 5656 1493 5728 gradu
1518 5653 1607 5721 28,
1624 5655 1715 5724 qui
1739 5663 1824 5710 est

218 5734 291 5788 de
318 5732 608 5788 Oratione.

258 5749 291 5789 θ
318 5743 608 5788 Urattone.

516 5827 793 5885 Ρηιιοι..
832 5823 1077 5915 XLIX.

1835 4566 1886 4626 D

1985 3196 2008 3223 θ
2048 3184 2217 3254 Hujus
2274 3182 2353 3238 rei
2408 3185 2615 3254 insigne
2668 3186 2974 3249 exemplum
3032 3187 3199 3242 habes
3254 3191 3304 3244 in
3362 3192 3500 3247 Vitis

1912 3256 2129 3310 Patrum
2160 3255 2297 3327 (Lib.
2332 3270 2370 3309 ιι
2401 3273 2447 3310 c.
2474 3255 2565 3325 29)
2594 3256 2675 3309 his
2703 3256 2885 3310 verbis
2908 3258 3135 3312 relatum
3162 3261 3211 3313 in
3243 3262 3497 3318 Macario.

1910 3327 2154 3392 Quodam
2183 3335 2431 3395 tempore
2460 3335 2621 3381 nocte
2653 3328 2703 3379 iu
2751 3329 2930 3395 specie
2977 3330 3228 3383 monachi
3283 3334 3498 3389 olzemon

1908 3398 1976 3452 ad
2006 3400 2125 3466 ejus
2147 3399 2344 3471 ostium
2372 3398 2605 3471 pulsavit
2635 3399 2855 3471 dicens:
2882 3398 3237 3471 Surge,iabba
3271 3402 3498 3471 Macari,

1909 3479 1963 3524 et
1992 3484 2177 3523 eamus
2221 3468 2288 3521 ad
2329 3468 2644 3533 collectam,
2680 3468 2770 3521 ubi
2805 3467 2998 3521 fratres
3025 3470 3090 3520 ad
3123 3471 3333 3538 vigilias
3365 3467 3499 3526 con;

1906 3548 2219 3608 gregantur.
2252 3538 2349 3591 llle
2396 3552 2525 3591 vero
2573 3539 2744 3608 gratia
2797 3538 3175 3608 Dei_repletus
3224 3542 3497 3598 intellexit

1907 3605 2107 3665 diaboli
2139 3608 2427 3669 fallaciam,
2455 3615 2511 3661 et
2539 3607 2614 3659 ait
2640 3623 2655 3658 :
2683 3606 2727 3659 Ο
2758 3605 2988 3660 mendax
3017 3618 3071 3660 et
3110 3611 3355 3664 veritatis
3392 3612 3497 3665 itii-

1908 3680 2068 3743 mice,
2112 3677 2240 3747 quid
2282 3676 2380 3730 tibi
2424 3676 2706 3741 consortii,
2740 3676 2869 3743 quid
2911 3677 3191 3747 societatis
3230 3694 3351 3733 cum
3381 3681 3497 3734 col-

1908 3750 2047 3805 lecta
2074 3745 2141 3803 ct
2156 3748 2578 3812 congregatione
2602 3757 2911 3799 sanctorum
2932 3745 2954 3796 't
2975 3747 3044 3797 At
3072 3747 3159 3801 ille
3188 3749 3263 3801 ait
3294 3767 3305 3801 :
3336 3750 3498 3806 Latet

1908 3834 2036 3889 ergo
2068 3826 2142 3883 te,
2191 3814 2495 3889 oAMacari,
2554 3815 2697 3889 quod
2744 3814 2861 3868 sine
2898 3817 3061 3889 nobis
3093 3818 3235 3889 nulla
3268 3822 3495 3876 collecta

1906 3886 2105 3960 agitur,
2140 3887 2668 3960 nullacongregatio
2698 3886 3122 3941 monachorum?
3159 3890 3287 3944 Veni
3317 3899 3373 3945 tu
3400 3893 3496 3947 de-

1908 3957 2102 4030 nique,
2163 3968 2217 4013 et
2260 3957 2468 4030 vide-bis
2524 3957 2601 4011 ibi
2650 3970 2821 4030 opera
2864 3966 3066 4030 nostra.
3115 3960 3255 4014 Dixit
3316 3974 3496 4018 autem

1908 4026 2273 4087 SCMacarius
2315 4044 2329 4082 :
2378 4026 2611 4097 Imperet
2664 4026 2757 4081 tibi
2807 4028 3087 4097 Dominus,
3129 4030 3339 4086 dmmOu
3398 4034 3499 4087 ini-

1908 4103 2131 4158 munde.
2162 4101 2226 4154 Et
2248 4114 2546 4154 conversus
2577 4098 2641 4151 ad
2672 4098 2997 4161 orationem,
3030 4103 3182 4168 petiit
3210 4118 3238 4154 a
3265 4103 3493 4159 Domino

1909 4185 1968 4228 ut
2016 4173 2118 4228 sibi
2149 4169 2459 4225 ostenderet
2497 4171 2540 4224 si
2575 4168 2677 4224 hoc
2715 4184 2901 4223 verum
2932 4180 3080 4224 esset
3107 4174 3247 4239 quod
3281 4175 3494 4232 αωηιοη

1907 4245 2262 4315 gloriabatur.
2298 4240 2446 4315 Abiit
2472 4256 2601 4308 ergo
2630 4240 2697 4315 ad
2724 4240 3031 4315 collectam,
3063 4242 3153 4315 ubi
3174 4258 3201 4298 a
3234 4244 3495 4303 fratribus

1908 4311 2107 4386 vigilia:
2128 4312 2565 4386 celebrabantur,
2582 4320 2637 4386 et
2659 4311 2851 4386 iterum
2876 4312 2930 4365 in
2948 4314 3193 4386 oratione
3210 4316 3497 4374 Dominum

1909 4382 2305 4454 deprecabatur
2350 4391 2423 4455 ut,
2454 4393 2509 4455 et
2548 4382 2599 4436 ei
2631 4382 2915 4436 veritatem
2945 4383 3093 4455 verbi
3124 4385 3284 4455 hujus
3314 4399 3498 4443 osten-

1910 4452 2080 4529 deret.
2129 4455 2194 4513 Et
2220 4468 2349 4529 ecce
2380 4452 2517 4508 vidit
2542 4468 2638 4521 per
2665 4460 2832 4529 totam
2874 4453 3158 4529 ecclesiam
3192 4452 3342 4527 quasi
3373 4476 3499 4529 par-

1910 4527 2068 4584 vulos
2113 4527 2375 4596 quosdam
2424 4537 2621 4596 pueros
2652 4522 2935 4596 Aithiopcs
2964 4525 3146 4593 nigros
3188 4522 3499 4587 discurrere

1913 4599 2018 4653 huc
2046 4594 2206 4667 atque
2238 4596 2395 4667 illuc,
2418 4594 2663 4667 et_velut
2690 4594 2972 4667 volitando
3000 4597 3221 4653 deferri.
3270 4599 3498 4655 Discur-

1911 4679 2094 4725 rentes
2120 4664 2305 4721 autem
2344 4666 2422 4738 illi
2455 4664 2741 4738 jEthiopes
2769 4666 2920 4735 pueri
2951 4667 3170 4736 singulis
3193 4672 3498 4738 quibusliue

1914 4740 2171 4795 fratribus
2206 4740 2257 4792 in
2290 4737 2537 4790 oratione
2565 4735 2752 4803 positis
2781 4744 2943 4804 atque
2987 4735 3341 4805 psallentibus
3363 4745 3501 4797 allu—

1914 4812 2144 4873 debant;
2178 4818 2231 4861 et
2256 4807 2302 4860 si
2333 4807 2418 4861 cui
2446 4822 2512 4861 ex
2536 4807 2603 4879 iis
2628 4806 2812 4879 oculos
2837 4807 3047 4862 duobus
3076 4809 3315 4879 digitulis
3344 4828 3492 4865 com—

1915 4882 2265 4951 pressissent,
2322 4879 2502 4951 statim
2546 4876 2911 4951 dormitabat;
2960 4880 3003 4931 si
3036 4876 3297 4951 cuifvero
3351 4882 3402 4934 in
3435 4898 3500 4937 os

1915 4946 2307 5007 immersissent
2337 4946 2585 5013 digitum,
2631 4946 2866 4999 oscitare
2893 4962 3015 5001 eum
3046 4949 3332 5003 faciebant.
3368 4952 3499 5007 ltetn

1917 5030 2039 5090 post
2071 5017 2487 5090 psalmum_cum
2519 5015 2583 5090 ad
2612 5015 2875 5090 orandum
2908 5031 2965 5090 se
3007 5020 3355 5085 projecissent
3392 5023 3501 5075 fta-

1919 5086 2050 5152 tres,
2085 5086 2490 5156 percurrebautr
2523 5086 2716 5138 iterum
2764 5087 3031 5153 singulos;
3084 5097 3139 5141 et
3179 5100 3305 5142 ante
3332 5092 3496 5144 altum

1916 5155 2133 5231 quidem
2159 5156 2427 5231 jacentem
2482 5155 2537 5208 in
2582 5156 2846 5231 oratione,
2899 5158 3056 5224 quasi
3102 5160 3159 5231 in
3212 5160 3500 5231 mulierum

1917 5226 2101 5302 specie
2152 5228 2529 5302 vertebantur;
2566 5232 2707 5302 ante
2754 5226 2915 5302 alium
2961 5230 3110 5295 quasi
3144 5230 3498 5296 aediﬁcantes,

1920 5295 2015 5360 aut
2040 5308 2391 5370 apportantes
2416 5295 2644 5364 aliquid,
2668 5304 2760 5348 aut
2785 5296 2999 5370 diversa
3028 5314 3255 5366 quaeque
3281 5295 3503 5368 agentes

1920 5367 2275 5443 apparebant.
2302 5369 2368 5443 _Et
2397 5367 3051 5443 quaecumquedaemoues
3078 5371 3231 5443 quasi
3256 5367 3503 5443 ludentes

1924 5437 2273 5503 formassent,
2304 5438 2420 5492 haec
2445 5448 2664 5492 orantes
2688 5437 2767 5490 illi
2789 5439 2841 5491 in
2863 5437 3041 5508 cordis
3069 5437 3154 5492 sui
3176 5441 3509 5508 cogitatione

1925 5514 2233 5569 versabant.
2259 5510 2341 5564 Ab
2365 5509 2655 5577 aliquantis
2679 5517 2857 5562 tamen
2884 5506 3159 5575 fratribus,
3190 5506 3280 5565 ubi
3303 5511 3506 5578 aliquid

1926 5586 2120 5640 horum
2171 5595 2335 5651 agere
2383 5581 2707 5649 cmpissent,
2754 5582 2903 5649 quasi
2959 5580 3226 5635 violenter
3280 5585 3504 5649 repulsi,

1930 5652 2255 5725 praecipitati
2302 5652 2821 5725 tlejiciebantur,ita
2853 5659 2910 5725 ut
2940 5668 3043 5707 nec
3072 5664 3216 5708 stare
3258 5662 3382 5706 ante
3411 5667 3508 5707 eos

1932 5722 2025 5781 aut
2058 5722 2286 5780 transire
2334 5724 2614 5781 auderent.
2662 5722 2765 5779 Alii
2795 5724 2955 5779 etiam
2995 5739 3157 5795 supra
3186 5726 3429 5781 cervices
3453 5735 3516 5783 et

2910 5819 2983 5877 19
