4026 6204
452 292 561 351 587

1512 278 1795 339 JOANNIS
1830 275 2151 337 CASSIANI
2185 276 2666 336 COLLATIONES

3632 273 3738 333 381

452 406 613 465 bonis
632 406 1042 472 nonnumquam
1075 395 1271 454 studiis
1297 392 1489 460 dediti,
1515 393 1711 448 callida
1743 392 2044 448 subtilitate
2070 399 2119 457 Α
2149 398 2207 446 ιιι
2238 391 2633 461 perseverantia
2660 396 2868 455 nostra,
2892 388 2979 443 vel
3009 386 3206 443 mentis
3228 387 3537 444 constantia
3558 394 3614 442 et
3640 386 3740 443 de-

454 506 693 555 mentem
736 506 981 551 nostram
1028 487 1341 545 adversario
1383 494 1728 556 penetrante,
1776 485 1860 540 vel
1892 485 2045 554 igno-

453 601 638 648 rantes
694 590 763 645 ab
809 586 1033 644 ontimis
1089 580 1482 637 intentionibus
1542 575 1912 633 abstrabimur
1961 575 2045 631 vel

454 683 635 739 inviti.

1082 767 1308 825 CAPUT
1349 766 1417 821 IV
1436 818 1437 821 η

528 868 677 936 Quod
721 864 1126 937 dispensationis
1169 878 1231 915 ac
1271 858 1592 943 probationis
1634 855 1736 911 Dei
1778 855 1977 925 duplex

1118 949 1274 989 causa
1301 939 1387 986 sit.

534 1062 558 1090 ει
602 1050 1026 1121 Dispensationis
1078 1055 1289 1113 autem,
1339 1044 1425 1100 vel
1471 1040 1810 1114 probationis
1840 1036 2053 1093 Domini

459 1146 660 1216 duplex
691 1159 857 1199 causa
886 1152 970 1199 est
1004 1160 1017 1193 :
1049 1141 1077 1180 ιι
1106 1142 1307 1211 prima,
1339 1144 1395 1192 ut
1423 1137 1697 1207 paulisper
1727 1133 1795 1188 ab
1820 1132 1941 1201 ipso
1962 1130 2054 1185 de.

460 1238 655 1302 relicti,
687 1245 742 1292 et
770 1237 963 1291 mentis
994 1242 1195 1289 nostra!
1224 1229 1500 1285 humiliter
1523 1228 1797 1281 intuentes
1825 1222 2056 1278 inﬁrmi-

461 1340 626 1385 tatem
654 1374 668 1398 ,
711 1336 767 1383 et
810 1339 1147 1397 nequaquam
1208 1336 1373 1392 super
1426 1317 1773 1390 praecedente
1826 1314 2061 1401 puritate

457 1419 663 1485 cordis,
700 1422 821 1489 quae
851 1418 1008 1472 nobis
1038 1415 1183 1471 illius
1211 1423 1295 1469 est
1322 1410 1632 1466 visitatione
1660 1409 1858 1465 donata
1886 1448 1900 1473 ,
1932 1404 2057 1461 nul-

460 1511 674 1566 latcnus
702 1510 1049 1574 extollatnur,
1092 1507 1491 1577 probantesque
1516 1517 1615 1558 nos
1645 1502 1715 1557 ab
1740 1500 1934 1555 eodem
1963 1500 2059 1554 de-

460 1605 685 1660 relictos
707 1644 721 1669 ,
752 1602 1041 1674 gemitibus
1070 1600 1277 1655 nostris
1305 1608 1359 1653 et
1386 1594 1650 1652 industria
1677 1594 1829 1649 illum
1863 1593 2062 1647 laetitias

461 1712 525 1752 ac
544 1696 792 1765 puritatis
817 1702 1021 1748 statum
1036 1706 1361 1761 recuperare
1380 1706 1483 1743 non
1500 1701 1657 1758 posse
1673 1685 2059 1754 intelligamus,

2148 483 2403 539 siderium
2438 482 2818 551 comprobetur
2844 525 2857 549 ,
2917 496 3126 550 quaque
3156 480 3456 535 intentione
3484 479 3665 535 cordis
3687 488 3744 535 et

2148 574 2456 629 orationum
2510 573 2763 627 instantia
2826 571 3170 627 deserentem
3225 585 3325 626 nos
3376 570 3747 628 visitationem

2152 667 2325 721 sancti
2356 666 2588 734 Spiritus
2625 663 2998 734 requiramus,
3050 662 3429 719 manifestatur
3471 664 3525 718 in
3557 664 3746 722 nobis:

2154 773 2218 813 ac
2248 759 2456 827 pariter
2483 766 2838 826 agnoscentes
2867 766 3068 825 quanto
3095 755 3281 810 labore
3308 756 3571 812 amissum
3604 756 3750 812 istud

2159 850 2403 919 Spiritale
2442 849 2697 920 gaudium
2741 857 2797 903 et
2844 849 3093 917 puritatis
3142 848 3327 903 laetitia
3372 850 3751 919 conquiratur,

2156 942 2447 997 sollicitius
2488 942 2758 996 inventam
2804 940 3112 1006 custodire,
3154 957 3217 995 ac
3254 949 3438 996 tenere
3493 943 3756 997 intentius

2157 1036 2491 1092 studeamus.
2534 1034 2943 1101 Quodammodo
2987 1036 3132 1089 enim
3167 1034 3529 1104 negligentius
3571 1046 3756 1090 custoo

2158 1128 2263 1184 diri
2291 1129 2464 1194 solet,
2498 1127 2757 1197 quidquid
2798 1126 3039 1181 creditur
3083 1126 3239 1181 facile
3273 1142 3439 1197 posse
3484 1129 3750 1197 reparari.

2798 1237 3027 1294 CAPUT
3066 1237 3130 1293 ν.

2166 1335 2315 1403 Quod
2348 1336 2573 1389 studium
2609 1341 2653 1389 et
2685 1332 2944 1403 industria
2974 1341 3150 1385 nostra
3185 1332 3317 1385 nihil
3350 1332 3459 1385 sine
3493 1330 3753 1401 adjutorio

2735 1402 2836 1457 Dei
2882 1406 3178 1473 praevaleat.

2234 1498 2343 1554 Per
2371 1513 2492 1567 qua:
2527 1496 2807 1553 evidenter
2842 1495 3130 1565 probatur,
3166 1494 3392 1565 gratiam
3437 1494 3531 1548 Dei
3562 1508 3627 1547 ac
3656 1495 3757 1547 mi-

2163 1592 2516 1646 sericordiam
2549 1604 2765 1658 semper
2807 1590 3023 1658 operari
3065 1588 3118 1642 in
3171 1586 3327 1641 nobis
3366 1602 3428 1641 ea
3458 1601 3579 1655 qua:
3616 1585 3755 1640 bona

2165 1694 2311 1742 sunt.
2335 1686 2451 1752 Qua
2469 1686 2777 1750 deserente,
2798 1681 2931 1736 nihil
2953 1676 3139 1735 valeria
3162 1680 3399 1735 studium
3430 1680 3755 1741 laborantis,

463 1797 518 1843 et
548 1788 878 1857 praeteritam
909 1784 1089 1839 cordis
1116 1784 1449 1836 alacritatem
1482 1793 1590 1834 non
1630 1786 1817 1832 nostro
1850 1776 2053 1843 studio,
2087 1778 2135 1839 B
2162 1785 2215 1834 et
2274 1777 2669 1848 quantumlibet
2726 1773 2890 1828 animi
2962 1773 3186 1827 nitentis
3256 1770 3580 1825 industriam
3640 1769 3760 1824 sine

464 1878 559 1933 sed
589 1877 737 1934 illius
769 1876 1079 1946 dignatione
1112 1874 1267 1930 nobis
1313 1873 1480 1929 fuisse
1517 1872 1804 1937 collatam,
1835 1882 1889 1925 et
1921 1885 2058 1940 prae-

466 1980 676 2028 sentem
705 1972 773 2027 de
800 1970 969 2039 ipsius
998 1984 1211 2025 rursum
1240 1967 1411 2037 gratia
1438 1976 1490 2021 et
1521 1966 1911 2020 illuminatione
1934 1979 2054 2020 esse

467 2062 818 2137 poscendam.
852 2070 873 2101 ο
908 2061 1158 2119 Secunda
1202 2076 1329 2115 vero
1381 2056 1712 2128 probationis
1755 2067 1837 2113 eSt
1866 2064 2050 2123 causa,

2166 1874 2337 1943 ipsius
2368 1873 2562 1927 iterum
2595 1869 2866 1939 adjutorio
2893 1875 3088 1922 statum
3117 1866 3402 1937 pristinum
3435 1878 3765 1936 recuperare

2168 1982 2273 2021 non
2301 1981 2486 2036 posse,
2518 1964 2757 2034 illudque
2784 1963 2982 2033 jugiter
3010 1962 3063 2015 in
3088 1961 3244 2016 nobis
3276 1959 3509 2029 impleri,
3544 1976 3647 2013 non
3675 1973 3768 2011 co-

2161 2059 2343 2124 lentis,
2378 2074 2539 2129 neque
2570 2056 2859 2123 currentis,
2891 2054 2979 2109 sed
3009 2053 3294 2107 miserentis
3322 2060 3397 2107 est
3439 2050 3537 2105 Dei
3583 2050 3764 2119 (Rom.

1534 2190 1795 2248 ALARDI
1832 2190 2065 2247 ϐΑΖᾸέΙ
2103 2190 2671 2249 COMMENTARIUS.

469 2316 629 2370 dorsa
662 2311 939 2367 ludebant.
977 2307 1103 2361 Haec
1132 2320 1254 2360 cum
1277 2305 1502 2359 vidisset
1528 2304 1589 2359 S.
1619 2304 1902 2367 Macarius,
1933 2319 2054 2371 gra-

469 2388 609 2441 viter
630 2384 985 2449 ingemuit,et
1007 2380 1275 2449 lacrymas
1298 2376 1654 2445 profundens,
1675 2374 1740 2428 ad
1768 2376 2052 2449 Dominum

470 2458 643 2510 dixit:
677 2446 927 2522 Respice,
962 2446 1308 2522 Domine,_tte
1335 2450 1521 2510 sileas,
1554 2460 1725 2522 neque
1769 2446 2029 2522 niitigeris

471 2527 638 2587 Deus,
673 2518 767 2577 sed
790 2513 1064 2588 'exsurge,
1098 2526 1152 2571 et
1201 2516 1583 2585 dispergantur
1630 2513 1836 2569 inimici
1868 2516 1967 2580 tui,
2000 2528 2030 2569 e

472 2597 678 2663 fugiant
705 2608 735 2647 a
766 2592 902 2647 facie
931 2600 1047 2663 tua,
1080 2599 1189 2663 etc.
1210 2588 1342 2642 Post
1369 2588 1669 2663 orationem
1696 2593 1895 2663 autem,
1929 2600 2057 2663 exa-

472 2657 739 2721 minandas
771 2662 1016 2717 veritatis
1052 2659 1250 2729 gratia,
1284 2658 1515 2712 seorsim
1546 2658 1782 2729 evocatis
1830 2657 2057 2729 singulis

473 2740 776 2807 quibusque
808 2728 1113 2807 fratribus,
1148 2731 1369 2807 inquirit
1416 2729 1493 2807 ab_
1513 2729 1590 2783 eis
1622 2728 1750 2807 siin
1785 2728 2052 2807 oratione,

474 2797 559 2863 vel
580 2797 873 2861 aedificandi
899 2797 1253 2872 cogitationes
1276 2800 1594 2872 habuerint,
1612 2799 1691 2851 vel
1719 2800 1819 2851 iter
1842 2797 2056 2872 agendi,

473 2880 561 2933 vel
592 2879 692 2931 alia
721 2870 1110 2942 diversa,'qiiie
1133 2872 1424 2940 unicuique
1450 2885 1544 2938 per
1570 2871 1843 2942 daemones
1872 2870 2061 2939 imagi-

474 2959 598 3005 nata
628 2948 855 3002 viderat.
890 2940 955 2998 Et
999 2940 1198 3011 singuli
1227 2957 1414 2995 eorum
1457 2942 1532 2995 ita
1580 2940 1978 2995 conﬁtebantur
2006 2943 2059 2995 in

476 3020 639 3076 corde
670 3033 767 3073 suo
794 3019 868 3071 ita
901 3016 1067 3068 fuisse
1092 3012 1447 3082 cogitationes
1477 3013 1616 3066 sicut
1658 3012 1745 3066 ille
1777 3013 2056 3081 arguebat.

476 3092 545 3146 Et
591 3100 717 3145 tunc
757 3087 1089 3142 intellectum
1136 3091 1221 3137 est
1267 3082 1408 3151 quod
1442 3098 1628 3136 omne;
1676 3082 1780 3137 ilice
1831 3098 1982 3145 vana:
2010 3092 2081 3151 et,

2158 2306 2499 2369 credidimus,
2533 2314 2737 2374 repente
2777 2306 2955 2357 intima
2980 2305 3283 2370 confusione
3322 2315 3607 2357 vastamur.
3656 2302 3771 2360 Sed

2161 2389 2333 2429 tamen
2374 2378 2606 2447 ejusdem
2634 2376 2939 2445 confusione
2969 2376 3213 2428 discimus
3245 2391 3308 2429 nc
3350 2375 3545 2429 vitibus
3575 2379 3773 2432 nostris

2162 2456 2336 2500 nostra
2368 2448 2582 2501 consilia
2612 2448 2934 2511 tribuamus;
2980 2457 3025 2499 et
3055 2457 3195 2518 tanto
3224 2448 3564 2518 maturiusad
3592 2449 3773 2518 gravi-

2161 2526 2314 2570 tatem
2364 2518 2764 2587 restringimur,
2814 2524 3007 2581 quanto
3051 2517 3121 2569 ad
3167 2514 3301 2569 hunc
3338 2516 3483 2586 quasi
3519 2514 3773 2570 (intissam

2162 2588 2410 2641 redimus.
2458 2589 2750 2657 Aliquando
2781 2588 2905 2640 dum
2947 2603 3130 2659 magna
3156 2602 3251 2639 nos
3289 2590 3422 2641 scire
3454 2588 3766 2657 gaudemus,

2162 2661 2443 2726 repentinae
2481 2659 2791 2728 ignorantia:
2837 2661 3063 2712 crccitate
3110 2660 3445 2728 torpescimus
3476 2659 3622 2729 :‘sed
3661 2675 3774 2727 quo

2164 2730 2464 2801 ignorantia
2496 2733 2680 2782 mentis
2710 2730 2871 2783 oculis
2898 2730 2963 2783 ad
3010 2740 3329 2801 momentum,
3361 2730 3626 2782 clauditur
3649 2770 3664 2790 ,
3708 2746 3775 2801 eo

2170 2796 2284 2868 post
2314 2799 2381 2851 ad
2414 2800 2675 2853 scientiam
2710 2802 2874 2853 rarius
2906 2803 3171 2870 aperitur;
3202 2809 3253 2852 ut
3285 2800 3528 2852 nimirum
3557 2796 3775 2871 ﬂagello

2165 2885 2275 2923 sua:
2297 2871 2541 2925 excitatis
2562 2872 2817 2933 eruditus,
2848 2871 2976 2924 scire
3002 2873 3171 2937 ipsum
3201 2886 3229 2922 a
3258 2886 3356 2940 quo
3385 2872 3590 2937 habeat,
3612 2872 3772 2926 sciat.

2169 2941 2296 2996 Haec
2322 2952 2377 2996 et
2400 2943 2505 2995 alia
2536 2944 2595 2994 D.
2625 2942 2945 3010 Gregorius.
2980 2942 3089 2997 Sed
3117 2950 3174 2995 et
3196 2945 3254 2995 li.
3282 2942 3590 2995 Bernardus
3621 2943 3769 2997 idem

2169 3026 2542 3081 argumentum
2591 3014 2967 3081 capiosiSsime
3014 3024 3250 3068 tractans
3297 3031 3309 3066 :
3357 3012 3642 3081 Superbia,
3678 3015 3772 3068 in-

2169 3080 2284 3151 quit
2314 3084 2505 3150 (Serm.
2534 3080 2602 3138 54
2632 3084 2684 3136 in
2706 3082 2962 3154 Cantica),
2995 3085 3197 3154 iuventa
3226 3084 3276 3135 in
3302 3099 3399 3145 me,
3431 3090 3477 3135 et
3506 3080 3771 3138 Dominus

475 3160 766 3229 superﬂua:
788 3156 1164 3223 cogitationes,
1194 3168 1327 3230 quas
1358 3153 1441 3230 vel
1466 3154 1791 3230 psalmorum
1822 3152 1907 3206 vel
1938 3160 2062 3230 ora-
2089 3168 2135 3230 ρ
2170 3153 2442 3230 declinavit
2476 3156 2525 3206 in
2552 3155 2631 3230 ira
2653 3170 2683 3230 ᾳ
2709 3170 2860 3230 servo
2884 3152 2996 3207 suo.
3029 3153 3168 3207 Hinc
3193 3155 3289 3230 ista
3315 3155 3557 3230 sterilitas
3579 3156 3775 3230 animi;

477 3222 686 3286 tionum
718 3222 963 3297 tempere
1012 3224 1378 3297 unusquisque
1419 3222 1673 3297 inncorde
1696 3225 2057 3297 conceperit,

478 3302 734 3357 illusione
762 3308 816 3355 et
836 3292 1103 3353 instinctu
1130 3294 1437 3348 daemonum
1470 3292 1628 3357 fiant;
1662 3292 1727 3345 ab
1758 3294 1839 3346 his
1880 3305 2060 3348 autem

479 3374 573 3443 qui
601 3373 747 3427 omni
775 3368 1014 3443 custodia
1043 3380 1136 3420 cor
1154 3378 1314 3443 suum
1359 3372 1599 3443 servant,
1632 3365 1755 3417 tetri
1788 3367 2061 3443 repellun-

480 3435 569 3499 tur
600 3444 905 3512 Ethiopes.
940 3439 1051 3492 Deo
1081 3437 1225 3512 enim
1255 3435 1546 3512 conjuncta
1574 3449 1752 3512 mens,
1782 3439 1911 3512 etin
1945 3437 2064 3505 ipso

478 3518 753 3585 praecipue
786 3504 1026 3585 tempore
1053 3507 1318 3585 orationis
1345 3504 1757 3585 ititeptaknibil
1800 3504 2061 3585 alienum,

480 3576 615 3640 nihil
646 3576 987 3654 superfluum,
1029 3576 1771 3654 recipit,_llaec_ibi._Similia
1813 3580 2061 3654 esempla

481 3647 778 3711 exstant'in
811 3654 927 3709 Vita
958 3652 1015 3706 S.
1044 3650 1261 3703 Antonii
1286 3648 1426 3715 apud
1458 3648 1832 3713 Athanasium,
1865 3648 1919 3702 in
1944 3647 2065 3704 Vita

480 3726 773 3783 Hilarionis
806 3725 945 3794 apud
977 3723 1038 3775 D.
1070 3720 1480 3794 Hieronymum,
1513 3720 1747 3794 itemque
1777 3718 1881 3794 ulla
1922 3721 2067 3794 apud

481 3799 547 3879 13..
571 3788 1015 3879 Gregoriuipulib.
1048 3788 1570 3879 t_tD_i:t_li,_et
1600 3790 1740 3879 apud
1767 3790 2065 3846 Caesarium

482 3860 828 3924 Cisterciens.
860 3867 955 3921 lib.
986 3879 1018 3918 v
1047 3862 1116 3917 de
1148 3862 1418 3915 Miraculis
1446 3875 1568 3929 cap.
1598 3860 1654 3915 5.

558 3948 585 3977 λ
630 3939 685 3993 Id
714 3946 829 4002 est,
876 3934 1231 4005 providentiae
1267 3932 1460 4005 divinae
1485 3974 1498 3997 ,
1531 3946 1663 4005 qum_
1699 3932 1858 3986 tertia
1903 3947 2068 3988 causa

483 4009 746 4081 spiritalis
773 4000 1407 4081 desolationissuperius
1439 4012 1519 4081 est
1554 4000 1848 4081 assignata.

557 4081 585 4119 ι’
626 4080 775 4133 Hanc
814 4090 1030 4131 causam
1076 4073 1332 4142 spiritalis
1360 4072 1713 4142 desolationis
1742 4087 1808 4124 ex
1838 4071 2073 4136 disposi-

484 4152 633 4205 tione
661 4157 718 4202 et
746 4148 1061 4218 probatione
1092 4144 1269 4218 divina
1296 4141 1687 4218 provetiientis,
1713 4142 1989 4218 eleganter
2017 4153 2073 4218 et

485 4221 719 4289 copiose
747 4212 980 4289 inplicat
1014 4216 1074 4289 Ι)ἒ
1104 4212 1399 4289 Gregorius
1423 4252 1436 4277 ,
1484 4212 1606 4289 lucc
1636 4212 1775 4289 inter
1807 4214 1906 4264 alia
1936 4215 2073 4289 scri-

484 4280 621 4345 Dens
665 4286 801 4358 (Lib.
822 4280 871 4340 ἰι
902 4284 1093 4358 Morel.
1125 4298 1239 4358 cap.
1272 4283 1367 4358 g7)
1409 4300 1423 4336 :
1471 4280 1562 4334 Fit
1599 4290 1652 4333 ut
1698 4282 1977 4358 aliquando
2023 4300 2076 4358 se

486 4363 595 4415 hare
642 4352 811 4430 gratia
853 4356 1058 4430 utiliter
1096 4352 1361 4406 subtrahat
1388 4391 1401 4411 .
1433 4355 2069 4430 et-_prte_sumenti_menti,

484 4422 734 4502 quantum
775 4430 829 4482 in
874 4443 927 4502 se
965 4425 1273 4494 inﬁrmatur,
1321 4424 1558 4502 ostendit.
1607 4422 1754 4502 Tunc
1794 4424 1927 4502 enim
1964 4440 2078 4502 vere

486 4494 838 4572 cognoscimus
868 4498 1001 4572 bona
1027 4504 1201 4572 nostra
1227 4494 1364 4547 unde
1383 4496 1509 4572 sint,
1546 4494 1752 4572 quando
1788 4496 1895 4548 haec
1924 4499 2075 4563 quasi

486 4564 765 4626 amittendo
788 4568 1035 4623 sentimus
1055 4608 1069 4631 ,
1098 4568 1221 4637 quia
1250 4582 1281 4618 a
1305 4564 1453 4637 nobis
1487 4566 1677 4637 servari
1706 4580 1806 4618 non
1833 4578 2067 4635 possunt.

486 4644 568 4697 Ad
604 4642 700 4694 hoc
722 4641 893 4711 itaque
920 4634 1223 4711 intimandte
1256 4634 1558 4711 humilitatis
1594 4634 1941 4711 magisterium
1964 4679 1977 4699 ,
2010 4639 2073 4711 fit

487 4716 790 4784 plerumque
810 4706 885 4784 ἰρι
918 4709 1159 4763 irruentis
1191 4706 1482 4784 tenAtationis
1508 4706 1747 4784 articulo,
1774 4716 1915 4759 tanta
1941 4710 2071 4761 stul-
2098 4746 2109 4755 .

480 4776 601 4837 titia
638 4776 941 4851 sapientiam
988 4789 1213 4851 nostram
1253 4778 1432 4851 feriat,
1461 4786 1516 4851 ut
1541 4776 1745 4829 turbata
1776 4793 1916 4829 mens
1940 4790 2072 4848 qua-

480 4856 603 4910 liter
628 4848 780 4907 malis
804 4850 1185 4905 imminentibus
1212 4849 1407 4911 obviet,
1438 4848 1515 4901 vel
1540 4858 1717 4901 contra
1744 4851 2070 4902 tentationem

482 4928 739 4995 quomodo
780 4940 832 4977 se
871 4930 1123 4995 pra'paret
1143 4961 1157 4986 ,
1190 4921 1410 4995 ignoret.
1458 4918 1562 4995 S_ed
1593 4919 1687 4972 hac
1716 4920 1827 4989 ipsa
1852 4921 2071 4995 stultitia

482 4990 573 5051 cor
591 4990 1137 5065 prudenter‘eruditur,
1154 4990 1424 5065 quiaunde
1442 4990 1510 5065 ad
1532 5000 1837 5065 momentum
1859 4992 2061 5065 desipit,

481 5084 540 5121 eo
568 5062 682 5134 post
706 5067 867 5119 verius
899 5079 999 5134 quo
1027 5073 1073 5117 et
1101 5062 1346 5115 humilius
1376 5062 1545 5134 sapit;
1578 5068 1624 5113 et
1649 5063 1902 5134 sapientia
1925 5064 2074 5128 quasi

481 5132 620 5191 unde
639 5132 918 5198 amittitur,
938 5135 1057 5189 inde
1078 5135 1262 5188 certius
1284 5132 1590 5203 possidetur.
1626 5132 1919 5203 Aliquando
1945 5134 2069 5186 dum

400 5262 403 5269 ,
480 5208 724 5289 sublimia
745 5207 1093 5289 intelligendo
1120 5208 1175 5259 in
1210 5205 1429 5289 elqtiqne
1468 5220 1521 5289 se
1556 5205 1759 5286 animus
1798 5205 1970 5287 erigit,

480 5279 632 5333 rebus
666 5280 782 5331 imis
813 5287 861 5331 et
889 5274 1069 5331 vilibus
1096 5278 1239 5343 gravi
1269 5274 1569 5327 hebetudine
1596 5276 1856 5343 pigrescit,
1880 5274 1946 5327 'ut
1970 5275 2069 5329 sibi

482 5350 636 5404 etiam
672 5356 881 5419 repente
915 5350 1018 5401 ima
1056 5344 1233 5401 clausa
1266 5346 1467 5419 videat,
1644 5347 1827 5419 pernix
1867 5354 2068 5419 summa

483 5414 798 5487 penetrabat.
850 5418 959 5474 Sed
988 5421 1095 5472 hac
1136 5421 1253 5486 ipsa
1291 5414 1545 5470 hebetudo
1571 5415 1884 5471 intellectum
1922 5417 2068 5471 nobis

482 5489 609 5544 dum
637 5490 927 5555 subtrahit,
968 5499 1166 5555 servat;
1215 5489 1337 5555 quia
1378 5487 1499 5539 dum
1540 5487 1607 5538 ad
1638 5496 1947 5541 "tomentum
1974 5500 2066 5540 cor

482 5562 754 5624 humiliat,
793 5563 962 5613 verius
1004 5561 1074 5611 ad
1116 5560 1355 5614 sublimia
1396 5556 1731 5629 intelligenda
1768 5558 2065 5628 conﬁrmat.

482 5631 779 5699 Aliquando
798 5632 928 5700 dum
953 5639 1136 5683 cuncta
1163 5644 1257 5685 nos
1276 5630 1651 5700 ageregconsilii
1671 5630 1919 5700 gravitate
1938 5642 2070 5700 gou-

482 5646 779 5699 Auquanao
808 5646 928 5682 aum
953 5646 1136 5683 cuncta
1163 5646 1257 5685 nos
1276 5646 1429 5700 agerc
1452 5646 1649 5681 constm
1708 5646 1919 5683 raritate
1938 5646 2069 5700 gau-

482 5700 683 5772 demus,
713 5699 953 5772 pulsante
978 5714 1149 5754 causa
1177 5698 1475 5772 emergentis
1499 5646 1739 5772 articuilo,
1771 5702 2069 5772 praecipita-

482 5769 619 5823 tione
640 5768 811 5829 subita
827 5768 1083 5837 rapimur,
1104 5778 1154 5826 et
1174 5771 1262 5839 qui
1281 5768 1374 5824 nos
1390 5783 1590 5840 semper
1612 5768 1857 5840 disposite
1879 5768 2068 5851 viigigu

2169 3240 2313 3287 ntere,
2341 3235 2386 3277 et
2410 3224 2695 3278 devotionis
2722 3227 2913 3295 inapia,
2937 3238 3090 3294 quam
3116 3226 3305 3289 patior.
3340 3224 3461 3277 Non
3492 3228 3775 3347 compungi

2169 3295 2235 3347 ad
2256 3294 2512 3347 lacrumas
2533 3311 2681 3347 aueo-
2712 3312 2815 3347 non
2848 3298 2981 3347 sanit
3005 3297 3254 3347 psalmus.
3284 3311 3383 3347 non
3413 3296 3579 3347 iniere
3631 3296 3732 3347 ibet
3752 3334 3770 3347 λ

2167 3295 2235 3347 ad
2256 3294 2512 3368 lacrgmas
2533 3311 2681 3362 queo,
2712 3294 2815 3348 non
2848 3298 2981 3361 sapit
3005 3297 3254 3368 psalmus,
3284 3311 3383 3347 non
3413 3296 3579 3368 legere
3608 3294 3737 3349 Iibei
3752 3334 3770 3363 ,

2168 3382 2270 3419 non
2294 3382 2441 3418 orare
2460 3365 2695 3434 delectat,
2720 3365 3072 3421 meditationes
3095 3368 3270 3418 solitas
3294 3382 3395 3418 non
3416 3366 3649 3431 invenio;
3679 3368 3775 3420 ubi

2167 3447 2239 3489 est
2260 3435 2358 3489 illa
2379 3437 2646 3489 inebriatio
2668 3439 2917 3503 spiritus?
2945 3439 3027 3491 ubi
3056 3439 3237 3489 mentis
3260 3438 3529 3499 serenitas,
3556 3446 3601 3488 et
3630 3453 3773 3507 gau-

2169 3508 2331 3571 dium,
2364 3517 2410 3560 et
2442 3523 2545 3575 pan:
2589 3510 2641 3560 in
2674 3508 2874 3578 Spiritu
2905 3509 3120 3562 sancto?
3158 3508 3222 3561 Et
3258 3508 3395 3561 infra
3429 3525 3441 3559 :
3477 3510 3773 3579 Argumen-

2171 3588 2297 3644 tum,
2333 3579 2532 3645 inquit,
2561 3579 2814 3647 superbit:
2842 3589 2918 3631 est
2940 3580 3161 3649 privatio
3184 3580 3386 3647 gratiae.
3439 3580 3771 3645 Quamquam

2170 3649 2426 3701 interdum
2471 3649 2793 3703 subtrahitur
2826 3648 3023 3720 gratia,
3066 3650 3170 3703 sive
3207 3648 3513 3713 retrahitur,
3542 3667 3641 3703 non
3672 3665 3771 3716 pro

2172 3721 2440 3790 superbia,
2465 3734 2576 3788 qua:
2594 3721 2705 3789 jam
2734 3731 2825 3783 est,
2857 3722 2942 3773 sed
2979 3736 3088 3790 quia
3118 3721 3293 3789 futura
3324 3730 3398 3773 est
3427 3723 3531 3774 nisi
3560 3722 3772 3775 subtra-

2171 3788 2349 3843 hatur.
2393 3789 2568 3843 Habes
2598 3788 2752 3860 hujus
2787 3792 2864 3845 rei
2888 3788 3096 3843 evidens
3119 3788 3491 3844 documentum
3529 3794 3582 3845 in
3623 3794 3768 3860 Apo-

2174 3862 2327 3926 stolo,
2360 3862 2447 3930 qui
2475 3864 2705 3914 stimulos
2749 3862 2920 3915 carnis
2948 3878 3055 3916 suae
3082 3863 3363 3915 sustinebat
3398 3863 3590 3916 invitus
3610 3904 3623 3924 ,
3662 3870 3772 3918 nats

2174 3932 2296 4001 quia
2335 3932 2668 3985 extolleretur
2692 3976 2705 3996 ,
2748 3933 2839 3985 sed
2878 3949 2939 3986 ne
2968 3932 3318 3986 extolleretur.
3366 3933 3473 3987 Sed
3514 3935 3620 3987 sive
3651 3936 3773 4003 jam

2176 4003 2423 4075 existens,
2458 4004 2560 4055 sive
2598 4004 2854 4067 nondum,
2896 4003 3133 4073 superbia
3173 4010 3343 4057 tamen
3382 4019 3582 4075 seraper
3608 4018 3773 4059 cum

2177 4074 2274 4125 erit
2302 4074 2575 4125 subtracta:
2604 4077 2803 4141 gratim.

2253 4153 2277 4179 ο
2325 4141 2380 4195 In
2426 4157 2524 4195 suo
2568 4154 2623 4197 et
2669 4146 2897 4198 aliorum
2948 4144 3319 4213 experimento
3365 4144 3652 4200 conﬁrmat
3702 4147 3772 4204 D.

2179 4212 2481 4286 Bernardus
2509 4214 2701 4282 (Serm.
2729 4216 2762 4269 9
2786 4216 2838 4267 in
2872 4212 3105 4280 Cantica)
3134 4234 3145 4267 :
3180 4215 3376 4281 Quibus
3405 4217 3635 4270 studium
3666 4230 3766 4286 est,

2177 4283 2371 4355 inquit,
2392 4300 2559 4347 orare,
2579 4286 2865 4355 frequenter
2895 4288 3090 4353 experti
3125 4296 3242 4340 sunt
3277 4288 3410 4355 quod
3450 4288 3585 4342 dico.
3613 4283 3775 4355 δανὰ

2180 4353 2332 4407 corde
2360 4356 2530 4423 tepido
2558 4353 2601 4409 et
2630 4353 2779 4410 arido
2808 4358 3093 4411 accedimus
3123 4360 3190 4410 ad
3216 4353 3400 4417 altare,
3428 4360 3647 4410 orationi
3683 4353 3772 4413 in-

2180 4426 2497 4491 curabimus;
2556 4428 2939 4494 persistentibus
2995 4439 3165 4480 autem
3214 4436 3420 4495 repente
3466 4428 3772 4493 infunditur

2182 4498 2368 4570 gratia,
2405 4499 2689 4567 pinguescit
2721 4510 2911 4567 pectus,
2944 4499 3103 4570 replet
3129 4502 3321 4552 uiscera
3345 4499 3611 4570 inundatio
3643 4501 3767 4570 pie-

2180 4569 2342 4640 tatis;
2377 4578 2423 4621 et
2463 4570 2505 4621 si
2550 4571 2615 4623 sit
2654 4572 2741 4639 qui
2782 4568 3009 4640 premat,
3053 4572 3133 4623 lac
3172 4578 3426 4637 concepte
3470 4568 3768 4626 dulcedinis

2181 4638 2406 4710 ubertim
2444 4638 2800 4709 fundere’non
2852 4642 3145 4695 tardabant.
3192 4640 3337 4695 Idem
3368 4640 3489 4693 alibi
3540 4640 3770 4710 (nemp.

2184 4708 2352 4763 Serm.
2385 4709 2455 4761 2'2
2484 4713 2535 4762 in
2563 4710 2798 4781 Cantica)
2830 4714 2878 4765 in
2909 4712 3171 4780 ejusmodi
3200 4714 3467 4765 anxietate
3495 4708 3773 4766 constitu-

2181 4781 2269 4843 tis,
2307 4782 2407 4833 hoc
2441 4782 2641 4846 praebet
2667 4782 2947 4836 consilium
2983 4800 2995 4833 :
3031 4782 3091 4836 Si
3123 4791 3169 4834 te
3200 4792 3424 4847 torpore,
3456 4781 3655 4843 accdia,
3688 4785 3771 4837 vet

2184 4851 2334 4902 twdio
2375 4849 2507 4921 affici
2550 4854 2706 4905 sentis
2730 4894 2744 4917 ,
2781 4854 2888 4907 noli
2918 4863 3184 4923 propterea
3217 4852 3470 4922 difﬁdere,
3502 4862 3593 4905 aut
3631 4853 3771 4907 desi-

2180 4929 2311 4993 stere
2339 4936 2370 4971 a
2401 4923 2568 4993 studio
2596 4924 2857 4991 spirituati
2879 4940 2897 4989 ;
2927 4928 3015 4977 sed
3038 4925 3270 4993 juvantis
3297 4925 3499 4993 require
3527 4938 3767 4988 manum,

2181 4991 2317 5044 trahi
2341 5000 2388 5043 te
2409 4992 2679 5045 obsecrans
2702 5009 2903 5061 sponsa!
2926 4991 3191 5063 exemplo;
3220 4991 3382 5048 donec
3408 4994 3579 5046 denuo
3607 4996 3773 5047 susci-

2179 5070 2319 5135 tante
2364 5064 2530 5135 gratia
2574 5064 2741 5135 factus
2783 5066 3063 5135 promptior
3101 5065 3428 5129 alacriorque
3459 5079 3671 5129 curras,
3714 5074 3776 5121 et

2180 5132 2367 5186 dicas:
2408 5132 2552 5185 Viam
2584 5132 2942 5187 mandatorum
2977 5143 3183 5187 tuorum
3214 5136 3441 5199 cucurri,
3480 5150 3596 5187 cum
3633 5137 3777 5189 dila-

2175 5206 2297 5256 tasti
2345 5219 2435 5257 cor
2480 5219 2669 5257 meum.
2722 5204 2812 5260 Sic
2853 5213 3025 5258 autem
3069 5207 3320 5274 quamdiu
3365 5206 3513 5259 adest
3571 5208 3767 5272 gratia,

2178 5274 2434 5347 delectare
2466 5276 2519 5327 in
2560 5292 2656 5333 ea,
2689 5285 2747 5329 ut
2786 5292 2890 5329 non
2920 5285 2969 5330 te
3001 5276 3259 5347 existimes
3300 5279 3494 5330 donum
3526 5274 3623 5329 Dei
3643 5278 3773 5347 ,ἤδη

2177 5342 2504 5399 hwreditario
2563 5348 2859 5415 possidere,
2912 5348 2983 5400 ita
3038 5346 3274 5401 videlicet
3319 5360 3529 5401 securus
3572 5342 3767 5415 Δίου,

2176 5418 2324 5481 quasi
2357 5432 2634 5491 numquam
2662 5416 2873 5487 perdere
2914 5420 3080 5491 possis
3101 5434 3145 5491 ,‘V
3170 5434 3245 5491 ne
3274 5419 3442 5472 subito
3481 5432 3599 5471 cum
3632 5419 3775 5491 forte

2178 5490 2452 5543 retraxerit
2488 5500 2701 5541 manum
2725 5531 2737 5552 ,
2779 5498 2828 5542 et
2863 5490 3169 5542 subtraxerit
3210 5488 3405 5543 donum
3435 5534 3448 5555 ,
3494 5498 3551 5542 tu
3590 5488 3775 5545 animo

2177 5561 2417 5633 concidas
2438 5602 2453 5624 ,
2498 5572 2547 5615 et
2582 5561 2776 5633 tristior
2801 5576 2957 5633 quam
2994 5569 3210 5633 oportet,
3245 5560 3360 5626 fias.
3404 5558 3559 5633 Ergo
3602 5562 3657 5615 in
3686 5561 3777 5617 die

2176 5632 2377 5685 virtutis
2419 5642 2522 5686 tum
2562 5632 2675 5686 noti
2702 5646 2810 5685 esse
2847 5644 3058 5686 securus
3080 5672 3095 5697 ,
3134 5632 3302 5684 clama
3340 5632 3411 5684 ad
3452 5632 3623 5685 Deum
3653 5644 3778 5689 cum

2176 5698 2487 5775 Propheta:
2512 5700 2644 5775 Cum
2672 5704 2914 5775 defecerit
2941 5705 3107 5759 virtus
3150 5717 3285 5771 mea,
3324 5716 3389 5758 ns
3432 5701 3781 5775 derelinquas

2098 5845 2125 5861 ﬂ
2177 5786 2255 5835 me
2284 5772 2438 5840 (Psal
2481 5773 2629 5841 an).
