4036 6216
449 208 549 273 591

1518 213 1799 273 JOANNIS
1836 213 2151 275 CASSIANI
2187 216 2662 277 COLLATIONES

3623 225 3737 283 592

449 328 730 398 Israelem,
759 340 938 385 utrum
964 328 1205 386 audirent
1237 332 1482 385 mandata
1513 331 1743 397 Domini,
1770 350 1883 402 qua:
1912 350 2043 405 prw-
2071 337 2124 397 Α
2150 336 2432 401 insertam,
2460 338 2623 390 etiam
2659 336 2711 390 in
2735 332 2999 406 Aposroto
3021 328 3094 392 ita
3122 332 3352 408 legimus
3378 339 3469 410 (ad
3490 339 3610 395 Gal.
3630 340 3685 411 ν)
3716 359 3731 372 ο

448 436 650 496 ceperat
689 427 919 499 patribus
949 444 1127 483 eorum
1156 444 1243 497 per
1282 444 1492 482 manuni
1537 428 1765 499 Moysis,
1810 445 1876 482 an
1911 446 2033 484 non.

446 518 618 587 Quam
673 520 859 590 utique
916 535 1149 591 pugnam
1210 534 1315 575 non
1374 518 1626 577 invidens
1674 521 1817 577 Deus
1871 522 2036 592 quieti

444 614 695 680 Israelis,
725 629 829 671 nec
860 615 1003 670 male
1026 614 1200 669 eidem
1230 614 1522 670 consulens
1546 657 1561 681 ,
1600 614 1695 670 sed
1723 615 1899 671 sciens
1918 630 2039 671 esse

444 706 810 770 utilissimam,
863 705 1186 767 reservavit,
1244 714 1303 759 ut
1348 705 1474 760 dum
1528 707 1767 776 gentium
1816 721 2036 777 semper

444 797 669 851 istarum
714 796 1117 865 impugnatione
1154 796 1588 866 deprimeretur,
1636 812 1926 869 numquam
1976 812 2036 853 se

442 889 670 943 sentiret
704 888 906 942 auxilio
937 887 1150 942 Domini
1184 904 1290 943 non
1326 904 1487 959 egere
1508 934 1523 959 ,
1554 899 1609 945 et
1636 890 1706 945 ob
1736 890 1789 945 id
1817 905 2035 959 semper

324 1040 345 1061 θ
443 981 497 1035 in
529 980 643 1050 ejus
684 981 1038 1037 meditatione
1085 992 1141 1037 et
1186 980 1526 1038 invocatione
1567 984 1898 1053 persistens,
1932 999 2034 1040 nec

441 1072 633 1127 inertia
684 1074 988 1127 solveretur
1012 1118 1027 1142 ,
1067 1088 1168 1128 nec
1216 1074 1455 1128 bellandi
1488 1089 1643 1130 usum
1673 1084 1729 1130 et
1775 1075 2029 1132 exercitia

437 1164 652 1218 virtutis
683 1165 978 1219 amitteret.
1042 1164 1373 1235 Frequenter
1421 1167 1563 1222 enim
1595 1182 1731 1238 quos
1770 1183 2033 1238 superare

436 1271 544 1309 non
570 1266 861 1326 potuerunt
890 1257 1117 1312 adversa
1136 1298 1151 1324 ,
1185 1260 1446 1313 securitas
1476 1268 1531 1313 et
1560 1260 1890 1329 prosperitas
1936 1260 2029 1315 de-

433 1348 698 1419 iecerunt.

1044 1419 1270 1475 CAPUT
1313 1420 1424 1475 VII.

436 1487 515 1542 De
542 1490 766 1544 utilitate
790 1491 903 1571 ejus
928 1506 1119 1571 pugna:
1145 1508 1296 1571 quam
1330 1492 1609 1571 Apostolus
1653 1494 1795 1562 ponit
1834 1494 1888 1546 in
1920 1493 2029 1549 col-

831 1560 1112 1613 luctatione
1142 1563 1312 1615 carnis
1336 1560 1387 1615 et
1412 1564 1644 1633 spiritus.

503 1661 530 1688 α
568 1650 719 1707 Hanc
750 1666 985 1722 pugnam
1018 1650 1223 1708 utiliter
1270 1654 1476 1709 nostris
1521 1670 1735 1725 quoque
1767 1653 2024 1709 membris

2142 436 2169 475 δ
2194 438 2325 492 Caro
2352 439 2486 492 enim
2502 438 2813 508 concupiscit
2835 438 3080 493 adversus
3109 438 3348 507 spiritum
3365 480 3381 505 ,
3407 440 3616 511 spiritus
3632 457 3735 495 au-

2142 550 2244 595 tem
2271 542 2517 596 adversus
2542 556 2769 595 carnem.
2803 540 2933 595 ch
2960 552 3134 596 autem
3163 543 3375 597 invicem
3395 544 3734 598 adversantur

2139 643 2258 712 sibi,
2273 650 2327 696 ut
2342 659 2443 697 non
2469 657 2801 712 quacumque
2820 642 3000 709 vultis,
3025 640 3117 696 illa
3131 643 3353 712 faciatis.
3370 642 3550 698 Habes
3567 652 3627 699 et
3645 642 3735 699 hic

2140 759 2369 816 pugnam
2405 754 2427 783 ε
2452 744 2831 798 invisceratam
2854 742 3252 814 quodammodo
3271 745 3488 814 corpori
3517 755 3730 815 nostro,

2136 844 2540 916 dispensatione
2588 843 2807 900 Domini
2857 855 3202 913 procurante.
3258 845 3531 915 Quidquid
3576 847 3727 901 enim

2135 944 2459 1016 generaliter
2496 952 2552 1000 et
2571 945 2690 1000 sine
2728 943 2957 1013 alicujus
2988 945 3317 1015 exceptione
3351 945 3604 1001 omnibus
3634 946 3724 1001 in-

2134 1053 2243 1112 est,
2274 1045 2399 1115 quid
2441 1044 2582 1100 aliud
2630 1044 2865 1115 judicari
2911 1053 3113 1114 potest,
3168 1046 3269 1100 nisi
3320 1046 3422 1116 ipsi
3478 1045 3733 1102 humana:

2133 1146 2448 1202 substantiae
2494 1155 2616 1216 post
2651 1147 2863 1201 ruinam
2897 1147 3058 1215 primi
3087 1145 3344 1212 hominis,
3381 1146 3529 1201 velut
3569 1154 3733 1201 natu-

2134 1248 2329 1303 raliter
2379 1246 2717 1315 attributum,
2770 1256 2825 1301 et
2875 1247 3017 1317 quod
3059 1247 3329 1302 universis
3377 1249 3731 1317 congenitum

2132 1356 2553 1414 concretumque
2581 1345 3031 1416 deprehenditur,
3057 1347 3330 1415 quomodo
3362 1362 3469 1402 non
3492 1349 3729 1405 creden-

2133 1450 2259 1505 dum
2289 1452 2361 1505 sit
2402 1450 2627 1505 arbitrio
2670 1450 2882 1504 Domini
2922 1466 3029 1505 non
3066 1450 3335 1515 nocentis,
3382 1451 3478 1506 sed
3528 1465 3729 1507 consu-

2132 1550 2294 1607 lentis
2327 1550 2627 1606 insertum?
2667 1548 2896 1606 Causam
2938 1564 3068 1605 vero
3109 1548 3269 1619 hujus
3316 1550 3465 1618 belli,
3515 1551 3568 1606 id
3609 1563 3723 1623 est,

2132 1652 2312 1707 carnis
2342 1660 2398 1707 et
2424 1650 2670 1720 Spiritus,
2721 1651 2861 1705 hanc
2906 1664 3029 1705 esse
3082 1650 3344 1705 describit
3373 1668 3387 1706 :
3420 1649 3447 1687 ἀ
3483 1651 3553 1706 Ut
3593 1670 3725 1722 non,

1505 1745 1764 1801 ALARDI
1805 1743 2043 1801 GAZEI
2079 1742 2657 1799 COMMENTARIUS.

433 1834 558 1890 Non
587 1845 877 1906 propterea,
910 1835 1102 1904 inquit,
1132 1835 1320 1903 cupitis
1349 1837 1534 1889 habere
1567 1853 1766 1903 pacem,
1806 1847 1854 1889 et
1888 1838 2028 1889 omni

430 1922 610 1978 genere
655 1907 919 1977 cepiarum
955 1906 1226 1978 abundare
1251 1914 1305 1978 ut
1354 1905 1433 1958 his
1475 1905 1618 1960 bonis
1666 1907 1876 1960 honeste
1912 1915 2030 1959 uta-

430 1974 589 2039 inini,
620 1974 841 2038 hoc‘est,
870 1975 1120 2039 modeste,
1148 1974 1340 2041 sobrie,
1373 1983 1717 2047 temperanter
1736 2019 1748 2039 ,
1783 1978 1905 2047 pie;
1937 1978 2028 2032 sed

429 2058 485 2100 ut
510 2047 715 2116 inﬁnita
744 2048 961 2100 varietas
994 2048 1314 2114 voluptatum
1352 2048 1548 2101 insanis
1573 2046 1908 2113 effusionibus
1939 2064 2027 2102 ea:-

428 2121 684 2186 quiratur,
714 2117 1047 2185 secundisque
1075 2118 1247 2182 rebus,
1273 2133 1332 2171 ea
1360 2117 1500 2170 mala
1529 2119 1764 2171 oriantur
1786 2119 1840 2171 in
1871 2120 2027 2171 mori-

426 2191 540 2253 bus,
569 2203 680 2259 qua:
699 2187 1019 2259 swvientibus
1041 2187 1224 2259 pejora,
1240 2190 1346 2259 sint
1366 2186 1622 2241 hostibus.
1649 2190 1713 2241 At
1736 2187 1824 2242 ille
1847 2188 2026 2259 Scipio

2133 1833 2430 1899 desiderat,
2458 1842 2514 1887 et
2553 1832 2621 1887 ad
2666 1848 2729 1888 ea
2756 1832 3107 1888 vehementer
3146 1833 3492 1896 accenditur;
3528 1846 3726 1893 contra

2134 1919 2266 1958 vero
2296 1906 2542 1975 spiritus,
2577 1919 2696 1974 quae
2727 1904 2990 1973 spiritalia
3022 1911 3170 1975 sunt,
3200 1913 3253 1959 et
3284 1905 3500 1959 veritati
3527 1920 3589 1961 ac
3623 1908 3727 1963 ho-

2133 1977 2326 2029 nestati
2372 1985 2755 2039 consentanea,
2812 1976 3033 2041 expetit.
3086 1974 3281 2028 Verum
3314 1975 3485 2045 quaari
3538 1987 3725 2043 potest

2131 2045 2403 2114 quomodo
2449 2047 2598 2099 carni
2650 2046 2917 2117 tribuatur
2963 2054 3116 2117 actus
3144 2048 3583 2117 concupiscendi,
3619 2051 3719 2117 qui

2133 2118 2383 2185 proprius
2411 2127 2491 2170 est
2522 2115 2749 2170 animus?
2807 2115 3116 2180 ltespondct
3159 2116 3219 2168 D.
3269 2116 3505 2170 Thomas
3539 2115 3724 2185 (Coin-

2130 2197 2284 2239 ment.
2318 2187 2427 2257 ejus
2453 2188 2550 2239 loci
2588 2198 2634 2240 et
2670 2186 2781 2252 1-2,
2826 2204 2877 2257 q.
2907 2186 2997 2253 70,
3029 2196 3129 2239 art.
3172 2186 3285 2253 41),
3320 2188 3613 2242 secundum
3648 2190 3721 2247 Ι),

426 2250 662 2330 pontifex
690 2257 947 2311 maximus
976 2250 1161 2330 vester,
1185 2256 1277 2310 ille
1306 2260 1461 2311 totius
1479 2270 1689 2330 senatus
1716 2260 1918 2330 judicio
1940 2250 2024 2312 'vir
2055 2250 2103 2309 Β
2130 2250 2511 2330 Augustinum,
2536 2258 2671 2330 quod
2695 2250 2816 2310 caro
2838 2250 3441 2330 'dicitur_concupiscere,
3474 2260 3524 2310 in
3552 2276 3723 2326 quan-

425 2326 645 2399 optimus
668 2372 682 2395 ,
728 2329 883 2381 istam
909 2326 1051 2399 vobis
1073 2369 1088 2392 ,
1106 2334 1370 2399 _metuens
1390 2326 1747 2399 calamitatem
1772 2371 1787 2393 ,
1820 2330 2025 2384 nolebat

425 2396 665 2452 tremulam
692 2408 813 2471 tunc
847 2398 1055 2471 imperii
1096 2396 1323 2452 Romani
1363 2397 1731 2471 Carthaginem
1772 2400 1945 2467 dirui,
1980 2410 2026 2454 et

427 2469 715 2524 decernenti
741 2477 796 2522 ut
821 2469 1111 2521 dirueretur
1135 2511 1149 2535 ,
1184 2468 1810 2535 contradicebat'Catoni,
1845 2472 2025 2524 timens

425 2539 646 2606 inﬁrmis
669 2540 854 2593 animis
873 2538 1071 2592 hostem
1088 2540 1435 2603 securitatem,
1459 2550 1504 2593 et
1527 2548 1787 2610 tamquam
1812 2541 2026 2608 pupillis

424 2610 615 2663 civibus
641 2610 882 2664 idoneum
909 2619 1147 2673 tutorem,
1167 2611 1506 2664 necessarium
1529 2612 1701 2666 videns
1729 2629 1836 2666 esse
1865 2622 2027 2665 terro-

425 2698 553 2735 rem.
595 2679 706 2735 Nec
736 2696 853 2735 eum
880 2682 1131 2733 sententia
1170 2680 1358 2750 fefellit
1388 2697 1404 2734 :
1435 2682 1605 2752 reipsa
1646 2682 1915 2751 probatum
1954 2690 2027 2737 est

431 2768 588 2803 auam
615 2767 787 2803 verum
816 2750 1029 2803 diceret.
1060 2760 1164 2803 etc.

935 2759 1029 2804 ret.
1060 2760 1164 2804 etc.

431 2768 588 2823 quam
615 2767 787 2805 verum
816 2760 1029 2815 diceret,
1060 2760 1164 2805 etc.

494 2831 520 2858 ει
562 2822 705 2890 Lege
728 2830 933 2876 sextam
947 2820 1515 2892 annotat.D.Cuychii
1544 2822 1785 2878 adﬁnem
1815 2824 2020 2891 operis.

493 2892 521 2929 δ
562 2892 706 2946 Idem
743 2892 863 2946 aliis
889 2891 1069 2945 verbis
1112 2891 1408 2959 Apostolus
1450 2893 1517 2947 ad
1546 2893 1704 2948 Rom.
1740 2910 1812 2948 vn
1844 2912 1855 2947 :
1889 2893 2025 2948 Con-

423 2963 651 3017 delector
687 2962 783 3033 legi
820 2962 917 3015 Dei
938 2963 1242 3033 secundum
1271 2964 1567 3018 interiorem
1610 2965 1870 3018 hominem
1901 2981 1920 3018 :
1951 2966 2027 3018 vi-

423 3036 517 3087 deo
547 3042 718 3087 autem
737 3031 905 3086 aliam
928 3031 1092 3101 legem
1133 3034 1188 3105 in
1218 3036 1459 3088 membris
1497 3036 1621 3088 meis
1649 3046 2025 3105 repugnantem

423 3105 524 3173 legi
552 3105 735 3176 mentis
764 3119 911 3176 mete,
943 3112 990 3176 et
1021 3104 1365 3176 captivantem
1410 3120 1488 3159 me
1533 3106 1588 3159 in
1638 3107 1750 3176 lege
1785 3104 2019 3174 peccati,

423 3192 541 3245 quia
568 3184 641 3228 est
670 3175 724 3227 in
754 3174 991 3227 membris
1018 3174 1174 3245 meiss
1200 3174 1404 3229 Eodem
1455 3184 1665 3241 spectat
1692 3174 1837 3230 illud
1881 3178 2021 3230 Mat-

425 3243 557 3300 thazi
588 3260 713 3299 xxvr
750 3263 761 3297 :
790 3245 1023 3315 Spiritus
1051 3243 1257 3315 quidem
1272 3255 1543 3315 promptus
1572 3256 1679 3310 est;
1708 3263 1831 3299 caro
1851 3255 2025 3299 autem

424 3318 654 3386 infirma.
688 3316 842 3386 Quod
870 3323 927 3370 et
949 3314 1154 3386 ethnici
1190 3314 1288 3369 suo
1320 3314 1481 3370 modo
1509 3317 1762 3371 videntur
1785 3317 2019 3386 experti.

430 3387 584 3442 Unde
616 3385 840 3441 Ovidius
864 3401 940 3439 vn
979 3385 1335 3454 Metamorph.
1370 3404 1381 3437 :

552 3501 693 3565 {dens
711 3500 839 3565 aliud
864 3500 1039 3549 suadet
1067 3514 1080 3549 :
1105 3499 1253 3551 video
1274 3499 1499 3563 meliora,
1518 3500 1794 3565 proboque;

551 3562 816 3613 Deteriora
846 3575 1049 3625 sequor.

423 3672 562 3739 Quid
593 3687 756 3741 porro
783 3687 879 3743 per
910 3686 1130 3727 carnem
1163 3680 1218 3727 et
1239 3672 1513 3743 spiritum,
1558 3671 1673 3728 sive
1713 3686 1810 3742 per
1839 3672 2013 3743 legem

422 3742 793 3799 membrorum
830 3751 886 3798 et
914 3743 1085 3814 legem
1114 3745 1312 3798 mentis
1342 3742 1701 3814 intelligatur,
1728 3743 1931 3799 diserte
1959 3753 2015 3800 et

422 3815 704 3885 enucleate
723 3811 1028 3881 explicatur
1058 3815 1110 3885 in
1147 3815 1499 3883 sequentibus
1530 3811 1680 3885 (Cap.
1712 3813 1780 3869 10
1817 3823 1865 3867 et
1898 3818 2009 3885 ll).

420 3884 557 3939 Tota
583 3900 712 3941 vero
742 3885 902 3954 hujus
930 3885 1033 3939 loci
1060 3884 1354 3954 disputatio
1375 3900 1442 3941 eo
1464 3895 1696 3953 spectat,
1726 3894 1785 3939 ut
1807 3884 2013 3940 intelli-

419 3970 611 4025 gamus
638 3957 740 4011 hoc
766 3955 965 4010 bellum
997 3955 1331 4019 intestinum,
1368 3970 1463 4010 seu
1508 3956 2010 4021 concupiscentiam

420 4026 599 4081 Carnis
630 4027 894 4082 adversus
936 4025 1205 4094 spiritum,
1254 4035 1307 4079 et
1334 4026 1556 4093 spiritus
1598 4026 1865 4080 adversus
1892 4040 2013 4081 car-

419 4112 544 4149 nem
574 4097 718 4166 (quie
747 4096 871 4151 huic
896 4095 1181 4153 Collationi
1210 4103 1271 4149 ut
1300 4097 1629 4163 praecipuum
1661 4095 1892 4164 praebuit
1917 4110 2008 4151 ar-

418 4176 758 4233 gumentum,
793 4167 864 4220 ita
908 4173 964 4221 et
990 4166 1230 4229 titulum)
1273 4166 1428 4220 nobis
1454 4181 1577 4221 esse
1615 4167 1802 4221 utilem
1831 4180 1893 4220 ac
1920 4180 2012 4221 sa-

416 4236 674 4302 lutarem,
699 4236 930 4304 ideoque
959 4235 1138 4290 divina
1167 4235 1574 4305 diSpensatione
1597 4252 1691 4291 seu
1716 4237 2006 4306 providen-

416 4307 489 4359 tia
524 4307 574 4360 in
601 4306 757 4360 nobis
778 4321 903 4361 esse
923 4306 1167 4360 relictam
1195 4315 1251 4361 et
1278 4306 1680 4376 quodannnodo
1710 4306 2005 4363 inviscera-

418 4385 550 4430 tam.
572 4376 726 4445 Quod
756 4388 931 4433 tamen
974 4377 1385 4444 intelligendum
1423 4377 1493 4433 de
1532 4392 1716 4441 carne.
1768 4393 1874 4434 non
1917 4394 2004 4434 se-

417 4447 653 4502 cundum
677 4450 983 4518 primaevam
1007 4448 1396 4517 conditionem,
1423 4448 1598 4517 inqua
1622 4448 1793 4503 Adam
1816 4459 1871 4504 et
1888 4450 2000 4507 Eva

415 4518 621 4590 conditi
650 4527 797 4586 sunt,
826 4519 925 4590 sed,
947 4518 1015 4573 de
1040 4533 1202 4590 ca_r_ne
1229 4528 1449 4588 peccato
1488 4520 1692 4588 vitiata,
1736 4519 1861 4575 licet
1906 4537 2002 4590 per

409 4589 735 4658 baptismum
769 4589 1021 4645 mundata
1047 4608 1058 4642 :
1089 4588 1297 4643 Manere
1333 4590 1469 4643 enim
1495 4590 1550 4643 in
1578 4590 1848 4660 baptizatis
1874 4588 2000 4645 con-

410 4660 798 4731 cupiscentiam,
828 4677 915 4714 seu
962 4660 1217 4731 fomitem,
1243 4668 1299 4731 ut
1325 4669 1527 4724 vocant,
1556 4670 1734 4731 sancta
1772 4663 2000 4731 synodus

409 4728 645 4783 Trident.
664 4730 831 4803 (Sess.
848 4732 881 4787 5
890 4774 902 4793 ,
911 4728 971 4785 in
978 4732 1175 4803 decreto
1186 4730 1249 4783 de
1264 4730 1481 4803 Peccato
1494 4730 1707 4803 origin.)
1719 4728 2000 4785 secundum

406 4811 702 4856 sanctorum
754 4801 972 4857 Patrum
1008 4802 1295 4855 doctrinam
1315 4802 1540 4864 deﬁnivit
1570 4818 1589 4856 :
1628 4801 1741 4870 qua:
1767 4803 1996 4870 quidem,

404 4871 578 4943 inquit
598 4874 865 4945 (August._
897 4873 987 4927 lib.
1026 4871 1090 4945 de
1107 4870 1257 4925 Pecc.
1299 4870 1473 4929 Merit.
1516 4890 1631 4943 cap.
1671 4870 1830 4943 ult.),
1880 4890 1998 4928 cum

404 4945 495 5015 ad!
525 4943 743 5013 aganem
791 4943 972 5015 relicta
1017 4943 1103 5009 sit,
1146 4958 1326 5015 nocere
1366 4960 1467 4997 non
1524 4945 1951 4999 consentientibus
1976 4990 1990 5015 ,

2129 2338 2239 2381 tum
2263 2329 2437 2381 anima
2455 2328 2735 2381 secundum
2752 2343 2957 2380 carnem
2994 2326 3180 2394 a/fecta
3204 2326 3515 2394 concupiscit
3542 2344 3560 2380 :
3585 2331 3722 2384 sicut

2128 2397 2308 2453 oculus
2339 2399 2526 2452 dicitur
2555 2399 2747 2469 videre,
2773 2415 2888 2451 cum
2916 2398 3087 2469 potius
3115 2400 3289 2451 anima
3318 2400 3394 2452 vel
3422 2402 3529 2464 ipse
3562 2399 3722 2456 homo

2128 2487 2218 2539 per
2244 2469 2417 2522 oculos
2439 2469 2625 2522 videat.
2656 2468 2745 2523 Sic
2775 2485 2894 2539 ergo
2924 2471 3098 2521 anima
3121 2486 3208 2538 per
3233 2485 3437 2523 carnem
3464 2476 3721 2539 concupi-

2128 2488 2218 2539 per
2244 2488 2417 2522 acutos
2439 2488 2625 2522 vraeat.
2656 2488 2745 2523 mc
2775 2488 2828 2523 cr
2867 2488 2894 2521 ο
2924 2488 3098 2521 anima
3121 2488 3208 2538 per
3233 2488 3437 2523 carnem
3464 2488 3715 2539 concupi-

2127 2542 2242 2606 scit,
2286 2541 2493 2609 quando
2524 2558 2580 2610 ea
2611 2556 2726 2610 qua:
2763 2488 3084 2593 deflectabilia
3123 2548 3240 2594 sunt
3283 2543 3561 2595 secundum
3588 2559 3715 2594 car-

2127 2628 2243 2682 nem
2268 2613 2478 2680 expetit.
2514 2609 2626 2682 rPer
2654 2628 2706 2663 se
2744 2627 2860 2664 vero
2896 2611 3090 2682 animo,
3114 2612 3460 2682 concupiscit,
3502 2616 3720 2682 quando

2128 2681 2405 2735 delectatur
2430 2683 2481 2734 in
2503 2681 2581 2734 his
2607 2697 2721 2751 qua:
2755 2692 2872 2752 sunt
2901 2681 3181 2734 secundum
3219 2683 3482 2752 spiritum,
3510 2681 3563 2736 ut
3589 2695 3720 2739 sunt

2127 2768 2283 2823 opera
2309 2752 2575 2816 virtutum,
2608 2751 2970 2823 contemplatio
3013 2751 3329 2823 divinorum,
3362 2763 3411 2806 et
3451 2754 3721 2810 meditatio

2127 2821 2423 2891 sapientior,
2459 2825 2610 2885 iuxta
2648 2823 2782 2876 illud
2827 2822 2957 2893 Sap.
2992 2838 3042 2875 vr
3087 2840 3098 2874 :
3143 2821 3569 2891 Concupiscentia
3609 2827 3721 2879 ita-

2128 2909 2224 2963 que
2258 2894 2523 2964 sapientia:
2561 2893 2779 2948 deducet
2810 2894 2877 2947 ad
2906 2909 3116 2964 regnum
3165 2904 3485 2963 perpetuum.
3527 2898 3595 2950 At
3624 2896 3720 2951 dia

2126 2978 2256 3018 ces:
2310 2964 2368 3019 Si
2410 2979 2536 3019 caro
2583 2966 2918 3035 concupiscit
2973 2980 3066 3035 per
3110 2966 3382 3035 spiritum,
3435 2968 3719 3034 quomodo

2125 3035 2459 3108 concupiscit
2498 3033 2772 3108 adversus
2810 3035 2972 3108 eum?
3006 3033 3322 3108 Respondet,
3347 3037 3422 3108 in
3452 3033 3533 3101 eo,
3565 3042 3719 3108 quod

2126 3106 2541 3173 concupiscentia
2565 3108 2736 3160 carnis
2753 3106 2962 3177 impedit
2979 3107 3436 3173 concupiscentiam
3458 3106 3676 3176 spiritus
3690 3129 3715 3177 ,°

2124 3190 2243 3228 cum
2263 3178 2399 3229 enim
2428 3178 2602 3230 anima
2630 3179 2767 3230 circa
2796 3176 3058 3229 sensibilia
3082 3186 3130 3229 et
3152 3177 3421 3247 inferiora,
3452 3194 3570 3247 qua:
3585 3176 3715 3234 sunt

2126 3249 2319 3310 carnis,
2350 3258 2632 3315 occupatur
2661 3256 2707 3301 et
2748 3247 2985 3316 a/ﬁcitur,
3026 3244 3304 3300 retrahitur
3347 3265 3380 3300 a
3422 3244 3706 3316 superiori-

2128 3316 2240 3384 bus,
2270 3332 2384 3397 quin
2404 3326 2522 3397 sunt
2546 3318 2759 3397 spiritus
2786 3315 3153 3397 (Videnotqta
3183 3319 3325 3397 intra
3349 3319 3419 3371 ad
3443 3335 3558 3389 cap.
3588 3319 3708 3391 13).

2202 3334 2240 3384 s,
2306 3334 2384 3371 ua:
2404 3334 2522 3370 sunt
2546 3334 2759 3397 spiritus
2786 3334 2945 3387 uiae
2974 3334 3153 3371 natura
3183 3334 3325 3389 mjra
3349 3334 3418 3371 aa
3443 3335 3558 3389 cap.
3588 3334 3708 3391 to).

2202 3398 2223 3424 ο
2264 3334 2545 3455 ὅυοιηοᾱο
2576 3388 2835 3459 intelligat
2876 3388 3041 3443 abbas
3070 3386 3258 3442 Daniel
3299 3389 3437 3445 hanc
3469 3406 3708 3459 pugnum

2124 3456 2242 3513 sive
2282 3456 2770 3528 concupiscentiam
2803 3459 2977 3513 carnis
3007 3460 3265 3514 adversus
3306 3456 3574 3529 spiritum,
3607 3462 3697 3516 in-

2126 3537 2325 3583 sertam
2363 3537 2419 3583 et
2456 3532 2831 3584 inviscerutam
2870 3529 3124 3584 membris
3166 3533 3364 3584 nostris
3400 3543 3452 3585 et
3480 3535 3703 3600 corpori

2043 3627 2090 3691 ρ
2127 3610 2319 3691 nostro
2341 3601 2718 3670 procuratione
2738 3600 2939 3663 divina.
2974 3600 3133 3691 docte
3168 3601 3403 3691 e'xplicat
3427 3601 3522 3656 Do.
3555 3601 3707 3674 Cny-

2122 3671 2275 3727 chius
2306 3672 2360 3726 in
2399 3687 2493 3726 sua
2524 3687 2773 3737 censura,
2800 3686 2961 3742 quam
2994 3671 3175 3725 videre
3206 3672 3380 3726 lector
3406 3688 3527 3727 meo
3567 3671 3706 3730 con-

2119 3743 2241 3797 silio
2270 3758 2376 3797 non
2434 3744 2668 3798 emittet.
2726 3741 2996 3797 Videndus
3045 3757 3206 3807 porro
3236 3741 3399 3797 etiam
3453 3744 3603 3799 locus
3632 3747 3703 3804 Ι).

2119 3814 2401 3883 Augustini
2438 3814 2507 3869 ab
2535 3829 2600 3868 eo
2629 3815 2824 3868 citatus
2850 3813 2947 3868 lib.
2979 3822 3232 3883 vicontra
3257 3812 3548 3879 lulianum,
3594 3818 3699 3874 sed

2116 3882 2387 3954 praecipue
2412 3899 2531 3953 cap.
2558 3885 2589 3939 5
2620 3886 2735 3954 ejus
2766 3885 2913 3948 libri,
2946 3882 3038 3937 ubi
3069 3884 3207 3937 inter
3245 3884 3350 3939 alia
3389 3886 3553 3941 relert
3580 3887 3703 3943 Au-

2114 3955 2382 4023 gustinus.
2413 3954 2685 4010 exstitisse
2709 3955 2969 4025 quosdam
3003 3954 3310 4020 haereticos,
3343 3954 3703 4015 Paternianos

2115 4035 2168 4095 et
2199 4025 2558 4080 Venustianos
2596 4025 2791 4089 dictos,
2826 4025 3137 4079 Manicbteis
3168 4026 3392 4095 similes,
3420 4028 3512 4095 qui
3542 4029 3697 4085 dice-

2113 4094 2264 4170 bant,
2292 4114 2325 4170 ᾳ
2350 4095 2535 4152 lumbis
2557 4112 2713 4170 usque
2738 4097 2806 4149 ad
2828 4097 2981 4164 pedes
3010 4093 3272 4170 diabolum
3295 4093 3475 4170 fecisse
3505 4115 3698 4170 corpus

2113 4166 2368 4239 hominis;
2414 4164 2700 4239 superiores
2744 4183 2860 4221 vero
2905 4176 3096 4239 partes,
3127 4164 3327 4239 Deum,
3354 4165 3488 4239 velut
3530 4164 3698 4237 supra

2110 4236 2274 4290 basim
2302 4235 2530 4307 aliquam
2565 4236 2877 4303 collocasse;
2907 4235 3136 4307 nihilque
3171 4238 3233 4289 ab
3259 4235 3482 4291 hominis
3510 4235 3696 4296 studio

2107 4308 2317 4379 requiri,
2347 4324 2501 4379 quam
2522 4318 2575 4359 ut
2604 4307 2776 4361 anima
2802 4310 2975 4379 (quam
3004 4308 3056 4361 in
3086 4324 3297 4374 corpore
3344 4318 3389 4361 et
3422 4313 3692 4367 stomacho

2106 4375 2338 4432 habitare
2359 4375 2615 4448 dicebant)
2647 4375 2845 4432 munda
2865 4388 3121 4441 servetur;
3148 4379 3329 4447 pubem
3358 4393 3473 4432 vero
3495 4381 3543 4432 si
3568 4398 3687 4434 om-

2105 4448 2250 4501 nibus
2274 4449 2591 4519 ﬂagitiorum
2615 4448 2873 4503 oblinatur
2896 4449 3155 4519 sordibus,
3184 4448 3252 4501 ad
3278 4465 3422 4502 suam
3442 4464 3546 4501 non
3571 4468 3683 4517 per-

2106 4518 2279 4572 tinere
2298 4518 2474 4572 curam
2500 4535 2517 4571 :
2547 4520 2619 4573 ita
2647 4529 2700 4574 ut
2733 4536 2933 4587 semper
2961 4520 3059 4587 ipsi
3086 4518 3287 4573 libidini
3324 4519 3531 4588 turpiter
3560 4536 3679 4573 ser-

2100 4589 2239 4662 viat,
2271 4590 2479 4643 titulum
2518 4591 2566 4646 ei
2612 4592 2835 4662 propria:
2875 4591 3138 4659 potestatis
3188 4590 3505 4661 uﬁingebant.
3549 4590 3681 4648 llaec

2102 4659 2181 4713 illi
2226 4660 2547 4731 impuritatis
2590 4659 2928 4726 defensores;
2979 4661 3174 4730 quibus
3223 4659 3396 4730 ipsum
3427 4662 3685 4729 Augusti-

2103 4745 2228 4785 num
2262 4730 2443 4787 favere
2472 4746 2534 4785 ac
2564 4731 2884 4799 patrocinari
2915 4732 3027 4787 suis
3055 4733 3274 4801 scriptis
3300 4731 3547 4787 Julianus
3582 4735 3678 4791 ille

2102 4801 2443 4871 impudenter
2486 4801 2793 4870 objiciebat.
2851 4804 3020 4869 Quam
3070 4803 3391 4857 calumniam
3437 4803 3683 4860 refutans

2103 4875 2430 4946 Augustinus
2453 4890 2467 4927 :
2498 4872 2632 4946 Ego,
2658 4873 2848 4944 inquit.
2868 4873 3154 4946 secundum
3174 4873 3479 4926 catholicam
3496 4875 3680 4942 ﬁdem,

2102 4953 2264 4997 totum
2286 4943 2562 5008 hominem,
2589 4943 2743 4997 totam
2786 4944 2972 4998 scilicet
3011 4944 3255 5008 animam,
3285 4951 3546 5013 totumque
3564 4963 3679 5000 cor-

402 5013 495 5067 sed
536 5004 746 5087 viriliter
775 5032 865 5087 per
906 5004 1099 5069 Christi
1114 5085 1122 5087 Α
1144 5012 1270 5087 esu
1316 5016 1537 5085 gratiam
1580 5004 1991 5086 repugnantibus
2018 5004 2074 5067 Β
2100 5031 2197 5083 pus
2225 5018 2339 5086 ejus
2366 5014 2474 5068 Deo
2501 5004 2698 5069 summo
2718 5025 2762 5069 et
2791 5032 2907 5087 vero
2935 5015 3100 5068 tribuo
3125 5004 3389 5080 Creatori,
3413 5004 3681 5071 diabolum

408 5101 513 5139 non
538 5086 706 5157 valet;
731 5085 1012 5157 quinimmo
1036 5085 1123 5154 qui
1148 5086 1370 5154 legitime
1394 5088 1682 5151 certaverit,
1708 5085 1978 5141 coronabi-

403 5164 510 5229 tur.
528 5156 607 5229 Et
627 5156 760 5211 hanc
787 5157 1265 5229 concupiscentiam,
1286 5172 1441 5225 quam
1463 5158 1740 5229 aliquando
1761 5158 1980 5229 Aposto-

402 5225 485 5299 lus
517 5225 695 5296 (Rom.
724 5244 775 5282 vr
805 5239 852 5299 et
893 5225 1007 5299 vni)
1040 5237 1313 5299 peccatum
1342 5228 1589 5297 appellat,
1621 5225 1980 5299 eadem'sgno-

401 5296 499 5349 dus
546 5298 774 5353 declarat
803 5298 1093 5353 Ecclesium
1142 5296 1447 5351 catholicam
1504 5314 1781 5367 numquam
1826 5296 1977 5353 intel-

399 5366 587 5421 texisse
632 5378 895 5435 peccatum
929 5369 1206 5440 appellari,
1243 5368 1380 5437 quod
1428 5384 1542 5423 vere
1580 5366 1645 5424 et
1676 5372 1881 5440 proprie
1918 5371 1975 5423 in

397 5439 594 5492 renatis
614 5451 877 5509 peccatum
896 5443 983 5505 sit,
1009 5440 1100 5492 sed
1122 5439 1244 5510 quia
1263 5454 1325 5492 ea:
1346 5450 1553 5508 peccato
1580 5439 1682 5505 est,
1699 5450 1747 5493 et
1768 5442 1835 5493 ad
1855 5457 1973 5508 pec-

397 5519 575 5562 catum
601 5510 833 5565 inclinat.
863 5512 991 5567 Huic
1021 5510 1114 5563 ibi.
1136 5510 1210 5563 Ex
1240 5511 1433 5577 quibus
1462 5512 1806 5580 intelligimus
1836 5511 1974 5566 hanc

394 5580 577 5634 carnis
605 5591 662 5633 et
698 5583 921 5650 spiritus
950 5580 1357 5650 repugnantiam
1386 5583 1669 5651 provenire
1695 5598 1760 5635 ex
1789 5582 1974 5637 relicta

392 5657 518 5717 post
547 5662 823 5714 peccatum
852 5651 1234 5722 propensione
1267 5651 1335 5705 ad
1361 5667 1425 5706 ea
1452 5668 1573 5722 quas
1614 5654 1809 5722 cuique
1834 5654 1974 5722 parti

392 5726 493 5782 unt
524 5722 810 5789 commoda
842 5719 901 5779 et
943 5720 1143 5777 amica.
1191 5719 1329 5778 Nam
1356 5719 1487 5782 caro
1536 5737 1660 5794 qua:
1703 5719 1801 5780 sua
1834 5719 1973 5795 sunt

2088 5095 2260 5140 autent
2279 5087 2395 5139 dico
2417 5087 2716 5151 humanam,
2750 5088 2822 5140 vel
2842 5086 3035 5154 aliquid
3063 5087 3174 5155 ejus
3200 5101 3303 5155 non
3335 5101 3555 5149 creasse,
3584 5091 3682 5142 sed

2087 5158 2290 5212 vitiasse
2314 5166 2580 5211 naturam:
2602 5158 3064 5225 contraque'ipsam
3086 5154 3411 5227 diabolicum
3441 5157 3674 5227 plagam,

2085 5244 2201 5298 qua:
2232 5228 2324 5282 Dei
2358 5228 2691 5299 apitulatione
2717 5228 2950 5283 sananda
2979 5236 3073 5293 est,
3106 5227 3273 5299 donec
3298 5226 3441 5299 ubea
3468 5226 3678 5296 penitus

2083 5297 2558 5366 liberemur,'nobis
2608 5317 2714 5353 esse
2752 5300 3100 5368 pugnandum.
3142 5297 3255 5351 Nec
3291 5297 3538 5361 animam,
3569 5316 3677 5366 qua

2083 5386 2269 5439 corpus
2291 5370 2432 5432 vivit,
2462 5370 2728 5436 mundam,
2754 5380 2999 5440 quantum
3021 5370 3073 5422 in
3095 5368 3191 5421 hac
3214 5369 3317 5421 vita
3339 5372 3558 5422 mundus
3575 5368 3677 5424 ho-

2080 5457 2166 5494 mo
2193 5450 2288 5501 est,
2317 5456 2459 5507 posse
2484 5441 2695 5505 servari,
2727 5443 2767 5494 si
2796 5440 3215 5511 concupiscentiis
3242 5441 3415 5492 carnis
3457 5440 3527 5491 ad
3560 5443 3671 5509 ﬂa-

2082 5512 2208 5579 gitia
2265 5513 2605 5583 perpetranda
2649 5522 2697 5565 et
2748 5527 2975 5583 quisque,
3010 5511 3669 5583 immunddconsenserit.

2084 5584 2213 5638 Haec
2240 5581 2591 5654 Augustinus,
2638 5598 2758 5654 qua:
2789 5582 2893 5654 hic,
2916 5582 3223 5637 adscribere
3254 5581 3409 5636 libuit
3438 5581 3505 5634 ad
3548 5596 3671 5639 am-

2084 5651 2356 5725 pliandam
2384 5652 2607 5724 Cuychii
2646 5651 3083 5709 elucidationem.

2156 5724 2183 5767 ἀ
2226 5725 2314 5791 Ut,
2342 5722 2679 5795 conj‘unctio,
2708 5736 2852 5794 saape
2880 5740 2989 5787 non
3008 5736 3249 5801 causam,
3280 5722 3377 5781 sed
3404 5732 3664 5785 eventum
