4026 6204
304 337 416 396 595

892 330 1228 389 COLLATIO
1266 330 1355 388 1V.
1384 361 1456 375 —
1486 330 1579 389 DE
1615 330 2217 392 CONCUPISCENTIA
2256 335 2505 395 CARNIS
2544 336 2636 393 ET
2671 337 3006 399 SPIRITUS.

3505 348 3613 407 59‘

306 462 510 534 inquit.
551 466 881 531 meumque
913 456 1088 523 vultis,
1124 454 1221 510 illa
1249 455 1473 527 faciatis.
1496 456 1641 528 Ergo
1679 455 1734 512 id
1765 454 1911 527 quod
1936 456 1993 516 A
2016 472 2143 511 num
2174 464 2201 493 ι
2232 459 2415 528 portio
2453 457 2766 514 intellectus
2787 466 2892 527 est,
2922 466 2977 514 et
3012 464 3245 515 maxima
3275 474 3402 530 pars
3445 462 3615 519 intel.

310 552 640 624 procuravit
676 551 841 617 Deus,
871 558 931 605 ut
960 565 1071 605 non
1102 557 1289 620 posset
1320 564 1352 604 a
1388 548 1544 604 nobis
1574 547 1813 619 impleri,
1857 547 1915 602 id

314 656 426 711 est,
458 653 521 700 ut
568 660 679 699 non
719 659 1071 714 quaecumque
1120 644 1395 708 volumus,
1454 641 1735 706 iaciamus,
1787 639 1917 710 quid

316 739 467 796 aliud
507 738 555 793 si
586 738 875 807 impleatur
903 736 1049 793 credi
1096 744 1280 807 potest
1304 750 1427 791 esse
1464 750 1622 805 quam
1653 735 1917 790 noxium?

318 835 386 888 Et
418 840 504 887 est
543 829 946 900 quodammodo
974 829 1123 883 utilis
1163 828 1280 883 haec
1310 843 1486 899 pugna
1518 826 1919 897 dispensatione

320 923 417 977 Dei
448 922 611 977 nobis
640 921 864 988 inserta,
892 929 947 975 et
975 920 1041 974 ad
1064 920 1346 975 meliorem
1369 933 1470 973 nos
1500 926 1698 972 statum
1720 930 1917 986 provo-

318 1026 452 1067 cans
480 1021 649 1082 atque
671 1011 1029 1081 compellens,
1056 1026 1164 1079 qua
1184 1010 1397 1065 sublata
1424 1008 1783 1079 proculdubio
1814 1022 1917 1078 pax

323 1104 644 1158 econtrario
670 1101 973 1173 perniciosa
995 1101 1275 1156 succedet.

919 1215 1146 1271 CAPUT
1187 1215 1326 1271 Vlll.

329 1304 680 1379 Interrogatio
725 1308 850 1379 quid
887 1308 953 1361 sit
990 1308 1127 1377 quod
1166 1308 1222 1362 in
1262 1306 1493 1379 capitulo
1534 1307 1774 1378 Apostoli
1812 1315 1925 1375 post

400 1378 738 1451 adversantes
757 1378 853 1431 sibi
884 1378 1333 1449 concupiscentias’
1366 1379 1536 1433 carnis
1584 1390 1633 1433 et
1676 1380 1918 1451 spiritus,

403 1449 554 1502 tertia
578 1449 869 1518 adjiciatur
895 1451 1153 1503 uoluntas.

399 1540 747 1596 Germanus:
777 1541 928 1597 Licet
975 1544 1133 1598 nobis
1162 1542 1380 1613 quidam
1424 1543 1731 1598 intellectus
1774 1542 1828 1596 in
1858 1554 1923 1598 ea

329 1632 635 1701 praelucere
665 1632 936 1701 videatur,
987 1644 1167 1689 tamen
1214 1636 1336 1704 quia
1374 1634 1600 1689 necdum
1639 1648 1926 1704 possumus

329 1726 582 1795 Apostoli
611 1728 939 1782 sententiam
967 1727 1032 1782 ad
1057 1728 1318 1797 liquidum
1345 1727 1647 1797 pervidere,
1672 1728 1925 1783 volumus

2020 550 2254 620 ligentiac
2282 550 2429 606 scire
2474 550 2604 621 quid
2656 550 2885 608 nescias.
2940 550 3173 621 Pr0pter
3222 553 3368 623 quod
3408 552 3614 610 dicitur

2024 639 2296 711 (Proverb.
2346 640 2482 711 xvu)
2521 660 2535 695 :
2570 639 2601 679 ι’
2650 640 2924 714 Insipienti
2975 643 3319 715 interroganti
3355 645 3615 716 sapientia

2018 734 2366 802 reputabitur,
2396 733 2522 804 quia
2552 733 2681 789 licet
2710 737 2756 790 is
2785 736 2876 804 qui
2908 735 3228 807 interrogat,
3270 738 3379 792 vim
3414 753 3617 808 propo-

2019 825 2137 880 sitae
2156 827 2473 896 quaestionis
2494 827 2728 897 ignoret,
2752 836 2935 885 tamen
2963 830 3089 897 quia
3118 829 3413 899 prudenter
3439 831 3618 901 inqui-

2020 918 2114 985 rit,
2143 926 2199 973 et
2226 917 2484 989 intelligit
2519 918 2663 988 quod
2694 935 2802 975 non
2850 920 3139 991 intelligat,
3172 920 3278 976 hoc
3326 921 3502 992 ipsum
3535 922 3616 977 illi

2020 1020 2301 1082 reputatur
2349 1011 2417 1067 ad
2470 1012 2827 1082 sapientiam;
2880 1028 2946 1069 eo
2998 1014 3140 1084 quod
3193 1015 3322 1084 quid
3352 1015 3613 1080 nesciret,

2020 1104 2319 1175 prudenter
2354 1108 2658 1176 agnoverit.
2705 1106 3014 1163 Secundum
3061 1108 3378 1163 divisionem
3434 1109 3619 1180 itaque

2020 1204 2257 1252 vestram
2284 1206 2399 1253 tres
2418 1197 2521 1252 hoc
2541 1198 2660 1254 loco
2688 1213 2779 1255 res
2821 1200 2890 1254 ab
2936 1200 3200 1270 Apostolo
3241 1201 3507 1256 nominari
3539 1204 3620 1256 vi-

2024 1289 2242 1359 denlur,
2281 1290 2721 1359 concupiscentia
2757 1293 2937 1347 carnis
2969 1293 3230 1348 adversus
3257 1294 3528 1362 spiritum,
3561 1302 3619 1348 et

2023 1381 2243 1452 spiritus
2269 1380 2527 1436 adversus
2555 1397 2799 1448 carnem,
2827 1398 3057 1452 quarum
3082 1383 3347 1439 adversus
3377 1398 3436 1439 se
3466 1384 3614 1439 iuvi-

2024 1487 2144 1527 cem
2184 1487 2359 1541 pugna
2390 1471 2527 1527 hanc
2549 1472 2766 1527 videtur
2794 1472 3002 1528 habere
3041 1488 3265 1528 causam
3318 1481 3481 1543 atque
3529 1488 3618 1527 ra-

2027 1567 2251 1631 tionem,
2286 1576 2343 1620 ut
2372 1581 2433 1620 ea
2466 1581 2585 1636 quae
2610 1567 2879 1636 volumus,
2928 1568 3119 1637 inquit,
3160 1567 3340 1623 facere
3378 1583 3619 1637 nequea-

2026 1674 2168 1714 mus.
2205 1668 2227 1697 ο
2261 1658 2461 1726 Quarta
2509 1659 2673 1729 igitur
2702 1670 2952 1729 superest
2981 1675 3167 1729 causa,
3200 1677 3361 1731 quam
3394 1662 3619 1719 minime

2026 1752 2239 1808 vidistis
2269 1767 2388 1821 vos,
2419 1761 2479 1805 ut
2525 1752 2660 1806 illud
2686 1752 2901 1808 scilicet
2938 1752 3082 1823 quod
3129 1754 3402 1820 nolumus,
3452 1753 3620 1809 facia-

335 1820 458 1874 haec
493 1819 651 1873 nobis
681 1819 925 1889 apertius
953 1821 1252 1890 explanari.
1287 1820 1419 1876 Tres
1448 1821 1593 1875 enim
1616 1836 1705 1876 res
1736 1820 1825 1876 hic
1846 1822 1928 1875 in-
1956 1836 2004 1896 Β
2033 1861 2172 1901 mus.
2210 1819 2525 1914 [διακένῳ
2567 1859 2705 1914 opus
2752 1856 2837 1899 est
2885 1819 3042 1901 nobis
3091 1854 3151 1899 ut
3198 1846 3347 1915 prius
3387 1819 3621 1901 duarum

332 1910 511 1966 dicari
540 1911 836 1967 videntur:
890 1913 1062 1981 prima
1113 1912 1293 1967 carnis
1346 1911 1610 1968 adversus
1666 1913 1918 1982 spiritum

332 2019 547 2073 pugna;
580 2004 819 2058 secunda
858 2004 1081 2074 spiritus
1107 2004 1369 2059 adversus
1396 2020 1616 2061 carnem
1660 2007 1921 2076 concupi—

330 2096 577 2161 scentia;
612 2097 769 2150 tertia
800 2096 1052 2151 voluntas
1075 2106 1420 2168 nostra,quae
1440 2099 1590 2153 velut
1618 2101 1797 2155 media
1826 2114 1924 2170 po—

328 2190 502 2251 nitur,
527 2189 595 2243 de
617 2205 721 2258 qua
752 2189 972 2256 dicitur,
1005 2199 1063 2245 ut
1090 2207 1198 2245 non
1234 2207 1589 2263 quaecumque
1611 2194 1798 2260 vultis,
1828 2194 1923 2249 illa

334 2283 574 2338 faciatis.
605 2285 779 2353 Super
816 2301 921 2354 qua
967 2300 1028 2340 re
1080 2285 1230 2351 licet,
1288 2296 1344 2341 ut
1401 2286 1537 2353 dixi,
1586 2287 1925 2356 suspiciones

334 2379 614 2448 quasdam,
645 2395 713 2434 ex
742 2380 828 2434 his
853 2396 975 2451 quae
1005 2384 1180 2451 posita
1223 2391 1371 2451 sunt,
1407 2383 1782 2453 intelligentiae
1812 2384 1926 2440 col-

333 2470 600 2539 ligamus;
630 2472 875 2527 volumus
916 2481 1122 2543 tamen,
1154 2475 1279 2545 quia
1308 2489 1367 2529 se
1400 2474 1561 2544 hujus
1606 2474 1924 2532 Collationis

330 2564 552 2617 occasio
581 2564 799 2633 obtulit,
832 2564 1033 2636 aliquid
1065 2565 1225 2623 nobis
1263 2566 1494 2622 lucidius
1524 2567 1809 2638 disputari.

938 2679 1169 2737 CAPUT
1223 2682 1317 2739 IX.

504 2770 798 2839 Responsio
825 2774 888 2825 de
916 2773 1180 2829 intellectu
1209 2784 1346 2830 recte
1370 2776 1757 2849 interrogantis.

409 2864 633 2921 Daniel:
678 2866 1006 2923 Discernere
1026 2867 1328 2926 divisiones
1356 2880 1412 2926 et
1452 2873 1625 2927 lineas
1664 2871 1923 2943 quaestio-

2024 1935 2584 2006 concupiscentiarum
2615 1937 2746 2001 vim,
2800 1936 2854 1990 id
2908 1947 3013 2005 est,
3064 1937 3245 1992 carnis
3302 1948 3353 1992 et
3398 1939 3621 2007 spiritus

2022 2043 2402 2100 agnoscamus,
2435 2036 2492 2083 et
2512 2027 2582 2082 ita
2611 2028 2831 2083 demum
2852 2044 2973 2099 qua:
3002 2029 3256 2085 voluntas
3287 2030 3359 2085 sit
3401 2040 3617 2096 nostra,

2024 2137 2146 2193 qua:
2176 2120 2317 2176 inter
2354 2130 2641 2189 utramque
2672 2121 2845 2189 posita
2877 2128 2981 2186 est,
3006 2121 3282 2175 discutere
3312 2121 3619 2189 valeamus;

2027 2212 2222 2268 deinde
2252 2212 2381 2282 quid
2412 2213 2585 2282 possit
2604 2210 2900 2266 voluntatis
2933 2220 3132 2267 nostrae
3163 2226 3270 2266 non
3300 2226 3442 2279 esse,
3464 2211 3621 2272 simi-

2029 2306 2153 2363 liter
2176 2306 2571 2367 discernamus.

2649 2460 2878 2519 CAPUT
2916 2459 2981 2516 X.

2031 2623 2185 2689 Quod
2212 2621 2515 2676 vocabulum
2545 2621 2719 2676 carnis
2748 2636 2855 2675 non
2888 2620 2945 2674 in
2972 2635 3075 2675 una
3108 2618 3486 2691 significatione
3518 2638 3617 2693 po-

2740 2700 2913 2745 natur.

2099 2868 2128 2906 d
2172 2867 2503 2923 Vocabulum
2545 2865 2727 2921 carnis
2756 2864 2811 2919 in
2852 2863 3151 2935 Scripturis
3182 2866 3387 2921 sanctis
3429 2866 3619 2924 multi-

1401 2984 1660 3041 ALARDI
1697 2986 1932 3044 ϐΑΖιΕΙ
1969 2981 2541 3042 COMMENTARIUS.

333 3082 407 3150 et_
430 3075 871 3150 consecutionem
924 3076 1195 3147 signiﬁcat
1235 3096 1248 3130 :
1301 3080 1444 3145 quod
1494 3079 1919 3150 Chrysostomus

2026 3086 2347 3149 sequuntur;
2378 3078 2467 3149 sed
2511 3077 2566 3149 in
2602 3084 2848 3149 quantum
2891 3075 3005 3147 ipsa
3054 3092 3228 3130 eorum
3257 3079 3389 3132 ratio
3422 3094 3622 3149 remur.

335 3144 526 3219 (Rom.
550 3144 607 3216 ι)
653 3155 708 3199 et
738 3144 1100 3203 Damascénus
1147 3151 1200 3203 in
1231 3144 1415 3204 multis
1460 3144 1763 3219 Scrip'turas
1788 3154 1926 3208 locis
1952 3153 1996 3214 C
2030 3144 2200 3203 inurat
2239 3157 2284 3202 et
2314 3149 2359 3202 ei
2389 3148 2644 3216 displicet,
2681 3147 2882 3217 faciunt
2912 3144 3027 3216 quia
3062 3165 3165 3203 non
3187 3150 3385 3203 volunt.
3421 3148 3618 3204 Incon-

334 3217 455 3270 ﬁeri
478 3217 874 3289 observarunt;
908 3219 1049 3274 unde
1093 3235 1200 3273 non
1236 3235 1451 3289 semper
1487 3217 1792 3289 αἱτίατικός,
1827 3224 1922 3279 sed

332 3285 632 3364 ἐπιϐᾳτιρςός
678 3288 790 3342 illis
833 3290 1289 3364 dicitur._Matth.
1329 3285 1370 3345 ti
1394 3291 1509 3364 :gUt
1555 3285 1924 3364 adimpleretur

332 3361 470 3427 quod
516 3360 708 3411 dictum
738 3369 832 3425 est,
881 3370 1022 3426 etc.;
1053 3362 1219 3416 Joan.
1255 3377 1329 3417 xu
1360 3380 1372 3413 :
1409 3360 1706 3417 Excaacavit
1743 3366 1924 3419 oculos

333 3444 535 3498 eorum,
548 3439 614 3506 ut
643 3446 743 3483 non
762 3430 988 3506 vid_eaut,
1014 3442 1073 3506 et
1106 3447 1243 3506 xui:
1278 3432 1345 3487 Ut
1374 3434 1648 3503 Scriptura
1676 3436 1927 3506 adimple-

334 3512 480 3577 retur
497 3515 523 3577 ;_
546 3500 706 3555 Rom.
736 3516 793 3554 ις
826 3501 1063 3555 Tradidit
1086 3519 1178 3577 eos
1202 3504 1256 3556 in
1301 3500 1565 3577 passiones
1605 3500 1923 3577 ignominiaa,

333 3580 390 3643 ut
421 3572 615 3643 faciant
634 3588 746 3638 qua:
758 3589 860 3625 non
886 3574 1210 3627 conveniunt.
1245 3577 1420 3643 Atque
1451 3575 1555 3629 hoc
1578 3572 1739 3631 modo
1761 3572 1923 3632 etiam

336 3640 391 3694 in
440 3642 557 3696 istis
588 3643 1044 3715 verbisApostoli
1096 3645 1197 3699 huc
1234 3640 1354 3699 loco
1382 3645 1584 3707 citatis,
1627 3646 1842 3715 proprie
1869 3658 1925 3702 et

334 3726 590 3780 germane
615 3714 926 3781 accipienda
954 3714 1187 3769 videtur.
1218 3715 1333 3769 Non
1364 3716 1509 3770 enim
1534 3714 1652 3770 caro
1672 3714 1923 3785 propter-

335 3798 421 3855 ea,
455 3785 506 3836 id
555 3794 659 3850 est,
692 3799 758 3838 eo
810 3786 915 3840 ﬁne
936 3827 951 3850 ,
979 3787 1062 3841 vel
1093 3788 1162 3841 ob
1191 3802 1310 3841 eam
1348 3801 1564 3841 causam
1604 3788 1926 3855 concupiscit

334 3854 577 3928 aduersus
607 3856 869 3924 spiritum,
900 3866 1005 3911 etc.
1023 3898 1040 3924 ,
1064 3867 1122 3911 ut
1144 3874 1251 3912 non
1273 3872 1628 3928 quaecumque
1650 3857 1920 3923 volumus,

334 3924 636 3998 iaciamus;
666 3928 761 3981 sed
799 3942 865 3981 ex
892 3929 983 3981 illa
1026 3924 1383 3998 repugnantia
1410 3929 1589 3982 carnis
1616 3937 1671 3982 et
1698 3928 1924 3997 spiritus

336 3996 388 4068 id
431 3998 684 4051 nimirum
730 3996 1101 4068 consequitur,
1154 3996 1346 4053 utnon
1378 3996 1739 4068 quaecumque
1780 3998 1922 4054 bona

335 4066 512 4121 facere
540 4069 821 4135 vellemus,
863 4066 1147 4137 faciamus,
1178 4071 1317 4125 sicut
1340 4066 1414 4124 ait
1440 4066 1732 4137 Apostolus
1760 4069 1919 4125 Rom.

334 4153 447 4211 vn;
474 4137 597 4192 Non
630 4141 771 4192 enim
792 4141 929 4208 quod
958 4141 1073 4194 volo
1100 4140 1309 4207 bonum,
1342 4141 1436 4195 hoc
1457 4142 1627 4211 facio;
1664 4140 1756 4195 sed
1783 4141 1922 4209 quod

336 4208 457 4262 uolo
496 4210 711 4282 malum,
742 4211 855 4282 hoc,
888 4228 1009 4282 ago.
1057 4213 1127 4265 At
1164 4226 1304 4282 vero
1336 4211 1423 4266 hic
1457 4208 1629 4267 abbas
1662 4213 1733 4266 ita
1782 4208 1923 4268 hanc

344 4281 659 4350 particulam
686 4281 903 4350 accipit,
927 4281 994 4336 ut
1027 4296 1243 4336 causam
1278 4281 1499 4337 denotet
1527 4283 1763 4338 ﬁnalem.
1795 4282 1922 4337 Vult

342 4349 493 4423 enim
533 4364 744 4406 causam
776 4349 903 4407 belli
939 4354 1118 4422 hujus,
1160 4363 1214 4407 et
1245 4367 1435 4422 pugna:
1464 4355 1645 4407 carnis
1673 4365 1726 4407 et
1756 4354 1920 4423 spiri-

338 4430 427 4474 tus
456 4422 594 4475 hanc
622 4436 761 4494 esse,
794 4431 859 4494 ut
881 4423 1020 4478 bona
1051 4438 1171 4492 quae
1200 4423 1453 4478 volumus
1483 4424 1660 4479 facere
1684 4439 1923 4494 nequea-

2032 3222 2244 3274 tinentes
2272 3230 2465 3283 autem,
2506 3219 2594 3288 qui
2634 3218 2819 3272 habent
2873 3220 3191 3289 prepositum
3223 3222 3532 3289 abstinendi,
3570 3233 3621 3276 et

2029 3303 2193 3346 tamen
2229 3308 2261 3343 a
2292 3291 2612 3360 passionibus
2647 3291 2950 3359 vincuntur,
2979 3291 3182 3359 faciunt
3231 3292 3436 3362 quidem
3484 3295 3621 3358 quod

2028 3380 2131 3416 non
2152 3365 2353 3430 uolunt,
2380 3362 2433 3415 in
2477 3370 2725 3429 quantum
2768 3364 2905 3430 ipsas
2936 3362 3197 3431 passiones
3227 3372 3406 3416 contra
3447 3379 3621 3417 eorum
3687 3403 3690 3405 .

2028 3435 2349 3503 prapositum
2394 3442 2681 3500 sequuntur
2724 3431 2908 3503 (Arist.
2940 3431 3030 3485 lib.
3065 3447 3137 3485 vn
3171 3431 3344 3486 Etliic.
3371 3450 3487 3502 cup.
3517 3433 3574 3502 4)
3601 3449 3618 3498 ;

2026 3501 2073 3557 et
2100 3505 2172 3556 sic
2194 3504 2514 3573 intemperati
2540 3503 2739 3569 faciunt
2766 3501 2883 3572 plus
2913 3503 2975 3554 de
2997 3518 3061 3573 eo
3085 3503 3226 3570 quod
3258 3501 3453 3556 volunt.
3487 3505 3620 3557 Con-

2030 3577 2244 3627 tinentes
2288 3571 2479 3637 autem,
2516 3574 2602 3634 qui
2636 3571 2820 3624 vellent
2864 3571 3075 3624 omnino
3102 3587 3205 3643 non
3237 3575 3619 3643 concupiscere,

2029 3646 2226 3714 faciunt
2252 3643 2388 3711 quod
2427 3643 2625 3714 volunt,
2659 3643 2784 3693 dum
2812 3657 2915 3694 non
2941 3641 3344 3714 concupiscunt;
3378 3641 3469 3694 sed
3498 3645 3619 3710 quia

2029 3710 2239 3766 omnino
2265 3710 2380 3765 non
2408 3713 2765 3781 concupiscere
2813 3726 2915 3781 non
2951 3719 3186 3778 possunt,
3230 3710 3428 3776 faciunt
3481 3715 3619 3779 quod

2028 3784 2228 3836 nolunt.
2258 3782 2546 3853 Temperati
2577 3780 2738 3853 vero,
2774 3780 2910 3853 quod
2937 3780 3115 3832 uolunt
3141 3781 3350 3853 quidem
3391 3782 3618 3850 faciunt,

2027 3855 2080 3907 in
2107 3863 2356 3921 quantum
2383 3849 2436 3905 in
2475 3867 2629 3904 carne
2670 3849 2868 3903 domita
2916 3866 3033 3921 non,
3063 3850 3476 3920 concupiscunt;
3525 3849 3617 3908 sed

2026 3920 2147 3994 quia
2177 3940 2278 3977 non
2303 3940 2367 3977 ea:
2394 3930 2497 3976 toto
2522 3922 2720 3994 domari
2741 3928 2923 3994 potest,
2946 3920 3070 3990 quin
3091 3920 3145 3974 in
3175 3921 3347 3988 aliquo
3369 3933 3619 3994 repugnet

2026 3992 2254 4065 spiritui,
2303 3995 2433 4047 sicut
2460 4008 2551 4045 nec
2592 3992 2873 4065 malitiain
2918 4002 3118 4065 tantum
3159 4008 3382 4065 crescere
3427 3992 3612 4062 potest,

2024 4062 2151 4136 quin
2184 4066 2320 4119 ratio
2343 4073 2680 4136 remurmuret
2702 4104 2717 4127 ,
2737 4062 2873 4136 Video
2904 4079 3020 4136 cum
3045 4062 3330 4136 aliquando
3372 4067 3618 4135 concupi-

2026 4134 2207 4202 scunt,
2242 4137 2437 4205 faciunt
2479 4135 2618 4205 quod
2656 4135 2874 4200 nolunt;
2913 4135 3031 4206 plus
3072 4145 3240 4187 tamen
3274 4134 3339 4189 de
3378 4151 3437 4189 eo
3480 4134 3618 4206 quod

2026 4210 2221 4261 uolunt.
2257 4208 2333 4262 lla
2365 4207 2423 4263 S.
2449 4206 2703 4261 Thomas.

2098 4287 2123 4315 ει
2163 4278 2298 4346 Quia
2349 4279 2440 4348 qui
2492 4287 2641 4332 recte
2690 4285 2746 4331 ct
2790 4276 3074 4348 enucleate
3123 4274 3409 4347 distinguit
3434 4285 3616 4347 partes

2024 4350 2341 4418 quaestionis
2371 4347 2465 4404 Seu
2489 4347 2951 4420 interrogationis,
2978 4348 3224 4420 ostendit
3245 4362 3303 4420 se
3326 4350 3503 4420 aliqua
3540 4364 3611 4405 ex

2024 4433 2181 4489 parte
2211 4420 2430 4489 assequi
2456 4419 2602 4490 quod
2650 4419 2862 4488 qumrit,
2902 4418 3053 4490 juxta
3099 4418 3612 4490 illudAristotelis:

337 4508 480 4559 ntus,
518 4493 771 4589 tt'imit-Jum
799 4488 1145 4589 adunocstru'm
1169 4495 1508 4589 ‘exercitium
1540 4503 1595 4549 et
1640 4488 1868 4589 agonem
1899 4511 1914 4561 ;
1945 4527 1998 4589 Β
2029 4491 2132 4589 Gabi
2307 4488 2579 4589 inunita!
2602 4490 2823 4589 dubitat,
2858 4488 2993 4589 nihil
3021 4488 3299 4589 ὤθεεζηὶιὶ

334 4564 791 4632 quemadmodum
842 4565 931 4618 ille
960 4565 1140 4633 Scipio
1169 4565 1548 4633 Carthaginem
1585 4574 1748 4619 stare-
1770 4567 1919 4622 vole-

336 4634 450 4699 bat,
474 4635 538 4688 ad
570 4635 845 4690 Romanos
868 4634 922 4689 in
952 4635 1133 4691 ofﬁcio
1164 4636 1537 4706 continendos.
1579 4635 1764 4706 Neque
1788 4651 1917 4692 vero

331 4719 430 4773 per
460 4705 559 4761 hoc
590 4707 798 4761 tollitur
824 4706 1049 4761 liberum
1079 4706 1385 4761 arbitrium.
1413 4704 1555 4760 Nam
1591 4704 1797 4761 libertas
1825 4725 1915 4762 ar-

333 4776 497 4848 bitrii,
531 4777 609 4830 ait
656 4785 874 4831 sanctus
901 4777 1161 4843 Thomas,
1198 4779 1251 4830 in
1298 4777 1408 4831 illis
1435 4785 1529 4848 est,
1566 4793 1681 4846 qua:
1706 4780 1917 4835 subsunt

328 4846 590 4921 electioni,
619 4864 721 4901 non
747 4858 920 4902 autem
942 4850 1126 4921 omnia
1143 4864 1259 4921 qua:
1283 4849 1336 4901 in
1364 4846 1523 4921 nobis
1541 4860 1680 4921 sunt,
1712 4849 1915 4921 simpli-

324 4918 462 4989 citer
485 4918 699 4972 subsunt
745 4927 936 4973 nostra:
981 4919 1250 4983 electioni;
1296 4920 1386 4973 sed
1440 4920 1721 4974 secundum
1763 4918 1911 4989 quid.

328 4986 474 5040 Nam
512 4991 563 5043 in
586 4989 759 5057 specie
788 5005 1058 5059 possumus
1087 4991 1248 5044 vitare
1269 4989 1407 5044 hunc
1431 4992 1512 5045 uel
1541 4993 1688 5045 illum
1717 4986 1911 5046 concu-

321 5059 594 5133 pisceutiaz
638 5061 716 5114 uel
756 5059 1047 5133 iracundia:
1076 5069 1382 5133 motumsat
1411 5063 1691 5133 generatim
1739 5078 1913 5117 omnes

319 5133 423 5182 ira:
459 5128 535 5182 uel
582 5131 1014 5195 concupiscentia:
1060 5141 1229 5185 motus
1278 5128 1437 5187 vitare
1490 5149 1593 5185 non
1640 5148 1914 5200 possumus

318 5210 537 5273 propter
577 5205 958 5271 corruptionem
987 5203 1203 5273 fomitis,
1232 5202 1286 5254 id
1322 5215 1414 5267 est,
1443 5203 1911 5273 proclivitatemad

319 5272 518 5343 malum
548 5288 611 5325 ex
635 5281 846 5343 peccato
875 5274 1153 5343 relictam._
1167 5271 1578 5343 Verum‘hacgde
1608 5288 1668 5326 re
1696 5271 1909 5341 plenius

316 5342 591 5409 agendum
632 5339 736 5396 erit
765 5344 829 5397 ad
870 5343 1054 5413 collat.
1076 5341 1155 5413 j3
1180 5350 1236 5397 et
1258 5339 1451 5413 2l4(ln
1479 5339 1908 5413 Commentario).

314 5414 473 5466 Scite
500 5428 630 5465 vero
653 5422 707 5466 et
746 5423 904 5467 acute
935 5412 1048 5467 div.
1074 5412 1312 5467 Thomas
1336 5411 1440 5466 hoc
1474 5412 1527 5465 in
1560 5414 1777 5481 negotio
1803 5411 1910 5482 quo

313 5484 395 5536 de
423 5484 878 5552 concupiscentiis
907 5485 1106 5554 agitur,
1136 5482 1417 5550 distinguit
1453 5493 1685 5551 quatuor
1710 5498 1910 5552 genera

312 5554 629 5618 hominum,
676 5568 907 5624 quorum
961 5554 1165 5609 nullum
1217 5555 1344 5608 facit
1373 5568 1726 5623 qumcumque
1770 5555 1906 5620 vult,

309 5624 418 5680 sed
446 5625 660 5679 diversa
703 5625 934 5680 ratione.
970 5624 1110 5697 Nam
1138 5626 1480 5697 intemperati,
1518 5624 1911 5697 inquit,quiea:

312 5696 589 5767 proposito
615 5705 897 5767 sequuntur
926 5696 1158 5751 carnales
1197 5698 1481 5767 passiones,
1533 5696 1912 5767 secundum_il-

310 5763 428 5823 lud'
450 5763 697 5836 Prouerbl
732 5782 768 5819 ll
804 5783 815 5819 :
862 5766 1128 5820 Ltetantur
1174 5763 1293 5820 cum
1332 5766 1483 5836 male,
1514 5766 1746 5836 fecerint.
1776 5763 1909 5836 ‘Fa.

312 5840 465 5889 ciunt
488 5832 695 5891 quidem
727 5837 860 5889 quod
886 5838 1075 5891 volunt.
1112 5839 1165 5887 tu
1196 5848 1440 5891 quantum
1470 5832 1609 5888 tam.»
1648 5832 1905 5889 pastiones

2096 4562 2122 4600 ι)
2162 4563 2263 4619 llic
2307 4564 2594 4617 Ciaconius
2650 4562 2921 4631 supplevit
2964 4575 3033 4614 ex
3077 4559 3221 4615 LXX
3273 4560 3609 4631 Interpret.:

2024 4633 2303 4702 Insipienti
2332 4634 2673 4703 interroyanti
2696 4631 3021 4704 sapientiam,
3053 4632 3311 4704 sapientia
3351 4634 3613 4704 reputabi-

2021 4714 2137 4772 tur;
2164 4716 2218 4760 et
2246 4704 2529 4761 conﬁrmat
2554 4719 2620 4758 ex
2646 4703 2830 4758 verbis
2859 4703 3233 4772 sequentibus,
3273 4712 3384 4758 tum
3410 4703 3480 4758 ex
3508 4703 3611 4759 Ju-

2019 4771 2190 4840 stino,
2220 4776 2311 4845 qui
2343 4778 2415 4830 ita
2438 4773 2640 4830 citaiiu
2668 4773 2896 4842 epistola
2928 4772 2993 4826 ad
3014 4771 3210 4827 Zeuam
3236 4783 3289 4827 et
3318 4774 3607 4845 Serenum.

2018 4847 2077 4902 ln
2118 4846 2336 4915 vulgata
2403 4845 2642 4901 editione
2696 4845 2831 4898 nihil
2886 4846 3007 4915 tale
3044 4845 3275 4912 legitur;
3333 4845 3429 4900 sed
3490 4844 3609 4915 ejus

2016 4918 2137 4972 loco
2170 4936 2184 4971 :
2214 4912 2426 4971 Stultus
2465 4932 2668 4985 quoque
2713 4916 2759 4969 si
2813 4912 3050 4978 tacuerit,
3099 4918 3304 4983 sapiens
3348 4914 3608 4984 reputabi-

2016 4996 2121 5041 tur.
2146 4996 2255 5041 etc.

2090 5027 2121 5095 ε’
2147 5027 2376 5123 διῖξπιο,
2409 5055 2618 5124 supple,
2665 5069 2753 5109 res
2791 5054 2844 5108 in
2876 5052 2986 5124 illis
3011 5051 3196 5107 verbis
3236 5053 3481 5124 Apostoli
3515 5071 3608 5111 ex-

2016 5140 2202 5197 pressa
2236 5122 2531 5197 :rdix'erant
2557 5123 2701 5180 enim
2731 5133 2840 5178 tres
2868 5137 2935 5176 eo
2970 5122 3093 5176 loco
3119 5136 3206 5197 res
3248 5122 3315 5197 si)
3340 5126 3607 5193 Apostolu

2014 5192 2302 5253 nominari.
2362 5195 2620 5263 Quartam
2697 5208 2831 5249 vero
2900 5207 3007 5247 non
3056 5192 3601 5260 animadverteram,

2014 5282 2194 5343 quam
2229 5267 2314 5343 hic
2342 5266 2507 5322 abbas
2542 5266 2804 5343 suggerit,
2848 5276 3402 5343 nempecausam'ac
3434 5267 3605 5319 ratio-

2014 5333 2138 5395 nem
2180 5338 2339 5395 istius
2369 5350 2559 5407 pugnae
2606 5333 2871 5407 carniset
2917 5333 3142 5407 spiritus
3187 5333 3367 5407 verbis
3406 5349 3602 5392 conse-

2013 5410 2300 5482 quentibus
2325 5402 2660 5482 eipfessam.
2690 5404 2797 5482 Sed
2821 5404 2888 5458 de
2917 5402 3021 5458 hac
3038 5417 3201 5458 causa
3223 5403 3348 5459 vide
3368 5421 3490 5476 qua:
3513 5422 3603 5462 su-

2010 5478 2107 5552 pra
2138 5481 2514 5552 annotavinius
2542 5492 2661 5552 cap.
2695 5478 2746 5530 7.

2082 5550 2109 5590 ά
2148 5552 2383 5607 Isidorus
2426 5545 2729 5604 Pelusiotes
2776 5545 2939 5618 (Lib.
2972 5546 3073 5618 iv)
3128 5546 3371 5618 Cassiani
3409 5549 3597 5618 nostri

2011 5633 2317 5678 comtaneus
2339 5630 2393 5677 et
2410 5616 2875 5689 condiscipulusin
2899 5616 3129 5687 quadam
3148 5617 3375 5687 epismla
3396 5616 3593 5689 (Epist.

2011 5692 2151 5765 477)
2196 5693 2329 5748 duas
2360 5701 2576 5765 tantum
2612 5690 2855 5765 designat
2883 5692 3068 5765 carnis
3100 5690 3463 5765 acceptiones,
3494 5693 3594 5765 sub

2010 5759 2205 5835 quibus
2254 5775 2433 5835 tamen
2474 5762 2703 5835 reliqua:
2739 5759 2879 5835 lere.
2925 5762 3308 5835 csutinentur:
3370 5759 3552 5815 Carnis
3579 5808 3593 5832 ,

2010 5830 2221 5902 inquit,
2268 5833 2569 5889 vocabulum
2600 5830 2840 5905 bifariam
2864 5830 2917 5888 in
2954 5833 3238 5904 Scripturis
3268 5843 3545 5901 usurpatur
3578 5830 3589 5880 ζ
