4026 6204
504 364 611 426 595

504 483 643 551 farle
675 481 901 552 legimus
928 479 1234 555 nominari:
1260 492 1382 535 nam
1431 465 1839 551 nonnumquam
1871 460 2168 556 fugatus

505 585 596 632 cat
622 576 899 631 hominem
932 574 1221 651 integrum,
1254 574 1307 628 id
1339 580 1443 647 est,
1469 575 1558 667 qui
1599 588 1669 641 ex
1694 559 1937 643 corpore
1960 584 2091 647 con.

505 675 616 723 stat
645 676 699 723 et
725 668 932 733 anima;
975 676 1034 721 ut
1073 667 1145 721 ibi
1191 664 1369 736 (Joan.
1403 664 1445 737 ι)
1471 660 1495 718 ε’
1526 665 1592 719 Et
1618 660 1823 719 verbum
1857 678 1979 717 caro
2011 663 2093 731 fa-

508 769 647 814 ctum
690 768 796 823 est;
823 768 877 815 et
919 756 1101 829 (Isaite
1134 775 1208 813 XL
1236 766 1292 814 et
1323 744 1478 813 Luca:
1500 757 1598 830 ιιι)
1631 775 1646 812 :
1695 756 1898 811 Videbit
1928 755 2093 810 omnis

503 869 624 907 caro
646 853 870 906 salutare
892 849 986 905 Dei
1002 851 1183 905 nostri.
1197 849 1610 920 Nonnumquam
1630 846 1876 904 homines
1900 862 2094 918 pecca-

501 951 652 997 tores
682 951 841 1021 atque
865 942 1141 1009 carnales;
1184 949 1247 997 ut
1290 941 1365 997 ibi
1398 938 1607 1012 (Cenes.
1641 943 1722 1011 Vl)
1756 959 1769 994 :
1806 939 1933 996 Non
1974 957 2091 1013 per-

502 1038 727 1091 manebit
753 1037 965 1106 spiritus
990 1052 1134 1091 meus
1159 1037 1211 1090 in
1239 1035 1532 1091 hominibus
1555 1036 1691 1103 istis,
1720 1051 1781 1090 eo
1810 1036 1947 1105 quod
1986 1036 2091 1089 sint

506 1143 647 1180 caro.
695 1124 970 1182 interdum
1016 1141 1115 1197 pro
1157 1126 1290 1196 ipsis
1332 1125 1569 1196 peccatis
1618 1112 1867 1196 ponitur;
1917 1133 1977 1180 ut
2017 1124 2090 1181 ibi

504 1219 687 1290 (Rom.
714 1218 833 1288 vm)
868 1236 881 1271 :
920 1216 1028 1272 Vos
1072 1227 1246 1271 autem
1289 1208 1391 1272 non
1419 1217 1543 1272 estis
1590 1217 1643 1271 in
1694 1232 1866 1286 carne,
1916 1217 2005 1270 sed
2032 1212 2089 1270 in

500 1312 711 1383 spiritu.
760 1311 825 1364 Et
854 1310 1050 1365 iterum
1086 1310 1127 1379 (l
1170 1309 1290 1364 Cor.
1323 1308 1453 1381 xv):
1505 1306 1642 1363 Caro
1679 1318 1747 1385 et.
1775 1301 1986 1381 sanguis
2011 1324 2090 1363 re-

502 1423 662 1477 gnum
690 1405 786 1461 Dei
804 1394 913 1461 non
941 1407 1296 1479 possidebunt.
1322 1396 1565 1475 Denique
1594 1405 1838 1477 sequitur
1902 1390 2090 1485 Neque

504 1492 764 1571 corruptio
792 1500 1200 1569 incorruptelam
1230 1500 1530 1571 possidebit.
1554 1484 1967 1566 Nonnitmquam
1994 1513 2089 1564 pro

506 1593 831 1661 cognatione
863 1600 918 1646 et
945 1592 1377 1662 propinquitate;
1407 1600 1465 1645 ut
1494 1591 1566 1645 ibi
1597 1590 1661 1663 (ll
1694 1589 1825 1662 Reg.
1851 1590 1937 1659 v):
1960 1587 2089 1642 Ecce

503 1699 594 1737 nos
636 1700 691 1735 os
736 1690 901 1747 tuum,
927 1691 974 1735 et
1000 1692 1225 1737 carotua
1254 1699 1451 1737 suntus.
1495 1683 1561 1737 Et
1582 1685 1871 1752 Apostolus
1909 1678 2083 1753 (Rom.

502 1775 621 1843 XI):
668 1777 725 1829 Si
755 1776 1006 1842 quomodo
1055 1778 1109 1829 in
1146 1774 1529 1830 aemulationem
1580 1776 1827 1830 inducam
1882 1790 2088 1829 carnem

1535 342 1821 424 sumtus
1859 338 2172 419 cassum
2206 355 2709 419 COLLATIONES.

3676 354 3784 411 596

2189 475 2395 547 quitur,
2426 472 2521 529 sed
2571 460 3051 543 actualibus,qum
3098 470 3153 527 in
3194 480 3302 526 uno
3331 466 3639 539 eodemque
3684 469 3787 523 ho-

2194 566 2338 621 mine
2368 564 2454 620 vel
2486 562 2689 635 pariter
2719 563 2802 619 vel
2833 556 3111 634 sigillatim
3138 574 3261 617 cum
3290 562 3525 631 quadam
3570 568 3782 629 tempo-

2193 656 2269 712 ris
2292 655 2662 712 vicissitudine
2688 652 3069 711 et‘mutatione
3103 654 3395 709 luctantur.

2808 767 3037 843 CAPUT
3077 766 3171 843 xt.
3204 748 3219 756 "

2196 860 2335 931 Quid
2356 862 2533 938 in‘ltoc
2573 861 2685 938 loco
2711 878 2829 916 caro
2861 858 3198 938 ab_Apostolo
3238 858 3551 938 nominetur,
3584 869 3631 913 et
3662 859 3785 928 quid

2212 930 2229 947 "
2498 941 2501 944 '
2632 935 2699 987 sit
2728 930 3139 1004 concupiscentia
3161 930 3348 985 carnis.

2262 1025 2631 1094 Quamobrem
2663 1027 2717 1080 in
2746 1026 2849 1081 hoc
2877 1026 3001 1079 loco
3032 1034 3057 1062 α
3084 1038 3306 1079 carnem
3333 1038 3441 1077 non
3467 1023 3750 1078 hominem
3768 1064 3785 1090 ,

2191 1117 2244 1174 id
2266 1128 2371 1185 est.
2406 1120 2645 1175 hominis
2677 1120 3036 1175 substantiam
3062 1162 3076 1186 ,
3108 1118 3203 1174 sed
3230 1118 3563 1173 voluntatem
3604 1118 3791 1173 carnis

2190 1220 2245 1267 et
2271 1210 2543 1267 desideria
2590 1211 2854 1268 debemus
2902 1212 3137 1281 pessima
3187 1210 3480 1279 accipere:
3514 1211 3657 1265 sicut
3686 1224 3792 1266 nec

2186 1303 2438 1372 spiritum
2487 1302 2702 1371 quidem
2747 1303 2983 1372 aliquam
3041 1316 3155 1358 rem
3203 1300 3639 1367 substantialem,
3688 1300 3790 1357 sed

2191 1392 2387 1450 animae
2417 1395 2689 1451 desideria
2720 1395 2863 1451 bona
2884 1403 2937 1450 et
2963 1393 3227 1467 spiritalia
3256 1392 3566 1473 designare.
3610 1392 3788 1460 Quem

2188 1506 2409 1569 sensum
2449 1491 2593 1563 idem
2629 1491 2819 1565 beatus
2848 1490 3143 1560 Apostolus
3192 1486 3447 1559 superius
3499 1486 3791 1543 evidenter

2190 1568 2483 1661 expressit,
2518 1586 2590 1639 ita
2620 1582 2807 1638 dicens
2839 1600 2851 1636 :
2887 1572 3018 1637 Dico
3048 1591 3241 1648 autem,
3272 1582 3461 1653 spiritu
3489 1580 3751 1635 ambulate
3770 1622 3789 1649 ,

2189 1688 2238 1751 et
2267 1680 2527 1755 desideria
2570 1679 2743 1747 carnis
2784 1694 2893 1749 non
2930 1670 3226 1750 perﬁcietis.
3268 1673 3401 1732 Caro
3429 1677 3567 1731 enim
3596 1691 3791 1730 cancu-

2189 1774 2338 1857 piscit
2367 1758 2604 1849 adversus
2642 1772 2914 1843 spiritum,
2959 1771 3173 1839 spiritus
3216 1785 3334 1846 vero
3379 1769 3628 1835 adversus
3671 1785 3791 1823 caro

505 1881 695 1931 meam,
738 1875 785 1918 et
809 1868 979 1921 salvos
1019 1868 1208 1938 faciam
1251 1867 1448 1936 aliquos
1477 1884 1540 1922 ex
1568 1868 1697 1921 illis.
1728 1866 2089 1934 Quaerendum
2120 1860 2167 1933 B
2194 1850 2326 1923 nem.
2361 1864 2387 1903 δ
2417 1864 2545 1919 Haec
2583 1874 2753 1919 autent
2792 1864 3007 1933 invicem
3048 1850 3385 1927 adversantur
3414 1862 3541 1927 sibi,
3584 1871 3643 1915 ut
3681 1876 3790 1914 non

502 1974 635 2027 ergo
680 1958 833 2014 nobis
863 1969 966 2026 est,
1006 1962 1306 2017 secundum
1338 1977 1495 2030 quam
1528 1962 1976 2034 signiﬁcationem
2024 1976 2091 2017 ex

502 2048 589 2103 his
611 2061 862 2119 quatuor,
905 2067 1123 2108 carnem
1154 2051 1246 2108 hic
1288 2052 1583 2109 debeamus
1610 2055 1877 2124 accipere.
1912 2053 2089 2109 Manl-

501 2140 699 2195 festum
733 2159 963 2214 namque
996 2155 1076 2199 est
1128 2145 1427 2201 secundum
1478 2146 1609 2200 illud
1654 2146 1796 2216 quod
1854 2146 2090 2216 positum

502 2244 609 2301 est,
642 2234 713 2289 Et
736 2237 941 2290 verbum
966 2254 1090 2291 caro
1114 2240 1309 2307 factum
1338 2249 1448 2304 est;
1478 2240 1563 2295 vel
1607 2236 1761 2308 illud,
1796 2238 1860 2292 Et
1903 2238 2091 2305 videbit

504 2330 670 2383 omnis
707 2346 830 2383 caro
882 2332 1114 2386 salutare
1164 2331 1284 2398 Dei,
1334 2334 1553 2402 penitus
1583 2342 1728 2387 slare
1759 2348 1864 2387 non
1896 2348 2087 2402 posse;

501 2421 804 2491 sed'neque
843 2423 1139 2481 secundum
1189 2424 1328 2479 illud
1377 2426 1519 2497 quod
1560 2426 1773 2491 dicitur,
1824 2424 1949 2479 Non
1981 2440 2095 2491 per-

503 2515 723 2566 manebit
752 2515 963 2581 spiritus
994 2533 1133 2570 meus
1166 2517 1218 2570 in
1246 2516 1541 2571 hominibus
1562 2519 1695 2584 istis,
1723 2535 1784 2572 eo
1810 2518 1947 2588 quod
1972 2525 2095 2571 sunt

503 2619 661 2667 caro;
686 2604 808 2672 quia
852 2621 979 2669 non,
1013 2606 1152 2660 sicut
1184 2606 1259 2661 ibi
1286 2608 1516 2676 abrupte
1544 2608 1613 2663 de
1644 2608 1861 2664 homine
1902 2622 2093 2677 pecca-

504 2707 643 2763 tore,
676 2698 745 2750 ita
775 2707 831 2752 et
860 2698 945 2753 hic
976 2701 1195 2769 ponitur
1219 2716 1369 2769 caro,
1412 2717 1535 2758 cum
1564 2702 1763 2758 dicitur
1802 2702 1946 2775 (Gal.
1975 2703 2048 2773 tv)
2074 2719 2089 2756 :

504 2789 634 2843 Caro
666 2792 975 2861 concupiscit
1003 2794 1246 2848 adversus
1288 2795 1546 2864 spiritum,
1587 2803 1633 2849 et
1662 2796 1875 2865 spiritus
1904 2795 2091 2848 adver-

502 2897 590 2935 sus
618 2898 845 2940 carnem.
869 2882 1052 2953 Neque
1074 2884 1219 2939 enim
1245 2884 1312 2940 de
1344 2886 1509 2941 rebus
1536 2885 1988 2943 substantialibus
2012 2885 2091 2939 ιο-

2195 1972 2522 2027 quaecumque
2547 1957 2721 2029 vultis,
2749 1954 2841 2009 illa
2894 1955 3100 2025 faciatis
3147 1953 3292 2027 (Gal.
3343 1953 3605 2024 v).-Qu:e
3661 1968 3790 2010 cum

2198 2058 2427 2119 utraque
2457 2047 2752 2115 desideria,
2788 2047 2839 2100 id
2873 2054 2957 2101 est
2980 2085 2996 2113 ,
3029 2045 3209 2100 carnis
3250 2053 3303 2109 et
3334 2044 3557 2116 spiritus
3588 2043 3643 2099 in
3676 2060 3790 2100 uno

2199 2142 2501 2212 eodemque
2544 2141 2655 2194 sint
2700 2137 2951 2205 homine,
2987 2134 3304 2207 intestinum
3347 2135 3592 2207 quotidie
3645 2136 3790 2199 intra

2198 2214 2300 2309 nos
2326 2234 2536 2305 geritur
2558 2231 2783 2301 bellum,
2827 2230 2955 2284 dum
2986 2229 3427 2299 concupiscentia
3458 2227 3638 2282 carnis
3666 2242 3791 2299 quae

2198 2324 2599 2398 praecipitanter
2636 2324 2807 2379 fertur
2830 2321 2895 2375 ad
2927 2320 3082 2387 vitia,
3117 2320 3201 2374 his
3229 2335 3349 2391 qua:
3370 2319 3435 2374 ad
3461 2330 3791 2389 praisentem

2201 2419 2444 2489 requiem
2476 2418 2770 2487 pertinent,
2814 2413 3026 2469 deliciis
3056 2402 3274 2491 gaudet.
3332 2413 3535 2482 Quibus
3560 2420 3793 2470 econtra

2194 2510 2637 2581 concupiscentia
2668 2509 2893 2577 spiritus
2924 2504 3230 2574 adversata,
3268 2506 3339 2561 ita
3369 2505 3639 2562 desiderat
3670 2512 3793 2561 tota

2195 2604 2535 2678 Spiritalibus
2562 2606 2758 2660 studiis
2786 2605 3054 2662 inhazrere
3078 2647 3093 2672 ,
3142 2614 3204 2660 ut
3240 2604 3403 2661 etiam
3443 2605 3793 2660 necessarios

2195 2699 2375 2755 carnis
2414 2712 2544 2753 usus
2579 2705 2732 2768 optet
2776 2699 3093 2764 excludere,
3138 2698 3219 2753 sic
3247 2698 3355 2753 illis
3379 2697 3580 2767 jugiter
3618 2712 3795 2753 occu-

2194 2791 2314 2861 pari
2340 2790 2589 2860 cupiens,
2622 2798 2681 2844 ut
2719 2790 2926 2845 nullam
2964 2778 3177 2860 penitus
3219 2788 3497 2860 fragilitati
3527 2788 3646 2858 ejus
3690 2803 3793 2843 cu-

2193 2898 2310 2940 ram
2341 2884 2525 2956 cupiat
2549 2882 2839 2953 impartiri.
2863 2881 3010 2940 Caro
3036 2881 3268 2939 luxuriis
3292 2896 3357 2938 ac
3383 2880 3605 2937 libidine
3636 2880 3791 2938 dele-

1568 3023 1823 3078 ALARDl
1864 3020 2096 3079 GAZ/El
2134 3020 2701 3081 COMMENTARIUS.

503 3144 808 3241 quandoque
826 3145 998 3241 nenim
1038 3143 1116 3241 ,ὀρ
1141 3152 1350 3241 Lnatgra
1393 3142 1730 3241 intelligitztr,
1760 3145 2090 3226 .quandoque
2114 3169 2161 3241 ρ

502 3213 672 3270 autem
698 3213 761 3269 de
788 3214 978 3281 affectu
1007 3222 1053 3267 et
1085 3215 1215 3269 labe.
1251 3213 1451 3268 Prioris
1488 3213 1886 3284 signiﬁcationis
1914 3213 2083 3269 exerit.

503 3288 649 3357 plum
680 3288 777 3340 hoc
799 3298 874 3340 est
898 3302 916 3339 :
940 3286 1166 3357 Spiritus
1181 3302 1389 3357 carnem
1414 3294 1609 3357 et_ossa
1634 3301 1735 3338 non
1765 3284 1935 3357 habet,
1959 3288 2089 3340 sicut

504 3354 585 3412 ine
611 3358 791 3411 videtis
820 3354 1013 3427 habere
1047 3355 1200 3425 (Luc.
1234 3356 1410 3427 xxrv).
1457 3354 1770 3427 Posterioris
1815 3372 1833 3409 :
1880 3356 2013 3410 Caro
2043 3367 2089 3411 et

503 3430 716 3499 sanguis
741 3444 955 3498 regnum
980 3425 1077 3480 Dei
1105 3425 1407 3482 haereditate
1434 3426 1822 3499 possiderefnon
1852 3438 2085 3499 possunt.

502 3500 582 3554 Ita
606 3498 722 3553 ille.
753 3500 821 3553 At
855 3500 1065 3567 plenior
1092 3507 1147 3553 et
1171 3500 1471 3552 accuratior
1501 3505 1583 3551 est
1607 3498 1797 3553 divisio
1814 3512 1877 3552 ac
1898 3498 2091 3554 distin-

504 3570 616 3626 ctio
645 3585 765 3639 qua:
805 3570 891 3624 hic
923 3569 1168 3623 habetur.

578 3652 609 3682 ει
636 3637 714 3695 Ex
744 3643 848 3696 illis
876 3642 1057 3696 verbis
1078 3639 1318 3706 Apostoli
1352 3657 1365 3691 :
1398 3637 1531 3710 Caro
1563 3640 1877 3710 concupiscit
1908 3641 2089 3695 adver-

505 3730 595 3767 sus
639 3714 908 3784 spiritum,
960 3720 1066 3766 etc.
1115 3710 1394 3784 Manichaei
1440 3709 1568 3784 olim
1622 3709 1861 3784 statuere
1897 3714 2088 3784 conati

505 3794 630 3838 sunt
657 3781 792 3839 duas
824 3798 943 3838 esse
965 3792 1182 3836 naturas
1211 3783 1266 3837 in
1307 3783 1525 3836 homine
1554 3798 1566 3833 :
1621 3781 1849 3837 alteram
1893 3783 2086 3839 bonam

504 3870 535 3909 a
564 3856 674 3908 Deo
703 3856 975 3911 conditam
998 3894 1012 3919 ,
1043 3856 1267 3909 alteram
1301 3854 1500 3906 malam
1531 3869 1557 3905 a
1582 3852 1828 3908 daemone
1864 3867 2086 3911 auctore

506 3927 839 3993 profectam,
896 3940 1013 3994 qua:
1042 3927 1093 3978 in
1145 3939 1308 3979 carne
1363 3923 1671 3979 inhabitans
1721 3939 1819 3993 per
1868 3938 2085 3981 carnem

505 3999 837 4065 concupiscit
882 3997 1139 4049 adversus
1188 3997 1461 4063 spiritum.
1523 3999 1593 4048 At
1645 3997 1695 4048 id
1748 4010 1853 4047 non
1911 3997 2083 4050 solum

504 4067 669 4135 impie
689 4110 705 4128 ,
738 4069 831 4123 sed
874 4069 1034 4120 etiam
1065 4068 1312 4133 imperite
1340 4068 1409 4119 ab
1437 4067 1517 4119 eis
1544 4066 1929 4133 excogitatum.
1986 4067 2087 4119 Ea-

506 4137 629 4191 dem
683 4153 913 4202 namque
958 4150 1181 4205 prorsus
1210 4145 1294 4189 est
1340 4137 1517 4188 anima
1564 4152 1682 4204 quae
1725 4149 1818 4200 per
1866 4148 2083 4191 carnem

503 4209 869 4274 concupiscit,
905 4207 1199 4261 secundum
1231 4207 1505 4260 carnalem
1529 4206 1823 4274 appetitum
1848 4245 1860 4269 ,
1891 4216 1946 4260 et
1965 4222 2085 4276 quae

503 4290 601 4344 per
624 4279 869 4344 spiritum
891 4277 1227 4344 concupiscit
1250 4279 1401 4343 juxta
1424 4278 1717 4343 appetitum
1744 4277 2083 4332 rationalem.

504 4346 727 4403 Constat
758 4351 900 4401 enim
930 4348 981 4400 in
1013 4349 1189 4400 anima
1238 4346 1470 4400 hominis
1518 4345 1783 4413 duplicem
1828 4361 1950 4402 esse
1978 4349 2083 4403 vim

503 4420 681 4487 appeti
691 4420 851 4472 tivam
875 4437 886 4470 :
910 4419 1135 4472 alteram
1154 4418 1379 4471 rationis
1395 4425 1699 4485 expertem,
1719 4432 1876 4484 quam
1901 4420 2086 4488 appel-

502 4490 674 4543 lamus
722 4492 1021 4557 appetitum
1072 4490 1426 4552 sensitivum,
1459 4488 1581 4555 quia
1637 4498 1885 4543 versatur
1940 4493 2084 4547 circa

2193 3160 2261 3200 ex
2291 3146 2532 3215 pondere
2562 3159 2692 3200 vero
2718 3144 2955 3215 carnalis
2984 3141 3395 3215 consuetudinis
3443 3142 3559 3215 vult
3607 3142 3787 3200 adhuc

2195 3213 2428 3272 terrenis
2476 3216 2776 3272 commodis
2802 3222 2857 3269 et
2884 3213 3333 3269 delectationibus
3366 3213 3489 3267 frui.
3522 3214 3611 3269 Sic
3637 3217 3785 3271 enim

2192 3287 2310 3357 ipse
2339 3302 2472 3357 quas
2497 3286 2650 3342 initio
2677 3302 2790 3340 sua:
2829 3286 3199 3357 conversiouis
3228 3295 3509 3357 pateretur
3552 3285 3787 3341 difﬁcul-

2195 3354 2331 3415 tates
2358 3354 2415 3413 et
2443 3357 2821 3426 ambiguitates
2847 3356 3069 3425 exponit
3112 3358 3205 3410 lib.
3238 3370 3330 3409 vtn
3358 3354 3778 3411 Confessionum

2191 3432 2310 3497 cap.
2341 3430 2411 3484 5:
2453 3429 2598 3483 Velle
2631 3442 2796 3483 meum
2840 3428 3041 3480 tenebat
3082 3427 3353 3487 inimicus,
3408 3437 3455 3480 et
3505 3428 3621 3479 inde
3649 3428 3783 3481 mihi

2190 3512 2425 3555 catenam
2453 3504 2663 3570 fecerat,
2697 3508 2745 3552 et
2776 3500 3153 3570 constrinxerat
3172 3514 3271 3570 me.
3295 3498 3495 3567 Quippe
3512 3512 3572 3570 es
3596 3499 3784 3570 solum

2191 3580 2297 3626 tate
2322 3568 2557 3641 perversa
2580 3573 2717 3642 facta
2735 3579 2807 3623 est
2839 3569 2996 3642 libido
3021 3585 3039 3632 ;
3069 3580 3113 3621 et
3146 3569 3265 3621 dum
3293 3570 3511 3642 servitur
3548 3568 3777 3635 libidini,

2192 3639 2332 3713 facta
2355 3651 2428 3697 est
2460 3639 2817 3705 consuetudo;
2850 3651 2895 3693 et
2921 3640 3045 3713 dum
3095 3639 3456 3713 consuetudini
3501 3656 3600 3713 non
3650 3642 3784 3693 resio

2188 3710 2377 3781 stitur,
2413 3716 2549 3785 facta
2580 3722 2653 3769 est
2676 3713 2962 3785 necessitas.
3000 3710 3218 3785 Quibus,
3270 3713 3421 3778 quasi
3447 3711 3644 3785 ansulis
3669 3714 3784 3785 qui-

2192 3781 2420 3839 busdam"
2444 3785 2641 3839 sibimet
2688 3785 2887 3836 innexis
2944 3781 3126 3852 (unde
3175 3791 3404 3835 catenam
3452 3783 3709 3851 appellavi
3738 3786 3779 3849 ),

2191 3857 2391 3911 tenebat
2425 3873 2504 3909 me
2533 3859 2666 3910 dura
2694 3855 2929 3907 servitus.
2977 3852 3232 3906 Voluntas
3262 3864 3432 3906 autem
3476 3868 3637 3919 nova,
3668 3869 3783 3921 qua:

2192 3928 2319 3979 mihi
2366 3944 2474 3980 esse
2502 3935 2743 3997 coeperat,
2799 3936 2853 3977 ut
2886 3934 2934 3977 te
2962 3925 3124 3996 gratis
3174 3925 3427 3997 colerem,
3481 3925 3685 3994 fruique
3734 3936 3782 3979 te

2189 3998 2392 4065 uellem,
2429 3995 2590 4063 Deus,
2649 3997 2764 4050 sola
2816 3995 2976 4048 certa’
2999 3995 3327 4066 jucunditas,
3389 3996 3620 4048 nondum
3669 4005 3784 4049 erat

2188 4068 2373 4121 idonea
2394 4069 2463 4121 ad
2484 4068 2831 4138 superandam
2848 4068 3069 4137 priorem
3086 4074 3331 4120 vetustate
3353 4066 3670 4138 roboratam.
3699 4066 3783 4120 Ita

2189 4139 2310 4192 duce
2338 4134 2621 4194 voluntates
2663 4154 2789 4191 mem
2816 4178 2829 4195 .
2849 4134 2857 4137 ⁷
2881 4153 2982 4189 uno
3009 4147 3149 4191 vetus
3168 4179 3183 4199 ,
3214 4138 3320 4191 alia
3345 4152 3505 4202 nova,
3550 4134 3643 4189 illa
3666 4154 3781 4190 car.

2188 4210 2362 4269 nalis.
2418 4211 2513 4261 ista
2559 4209 2866 4275 spiritualis,
2923 4207 3269 4279 conﬂigebant
3319 4209 3450 4279 inter
3500 4223 3570 4271 se,
3625 4218 3780 4278 atque

2189 4279 2532 4332 discordantia
2556 4278 2873 4351 dissipabunt
2905 4280 3133 4331 animum
3158 4278 3342 4351 nteant.
3379 4278 3469 4333 Sic
3511 4280 3781 4349 intellige-

2188 4353 2304 4405 bam
2331 4366 2439 4403 meo
2471 4352 2630 4421 ipsius
2659 4350 3006 4421 eLrperimento
3036 4351 3090 4403 id
3135 4350 3273 4418 quod
3324 4350 3544 4420 legeram
3573 4391 3587 4411 ,
3646 4366 3781 4419 quo-

2187 4423 2341 4499 modo
2361 4420 3149 4499 caroconcupisceretadversus
3178 4422 3417 4499 spiritum
3441 4465 3454 4487 ,
3485 4421 3780 4499 etuspirs'ms

2187 4494 2431 4545 adversus
2462 4508 2685 4547 carnem.
2725 4493 2847 4546 Ητεο
2879 4490 3245 4561 Augustinus,
3281 4492 3465 4561 quibus
3510 4490 3777 4561 illustrari

501 4561 889 4633 delectationes
940 4575 1235 4633 sensuum;
1284 4560 1674 4633 alteram__quae
1722 4570 1809 4633 est
1852 4558 2442 4628 rationistoteruut
2494 4581 2614 4633 quae
2668 4564 2912 4632 sequenti
2968 4558 3147 4630 capite
3193 4562 3262 4617 de
3300 4558 3477 4633 *media
3532 4558 3776 4633 quadam

499 4632 772 4699 particeps
789 4673 803 4694 ,
838 4646 997 4701 quam
1014 4632 1360 4701 voluntatem
1385 4630 1717 4701 appellamus
1738 4633 1755 4699 (
1777 4630 1988 4701 August.
2014 4633 2081 4686 ad

500 4699 945 4766 Quodvultdeu‘m;
987 4700 1201 4773 Gregor.
1232 4715 1381 4755 xxx“
1424 4699 1617 4754 Moral.
1643 4716 1758 4767 cap.
1792 4699 1919 4770 10⁷).
1955 4703 2082 4760 Haec

498 4787 595 4841 per
622 4776 849 4842 gratiam
873 4784 1063 4829 sanata
1096 4783 1151 4826 et
1177 4782 1429 4826 renovata
1467 4773 1805 4840 concupiscit
1831 4787 1897 4826 ex
1939 4774 2083 4829 dire-

495 4845 677 4898 ctione
704 4846 928 4912 Spiritus
954 4844 1217 4913 spiritalia
1244 4843 1404 4898 bona.
1428 4842 1629 4897 Eadem
1662 4846 1822 4912 igitur
1850 4854 1933 4899 eat
1959 4842 2079 4899 anl-

493 4930 585 4969 ma
612 4931 733 4983 quae
764 4914 1059 4969 secundum
1091 4916 1334 4970 diversas
1363 4916 1511 4969 vires
1537 4914 1796 4969 adversus
1843 4915 2078 4983 seipsam

494 4997 716 5055 pugnat.
745 4986 977 5041 Proinde
998 5001 1117 5041 cum
1148 4986 1235 5040 hic
1252 4986 1381 5040 dicit
1402 4985 1568 5041 abbas
1593 5001 1811 5041 carnem
1835 4994 1892 5043 et
1918 4988 2081 5055 spiri-

493 5064 608 5112 tum
664 5073 771 5111 non
817 5056 1122 5128 signiﬁcare
1161 5055 1397 5112 hominis
1428 5057 1806 5124 substantiam,
1839 5059 2081 5127 intelligo

494 5138 761 5197 quatenus
791 5129 1092 5183 substantia
1119 5138 1199 5183 est
1226 5174 1239 5198 ,
1269 5130 1364 5183 sed
1394 5138 1661 5198 quatenus
1701 5131 1957 5194 carnalis,
1994 5130 2079 5186 vel

492 5201 773 5269 spiritalis,
829 5200 882 5253 id
937 5212 1041 5265 est,
1084 5210 1349 5272 quatenus
1404 5200 1662 5267 appetitui
1720 5202 1983 5255 sensitivo
2026 5210 2081 5255 et

492 5272 720 5341 carnali,
750 5272 834 5326 vel
865 5273 1088 5341 spiritali
1111 5314 1123 5338 ,
1157 5273 1210 5324 id
1244 5280 1357 5336 est,
1391 5273 1643 5325 ratioiiali
1673 5273 2076 5339 obtemperans.

490 5340 637 5395 Idem
680 5345 824 5396 enim
856 5340 966 5404 eSt,
1002 5344 1116 5397 sive
1144 5343 1353 5396 dicatur
1383 5357 1517 5395 caro
1537 5382 1552 5407 ,
1581 5344 1696 5395 sive
1746 5346 1921 5396 anima
1941 5386 1953 5409 ,
1990 5342 2077 5396 vel

491 5410 661 5467 homo
711 5424 972 5479 quatenus
1022 5416 1274 5467 carnalis.
1307 5413 1573 5465 Uzeterum
1622 5412 1684 5467 D.
1744 5413 2076 5481 Augustinus

489 5497 598 5535 non
625 5485 785 5537 modo
808 5486 1051 5537 eamdem
1078 5486 1308 5538 animam
1327 5484 1554 5537 diversis
1583 5483 1813 5536 motibus
1842 5493 2074 5537 aestuan-

492 5561 601 5605 tem
629 5554 925 5607 secundum
958 5556 1201 5608 diversiis
1231 5564 1288 5609 et
1315 5555 1619 5608 contrarios
1656 5552 1927 5620 appetitus
1973 5555 2073 5607 hoc

491 5623 773 5677 dissidium
804 5625 1005 5677 sentire
1033 5626 1250 5689 scribit,
1284 5639 1469 5679 verum
1503 5624 1664 5678 etiant
1692 5628 1798 5678 vim
1840 5625 2072 5677 rationa-

491 5690 618 5744 lem.
652 5695 819 5747 Docet
847 5695 988 5745 enim
1017 5695 1261 5748 eamdem
1316 5695 1551 5748 hominis
1602 5697 1933 5749 voluntatem
1964 5690 2073 5748 liti-

491 5777 662 5835 gare,
687 5763 879 5835 rixari,
914 5776 975 5835 ac
1023 5779 1258 5832 pugnare
1291 5764 1681 5835 _secum,idum
1732 5780 1799 5819 ex
1838 5766 2071 5835 Spiritus

406 5882 411 5888 ,
491 5831 664 5883 sancti
714 5829 1070 5893 inspiratione
1085 5829 1197 5885 tota
1218 5833 1334 5886 vult
1354 5834 1572 5887 aeternis
1594 5835 1749 5888 bonis
1775 5829 2064 5903 inhaerere,

2189 4635 2462 4689 voluntate
2496 4631 2636 4689 inter
2679 4631 2962 4703 utramque
2988 4632 3474 4703 concupiscentiam
3504 4631 3686 4685 carnis
3718 4643 3779 4687 et

2187 4705 2407 4773 spiritus
2435 4706 2793 4759 disseruntur.
2880 4720 2883 4725 '

2260 4775 2286 4814 ιι
2326 4776 2456 4843 Quia
2488 4785 2665 4831 motus
2695 4778 2914 4843 spiritus
2939 4775 3195 4830 centrarii
3220 4784 3342 4829 sunt
3374 4773 3606 4828 motibus
3652 4787 3775 4843 car-

2187 4846 2289 4909 nis,
2323 4857 2381 4899 ut
2422 4847 2620 4901 dictum
2663 4859 2766 4903 est.
2813 4846 2951 4901 Caro
2998 4848 3141 4900 enim
3186 4844 3443 4901 sollicitat
3473 4844 3537 4898 atl
3568 4849 3773 4913 turpia,

2186 4918 2410 4984 spiritus
2437 4933 2567 4973 vero
2598 4919 2786 4973 invitat
2821 4918 2884 4971 ad
2937 4918 3193 4982 honesta,
3229 4917 3370 4987 quod
3422 4915 3773 4987 postmodum

2187 4987 2345 5056 longa
2377 4998 2430 5042 et
2457 4988 2658 5043 diserta
2691 4989 2949 5043 antithesi
2975 4986 3309 5057 explicatur;
3346 5000 3445 5042 uec
3465 4986 3629 5041 refert
3657 4988 3779 5043 sive

2184 5060 2408 5126 spiritus
2438 5062 2733 5129 accipiatur
2788 5075 2885 5129 pro
2938 5058 3144 5128 Spiritu
3191 5067 3414 5123 sancto,
3471 5067 3531 5111 ut
3560 5058 3779 5113 videtur

2182 5129 2496 5197 Apostolico
2529 5133 2806 5186 contextui
2836 5134 3006 5200 magis
3045 5129 3346 5200 quadrare;
3380 5132 3495 5183 sive
3527 5142 3623 5196 pro
3657 5130 3778 5196 spi-

2182 5203 2288 5253 ritu
2311 5201 2549 5255 humano
2572 5244 2587 5267 ,
2619 5211 2880 5271 quatenus
2908 5199 3086 5254 tamen
3116 5216 3143 5254 a
3169 5199 3374 5268 Spiritu
3403 5210 3593 5271 sancto
3616 5213 3779 5271 sana-

2184 5280 2270 5324 tus
2298 5272 2366 5325 ab
2390 5272 2580 5327 eodem
2623 5269 2826 5340 regitur
2873 5282 2927 5325 et
2976 5272 3325 5338 gubernatur.
3356 5270 3498 5340 Nam
3526 5269 3779 5340 Spiritus

2180 5352 2421 5407 sanctus,
2473 5345 2546 5396 ait
2578 5345 2637 5397 D.
2671 5339 2910 5398 'l‘ltomas
2943 5342 3099 5413 (1-2,
3129 5359 3182 5412 q.
3208 5342 3307 5405 70,
3338 5353 3438 5395 art.
3472 5339 3573 5409 4),
3606 5351 3778 5394 ntere!

2134 5406 2142 5415 ’
2181 5414 2459 5467 humanam
2486 5424 2697 5469 mentem
2725 5415 2793 5466 ad
2822 5414 2874 5466 id
2897 5406 3035 5484 quad
3068 5406 3447 5465 estsmmdam
3473 5406 3727 5464 rationem
3758 5453 3774 5473 ,

2179 5486 2256 5536 vel
2307 5487 2476 5555 potius
2506 5488 2573 5539 ad
2606 5487 2657 5537 id
2701 5486 2932 5555 quodest
2959 5499 3121 5551 supra
3157 5484 3449 5548 rationem;
3506 5484 3776 5555 appetitus

2173 5552 2343 5608 autem
2376 5558 2544 5610 carnis
2569 5597 2583 5619 ,
2635 5552 2737 5625 qui”
2766 5565 2838 5609 est
2867 5556 3123 5624 appetitus
3152 5555 3442 5618 sensitirus,
3499 5552 3662 5606 trahit
3703 5554 3777 5607 ad

2175 5624 2307 5679 bona
2327 5628 2609 5693 sensibilia,
2637 5624 2751 5698 quia
2789 5637 2904 5679 sunt
2946 5626 3087 5694 infra
3134 5626 3390 5698 hominem
3425 5638 3443 5677 :
3475 5625 3611 5675 unde
3637 5625 3776 5698 sicut

2173 5706 2341 5753 motus
2363 5715 2565 5751 sursum
2586 5708 2631 5750 et
2649 5696 2890 5752 deorsum
2920 5696 3306 5749 conti-oriantur
3330 5697 3384 5749 in
3411 5696 3776 5761 naturalibus;

2173 5770 2247 5820 ita
2284 5775 2338 5821 t'n
2378 5768 2616 5837 operibus
2662 5768 2922 5832 humanis,
2952 5769 3339 5821 eontrariantur
3381 5780 3539 5820 onera
3588 5768 3776 5821 carnis

2172 5839 2424 5907 fructibus
2452 5841 2555 5891 sive
2575 5839 2807 5907 aperibus
2828 5839 3061 5908 spiritus.
