4026 6204
344 369 448 428 597

958 369 1299 438 COLLATIO
1337 369 1595 450 tv.—pE
1631 368 2229 442 (:QNCUPISCENTIA
2268 373 2520 454 caurus
2558 377 2648 460 Er
2688 380 3018 470 SPlBlTUS.

3526 395 3636 454 598

347 493 556 554 ctatur,
574 487 804 558 spiritus
825 501 896 544 ne
913 487 1046 557 ipsis
1065 487 1280 558 quidem
1303 485 1643 542 naturalibus
1659 485 1952 543 desideriis
1978 502 2033 565 Α
2056 498 2336 561 nequeunt
2364 491 2672 561 possideri,
2701 495 2906 567 absque
2933 499 3293 570 castigatione
3324 506 3503 566 carnis
3543 522 3639 563 ca.

347 584 677 655 acquiescit.
731 585 828 640 illa
875 583 1215 648 concupiscit
1258 581 1446 637 satiari
1483 595 1696 648 somno,
1748 577 1949 652 repleri

349 675 516 742 cibo;
563 677 652 732 hic
678 678 881 748 vigiliis
905 686 961 732 et
985 677 1214 746 jejuniis
1257 676 1328 730 ita
1365 676 1660 745 saginatur,
1693 684 1749 730 ut
1787 690 1856 732 ne
1882 677 1951 733 ad

348 763 530 836 ipsum
553 767 772 838 quidem
801 767 1172 823 necessarium
1215 766 1341 822 vita
1379 781 1540 821 usum
1583 781 1828 821 somnum
1873 767 1952 822 ci-

348 857 587 930 bumque
615 862 745 916 velit
770 860 1084 916 admittere.
1118 859 1211 915 Ilia
1239 862 1390 929 cupit
1427 861 1740 916 exuberare
1765 861 1942 931 copiis

345 950 647 1015 universis,
678 951 769 1006 hic
808 967 875 1006 ne
904 951 1076 1021 ipsius
1103 950 1328 1021 quidem
1359 952 1544 1022 exigui
1580 951 1738 1021 panis
1768 953 1947 1021 quoti-

266 1115 272 1120 ν
343 1041 562 1096 dianam
601 1043 957 1099 substantiam
991 1043 1197 1100 habere
1226 1051 1518 1098 contentus
1554 1052 1660 1099 est.
1687 1043 1945 1098 Lavacris

343 1133 438 1190 illa
465 1136 739 1192 nitescere
766 1145 820 1192 et
840 1136 1176 1207 quotidianis
1203 1135 1541 1190 adulantium
1572 1137 1758 1191 cuneis
1780 1149 1945 1205 appe-

346 1229 416 1285 tit
444 1231 766 1300 constipari,
798 1231 889 1286 hic
909 1231 1164 1301 squalore
1190 1229 1439 1284 sordium
1467 1238 1526 1284 et
1553 1229 1942 1284 inaccessibilis

345 1323 515 1378 eremi
544 1322 807 1378 vastitate
830 1321 1155 1392 congaudet,
1175 1330 1602 1393 cunctorutnque
1631 1322 1937 1377 mortalium

339 1415 689 1485 praesentiam
717 1415 1109 1486 perhorrescit.
1141 1415 1452 1470 Honoribus
1480 1413 1568 1469 illa
1611 1423 1668 1470 et
1693 1413 1938 1469 laudibus

337 1504 626 1561 hominum
673 1507 1020 1573 confovetur,
1053 1508 1141 1563 hic
1171 1507 1425 1578 irrogatis
1460 1508 1563 1563 sibi
1602 1508 1937 1578 persecutio-

337 1597 505 1653 nibus
533 1597 866 1668 injuriisque
893 1598 1131 1654 laetatur.

938 1711 1170 1769 CAPUT
1209 1711 1326 1768 XII.

382 1806 511 1874 Quae
538 1806 607 1859 sit
638 1807 877 1862 voluntas
903 1815 1098 1872 nostra,
1129 1821 1243 1876 qua:
1270 1806 1396 1859 inter
1423 1805 1891 1876 concupiscentiam

775 1879 946 1932 carnis
969 1888 1016 1932 et
1043 1878 1257 1946 spiritus
1286 1878 1512 1947 ponitur.

408 1969 556 2025 Inter
583 1971 680 2025 has
713 1971 1147 2040 igiturutrasque
1167 1967 1661 2037 concupiscentias,
1681 1976 1708 2006 ι
1723 1968 1921 2022 animae

325 2063 586 2118 voluntas
617 2063 673 2116 in
703 2060 1008 2116 meditullio
1038 2059 1274 2129 quodam
1308 2059 1752 2128 vituperabiliore
1788 2074 1921 2114 con-

328 2153 557 2219 sistens,
590 2168 692 2208 nec
721 2151 981 2207 vitiorum
1011 2149 1231 2222 ﬂagitiis
1259 2150 1566 2206 oblectatur
1585 2191 1599 2216 ,
1629 2165 1731 2206 nec
1757 2150 1926 2205 virtu-

328 2254 450 2301 tum
479 2245 756 2302 doloribus
780 2245 1104 2316 acquiescit,
1135 2245 1214 2301 sic
1245 2259 1494 2315 quaerens
1521 2261 1551 2300 a
1580 2244 1926 2314 passionibus

331 2340 643 2396 carnalibus
674 2341 1004 2409 temperari,
1032 2349 1094 2394 ut
1130 2353 1474 2410 nequaquam
1524 2338 1661 2393 velit
1704 2339 1926 2393 dolores

330 2432 672 2488 necessarios
701 2432 994 2499 sustinere,
1027 2433 1146 2487 sine
1174 2432 1371 2502 quibus
1400 2431 1672 2487 desideria
1701 2431 1930 2500 spiritus

2054 581 2366 639 stimoniam
2407 585 2635 654 cupiens
2664 588 2912 658 corporis
2941 589 3190 655 obtinere
3211 634 3226 660 ,
3259 593 3381 656 sine
3423 597 3627 667 vigilia-

2052 688 2175 729 rum
2209 674 2396 730 labore
2429 677 2612 733 cordis
2641 680 2931 748 acquirere
2956 683 3268 752 puritatem,
3296 699 3420 742 cum
3449 691 3636 760 requie

2049 769 2236 824 carnis
2281 769 2621 839 spiritalibus
2675 773 2971 830 virtutibus
3037 777 3367 844 exuberare,
3432 781 3637 852 absque

2049 860 2216 918 ullius
2244 863 2660 931 exasperatioue
2688 865 2918 922 convicii
2951 868 3227 935 patientiae
3252 869 3479 938 gratiam
3511 888 3636 942 pos-

2045 952 2247 1019 sidere,
2281 953 2648 1012 humilitatem
2694 955 2894 1014 Christi
2941 959 3060 1026 sine
3109 959 3340 1024 liquoris
3375 963 3636 1028 mundani

2045 1058 2307 1100 exercere
2329 1045 2544 1115 jactura
2566 1092 2580 1116 ,
2611 1047 2896 1117 religionis
2923 1050 3328 1121 simplicitatem
3358 1067 3484 1112 cum
3527 1069 3634 1121 σεε-
3729 1053 3741 1071 ‘

2043 1137 2152 1191 culi
2180 1136 2478 1192 ambitione
2504 1139 2725 1204 sectari,
2757 1137 2980 1196 Christo
3011 1157 3136 1200 cum
3167 1141 3446 1208 hominum
3473 1144 3633 1212 laude

2041 1243 2108 1284 ac
2134 1227 2322 1284 favore
2348 1229 2578 1294 servire,
2604 1231 3000 1290 districtionem
3029 1233 3282 1301 veritatis
3305 1220 3423 1290 sine
3445 1235 3633 1305 cujus-

2041 1321 2188 1390 piam
2239 1321 2326 1376 vel
2373 1322 2520 1376 tenui
2559 1321 2858 1382 oiiensione
2898 1324 3163 1394 proferre.
3213 1326 3496 1396 Postremo
3550 1328 3630 1384 sic

2038 1415 2156 1469 vult
2177 1414 2359 1470 futura
2375 1417 2638 1486 consequi
2669 1415 2833 1486 bona,
2854 1428 2912 1472 ut
2941 1418 3233 1487 praesentia
3252 1434 3361 1476 non
3389 1419 3628 1482 amittat.

2036 1507 2169 1575 Quae
2204 1507 2453 1563 voluntas
2481 1524 2768 1579 numquam
2804 1525 2907 1566 nos
2929 1511 2996 1566 ad
3028 1510 3419 1581 perfectionem
3442 1529 3628 1572 veram

2033 1597 2242 1653 faceret
2265 1600 2578 1667 pervenire,
2621 1599 2719 1657 sed
2767 1600 2820 1655 in
2855 1611 3039 1670 tepore
3075 1601 3312 1670 quodam
3345 1606 3626 1662 teterrimo

2033 1690 2352 1759 collocaret,
2401 1691 2648 1760 talesque
2675 1690 2883 1750 faceret
2927 1694 3120 1763 quales
3166 1695 3244 1764 illi
3290 1706 3418 1754 sunt
3448 1698 3540 1767 qui
3570 1698 3627 1753 in

2033 1781 2360 1852 Apocalypsi
2401 1782 2777 1852 increpatione
2821 1783 3031 1840 Domini
3071 1785 3455 1856 castigantur:
3500 1788 3625 1844 Scio

1955 1893 2002 1953 Β
2032 1888 2186 1942 opera
2235 1883 2344 1940 tua,
2397 1875 2522 1944 quia
2565 1891 2723 1943 eque
2775 1876 2979 1932 calidus
3028 1893 3103 1943 es,
3162 1894 3322 1950 neque
3363 1879 3624 1952 frigidus;

2028 1961 2056 2002 δ
2087 1965 2279 2019 utinant
2305 1965 2528 2038 frigidus
2571 1982 2704 2022 esses
2746 1975 2836 2022 aut
2864 1968 3066 2024 calidus
3091 1984 3109 2021 :
3134 1985 3272 2028 nunc
3296 1977 3465 2026 autem
3502 1972 3624 2041 quia

2025 2060 2228 2128 tepidus
2255 2076 2327 2126 es,
2360 2060 2610 2128 incipiam
2635 2071 2682 2116 te
2699 2077 2927 2116 evomere
2951 2062 3017 2114 de
3038 2077 3124 2118 ore
3155 2079 3266 2118 meo
3287 2064 3475 2135 (Apoc.
3503 2063 3582 2134 ut)
3605 2082 3620 2130 ;

2027 2153 2131 2206 nisi
2158 2151 2306 2207 hunc
2341 2152 2735 2221 tepidissimum
2766 2161 2966 2218 statum
3005 2153 3331 2208 altrinsecus
3379 2157 3493 2210 haec
3533 2158 3619 2210 in-

2025 2244 2308 2313 surgentia
2349 2245 2490 2300 bella
2533 2244 2893 2314 disruperint.
2944 2243 3078 2298 Nam
3119 2258 3241 2300 cum
3288 2245 3620 2302 famulantes

2029 2337 2158 2392 huic
2190 2337 2460 2394 voluntati
2481 2345 2682 2400 nostra:
2712 2337 2780 2392 ad
2810 2337 2949 2392 hanc
2972 2336 3355 2396 remissionem
3380 2339 3618 2395 volueri-

2030 2444 2151 2484 mus
2182 2430 2545 2500 nosmetipsos
2575 2429 2854 2500 paululum
2877 2429 3146 2497 relaxare,
3177 2429 3460 2498 confestim
3482 2446 3620 2489 acu-

1400 2567 1659 2624 ALARDI
1697 2568 1932 2624 GAZzEI
1969 2567 2533 2626 COMMENTARIUS.

407 2695 434 2723 ⁸
482 2685 816 2748 Voluntatem
865 2685 1177 2756 quamdam,
1205 2685 1325 2741 sive
1353 2691 1551 2741 statum
1583 2685 1799 2756 animai,
1829 2699 1924 2756 po-

330 2755 434 2820 nit,
465 2757 632 2811 veluti
652 2758 888 2814 medium
916 2757 1056 2812 inter
1084 2766 1368 2823 utramque
1399 2755 1918 2824 concupiscentiam,

331 2827 512 2881 carnis
541 2828 793 2882 videlicet
820 2838 872 2882 et
922 2828 1166 2896 spiritus,
1194 2842 1300 2896 quo
1329 2827 1407 2881 sic
1438 2825 1662 2880 affectus
1702 2828 1770 2879 sit
1808 2827 1922 2878 ani-

334 2911 480 2968 mus,
508 2907 566 2952 ut
610 2899 822 2968 utrique
861 2913 926 2952 ex
970 2911 1126 2966 aequo
1179 2897 1516 2961 satisfacere,
1545 2906 1599 2949 et
1645 2896 1924 2968 utriusque

332 2967 617 3024 aﬂectiiius
674 2967 898 3039 obsequi
937 2969 1086 3034 velit,
1113 2968 1215 3022 hoc
1259 2979 1363 3033 est,
1397 2968 1624 3022 terrenis
1666 2967 1826 3039 simul
1868 2977 1922 3020 et

337 3040 557 3094 aeternis
603 3041 761 3095 bonis
791 3037 1026 3108 perfrui,
1055 3049 1110 3094 et
1135 3041 1189 3094 in
1231 3047 1542 3107 utramque,
1589 3047 1645 3091 ut
1675 3037 1870 3091 dicitur
1904 3078 1919 3102 ,

333 3124 522 3164 aurem
555 3111 789 3166 dormire
811 3151 824 3175 ,
849 3121 904 3165 et
927 3126 1066 3164 nunc
1097 3110 1278 3173 carni,
1310 3125 1450 3163 nunc
1480 3109 1706 3178 spiritui
1738 3108 1924 3162 deser-

331 3178 470 3236 vire.
521 3181 690 3248 Quam
739 3196 960 3248 pravam
1011 3180 1382 3245 affectionem,
1441 3177 1920 3244 et’dimidiatam,

331 3265 432 3306 seu
466 3253 715 3320 partitam
761 3253 1097 3306 voluntatem
1139 3261 1296 3306 vocat
1345 3250 1626 3318 Scriptura
1668 3249 1922 3318 tepidita-

337 3331 477 3392 tem;
530 3325 673 3389 quod
713 3324 854 3380 inter
878 3338 1072 3392 aquam
1103 3322 1332 3378 calidam
1364 3333 1416 3376 et
1449 3321 1692 3391 frigidam
1745 3321 1922 3380 media

443 3395 653 3480 tepida:
675 3409 912 3480 eamque
932 3390 993 3446 ut
1022 3394 1258 3480 iniquam
1279 3433 1293 3459 ,
1324 3390 1608 3480 absurdam
1631 3433 1644 3457 ,
1675 3392 1924 3480 i_t::pgssi-
1952 3415 1998 3480 Ο

333 3461 510 3517 bilem
537 3467 720 3518 multis
744 3461 876 3520 locis
905 3461 1155 3532 suggillat
1201 3478 1263 3516 ac
1315 3461 1634 3516 detestatur.
1683 3461 1746 3515 ΙΙΙ
1787 3461 1922 3528 Reg.

332 3549 503 3606 x_vttt:
546 3533 819 3606 Usquequo
869 3533 1180 3606 claudicatis
1223 3535 1277 3588 in
1303 3545 1571 3603 utramque
1597 3534 1833 3606 partem?
1863 3533 1923 3606 {Si

332 3604 590 3659 Dominus
633 3601 922 3671 est'Deus,
952 3605 1224 3672 sequimini
1253 3620 1409 3668 eum;
1463 3601 1506 3657 si
1559 3613 1730 3656 autem
1754 3601 1920 3667 Baal,

329 3677 604 3751 fgquimini
633 3677 804 3751 illum.
839 3677 996 3730 Prov.
1032 3691 1168 3751 sun:
1213 3675 1332 3728 Vult
1363 3683 1454 3751 ,_et
1483 3691 1584 3727 non
1616 3673 1724 3726 vult
1754 3674 1918 3742 piger.

329 3744 522 3800 hiauit.
576 3763 664 3801 Vt:
697 3745 818 3804 Non
865 3747 1072 3816 potestis
1117 3745 1224 3799 Deo
1271 3746 1459 3816 servire
1503 3754 1550 3796 et
1592 3758 1918 3816 mammonae.

329 3816 495 3871 Luca!
523 3834 614 3873 vr:
645 3817 814 3871 Nemo
839 3813 1001 3887 potest
1032 3816 1228 3870 duobus
1255 3815 1478 3868 dominis
1528 3815 1731 3867 servire.
1763 3813 1922 3887 Luca:

327 3902 386 3944 lx
417 3904 432 3940 :
466 3887 637 3944 Nemo
662 3885 868 3942 mittens
911 3905 1118 3942 manant
1163 3887 1232 3955 ad
1273 3896 1524 3954 aratrum,
1550 3892 1596 3937 et
1627 3885 1920 3955 _respiciens

326 3969 491 4020 retro,
523 3970 674 4029 aptus
707 3969 777 4012 est
807 3975 961 4028 regno
990 3955 1104 4011 Dei.
1131 3953 1177 4012 II
1205 3955 1453 4011 Corinth.
1483 3971 1536 4008 vr
1567 3971 1579 4006 :
1609 3953 1736 4029 Qua?
1759 3955 1922 4029 pa_rti-_

328 4029 524 4096 cipatio
553 4025 772 4098 iustitia:
799 4025 911 4082 cum
941 4030 1256 4098 iniquitate?
1297 4039 1385 4081 aut
1415 4025 1921 4098 quaisocietasluci

328 4049 524 4096 crpauo
587 4049 772 4084 usuth
799 4049 911 4082 cum
941 4049 1212 4098 iniquitate
1233 4049 1255 4081 .'
1297 4049 1384 4081 mu
1415 4049 1531 4098 qua:
1569 4049 1786 4080 secretas
1816 4049 1921 4080 suos

326 4101 399 4152 ad
429 4049 698 4160 tenegras?
723 4101 848 4165 Qum
873 4107 1043 4154 autem
1071 4101 1335 4154 conventio
1365 4097 1555 4152 Christi
1584 4097 1651 4147 ad
1696 4094 1866 4150 Belial
1897 4097 1922 4150 .9

332 4168 644 4239 Quisautem
668 4187 946 4228 consensus
967 4169 1152 4239 templo
1174 4170 1268 4222 Dii
1291 4185 1407 4221 cum
1428 4167 1616 4239 idolis?
1635 4165 1652 4220 Ι
1675 4167 1914 4239 'I‘imoth.

330 4235 417 4310 ιινε
449 4235 610 4300 Nemo
653 4243 879 4294 militans
929 4241 1036 4294 Deo
1068 4235 1317 4308 implicat
1355 4255 1408 4293 se
1436 4238 1652 4310 negotiis
1703 4236 1919 4310 scecula-

330 4309 693 4384 ribus._A_poc.
729 4327 786 4366 ιιι
817 4330 829 4365 :
867 4311 1076 4368 Utinam
1105 4311 1328 4384 frigidus
1355 4326 1485 4384 esses
1503 4308 1525 4374 ⁷,
1559 4319 1648 4361 aut
1677 4308 1916 4375 calidus,

325 4390 437 4452 etc.
469 4380 612 4436 Talis
645 4399 807 4452 porro
837 4392 950 4446 erat
986 4380 1501 4452 Augustinusiuitio
1523 4395 1645 4452 suae
1693 4395 1918 4452 conve_r-_-

323 4451 532 4518 sionis,
591 4449 930 4522 ut'superins
983 4449 1154 4508 visunt
1206 4451 1482 4524 estlljap.
1515 4449 1573 4505 li
1605 4452 1653 4518 ),
1696 4449 1915 4524 ancipiti

322 4527 608 4580 voluntate
631 4540 770 4578 nunc
799 4525 852 4579 in
873 4525 1032 4588 hanc,
1069 4523 1276 4576 nuncin
1294 4522 1440 4590 illam
1469 4533 1675 4590 partem
1702 4522 1916 4575 abstra-

320 4603 462 4649 ctus.
482 4595 596 4652 Tali
623 4600 785 4654 etiam
817 4595 975 4649 modo
998 4593 1316 4663 spiritaliter
1345 4589 1598 4663 aliectutn
1626 4590 1912 4645 Zachmum

319 4666 647 4726 Venerabilis
706 4665 846 4734 Beda
920 4659 1307 4734 interpretatur
1359 4680 1371 4714 :
1436 4659 1908 4734 Quigintrantem,

316 4735 530 4806 inquit,
577 4736 792 4791 Jericlto
823 4732 1150 4806 Salvatorem
1177 4735 1340 4788 videre
1367 4732 1657 4806 qutrrebat,
1689 4734 1777 4806 sed
1804 4743 1912 4804 pra:

2027 2683 2128 2760 Dei
2151 2686 2496 2760 vim_patitur,
2530 2693 2585 2760 et
2606 2685 2818 2760 viglenti
2843 2685 3052 2760 rapiunt
3085 2685 3221 2741 illud
3256 2687 3475 2758 (Matth.
3506 2691 3611 2760 XI).

2099 2754 2126 2830 ἒ
2158 2757 2217 2811 D.
2251 2755 2544 2830 Gregorius
2574 2758 2625 2808 in
2657 2754 2919 2830 Pastoraii
2947 2760 3028 2830 (ιιι
3051 2771 3185 2826 part.
3210 2754 3327 2828 cap.
3353 2759 3442 2830 35)
3467 2779 3481 2814 :
3514 2754 3615 2816 Cd-

2029 2826 2164 2902 lidus
2194 2834 2267 2878 est
2294 2828 2381 2889 qui
2410 2826 2544 2902 bona
2571 2827 2742 2878 studia
2773 2834 2820 2878 et
2845 2826 3034 2902 arripit
3055 2839 3108 2902 et
3133 2826 3487 2902 consummat,
3517 2834 3616 2902 fri-

2027 2897 2178 2963 gidus
2205 2912 2320 2950 rero
2358 2898 2448 2966 qui
2485 2897 2888 2950 consummando
2914 2914 3006 2951 nec
3047 2899 3270 2955 inchoat.
3307 2901 3372 2958 Et
3407 2897 3536 2958 sicut
3579 2923 3614 2958 a

2028 2967 2222 3038 frigore
2251 2982 2339 3033 per
2370 2977 2593 3035 teporem
2622 2968 2872 3041 transitur
2895 2971 2963 3041 ad
2992 2971 3213 3041 calorem
3234 3018 3247 3041 ,
3282 2974 3356 3026 ita
3379 2991 3411 3025 a
3439 2975 3615 3030 calore

2027 3055 2226 3107 quoque
2257 3048 2590 3110 perteporem
2617 3039 2815 3091 reditur
2854 3038 2923 3090 ad
2963 3040 3149 3110 frigus.
3199 3038 3305 3097 Sed
3332 3044 3462 3098 sicut
3491 3056 3614 3100 ante

2028 3119 2255 3186 teporem
2277 3108 2572 3186 frigus‘sub
2611 3124 2700 3186 spe
2742 3119 2814 3163 est
2833 3151 2865 3186 _,_
2897 3108 3126 3186 ita-post
3169 3114 3336 3184 frigus
3374 3125 3518 3186 tepor
3556 3118 3612 3172 in

2029 3180 2405 3246 desperatione.
2450 3179 2551 3244 Qui
2595 3182 2731 3234 enim
2773 3181 2943 3236 adhuc
2984 3179 3035 3234 in
3083 3179 3307 3249 peccatis
3337 3179 3442 3252 est,
3487 3204 3612 3242 con-

2029 3253 2272 3327 versionis
2304 3253 2549 3327 fiduciam
2580 3269 2682 3305 non
2710 3254 2937 3319 amittit;
2965 3253 3056 3324 qui
3086 3271 3203 3309 vero
3243 3267 3355 3327 post
3393 3273 3610 3312 conver-

2027 3324 2218 3398 sionem
2249 3323 2410 3398 tepuit
2435 3364 2448 3386 ,
2478 3333 2524 3376 et
2550 3339 2706 3398 spem
2741 3340 2857 3391 quae
2895 3340 3002 3398 esse
3047 3329 3211 3391 potuit
3243 3323 3312 3380 'de
3347 3338 3611 3398 peccatore

2029 3394 2301 3470 subtraxit.
2335 3395 2434 3447 Aut
2478 3395 2675 3470 calidus
2703 3410 2824 3465 ergo
2868 3397 3082 3465 quisque
3121 3413 3226 3470 esse
3264 3394 3356 3452 aut
3387 3400 3608 3470 frigidus

2027 3466 2300 3531 quaeritur,
2333 3480 2394 3516 ne
2431 3465 2632 3535 tepidus
2673 3476 2954 3529 evomatur,
3001 3474 3054 3518 ut
3088 3469 3137 3520 vi
3160 3469 3321 3523 velicet
3355 3465 3607 3525 aut'nec-

2030 3536 2156 3610 dum
2184 3549 2456 3610 conversus
2482 3534 2674 3587 adhuc
2720 3537 2782 3589 de
2812 3553 2879 3610 _se
2911 3541 3430 3610 spem__conversionis
3470 3557 3608 3610 pra:-

2029 3605 2174 3668 beat,
2219 3614 2306 3656 aut
2343 3605 2460 3672 jam
2504 3621 2774 3658 conversus
2805 3607 2857 3658 in
2882 3605 3151 3659 virtutibus
3174 3605 3508 3674 innrdescat';
3544 3629 3608 3666 ne

2027 3684 2288 3726 crematur
2331 3674 2570 3747 tepidus,
2611 3675 2698 3741 qui
2735 3691 2768 3726 α
2792 3676 2970 3747 calore
3006 3691 3156 3747 quem
3189 3681 3453 3747 proposuit
3492 3689 3606 3734 tor-

2026 3748 2244 3819 poread
2273 3745 2487 3819 noxium
2517 3745 2694 3819 frigus
2710 3744 2861 3819 redit.
2902 3743 2978 3796 Ita
3011 3743 3236 3819 Gregor.
3269 3743 3438 3803 Porro
3467 3753 3607 3819 tepi-

2027 3812 2208 3870 ditatis
2253 3812 2440 3868 vitium
2488 3812 3331 3890 e't_tepidorunt_monachorum
3378 3812 3596 3890 mores,

2025 3893 2211 3961 contra
2243 3885 2678 3961 quo_s_-prau_‘.ipue
2721 3883 2805 3936 hic
2840 3883 3036 3961 agiturJ
3077 3887 3330 3961 graphice
3359 3883 3604 3961 depingit

2024 3953 2314 4008 Cassianus
2342 3953 2434 4008 lib.
2468 3969 2502 4008 ι
2529 3955 2702 4009 Instit.
2731 3963 2849 4022 cap.
2875 3953 2908 4007 Ξ
2929 3965 2983 4009 et
3003 3957 3056 4011 5.
3084 3953 3187 4010 iiis
3212 3957 3347 4014 adde
3379 3953 3444 4014 Di
3471 3953 3604 4016 Βέτ-

2025 4024 2252 4098 nardum
2280 4024 2513 4098 seruisti
2534 4067 2548 4089 ,
2581 4025 2669 4098 ubi
2701 4025 2814 4078 haec
2853 4027 3130 4097 utriusque
3165 4032 3380 4098 generis
3415 4048 3602 4086 mona-

2023 4094 2248 4169 chorum
2289 4096 2543 4169 collatio:
2576 4097 2852 4151 Advertere
2885 4094 3064 4169 potes,
3109 4094 3314 4168 inquit,
3346 4104 3398 4156 in
3429 4105 3599 4158 omni-

2023 4165 2116 4246 bus
2148 4171 2254 4246 fere
2283 4167 2550 4246 religiosis
2564 4165 3043 4246 congregationibus
3072 4165 3206 4246 viros
3233 4165 3452 4246 repletos
3476 4190 3601 4229 con-

2021 4236 2277 4315 solutione
2297 4280 2311 4303 ,
2343 4236 2817 4315 superabundant“
2846 4239 3059 4315 gaudio,
3085 4236 3351 4311 jucundos
3377 4262 3597 4315 semper,

2021 4317 2068 4361 ct
2102 4309 2312 4380 hilares,
2344 4311 2590 4378 ferventes
2635 4309 2861 4380 spiritu,
2903 4311 2986 4364 die
3022 4309 3095 4365 ac
3118 4324 3262 4368 nocte
3298 4309 3599 4374 meditantes

2020 4381 2073 4434 in
2099 4378 2208 4450 lege
2232 4379 2336 4456 _Dei
2354 4420 2370 4446 ,
2396 4381 2576 4456 crebro
2598 4378 2950 4456 suapicientes‘
2973 4383 3027 4456 in
3073 4385 3255 4438 caelum
3277 4426 3290 4448 ,
3341 4391 3388 4440 et
3438 4405 3598 4456 puras

2020 4449 2202 4503 manus
2225 4452 2278 4503 in
2305 4452 2533 4505 oratione
2557 4449 2776 4505 levantes
2793 4494 2808 4518 ,
2834 4453 3080 4507 sollicitos
3105 4449 3447 4511 observatores
3473 4474 3600 4513 con-

2017 4521 2354 4596 scientiw,_et
2385 4522 2891 4596 devotosisectatores
2931 4524 3178 4579 bonorum
3207 4544 3414 4595 aperum
3435 4573 3448 4596 ,
3481 4532 3596 4595 qui.

2018 4591 2110 4644 bus
2138 4593 2373 4667 amabilis
2400 4593 2680 4667 disciplina
2698 4634 2719 4667 ,4
2739 4595 3173 4667 dulcejejunium
3201 4642 3214 4665 ,
3241 4591 3446 4667 vigilite
3483 4591 3598 4655 bre-

2015 4679 2098 4716 ves
2123 4705 2135 4723 ,
2173 4663 2314 4742 labor
2357 4658 2602 4742 manuum
2638 4658 2980 4742 delectabilis:
3017 4675 3063 4742 et
3090 4658 3335 4742 universa
3376 4671 3596 4742 denique

2018 4735 2417 4808 c_onversationi_s
2467 4735 2622 4806 hujus
2663 4737 2934 4808 austeritas
2971 4739 3298 4808 refrigerium
3337 4735 3590 4796 videatur.

317 4799 481 4888 turba.
500 4799 606 4888 non
635 4817 832 4888 poterat
866 4806 1024 4888 (Luc:
1055 4804 1188 4877 xv);
1214 4805 1340 4888 quia
1373 4799 1554 4874 gratia:
1583 4803 1725 4888 fidei,
1756 4799 1910 4888 quam
1938 4799 1992 4860 D
2018 4803 2210 4886 Contra
2239 4823 2363 4888 song
2389 4799 2615 4888 invenire
2638 4816 2714 4888 est
2743 4806 2973 4888 homines
3012 4799 3369 4888 pusillanimes
3390 4853 3403 4873 ,
3436 4823 3483 4864 et
3515 4831 3596 4864 re-

317 4879 514 4933 mundo
569 4878 814 4936 Salvator
863 4875 1069 4940 attulit,
1125 4875 1438 4944 participare
1488 4875 1762 4944 cupiebat,
1819 4876 1908 4928 sed

315 4949 504 5002 inclita
553 4950 794 5004 vitiorum
850 4944 1166 5004 consuetudo
1197 4963 1258 5001 ne
1306 4949 1376 5000 ad
1425 4957 1596 5000 votum
1620 4944 1908 5018 perveniret

316 5020 572 5074 obstabat.
605 5021 763 5075 Tales
790 5021 1026 5088 denique
1057 5019 1196 5073 servi
1228 5018 1448 5072 inutiles
1469 5060 1481 5084 ,
1520 5014 1743 5088 quo‘shD.
1774 5014 1910 5088 Gre-

313 5092 501 5162 gorius
535 5091 863 5162 depingens:
913 5085 1067 5162 Sunt,
1092 5089 1266 5162 inquit
1291 5088 1469 5162 (llam.
1500 5089 1534 5142 9
1562 5085 1905 5162 inEvang.),

315 5159 550 5230 plerique
574 5159 720 5215 intra
744 5172 971 5216 sanctam
1017 5159 1300 5214 Ecclesium
1328 5160 1581 5228 (quorum
1599 5161 1706 5230 iste
1733 5171 1908 5210 servus

312 5233 595 5304 imaginem
619 5232 773 5303 tenet)
797 5234 882 5298 qui
902 5232 1123 5304 melioris
1148 5233 1264 5304 vitae
1283 5232 1393 5304 vias
1414 5229 1627 5304 aggredi
1648 5235 1906 5304 metuunt,

310 5312 360 5357 et
401 5299 570 5357 tamen
601 5299 777 5373 jacere
816 5304 868 5357 in
910 5302 992 5355 sui
1019 5301 1250 5373 torporis‘
1277 5301 1486 5373 ignavia
1531 5317 1629 5352 non
1668 5299 1907 5373 pertime-

310 5389 504 5441 scunt;
536 5369 738 5446 et'quae
771 5369 1209 5446 sequunturJAd
1241 5369 1400 5446 hung
1421 5370 1580 5437 igitur
1620 5369 1909 5446 voluntatis

313 5439 590 5515 torporem
618 5439 654 5508 ,“
709 5439 1051 5499 medietatem
1111 5455 1164 5498 et
1237 5441 1570 5506 tepiditatem
1635 5439 1911 5515 excutien-

312 5510 474 5581 dam,
511 5518 672 5571 docet
700 5527 1003 5586 opportune
1049 5525 1100 5568 et
1145 5527 1338 5586 magno
1381 5520 1567 5565 nostr-0
1623 5510 1909 5564 Commodo

311 5587 473 5642 nobis
501 5585 759 5642 insertam
791 5603 852 5639 ac
883 5587 1126 5641 relictam
1183 5585 1319 5637 hanc
1364 5596 1594 5652 pugnam
1626 5595 1804 5634 cat-ms
1857 5589 1911 5635 et

310 5661 562 5726 Spiritus,
591 5670 648 5713 ut
679 5658 899 5713 assiduo
918 5661 1016 5712 hoc
1045 5650 1422 5726 certatnineet
1443 5650 1690 5726 conﬂictu
1711 5652 1911 5706 utrius-

315 5722 420 5798 q'ue
445 5729 616 5805 partis
646 5730 906 5805 excitatus
931 5728 1141 5782 animus
1169 5726 1277 5779 vim
1320 5724 1423 5779 sibi
1472 5722 1702 5805 afferat,
1736 5736 1902 5805 seque

315 5812 492 5870 supra
513 5800 751 5870 seipsum
781 5801 971 5867 erigat,
1002 5809 1067 5870 iet
1108 5806 1220 5852 toto
1250 5806 1442 5870 conatu
1481 5805 1642 5870 atque
1669 5800 1900 5870 _instan-

315 5866 398 5922 tia
432 5869 500 5924 ad
544 5866 891 5935 perfectionis
930 5869 1137 5938 apicem
1180 5868 1437 5935 enitatur,
1485 5869 1609 5938 quia
1659 5866 1898 5935 Regnum

2019 4876 2220 4942 missos,
2251 4876 2544 4945 deﬁcientes
2570 4873 2662 4950 sub
2690 4891 2842 4950 onere
2858 4917 2884 4950 ,ί
2900 4873 3044 4950 virga
3069 4881 3427 4950 etcalcaribus
3455 4883 3596 4934 indi.-

2015 4956 2218 5014 gentes,
2248 4961 2469 5014 quorum
2501 4945 2710 4997 remissa
2740 4946 2948 5010 latitia,
2979 4945 3341 5013 'pusillanimis
3378 4952 3594 5008 tristitia

2015 5023 2123 5078 est,
2149 5030 2365 5085 quorum
2399 5015 2562 5068 brevis
2603 5023 2646 5066 et
2687 5032 2810 5070 rara
2846 5022 3200 5085 compunctia,
3240 5022 3478 5076 animalis
3505 5041 3594 5077 co-

2013 5084 2218 5156 gitatio,
2273 5085 2441 5154 tepida
2491 5088 2837 5156 conversatio,
2887 5084 3103 5156 queram
3151 5089 3438 5144 obedientia
3479 5096 3593 5148 sine

2017 5155 2316 5225 devotione,
2358 5169 2523 5207 sermo
2569 5155 2680 5225 sine
2729 5155 3221 5225 circumspectione,
3271 5163 3433 5214 oratio
3479 5165 3592 5218 sine

2016 5224 2186 5277 cordis
2218 5225 2496 5298 intentione
2517 5265 2529 5288 ,
2565 5223 2713 5298 lectio
2743 5228 2850 5279 sine
2879 5223 3255 5294 aedificatione,
3289 5247 3414 5298 quos
3443 5235 3590 5288 deni-

2012 5311 2108 5376 que
2127 5340 2140 5365 ,
2170 5293 2630 5376 unt-ruminando:
2665 5299 2909 5376 gehennw
2941 5293 3107 5376 motus
3133 5293 3356 5376 inhibet,
3389 5304 3471 5358 vix
3495 5323 3590 5376 pa-

2014 5369 2109 5441 dor
2137 5365 2366 5441 cohibet,
2404 5368 2486 5419 vix
2521 5367 2688 5441 frenat
2725 5367 2858 5441 ratio
2880 5409 2894 5431 ,
2931 5367 3019 5420 vix
3051 5365 3584 5441 disciplina'coercet.

2018 5436 2139 5514 Non
2180 5438 2490 5514 tibi-horum
2532 5438 2633 5514 vita
2673 5437 2876 5514 inferno
2927 5436 3587 5514 penitus_a;.apr0pinquare

2013 5510 2234 5576 videtur,
2265 5510 2415 5573 dum,
2458 5506 2967 5575 intellectu’affectui
3003 5520 3050 5562 et
3085 5506 3273 5576 affectu
3307 5506 3588 5572 intellectui

2013 5589 2595 5654 repugnante,_necesse
2621 5578 2805 5654 habent
2847 5580 3044 5654 mittere
3082 5600 3289 5637 manum
3325 5587 3392 5636 ad
3431 5602 3587 5654 apem

2014 5650 2224 5724 fortium
2247 5651 2378 5724 ,_qui
2417 5651 2530 5724 cibo
2567 5650 2777 5722 fortium
2809 5653 3016 5707 minime
3051 5664 3427 5718 sustentantur,
3458 5650 3586 5713 iocii

2009 5722 2163 5793 plane
2202 5722 2578 5789 tribulationis,
2623 5727 2707 5777 sed
2748 5741 2851 5778 non
2887 5726 3284 5793 consolationis,
3316 5737 3422 5784 etc.
3459 5729 3585 5784 Vide

2010 5794 2256 5850 eumdem
2289 5809 2456 5849 sertn.
2485 5793 2556 5849 6'5
2583 5795 2636 5849 in
2667 5794 2905 5851 Cantica.
