4026 6204
1674 210 1760 243 ραι.

494 324 601 386 599

493 534 601 588 bus
624 527 956 593 sauciantes,
988 531 1324 591 nequaquam
1357 516 1409 569 in
1441 514 1551 577 illa,
1585 526 1689 582 qua
1718 511 2077 573 delectamur,

492 619 750 694 puritatis
784 616 1045 686 qualitate
1081 621 1230 666 stare
1275 606 1614 678 permittunt,
1645 611 1806 673 atque
1833 600 1901 656 ad
1931 601 2078 656 illam

494 729 658 785 quam
708 714 994 764 horremus
1041 703 1290 774 frigidam
1347 701 1702 768 voluptatem,
1756 695 2079 764 plenamque

495 784 748 861 sentibus
771 797 1091 871 pertrahunt
1119 795 1284 848 viam.
1313 793 1521 847 Rursus
1550 789 1596 843 si
1617 786 1842 855 spiritus
1869 784 2080 838 fervore

498 894 778 962 succensi,
817 903 984 960 opera
1019 887 1204 942 carnis
1246 885 1493 939 volentes
1547 879 1895 946 exstinguere
1917 917 1932 940 ,
1963 874 2080 928 sine

495 989 611 1045 ullo
640 993 893 1055 respectu
923 978 1234 1051 fragilitatis
1259 976 1686 1039 humanae,totos
1712 967 2080 1035 nosmetipsos

497 1077 892 1135 tentaverimus
917 1071 982 1126 ad
1016 1067 1372 1125 immoderata
1399 1065 1661 1119 virtutum
1691 1058 1867 1115 studia
1897 1055 2081 1112 cordis

498 1170 737 1227 elatione
773 1165 1046 1226 conferre,
1094 1157 1452 1228 interpellans
1504 1151 1850 1209 imbecillitas
1901 1147 2082 1202 carnis

499 1265 569 1319 ab
597 1263 689 1318 illa
739 1254 1159 1330 reprehensibili
1205 1252 1480 1306 nimietate
1509 1246 1732 1316 spiritus
1767 1250 1990 1299 revocat
2017 1254 2082 1296 ac

497 1356 775 1419 retardat;
818 1362 873 1406 et
903 1352 976 1405 ita
1004 1348 1062 1402 fit
1100 1356 1191 1415 ut,
1235 1355 1464 1413 utraque
1503 1335 1945 1408 concupiscentia
1989 1333 2082 1388 tali

499 1447 896 1506 colluctatione
920 1444 1127 1497 alterna
1155 1438 1377 1493 sibimet
1405 1430 1966 1501 repugnante,anima:
1985 1440 2082 1481 vo-

497 1542 700 1605 luntas,
726 1551 846 1607 quae
885 1550 985 1589 nec
1016 1541 1185 1587 totam
1212 1544 1270 1584 se
1304 1526 1614 1582 carnalibus
1652 1521 1940 1577 desideriis
1981 1518 2080 1573 de-

499 1634 660 1701 dere,
679 1644 776 1686 nec
791 1630 1053 1683 virtutum
1081 1625 1195 1677 vult
1213 1618 1494 1675 laboribus
1505 1615 1793 1678 desudare,
1815 1609 2082 1682 quodam-

497 1728 667 1783 modo
690 1727 841 1795 justo
867 1717 1235 1776 moderamine
1259 1720 1616 1782 temperetur,
1643 1709 1768 1763 dum
1799 1705 1916 1760 htec
1941 1705 2083 1758 inter

1525 303 1812 365 JOANNIS
1849 297 2167 359 cassum
2204 280 2697 355 COLLATIONES.
3285 280 3424 370 εῑςηχί
3443 291 3496 358 ίςκ

493 442 566 499 lci
588 437 772 495 carnis
798 435 1124 503 insurgunt,
1155 427 1376 496 suisque
1413 435 1513 478 nos
1537 420 1686 475 vitiis
1723 427 1780 474 et
1810 416 2078 487 passioni-
2102 421 2157 480 Α
2179 426 2360 482 neque
2382 410 2450 466 ad
2480 409 2740 465 effrenata
2772 405 2904 462 vitia
2945 411 3183 461 mentem
3513 379 3788 476 concupi-

3401 116 3406 120 -
3423 83 3513 140 31‘s
3531 65 3594 109 γ)

3387 109 3574 198 'ajf/

3335 199 3354 230 ι’,
3445 203 3475 242 ,Ι¹
3497 213 3520 236 ,μ’
3547 197 3565 212 ρ
3761 209 3786 237 ι

3339 241 3384 274 ὦ
3431 259 3436 268 ν
3473 245 3506 270 ,ν’
3685 239 3702 275 ἔ

3311 315 3325 324 .
3402 279 3424 324 μ’
3449 295 3472 324 κέ
3487 291 3496 314 -”
3663 279 3792 324 m

3465 350 3476 390 ἱ
3555 350 3594 398 ἐξ

2180 462 2387 559 scentia
2407 502 2631 572 spiritus
2653 499 2819 565 sinat,
2854 513 2958 554 nec
2996 462 3592 572 rursum-aEirtt‘num

2181 568 2476 651 tionabiles
2505 592 2784 663 appetitus
2822 590 3085 660 fragilitas
3109 568 3784 663 carnigﬁiritutu—patin-

2185 696 2272 741 tur
2292 686 2478 742 extolli
2499 701 2514 751 ;
2534 700 2602 740 ne
2622 685 2709 740 vel
2735 681 2861 739 inde
2887 681 3239 752 omnigenum
3268 663 3537 748 Mulent
3558 676 3784 742 fomites

2183 778 2462 841 vitiorum,
2515 777 2600 832 vel
2655 775 2781 830 hinc
2829 774 2995 830 elatio
3021 771 3200 828 morbi
3241 755 3785 848 pri'ncipalis'emer—

2180 884 2336 942 gens,
2390 869 2502 924 telo
2551 883 2654 923 nos
2706 866 2980 937 superbia:
3028 866 3281 936 graviore
3325 850 3782 918 confodiatzsed

2182 977 2373 1034 pugna:
2402 963 2594 1017 horum
2615 962 2762 1031 justa
2784 959 3149 1029 aaquilibratio
3169 957 3469 1013 succedens
3495 970 3692 1010 sanam
3721 964 3783 1009 et

2182 1054 2515 1111 moderatam
2549 1054 2691 1107 inter
2721 1058 3008 1121 utramque
3036 1050 3294 1104 virtutem
3320 1056 3566 1102 reservet
3593 1046 3738 1100 viam
3757 1087 3778 1112 ,

2180 1146 2383 1202 itinere
2427 1143 2577 1215 regio
2606 1143 2813 1198 docens
2855 1141 3083 1196 militem
3124 1138 3325 1194 Christi
3357 1152 3576 1205 semper
3622 1137 3783 1191 ince-

2183 1239 2334 1294 dere.
2363 1237 2541 1306 Atque
2562 1235 2637 1290 ita
2664 1235 2748 1300 fit,
2785 1243 2844 1288 ut
2871 1248 2994 1288 cum
3019 1246 3119 1302 pro
3149 1239 3338 1299 tepore
3378 1229 3567 1298 hujus,
3612 1243 3777 1295 quam

2183 1330 2459 1395 diximus,
2491 1326 2856 1400 ignavissima:
2903 1323 3199 1380 voluntatis
3241 1321 3566 1392 propensius
3615 1334 3779 1375 mens

2183 1422 2250 1477 ad
2280 1419 2550 1476 desideria
2581 1419 2762 1473 carnis
2791 1417 2956 1472 fuerit
2996 1415 3278 1480 devoluta,
3315 1414 3540 1483 spiritus
3571 1427 3783 1467 concu-

2185 1512 2452 1585 piscentia
2501 1510 2844 1576 refrenetur,
2888 1522 3228 1579 nequaquam
3270 1520 3336 1562 eo
3363 1505 3513 1560 vitiis
3560 1507 3785 1576 acquie-

2184 1613 2370 1661 scente
2411 1603 2670 1669 terrenis;
2705 1616 3034 1672 rursumque
3062 1601 3108 1656 si
3151 1599 3517 1656 immoderato
3564 1599 3784 1655 fervore

2187 1715 2284 1770 per
2314 1714 2596 1756 excessum
2628 1698 2811 1753 cordis
2842 1696 2908 1751 ad
2940 1694 3303 1766 impossibilia
3349 1694 3513 1748 fuerit
3555 1693 3786 1764 spiritus

499 1786 734 1887 utraque
771 1812 1067 1874 contentio,
1113 1809 1264 1862 illam
1305 1802 1750 1874 perniciosiorem
1789 1795 2085 1852 exeludens
2114 1799 2164 1858 B
2188 1801 2376 1847 noster
2401 1800 2456 1848 et
2489 1789 2885 1846 inconsiderata
2914 1797 3220 1858 praereptus
3246 1828 3260 1853 ,
3293 1786 3615 1842 infirmitate
3660 1801 3787 1841 car-

501 1886 696 1965 animre
721 1907 1077 1966 voluntatem,
1107 1909 1164 1953 ut
1186 1896 1474 1968 quamdam
1499 1890 1770 1962 aequitatis
1797 1889 1985 1942 libram
2024 1886 2078 1940 in

501 2011 707 2057 statera
739 1999 911 2054 nostri
959 1992 1206 2064 corporis
1235 1990 1506 2054 collocat,
1547 2001 1668 2057 qua:
1696 1983 1921 2053 spiritus
1960 1995 2080 2034 car-

501 2099 696 2168 nisque
711 2092 1103 2161 confiniajusto
1124 2085 1392 2143 discernit
1414 2083 1686 2148 examine,
1704 2093 1801 2133 nec
1826 2093 1855 2130 a
1876 2075 2085 2131 dextris

500 2198 740 2244 mentem
772 2185 996 2255 spiritus
1022 2180 1216 2235 ardore
1246 2189 1587 2240 succensam,
1609 2185 1712 2228 nec
1743 2186 1770 2223 a
1804 2169 1942 2224 laeva
1961 2181 2084 2221 ear-

500 2297 626 2336 nem
657 2280 914 2334 vitiorum
947 2274 1151 2330 aculeis
1182 2267 1604 2341 praeponderare
1634 2261 1918 2334 permittit.
1951 2261 2083 2314 Dum

501 2376 622 2430 haec
649 2388 829 2444 pugna
858 2367 1193 2439 quotidianis
1231 2363 1423 2418 diebus
1451 2359 1656 2414 utiliter
1692 2357 1994 2425 exagitatur
2031 2354 2086 2407 in

502 2467 684 2532 nobis,
728 2465 794 2518 ad
840 2462 972 2516 illud
1013 2468 1262 2529 quartum
1309 2453 1455 2526 quod
1498 2452 1752 2506 nolumus
1799 2447 2090 2504 salubriter

503 2562 694 2616 venire
743 2556 1140 2627 compellimur,
1194 2561 1252 2606 ut
1298 2551 1586 2620 puritatem
1629 2545 1809 2601 cordis
1843 2557 1948 2597 non
1977 2540 2090 2596 otio

503 2671 608 2711 nec
633 2655 947 2714 securitate,
985 2647 1080 2704 sed
1107 2647 1221 2717 jugi
1252 2644 1450 2699 sudore
1477 2651 1532 2697 et
1565 2639 1894 2696 contritione
1926 2635 2089 2705 spiri-

505 2757 595 2800 tus
625 2745 989 2814 acquiramus,
1014 2739 1432 2806 castitatemque
1457 2733 1636 2789 carnis
1660 2729 1924 2787 districtis
1949 2726 2092 2798 jeju-

506 2838 634 2900 niis,
651 2835 817 2902 fame,
847 2833 936 2889 siti
960 2848 1023 2888 ac
1047 2831 1327 2901 vigilantia
1346 2829 1708 2891 retineamus;
1736 2823 2088 2879 directionem

508 2933 669 2986 etiam
706 2927 887 2984 cordis
914 2969 927 2993 ,
961 2927 1190 2981 lectione
1212 2965 1226 2990 ,
1263 2923 1494 2992 vigiliis,
1523 2921 1771 2975 oratione
1800 2918 2087 2980 continua,

509 3036 562 3081 ct
599 3024 912 3081 solitudinis
956 3021 1213 3090 squalore
1234 3020 1544 3089 capiamus;
1579 3013 1896 3086 patientiam
1924 3010 2094 3066 tribu-

509 3118 772 3173 lationum
795 3113 1070 3170 exercitiis
1099 3120 1458 3177 retentemus,
1500 3124 1623 3164 cum
1649 3104 2000 3175 blasphemiis
2038 3109 2095 3157 et

510 3209 934 3278 opprobriorum
964 3206 1249 3258 saturitate
1289 3211 1476 3256 nostro
1516 3201 1820 3255 serviamus
1839 3195 2092 3260 Auctori;

511 3301 792 3355 veritatem
827 3314 948 3352 cum
978 3296 1178 3350 invidia
1209 3294 1390 3348 mundi
1423 3293 1584 3346 istius
1615 3298 1669 3344 et
1700 3288 2024 3354 inimicitiis,
2050 3287 2096 3341 si

512 3409 742 3449 necesse
772 3391 954 3457 fuerit,
983 3401 1383 3457 exsequamur;
1413 3393 1469 3439 et
1511 3383 1602 3438 tali
1632 3381 2013 3437 colluctatione
2044 3379 2097 3433 in

512 3493 703 3542 nostro
735 3496 968 3551 corpore
1012 3479 1313 3539 militante,
1348 3476 1636 3544 protractis
1687 3472 1844 3526 nobis
1882 3471 1952 3524 ab
1997 3471 2103 3526 hac

514 3581 710 3649 ignava
735 3577 1051 3640 securitate,
1083 3581 1243 3641 atque
1272 3571 1338 3625 ad
1359 3571 1520 3624 istum
1551 3582 1709 3639 quem
1737 3565 1992 3620 volumus
2019 3563 2102 3618 la-

514 3673 782 3727 boremac
805 3670 1064 3722 virtutum
1089 3663 1265 3719 studia
1289 3661 1612 3732 provocatis,
1647 3660 1873 3729 mquitas
1899 3655 2104 3726 optime

515 3764 698 3820 media
726 3764 1049 3824 retineatur,
1081 3768 1135 3814 et
1167 3757 1404 3826 tepidum
1448 3764 1647 3810 nostrae
1695 3753 1990 3809 voluntatis
2017 3766 2107 3807 ar-

516 3858 763 3923 bitrium,
804 3855 933 3907 hinc
962 3852 1185 3921 spiritus
1213 3849 1422 3915 fervor,
1455 3849 1608 3904 illinc
1635 3847 1813 3905 carnis
1837 3843 2107 3918 gelidissi-

518 3963 640 4004 mus
663 3949 808 4016 rigor
841 3943 1281 3999 moderatissimo
1311 3943 1500 3996 calore
1549 3947 1990 4008 contemperent,
2042 3951 2106 3992 ac

2184 1884 2271 1938 nis
2294 1883 2361 1938 ad
2387 1885 2593 1954 justum
2635 1881 2946 1937 retrahatur
2979 1893 3209 1934 examen
3229 1919 3247 1945 ,
3279 1888 3334 1931 et
3377 1878 3787 1933 trauscendens

2183 1976 2476 2031 voluntatis
2487 1984 2686 2030 nostra:
2698 1974 3090 2044 tepidissimum
3109 1980 3310 2026 statum
3332 1970 3788 2025 commodissima

2187 2068 2452 2138 temperie
2498 2068 2764 2137 planoque
2815 2065 3031 2119 tramite
3066 2078 3190 2118 cum
3245 2061 3466 2117 sudoris
3515 2061 3791 2116 induatria

2186 2161 2326 2215 viam
2371 2159 2718 2230 perfectionis
2748 2157 2981 2213 incedat.
3021 2156 3211 2211 Simile
3238 2155 3365 2224 quid
3407 2155 3572 2209 etiam
3617 2155 3671 2208 in
3726 2155 3794 2208 il-

2189 2253 2294 2308 lius
2338 2254 2505 2308 turris
2531 2252 2903 2307 exstructione
2930 2250 3161 2321 legimus
3185 2265 3214 2304 a
3238 2247 3473 2303 Domino
3502 2247 3794 2317 dispensa-

2191 2354 2301 2400 tum
2369 2345 2422 2398 iu
2495 2345 2634 2398 libro
2697 2343 3014 2408 Geneseos,
3072 2341 3161 2395 ubi
3217 2340 3520 2411 linguarum
3587 2340 3792 2394 oborta

2190 2446 2414 2506 repente
2457 2435 2704 2492 confusio
2749 2436 3046 2504 sacrilegos
3074 2449 3239 2488 ausus
3270 2432 3548 2487 hominum
3589 2432 3796 2485 nefan-

2191 2533 2398 2603 dosque
2425 2530 2760 2602 compescuit
2787 2529 2994 2600 (Genes.
3022 2526 3128 2600 xi).
3157 2536 3183 2564 ι
3211 2527 3600 2597 Rennansisset
3628 2525 3798 2581 enim

2191 2627 2352 2682 etiam
2381 2626 2450 2681 ibi
2467 2625 2726 2680 adversus
2747 2623 3117 2689 Deum,immo
3138 2621 3404 2675 adversus
3419 2634 3513 2674 eos
3531 2619 3620 2688 qui
3639 2617 3799 2672 divi-

2195 2733 2316 2772 nam
2345 2717 2462 2786 ejus
2482 2725 2753 2771 attentare
2780 2722 3063 2783 cazperant
3093 2712 3457 2782 majestatem,
3482 2725 3794 2765 consensus

2193 2810 2422 2875 noxius,
2465 2808 2566 2861 nisi
2599 2821 2691 2861 eos
2737 2805 3144 2874 diSpensatione
3171 2803 3263 2857 Dei
3294 2815 3600 2871 repugnans
3643 2801 3795 2856 inter

2195 2919 2255 2958 se
2286 2902 2568 2957 diversitas
2612 2901 2807 2970 linguae
2846 2913 2941 2967 per
2973 2895 3364 2952 dissonantiam
3395 2893 3545 2947 vocis
3576 2892 3632 2946 in
3666 2907 3793 2946 me-

2195 2995 2385 3050 liorem
2440 3002 2642 3048 statum
2702 2991 2966 3061 proficere
3010 2987 3387 3056 compulisset,
3443 2995 3499 3040 et
3542 2998 3680 3053 quos
3715 2983 3790 3038 ad

2197 3086 2467 3142 excidium
2511 3083 2594 3139 sui
2637 3083 2973 3138 animaverat
3003 3079 3308 3149 perniciosa
3339 3077 3629 3133 consensio
3653 3117 3668 3138 ,
3719 3077 3792 3132 ad

2120 3176 2167 3238 C
2198 3179 2427 3234 salutem
2461 3186 2777 3233 revocasset
2817 3175 2954 3229 bona
3006 3174 3261 3242 utilisque
3307 3171 3601 3235 discordia,
3644 3172 3796 3225 inci-

2199 3273 2408 3342 pientes
2436 3271 2646 3325 scilicet
2695 3269 2982 3323 humanam
3030 3265 3376 3336 fragilitatem
3409 3264 3799 3319 intercedente

2199 3362 2467 3420 divisione
2497 3363 2724 3428 sentire,
2765 3375 2928 3430 quam
2956 3374 3053 3430 per
3080 3358 3301 3412 noxiam
3328 3356 3796 3426 conspirationem

2202 3456 2330 3514 elati
2353 3463 2511 3510 antea
2538 3455 2878 3511 nesciebant.

2791 3587 3018 3645 CAPUT
3054 3585 3194 3642 Xlll.

2336 3727 2416 3782 De
2442 3727 2667 3782 utilitate
2692 3723 3035 3780 cunctationis
3060 3736 3268 3794 qua-ex
3296 3718 3658 3774 colluctatione

2652 3798 2816 3852 oritur
2843 3795 3012 3849 carnis
3038 3801 3084 3847 et
3113 3793 3348 3862 spiritus.

2279 3936 2336 3992 In
2366 3945 2573 3992 tantum
2603 3949 2735 3991 vero
2762 3933 2791 3974 1³
2824 3933 2971 3989 utilis
2997 3931 3154 3988 nobis
3190 3944 3256 3985 ex
3286 3929 3446 3998 hujus
3487 3943 3680 3999 pugna:
3710 3926 3799 3982 di-

1588 4060 1852 4117 ALARDI
1886 4057 2121 4115 GAZIEI
2156 4055 2705 4114 COMMENTARIUS

609 4162 845 4218 llGentes.
877 4176 930 4214 xt
957 4176 970 4212 ε
1004 4160 1279 4213 Descendit
1312 4158 1563 4212 Dominus
1582 4199 1595 4220 ,
1623 4166 1674 4208 ut
1706 4157 1896 4207 videret
1925 4153 2104 4206 civita-i

523 4245 622 4289 tem
652 4241 698 4284 et
731 4233 913 4283 turrim
941 4247 1094 4300 quam
1131 4229 1456 4296 wdiﬁcabant
1488 4228 1586 4293 ﬁlii
1615 4227 1811 4300 Atiam,
1846 4233 1892 4277 et
1929 4223 2058 4300 digcit
2081 4237 2100 4276 :

524 4304 658 4357 Ecce
682 4317 812 4352 unus
841 4310 914 4352 est
948 4294 1199 4368 populus,
1228 4294 1274 4352 et
1307 4315 1468 4351 unum
1503 4307 1575 4349 est
1610 4294 2098 4368 labinmromnibus,

525 4380 879 4437 coeperuntque
907 4363 1232 4439 hoc'facere;
1261 4386 1350 4422 nec
1378 4369 1625 4439 desistent
1651 4382 1679 4416 a
1702 4363 2104 4439 cogitationibus

528 4444 669 4504 suis,
712 4435 871 4492 donec
907 4456 991 4494 eas
1025 4435 1176 4510 opere
1224 4437 1557 4510 compleant,
1583 4435 1976 4506 Venite’igitur,
2014 4435 2104 4487 de-

529 4511 861 4573 scendemus,
909 4520 956 4562 et
1001 4507 1379 4578 co'nftmdamus
1417 4509 1486 4562 ibi
1523 4507 1755 4578 linguam
1785 4521 1999 4578 eorum,
2044 4512 2107 4578 ut

527 4600 632 4638 non
661 4581 839 4635 audiat
875 4583 1219 4650 unusquisque
1246 4597 1416 4634 vocem
1456 4577 1676 4650 proximi
1713 4577 1814 4631 sui.
1843 4579 2006 4646 Atque
2034 4577 2105 4628 ita

526 4654 697 4708 divisit
725 4668 808 4704 eos
838 4651 1086 4704 Dominus
1116 4649 1180 4705 ea:
1209 4651 1299 4704 illo
1327 4651 1438 4704 loco
1467 4652 1520 4702 in
1548 4649 1809 4701 universas
1839 4657 2030 4711 terras,
2064 4654 2112 4698 et

528 4731 846 4778 cessaverunt
877 4723 1139 4786 cedi/icore
1165 4722 1437 4775 civitatem.
1480 4721 1568 4773 Sic
1607 4719 1765 4787 igitur
1804 4719 2104 4785 linguarum

527 4796 719 4850 oborta
751 4793 1028 4858 confusio,
1060 4802 1116 4847 et
1148 4807 1336 4846 vocum
1364 4789 1632 4845 discordia
1669 4790 1986 4842 temerarios
2012 4802 2108 4841 au-

528 4881 623 4920 sus
673 4865 947 4918 hominum
993 4864 1336 4931 nefariosque
1378 4862 1733 4930 compescuit.
1781 4860 1898 4924 Quo
1941 4858 2102 4931 etiam

529 4935 693 4990 modo
719 4936 876 4988 nobis
904 4936 1122 5002 prodest
1155 4928 1362 4988 interna
1397 4928 1624 5002 part—ium
1659 4941 1962 5002 nostrarum
1993 4928 2104 5002 dis-

529 5007 713 5061 cordia
732 5048 747 5071 ,
784 4999 992 5061 tum—ad
1024 4999 1432 5075 deprimendam
1459 5001 1658 5075 mentis
1689 5010 1885 5055 nostra:
1913 4999 2106 5053 elatio-

528 5094 687 5141 nem,
725 5086 836 5131 tum
867 5077 932 5131 ad
963 5073 1108 5130 alios
1129 5075 1352 5130 effectus
1380 5090 1537 5142 supra
1573 5073 1832 5142 signatus.

601 5147 628 5186 ι’
675 5139 895 5219 Colligit
935 5164 999 5202 ex
1040 5148 1199 5202 dictis
1236 5139 1760 5219 aliquot'ntilitates,
1791 5157 1915 5219 qua:
1945 5139 2102 5196 nobis

529 5235 596 5274 ex
626 5214 1010 5274 colluctatione
1048 5234 1114 5272 ac
1152 5217 1374 5272 dissidio
1414 5216 1592 5270 carnis
1633 5223 1688 5269 et
1725 5214 1947 5284 spiritus
1978 5227 2104 5284 pro-

528 5294 769 5344 vt-niunt.
802 5291 980 5344 Prima
1013 5289 1213 5342 utilitas
1240 5295 1324 5342 est
1351 5286 1600 5342 salutaris
1627 5281 1903 5340 cunctatio
1937 5281 1990 5337 et
2020 5281 2102 5335 di-

528 5361 660 5414 latio
689 5377 790 5429 qua
824 5361 879 5414 fit
910 5368 970 5414 ut
998 5360 1134 5413 mala
1163 5375 1282 5428 quae
1312 5360 1495 5412 animo
1524 5355 1869 5429 concepimus
1898 5353 2104 5429 tardius

528 5423 908 5497 exsequamur,
954 5423 1198 5498 corporis
1240 5429 1382 5483 mole
1430 5425 1705 5498 praepediti
1740 5466 1754 5490 ,
1792 5437 1854 5498 et
1895 5423 2105 5477 facilius

528 5500 599 5552 ab
625 5501 702 5553 eis
736 5495 1396 5570 revocemur'posnitentia
1424 5495 1590 5552 ducti.
1627 5497 1757 5551 llinc
1789 5495 1952 5549 Poeta
1981 5509 1994 5544 :

659 5597 829 5657 Differ,
855 5598 1042 5646 habent
1067 5609 1228 5659 psrvte
1253 5596 1502 5647 commoda
1527 5608 1700 5657 magna
1724 5605 1890 5643 morae.

528 5701 816 5770 Secunda,
869 5701 1081 5754 facilior
1119 5702 1257 5770 apud
1308 5702 1474 5756 Deum
1520 5702 1795 5756 exettsatio
1838 5708 1890 5753 et
1914 5699 2102 5770 venite

527 5769 864 5823 consecutio.
899 5771 1107 5822 ratione
1136 5767 1466 5825 infirmitatis
1496 5780 1550 5824 et
1579 5771 1884 5834 fragilitatis
1911 5767 2096 5825 itttma‘

2206 4167 2322 4217 nae,
2353 4151 2508 4218 cujus
2535 4150 2756 4204 obtentu
2787 4149 2948 4204 toties
2977 4148 3269 4218 Psalmista
3293 4146 3532 4200 divinam
3553 4144 3794 4218 iniseri-

2207 4214 2445 4275 cordiam
2485 4229 2791 4275 commovet
2832 4228 2887 4274 et
2925 4219 3208 4287 implorat,
3244 4217 3431 4272 dicens
3479 4231 3493 4268 :
3544 4214 3798 4287 Miserere

2207 4293 2304 4344 mei
2325 4335 2359 4362 ,ί
2389 4289 2641 4362 Domine,
2687 4292 2934 4362 quoniam
2976 4285 3215 4362 inﬁrmus
3242 4305 3352 4342 sum
3375 4327 3390 4347 ,
3439 4295 3549 4362 etc.
3580 4327 3594 4348 ,
3614 4285 3795 4362 _quod

2207 4355 2382 4429 angeli
2415 4361 2598 4416 dicere
2628 4355 2734 4415 non
2768 4372 3028 4429 possunt,
3062 4361 3291 4428 quibus,
3325 4373 3444 4412 cum
3479 4357 3586 4429 sint
3612 4355 3802 4429 incor-

2209 4426 2358 4503 porei
2381 4470 2395 4492 ,
2435 4426 2856 4503 nullasuppetit
2892 4426 3170 4503 excusatio
3208 4428 3531 4503 infirmitatis
3560 4468 3574 4490 ,
3610 4435 3679 4503 ut
3702 4426 3800 4503 hic

2211 4494 2424 4556 dicitur.
2465 4502 2645 4557 Tertia
2667 4494 2699 4566 ,'
2720 4494 2896 4572 inajor
2929 4502 3136 4556 cautela
3175 4511 3229 4555 et
3258 4497 3595 4572 sollicitudo,
3627 4502 3687 4546 ut
3716 4494 3798 4549 de

2211 4573 2396 4635 hoste,
2429 4565 2728 4640 praesertim
2757 4565 3074 4634 domestico,
3109 4585 3394 4638 numquam
3420 4565 3623 4640 secuti,
3655 4577 3799 4640 cau-

2215 4644 2320 4714 tius
2358 4635 2510 4696 nobis
2549 4644 2888 4714 invigilemus
2925 4652 2978 4697 et
3010 4635 3422 4714 prospiciamus.
3457 4635 3796 4714 Qttis__e_uitn,

2213 4712 2370 4768 hoste
2413 4705 2718 4783 praesente,
2761 4729 2931 4782 eoque
2978 4705 3363 4778 infestissimo,
3405 4725 3509 4783 non
3542 4705 3657 4783 sibi
3696 4721 3795 4761 ca.

2211 4795 2375 4846 veat,
2414 4779 2652 4850 seseque
2701 4779 2950 4839 muniat?
2997 4785 3242 4849 Quarta,
3293 4779 3626 4850 humiliatiu,
3683 4793 3794 4850 qua

2209 4857 2373 4909 etiam
2406 4857 2503 4908 viri
2534 4849 2805 4923 spiritales
2846 4865 2899 4910 et
2931 4854 3152 4922 perfecti
3193 4854 3264 4906 oh
3300 4851 3479 4905 carnis
3504 4849 3796 4923 infirmita-

2209 4934 2319 4979 tem
2347 4933 2402 4978 ct
2434 4919 2826 4980 immunditiam
2849 4968 2862 4991 ,
2904 4919 3061 4994 quam
3106 4927 3381 4994 patiuntur
3422 4921 3569 4975 inviti
3597 4919 3796 4994 ,__s:_tlt_i-

2206 4994 2380 5049 briter
2409 4995 2780 5058 humiliantur,
2817 4990 2882 5051 ne
2910 4990 2977 5050 de
3009 4990 3120 5050 suis
3163 4993 3452 5047 virtutibus
3491 5005 3555 5043 ac
3591 4990 3800 5044 divinis

2205 5065 2484 5120 beneficiis
2521 5065 2868 5121 extollantur.
2906 5066 2960 5121 Si
3001 5066 3143 5120 enim
3175 5064 3438 5131 Apostolo
3478 5060 3680 5122 Paulo,
3725 5071 3800 5114 nc

2206 5135 2525 5206 magnitudo
2561 5137 2947 5191 revelationunt
2989 5135 3493 5206 eum_extolleret,
3519 5132 3676 5184 datus
3706 5136 3796 5184 est

2206 5203 2458 5261 stimulus
2483 5206 2661 5262 carnis
2691 5223 2835 5272 sum,
2865 5206 3090 5271 angelus
3121 5204 3336 5260 Satanae
3356 5247 3371 5270 ,
3405 5203 3493 5272 qui
3537 5216 3658 5272 eum
3699 5215 3795 5255 co-

2206 5219 2458 5261 stimutus
2483 5222 2661 5262 carnis
2691 5223 2835 5272 sum,
2865 5219 3090 5271 angelus
3121 5219 3336 5260 natalia:
3356 5247 3371 5270 ,
3445 5219 3493 5255 ut
3537 5219 3658 5256 eum
3699 5219 3795 5255 co-

2205 5276 2502 5348 laphizaret
2529 5275 2688 5348 (Vide
2709 5277 2865 5330 Joan.
2892 5274 3171 5348 Climacum
3194 5274 3360 5345 gradu
3384 5219 3504 5348 1%);
3532 5271 3658 5340 quid
3688 5272 3803 5348 mi:

2207 5337 2324 5401 rum
2354 5349 2396 5399 si
2427 5337 2586 5402 aliis?
2615 5348 2719 5402 Has
2748 5348 2884 5400 duas
2915 5347 3171 5400 utilitates
3194 5337 3687 5414 "prosequiturcap.
3711 5337 3805 5414 Δ15

2207 5419 2626 5486 etsequentibus
2653 5417 2722 5488 (ll
2742 5417 2861 5471 Cor.
2890 5409 3308 5488 172).,Ca2terum,
3335 5409 3582 5484 quamvis
3612 5409 3679 5466 ex
3710 5409 3804 5488 bis

2221 5481 2369 5542 recte
2399 5481 2702 5555 colligatur,
2751 5496 2810 5540 ut
2835 5487 3040 5556 colligit
3083 5488 3302 5549 Auctor,
3350 5481 3641 5556 utcumque
3690 5481 3806 5535 sal-

2221 5566 2328 5614 tem
2361 5567 2416 5613 et
2445 5553 2736 5613 secundum
2768 5558 2894 5626 quid
2915 5600 2929 5623 ,
2969 5553 3086 5611 sive
3124 5555 3561 5626 occasionaliter,
3595 5553 3798 5626 bonam

2216 5644 2338 5682 esse
2363 5639 2418 5682 et
2443 5629 2508 5681 ad
2540 5629 2704 5680 multa
2741 5623 2892 5681 nobis
2922 5628 3105 5680 utilem
3132 5626 3313 5677 carnis
3342 5634 3397 5676 et.
3432 5624 3656 5690 spiritus
3686 5623 3808 5675 cnl-

2214 5697 2560 5766 luctationem
2584 5739 2597 5761 ,
2643 5697 2874 5766 ideoque
2903 5697 3082 5750 divina
3113 5695 3519 5766 dispensatione
3559 5708 3657 5744 seu
3687 5693 3808 5745 dis-

2209 5771 2478 5835 positione
2505 5765 2555 5822 ln
2587 5770 2742 5823 nobis
2773 5762 2934 5823 etiam
2974 5774 3097 5834 post
3134 5762 3461 5832 baptismum
3510 5772 3810 5817 remanere
