4026 6204
241 331 354 397 601

751 343 754 345 ’
827 335 1169 393 COLLATIO
1208 334 1293 392 IV.
1322 364 1392 375 —
1423 333 1514 392 DE
1553 327 2145 390 CONCUPISCENTIA
2184 324 2436 382 CARNIS
2479 324 2569 380 ET
2609 323 2945 382 SPIRITUS.

3433 332 3540 390 602

241 456 523 513 versitate
548 451 826 511 cunctatio
852 453 1114 516 nascitur,
1141 459 1194 504 et
1220 449 1472 504 salutaris
1496 464 1562 502 ex
1591 454 1693 500 hac
1718 460 1850 502 con-
1874 447 1929 508 Α
1954 452 2036 499 est
2072 442 2286 497 animus
2323 455 2511 495 eorum
2556 443 2711 495 velox
2747 440 2817 495 ad
2857 440 3268 510 excogitandum
3293 484 3308 508 ,
3351 445 3430 499 sic
3471 446 3541 501 ad

244 551 568 606 certatione
589 547 800 613 dilatio,
825 554 884 599 ut
907 587 923 612 ,
947 543 1242 599 resistente
1266 541 1540 596 soliditate
1559 553 1846 610 corporea,

247 645 392 699 dum
427 645 498 698 ab
527 657 714 698 eorum
745 638 940 695 effectu
972 652 1094 707 quae
1126 636 1376 704 nequiter
1403 643 1582 689 mente
1603 632 1848 702 concipi-

253 751 390 790 mus
417 733 774 799 retrahimur,
801 741 1205 798 nonnumquam
1235 726 1290 780 in
1318 725 1600 780 meliorem
1624 733 1847 789 statum,

253 843 364 882 seu
394 825 737 897 paenitudine
766 823 1152 890 subsequente,
1184 833 1283 874 seu
1311 818 1697 873 emendatione
1723 831 1855 885 qua-

258 919 395 974 dam
417 962 433 985 ,
463 933 581 988 quae
608 916 751 970 solet
782 912 1272 984 procrastinatione
1302 912 1486 980 operis
1512 919 1568 965 et
1592 911 1856 980 recogita-

263 1011 420 1065 tione
464 1006 863 1063 interveniente
891 1004 1263 1068 descendere,
1297 1003 1658 1071 corrigamur.
1693 1001 1855 1057 Denic

259 1120 374 1175 que
419 1103 519 1158 hos
560 1117 698 1173 quos
737 1100 1094 1170 intelligimus
1139 1098 1207 1152 ad
1250 1098 1588 1152 voluntatum
1633 1111 1854 1152 suarum

262 1197 539 1253 desideria
573 1195 899 1266 perﬁcienda
941 1193 1092 1248 nullo
1131 1193 1312 1247 carnis
1352 1193 1639 1247 obstaculo
1679 1201 1856 1247 retar-

261 1293 426 1356 dari,
472 1291 744 1345 dazmones
785 1289 998 1343 scilicet
1040 1303 1104 1342 ac
1147 1286 1424 1357 spiritales
1467 1285 1772 1355 nequitias,
1803 1295 1860 1340 et

261 1383 492 1452 quidem
520 1396 641 1434 cum
671 1380 776 1434 sint
805 1379 873 1434 de
901 1379 1265 1434 eminentiore
1309 1379 1630 1449 angelorum
1668 1378 1857 1432 ordine

262 1474 548 1540 devoluti,
593 1473 1038 1528 detestabiliores
1082 1486 1209 1526 esse
1255 1470 1569 1526 hominibus
1613 1481 1860 1525 contem-

263 1567 506 1636 plamur,
562 1581 629 1621 eo
677 1565 864 1635 quod,
923 1563 1286 1630 possibilitate
1337 1579 1526 1618 eorum
1573 1563 1857 1618 desideriis

262 1658 591 1728 adjacente,
631 1666 656 1694 ι
698 1657 750 1710 id
797 1657 940 1727 quod
996 1658 1245 1726 nequiter
1291 1657 1460 1710 semel
1505 1657 1856 1724 conceperint

262 1753 619 1809 irrevocabili
644 1753 786 1807 malo
811 1751 1068 1822 perﬁcere
1093 1767 1197 1805 non
1223 1762 1534 1806 morentur:
1563 1752 1688 1820 quia
1718 1753 1858 1807 sicut

1955 535 2348 608 perﬁciendum
2377 534 2574 604 pernix
2599 545 2655 590 et
2681 533 2924 589 absoluta
2953 534 3255 590 substantia
3281 553 3296 600 ;
3331 545 3385 590 et
3410 537 3538 592 dum

1955 627 2274 698 suppeditat
2307 626 2387 681 eis
2415 640 2584 694 prona
2611 624 2844 680 facilitas
2883 639 2947 680 ea
2973 640 3095 695 qua:
3118 626 3392 681 voluerint
3417 642 3544 696 per-

1955 717 2172 789 agendi,
2205 726 2530 787 conceptum
2558 716 2761 771 malum
2791 715 2939 771 nulla
2968 717 3312 774 intercedens
3334 717 3540 776 delibe-

1955 811 2095 867 ratio
2123 808 2379 865 salutaris
2407 808 2682 864 emendat.

2537 945 2767 1002 CAPUT
2806 945 2948 1002 XIV.

2029 1061 2108 1116 De
2133 1057 2492 1114 inemendabili
2519 1057 2723 1113 malitia
2749 1060 3068 1129 spiritalium
3096 1061 3466 1132 nequitiarum.

2028 1193 2058 1232 ι)
2096 1192 2368 1264 Spiritalis
2415 1207 2647 1262 namque
2689 1193 3024 1261 substantia,
3073 1209 3171 1249 nec
3210 1195 3322 1250 ulla
3363 1197 3542 1252 carnis

1959 1285 2234 1341 soliditate
2268 1284 2512 1341 devincta
2539 1326 2555 1351 ,
2599 1293 2657 1340 ut
2696 1286 3102 1342 excusationem
3142 1297 3346 1342 exorta:
3385 1288 3438 1342 in
3477 1303 3539 1344 se

1959 1383 2140 1449 pravae
2168 1395 2274 1435 non
2301 1381 2502 1449 recipit
2529 1380 2822 1435 voluntatis
2845 1422 2860 1448 ,
2889 1379 2962 1434 ita
2993 1380 3204 1435 veniam
3237 1381 3542 1450 malignita-

1963 1475 2030 1528 tis
2058 1473 2334 1538 excludit,
2366 1475 2490 1544 quia
2521 1473 2670 1527 nulla
2697 1473 3154 1543 quemadmodum
3190 1488 3289 1528 nos
3318 1473 3385 1527 ad
3417 1489 3543 1543 pec-

1959 1567 2193 1622 candum
2243 1567 2647 1637 impugnatione
2677 1565 2856 1621 carnis
2905 1567 3244 1622 extrinsecus
3288 1568 3540 1624 lacessita

1961 1672 2072 1727 eSt,
2119 1661 2215 1715 sed
2253 1662 2384 1715 vitio
2421 1660 2587 1715 solius
2622 1661 2779 1714 malae
2806 1660 3104 1715 voluntatis
3129 1675 3354 1715 accensa
3379 1703 3393 1727 ,
3426 1669 3482 1715 et
3516 1671 3540 1700 ο

1961 1755 2030 1808 οὶ)
2058 1754 2162 1808 hoc
2185 1754 2301 1808 sine
2328 1755 2483 1808 venia
2514 1763 2792 1824 peccatum
2821 1761 2876 1808 et
2906 1753 3132 1823 languor
3157 1754 3274 1808 sine
3303 1752 3546 1809 remedio

1346 1883 1603 1939 ALARDI
1643 1883 1876 1939 GAZIEI
1915 1884 2460 1941 COMMENTARIUS

268 2004 342 2058 ad
375 2015 600 2070 agonem
624 2041 637 2063 ,
669 2009 726 2052 ut
755 2000 956 2072 dictum
991 2007 1108 2053 est:
1142 1997 1416 2072 fatendum
1455 2007 1632 2052 tamen
1664 2012 1863 2072 concu-
1893 2001 1942 2060 B
1968 2016 2128 2072 neque
2175 2011 2285 2068 post
2334 2010 2548 2055 mortem
2595 2004 2905 2058 hominibus.
2951 2003 3105 2072 Quod
3152 2020 3260 2060 non
3290 2007 3369 2060 sic
3403 2009 3550 2063 acci-

269 2069 597 2144 piscentiam
634 2072 813 2144 carnis
852 2071 1111 2144 adversus
1159 2070 1404 2139 spiritum
1447 2083 1515 2144 ex
1555 2084 1614 2144 se
1649 2069 1856 2144 simpli:

273 2139 414 2201 citer
444 2157 564 2197 esse
604 2143 800 2195 malam
832 2149 886 2194 et
911 2141 1198 2204 vitiosam;
1243 2156 1347 2194 non
1389 2139 1512 2210 quia
1553 2139 1624 2193 sit
1659 2140 1862 2207 pr0prii

279 2215 520 2271 nominis
569 2222 844 2279 peccatum
875 2254 890 2276 ,
931 2211 1027 2266 sed
1067 2211 1192 2280 quia
1230 2211 1458 2274 vitium,
1514 2219 1570 2264 et
1616 2209 1863 2265 defectus

281 2295 497 2342 naturae
517 2325 532 2347 ,
563 2285 736 2337 ordini
768 2293 823 2337 et
853 2283 1089 2352 aequitati
1121 2283 1353 2336 naturali
1385 2296 1691 2351 repugnans
1711 2321 1725 2345 ,
1758 2296 1861 2350 qua

281 2374 385 2427 par
412 2367 493 2411 est
527 2353 776 2410 inferiora
816 2353 1186 2427 superioribus
1224 2354 1483 2427 subesse;
1523 2367 1674 2427 cu_m_
1699 2366 1863 2406 econ-

282 2422 456 2483 irario
485 2442 580 2495 per
607 2422 1104 2494 concupiscentiam
1137 2440 1259 2494 pars
1293 2425 1486 2478 animm
1522 2422 1746 2495 inferior
1774 2438 1864 2476 su-

284 2494 522 2569 periori,
565 2497 616 2550 id
657 2508 771 2569 est,
811 2497 1006 2569 rationi
1043 2506 1339 2564 repugnet,
1384 2495 1486 2569 legi
1526 2494 1721 2569 tuentis
1757 2507 1862 2569 non

284 2563 510 2640 pareat,
550 2568 764 2637 spiritui
804 2563 1137 2640 obluctetur,
1164 2563 1249 2628 et,
1280 2565 1421 2640 quod
1464 2563 1616 2633 pejus
1653 2575 1768 2631 est,
1797 2565 1864 2619 ad

284 2637 566 2710 peccatum
599 2643 800 2693 trahat.
833 2637 986 2693 Unde
1021 2645 1076 2691 et
1114 2638 1405 2710 Apostolus
1437 2651 1864 2710 e_xpresse_ma-

284 2705 397 2767 lum
442 2711 718 2774 nominat,
763 2711 921 2763 Rom.
952 2724 1025 2762 vn
1049 2753 1063 2775 ,
1108 2705 1228 2762 cum
1269 2709 1345 2761 ait
1378 2723 1391 2759 :
1427 2705 1631 2759 Malum
1665 2707 1867 2776 adjacet

286 2783 416 2838 mihi
443 2823 456 2840 .
510 2783 755 2850 perﬁcere
798 2790 965 2833 autem
1015 2780 1204 2850 bonum
1252 2795 1353 2850 non
1397 2778 1614 2838 invenio,
1652 2778 1740 2850 ubi
1773 2792 1868 2846 per

289 2855 489 2909 malum
512 2849 769 2917 adiacens
791 2851 922 2904 nihil
949 2849 1091 2904 aliud
1121 2849 1342 2920 intelligi
1378 2858 1585 2914 potest,
1619 2849 1716 2902 nisi
1747 2863 1870 2901 con-

288 2925 621 2991 cupiscentia
668 2924 884 2987 carnis,
927 2936 1086 2990 quam
1134 2920 1335 2975 ibidem
1375 2927 1533 2972 vocat
1580 2921 1868 2986 Apostolus

288 2998 465 3061 legem
500 2993 868 3048 membrorum
890 3037 903 3059 ,
937 3003 989 3046 et
1025 2993 1195 3060 legem
1234 2991 1440 3061 peccati
1483 2998 1866 3061 repugnantem

291 3060 399 3136 legi
429 3067 625 3136 mentis
667 3064 685 3136 (
714 3063 846 3117 Vide
875 3063 1123 3136 Bellarnt.
1151 3062 1213 3136 de
1239 3060 1426 3115 limits.
1464 3063 1648 3129 gratia:
1682 3060 1773 3136 lib.
1817 3075 1869 3114 vt

290 3133 410 3208 cap.
449 3134 559 3206 14).
601 3133 753 3200 Quod
789 3144 844 3188 et
873 3143 1069 3208 contra
1088 3133 1406 3208 Pelagianos
1435 3139 1684 3184 accurate
1712 3133 1872 3208 docet

291 3204 366 3262 DL
394 3204 762 3274 Augustinus,
817 3214 870 3259 et
919 3205 1106 3258 multis
1153 3204 1449 3258 rationibus
1488 3211 1544 3274 et
1582 3204 1874 3274 auctorita-

291 3280 441 3334 tibus
478 3273 821 3347 antiquorum
866 3277 1081 3330 Patrum
1119 3275 1443 3347 conﬁrmat,
1488 3273 1584 3328 lib.
1622 3289 1661 3327 it
1696 3273 1749 3327 in
1779 3273 1872 3327 Juo

291 3352 536 3416 lianum,
589 3345 732 3403 inter
778 3348 880 3400 alia
929 3347 1203 3411 scribens,
1253 3345 1426 3412 legem
1471 3347 1706 3415 peccati,
1753 3361 1872 3413 quae

290 3423 438 3476 inest
467 3419 703 3473 hominis
735 3418 992 3472 membris
1023 3431 1328 3485 repugnans
1363 3417 1464 3484 legi
1506 3417 1734 3478 mentis,
1768 3432 1871 3485 quia

291 3507 426 3548 caro
449 3492 786 3559 concupiscit
807 3489 1065 3542 adversus
1089 3483 1372 3559 spiritum_,
1397 3483 1560 3541 etiam
1584 3483 1873 3554 baptizan‘s

296 3565 548 3631 ingerere
581 3557 853 3630 pugnandi
885 3557 1382 3631 necessitatem._Et
1402 3569 1581 3611 contra
1604 3559 1758 3631 quid,
1785 3559 1871 3609 im

293 3628 451 3704 quit,
481 3633 581 3686 nisi
611 3628 1013 3704 contra_malum
1034 3669 1051 3704 ,
1092 3646 1194 3682 non
1230 3628 1565 3683 substantiam
1590 3668 1604 3693 ,
1633 3629 1724 3680 sed
1749 3631 1872 3704 sub:

294 3700 506 3759 stantia!
534 3705 748 3767 vitium,
788 3700 879 3755 Dei
909 3703 1077 3772 gratia
1107 3717 1200 3754 nos
1238 3710 1590 3772 regenerante,
1638 3715 1739 3751 non
1777 3700 1875 3753 im-

296 3775 592 3846 putandum
615 3816 629 3838 ,
663 3773 764 3846 Dei
785 3773 950 3846 gratia
971 3774 1207 3846 juvante,
1239 3771 1591 3840 (artandum?

371 3856 398 3884 ³·
431 3847 548 3900 Νοη
576 3845 722 3914 quod
749 3840 953 3912 judicio
974 3840 1058 3914 'ac
1094 3845 1371 3896 voluntate
1403 3840 1872 3914 prorsusinﬁexi-

295 3918 396 3972 bili
426 3911 875 3986 atqueimmbbili
910 3913 1116 3986 tiraediti
1147 3915 1259 3986 sint
1281 3953 1294 3974 ,
1322 3922 1384 3986 ut
1409 3911 1652 3986 nonnulli
1682 3913 1876 3986 volunt

298 3989 395 4060 (S.
417 3982 599 4041 Thom.
619 4003 635 4040 ι
657 3993 818 4058 part.,
837 4003 887 4051 q.
904 3984 994 4049 64,
1019 3993 1118 4060 art.
1140 3983 1195 4060 ἓ)
1216 4001 1230 4048 ;
1255 3983 1351 4038 sed
1374 3984 1499 4052 quia
1524 3982 1674 4060 nullo
1695 3985 1875 4060 carnis

296 4054 693 4128 impedimento
723 4066 816 4110 aut
846 4070 1058 4110 remora
1085 4054 1418 4119 detinentur,
1443 4055 1734 4122 quominus
1759 4055 1877 4108 ani-

297 4147 393 4184 mo
425 4136 688 4197 concepta
716 4128 973 4182 continuo
1004 4135 1392 4194 exsequantur.

375 4199 404 4238 1³
428 4194 657 4269 Angelus
683 4199 796 4252 sive
823 4199 1009 4261 bonos,
1034 4198 1150 4251 sive
1169 4197 1364 4269 malos,
1379 4194 1699 4269 _spirituale_s
1721 4197 1876 4269 etin-

301 4265 593 4335 corporéas
628 4283 754 4324 esse
785 4269 1116 4323 substantias
1145 4268 1342 4338 docent
1379 4266 1570 4338 Patres
1611 4265 1706 4338 (S.
1735 4265 1830 4319 Th.
1858 4284 1877 4322 ι

301 4351 474 4410 part.,
492 4361 543 4411 q.
563 4342 676 4408 51),
692 4341 984 4401 Dionysius
998 4337 1437 4411 Areop._(lte_l_est.
1461 4337 1672 4390 Hierar.
1695 4353 1816 4406 cap.
1840 4338 1875 4411 ξ).

299 4407 445 4468 etde
467 4407 582 4467 Div.
598 4407 754 4466 Num.
774 4425 895 4478 cap.
916 4411 971 4473 4,
990 4409 1282 4477 Gregorius
1301 4407 1668 4462 Nazianzenus
1685 4420 1823 4462 orat.
1841 4410 1877 4462 2

297 4486 372 4539 tle
397 4482 715 4552 Theologia,
741 4481 1163 4552 Clirysostomus
1191 4479 1382 4552 htunil.
1407 4479 1478 4531 2’2
1507 4480 1556 4552 in
1583 4478 1838 4552 Genesim
1859 4521 1873 4545 ,

301 4549 670 4610 Damasceuus
692 4552 786 4606 lib.
814 4549 939 4605 uide
959 4551 1092 4605 Fide
1113 4550 1343 4604 Orthod.
1365 4565 1486 4618 cap.
1511 4551 1564 4605 .‘5.
1593 4561 1646 4603 et
1668 4549 1875 4618 Grego-

299 4627 421 4680 rius
445 4625 668 4695 Maguus
694 4638 785 4695 [in
810 4623 997 4695 Moral.
1022 4620 1213 4695 cap.
1238 4621 1311 4695 ‘Et
1333 4620 1384 4672 in
1407 4618 1636 4695 concilio
1659 4619 1878 4695 Latera-

299 4696 496 4762 nensi,
532 4689 654 4764 cap.
691 4691 954 4764 Firmiter,
987 4692 1058 4764 ita
1089 4692 1369 4764 deﬁnitum
1401 4708 1414 4742 :
1457 4689 1598 4742 Deus
1632 4691 1692 4742 ab
1727 4691 1878 4764 initio

1973 2071 2226 2145 piendum
2255 2083 2360 2145 est,
2389 2080 2658 2142 tamquam
2688 2087 2876 2128 natura
2904 2071 3148 2144 angelica
3185 2092 3293 2145 prae
3319 2077 3548 2133 humana

1972 2140 2139 2215 fuerit
2181 2140 2539 2198 restitutionis
2591 2145 2850 2215 incapax,
2901 2140 3002 2199 aut'
3037 2140 3406 2212 irreparabilis
3453 2164 3552 2204 suo

1969 2213 2288 2276 Conditori,
2321 2216 2414 2268 sed
2456 2215 2580 2284 quia
2618 2213 2977 2284 justissimum
3021 2217 3118 2269 fuit
3158 2227 3218 2271 ut
3257 2219 3413 2272 sicuti
3453 2219 3553 2273 ho-

1970 2285 2173 2358 minum
2208 2285 2321 2349 via,
2353 2301 2456 2353 qua
2488 2288 2686 2340 mereri
2718 2302 2781 2341 ac
2810 2287 3072 2355 proﬁcere
3103 2296 3196 2340 aut
3223 2289 3548 2358 resipiscere

1972 2356 2214 2423 possint,
2261 2367 2432 2410 morte
2473 2358 2816 2421 terminatur,
2869 2358 2941 2410 ita
2987 2366 3040 2410 et
3077 2356 3386 2426 angelorum
3423 2359 3550 2426 via,

1970 2439 2035 2479 ex
2063 2426 2409 2482 ordinatione
2430 2427 2740 2482 Conditoris
2760 2472 2773 2494 ,
2799 2429 2951 2498 lapsu
2980 2428 3260 2493 ﬁniretur;
3289 2443 3394 2482 non
3422 2444 3554 2499 ergo

1973 2504 2328 2578 latnpropter
2361 2509 2671 2578 naturarum
2707 2501 3092 2578 diversitatem
3122 2515 3281 2578 quam
3325 2509 3550 2578 propter

1966 2569 2321 2635 justissimnm
2364 2569 2455 2623 Dei
2486 2571 2882 2626 ordinationem
2917 2570 2969 2624 id
2998 2572 3216 2636 evenit,
3243 2579 3302 2623 ut
3326 2569 3552 2638 angelus

1974 2648 2096 2706 post
2127 2640 2338 2707 lapsum
2369 2642 2608 2710 reparari
2642 2658 2744 2696 noii
2779 2643 2967 2710 possit.
3005 2641 3172 2710 llujus
3204 2653 3380 2695 autent
3409 2642 3556 2695 ordi-

1973 2712 2210 2764 nationis
2241 2711 2458 2776 divinaa,
2491 2728 2585 2766 cur
2613 2714 2820 2768 scilicet
2851 2722 2972 2781 post
3000 2713 3205 2779 lapsum
3237 2721 3292 2767 et
3320 2714 3554 2782 primum

1975 2793 2254 2847 peccatum
2283 2782 2530 2835 diabolus
2561 2785 2743 2838 statim
2779 2784 3064 2837 damnatus
3093 2785 3184 2850 sit,
3210 2795 3263 2837 et
3290 2784 3436 2838 omni
3457 2799 3556 2852 spe

1975 2865 2038 2923 ac
2068 2852 2312 2923 remedio
2341 2855 2737 2922 consequentiae
2770 2855 2944 2908 venite
2983 2863 3039 2908 et
3077 2854 3433 2923 reparationis
3461 2855 3555 2909 de-

1975 2921 2216 2994 stitutus,
2238 2922 2434 2990 duplex
2452 2939 2612 2978 causa
2630 2925 2716 2978 hic
2734 2925 2992 2994 tangitur,
3014 2921 3174 2991 quam
3193 2934 3248 2979 et
3273 2926 3334 2979 Ι).
3353 2925 3558 2992 Grego-

1977 2991 2088 3065 rius
2121 2995 2386 3059 expressit
2416 3009 2466 3046 tv
2498 2995 2778 3049 Moralium
2810 2991 2931 3063 cap.
2963 2996 3026 3059 9,
3058 3010 3126 3050 ex
3158 3011 3266 3065 quo
3299 3006 3440 3050 totus
3468 2991 3556 3052 hic

1976 3062 2128 3136 locus
2158 3065 2434 3132 aptissime
2463 3066 2782 3120 illustretur.
2816 3062 2957 3121 Duas
2978 3109 2992 3134 ,
3026 3062 3199 3136 inquit
3220 3108 3236 3133 ,
3265 3069 3332 3120 ad
3358 3067 3557 3121 intelli-

1975 3135 2198 3210 gendum
2225 3151 2278 3187 se
2307 3146 2565 3190 creaturas
2595 3138 2783 3206 fecerat
2814 3137 2950 3192 Deus
2973 3180 2987 3202 ,
3013 3135 3296 3210 angelicam
3325 3139 3559 3193 videlicet

1975 3213 2025 3258 et
2055 3208 2331 3282 humanam
2355 3223 2376 3282 :_
2404 3216 2673 3278 utramque
2696 3226 2820 3282 uero
2859 3208 3098 3282 superbia
3130 3210 3367 3282 perculit,
3409 3219 3559 3279 atque

1978 3292 2011 3327 a
2037 3287 2174 3329 statu
2204 3278 2445 3353 ingenitae
2484 3281 2805 3353 rectitudinis
2831 3278 2980 3353 {regit
3007 3284 3026 3349 (
3059 3281 3188 3335 Vide
3211 3280 3271 3353 S_.
3301 3278 3557 3353 Thomam

1977 3355 2259 3423 tpart.,_q_.
2285 3349 2378 3423 lilii,
2407 3367 2458 3402 a.
2480 3351 2560 3420 Ξ).
2581 3352 2686 3407 Sed
2707 3369 2805 3406 ttno
2831 3349 3027 3423 teginen
3045 3355 3216 3405 carnis
3233 3351 3433 3423 habuit,
3452 3351 3558 3403 alia

1976 3432 2092 3496 vero
2120 3419 2540 3496 nihilinﬁrmum
2567 3423 2630 3496 de
2658 3440 2811 3478 carne
2831 3419 3072 3496 gestavit.
3089 3422 3314 3496 Angelus
3340 3437 3558 3492 namque

1975 3489 2296 3561 solummodo
2324 3493 2536 3561 spiritus
2556 3533 2570 3557 ,
2604 3495 2755 3547 homo
2779 3489 2896 3547 vero
2920 3504 2966 3546 et
2995 3489 3212 3561 spiritus
3237 3502 3309 3545 est
3339 3505 3386 3544 et
3416 3489 3556 3544 caro.

1977 3557 2221 3614 Misenus
2248 3557 2366 3629 ergo
2395 3560 2606 3616 Creator
2631 3574 2686 3615 ut
2711 3567 2978 3618 redimeret
2998 3557 3188 3624 ,illam
3214 3562 3280 3614 ad
3308 3578 3360 3614 se
3386 3563 3557 3614 debuit

1974 3631 2236 3703 reducere,
2265 3647 2417 3698 quam
2442 3635 2494 3686 in
2535 3636 2909 3703 perpetratione
2950 3633 3114 3698 culpa:
3155 3631 3557 3703 ex_ii_tﬁi'iiiitate

1976 3701 2177 3765 aliquid
2225 3711 2425 3753 constat
2463 3700 2740 3766 habuisse;
2780 3715 2827 3757 et
2860 3719 2917 3756 eo
2952 3703 3174 3771 amplius
3215 3700 3389 3771 debuit
3428 3717 3556 3771 apo-

1976 3779 2161 3822 statam
2191 3771 2434 3837 angelum
2457 3774 2718 3841 repellere,
2747 3789 2848 3842 quo
2878 3788 2995 3824 cum
3024 3770 3056 3822 a
3079 3770 3386 3838 persistendi
3405 3770 3559 3891 {orti-

1978 3841 2155 3891 tudine
2183 3843 2406 3891 corruit.
2432 3843 2561 3891 nihil
2588 3843 2850 3891 infirmum
2878 3857 2941 3891 ea:
2969 3857 3120 3891 carne
3145 3839 3374 3891 aestauit.
3428 3838 3558 3891 Inde

1978 3841 2407 3912 tudineﬁcorruit,
2432 3838 2561 3895 nihil
2588 3838 2850 3908 inﬁrmum
2878 3857 2941 3895 ea:
2969 3857 3120 3894 carne
3144 3839 3374 3912 gestavit.
3405 3838 3558 3912 Unde

1977 3911 2426 3982 rectePsalmista
2454 3928 2572 3966 cum
2602 3915 2867 3966 misertunt
2901 3908 3292 3982 Redempforem
3333 3908 3558 3982 homini.

1978 3981 2072 4034 bus
2102 3981 2324 4054 diceret,
2369 3985 2532 4054 ipsam
2572 4000 2770 4054 quoque
2818 3999 3025 4037 causam
3069 3980 3437 4035 misericordiae
3463 3997 3558 4035 ea:-

1977 4053 2158 4120 pressit
2188 4053 2404 4107 dicens:
2435 4053 2503 4107 Et
2543 4064 2851 4109 memoratus
2883 4067 2958 4108 est
2995 4055 3116 4122 quia
3143 4067 3263 4105 caro
3309 4063 3426 4105 sunt
3450 4069 3470 4118 ;
3496 4069 3558 4106 ac

1977 4125 2023 4179 si
2052 4126 2240 4178 diceret
2265 4141 2284 4177 :
2316 4123 2430 4190 Quo
2458 4142 2631 4180 eorum
2657 4127 2862 4195 inﬁrma
2891 4125 3055 4189 vidit,
3087 4141 3145 4178 eo
3183 4123 3411 4177 districte
3448 4123 3560 4177 cul-

1977 4213 2071 4267 pas
2111 4196 2294 4265 punire
2335 4195 2521 4251 noluit.
2570 4197 2664 4252 Est
2702 4197 2875 4252 adhuc
2916 4195 3062 4250 aliud
3101 4211 3200 4266 quo
3240 4205 3284 4248 et
3331 4195 3559 4262 perditus

1980 4269 2130 4320 homo
2160 4267 2394 4333 reparari
2423 4267 2626 4333 debuit,
2657 4278 2704 4322 et
2732 4269 3028 4338 superbiens
3065 4267 3276 4337 spiritus
3315 4267 3552 4338 reparari

1978 4354 2080 4393 non
2109 4339 2304 4410 possit,
2336 4339 2454 4406 quia
2481 4341 2726 4393 nimirum
2767 4337 2979 4410 angelus
3018 4337 3390 4410 suaisuperbia
3430 4337 3562 4410 ceci-

1978 4411 2055 4463 dit
2080 4451 2094 4474 ,
2125 4409 2381 4482 hominem
2409 4425 2523 4482 vero
2563 4411 2734 4464 aliena
2773 4408 3081 4482 prostravit.
3110 4408 3373 4482 Tertiam”
3394 4408 3560 4460 ratio-

1981 4496 2104 4535 nem
2154 4479 2310 4552 alien
2358 4481 2418 4534 D.
2452 4479 2783 4552 Augustinus
2827 4479 3108 4552 Enchirid.
3159 4493 3278 4548 cap.
3311 4479 3418 4541 ‘29,
3466 4493 3564 4532 cur

1980 4552 2189 4606 scilicet
2214 4550 2352 4605 Deus
2381 4566 2483 4623 non
2513 4550 2844 4623 angelicam,
2873 4551 2966 4606 sed
2995 4551 3288 4623 humanam
3312 4559 3561 4623 naturam

1981 4635 2238 4694 reparare
2275 4621 2541 4687 voluerit,
2584 4619 2726 4694 quod
2774 4638 2882 4676 uno
2921 4631 3180 4692 peccante
3211 4619 3448 4683 homine,
3478 4629 3561 4671 to-

1983 4704 2093 4764 tum
2127 4693 2180 4746 in
2208 4707 2274 4747 eo
2303 4694 2539 4762 perierat
2563 4693 2734 4764 genus
2758 4694 3050 4748 humanum
3069 4733 3085 4757 ,
3114 4707 3219 4746 non
3246 4701 3423 4764 aute_tn
3453 4704 3563 4764 uno

300 4757 550 4833 temporis
581 4757 850 4834 utramque
878 4763 941 4816 de
967 4762 1128 4816 nihilo
1159 4762 1387 4834 condidit
1418 4771 1707 4834 creaturam
1726 4801 1742 4825 ,
1770 4763 1876 4832 spi-
1901 4757 1956 4815 D
1981 4762 2209 4818 cadente
2252 4757 2464 4832 angelo,
2489 4757 2673 4819 caueri
2725 4779 2916 4819 omnes
2963 4763 3297 4817 ceciderunt.
3351 4758 3562 4834 Placuit

301 4838 547 4891 ritualem
574 4845 623 4890 et
652 4833 984 4905 corpoream,
1009 4834 1296 4903 angelicam
1320 4833 1552 4905 videlicet
1582 4841 1629 4885 et
1657 4835 1879 4905 munda-

300 4925 445 4960 nam.
470 4907 574 4962 Ubi
594 4904 854 4975 spiritalis
875 4916 1120 4975 creatura
1144 4904 1436 4973 opponitur
1456 4917 1748 4972 corporeae.
1768 4904 1881 4957 Ali-

299 4991 386 5033 ter
423 4988 601 5032 tamen
627 4973 800 5031 docet
840 4976 1006 5028 abbas
1045 4973 1282 5029 Serenus
1320 4976 1611 5029 collatioae
1647 4976 1878 5041 septima

298 5065 422 5116 (κιρ,
460 5049 555 5113 15,
591 5048 678 5102 ubi
708 5047 932 5116 angelos
971 5045 1168 5098 fatetur
1206 5046 1461 5113 spiritalis
1499 5046 1716 5116 quidem
1759 5059 1880 5099 esse

298 5115 513 5173 naturae
532 5160 546 5183 ,
571 5134 676 5172 non
702 5115 879 5172 tamen
903 5117 1126 5169 omnino
1150 5117 1506 5183 incorporete.
1531 5115 1684 5182 Quod
1713 5117 1878 5169 etiam

298 5191 539 5245 sensisse
565 5188 780 5243 videtur
805 5188 868 5241 D.
892 5189 1228 5255 Augustinus
1256 5187 1500 5254 pluribus
1529 5188 1579 5240 in
1609 5185 1760 5249 locis,
1784 5186 1878 5240 ubi

297 5259 568 5326 spiritalia
610 5261 854 5329 quazdam
879 5299 892 5322 ,
925 5258 976 5329 id
1017 5266 1099 5312 est
1121 5299 1146 5329 ,_
1166 5273 1324 5312 aerea
1356 5272 1613 5329 corpora,
1650 5267 1755 5309 tam
1783 5271 1880 5310 an-

296 5333 438 5400 gelis
485 5326 645 5398 quam
695 5328 1035 5384 dannonibus
1086 5327 1308 5392 tribuit,
1360 5341 1424 5381 ex
1477 5326 1877 5381 Platonicorum

295 5401 588 5457 sententia.

376 5485 396 5509 ε
447 5473 858 5534 Damascenus,
911 5469 1032 5524 loco
1082 5483 1246 5539 supra
1293 5471 1456 5523 citato
1493 5485 1515 5539 :7
1549 5466 1885 5536 Inadeptivus

291 5544 611 5618 poenitentia:
651 5553 725 5596 est
764 5541 1017 5618 angelus,
1059 5538 1562 5618 quia‘incorporalis
1610 5548 1702 5618 est.
1746 5541 1885 5595 Nunt

289 5611 452 5671 homo
501 5623 710 5683 propter
764 5611 1078 5666 substantiae,
1116 5613 1465 5683 inﬁrmitatem
1530 5611 1884 5677 penitentiam

290 5681 602 5739 consecutus
635 5692 732 5740 est.
767 5683 834 5735 Et
862 5697 981 5752 Cap.
1011 5684 1294 5752 sequenti:
1344 5681 1488 5736 Scire
1525 5691 1723 5752 oportet
1753 5699 1883 5749 quo-

288 5757 439 5808 niam
467 5755 606 5823 quod
641 5750 938 5806 hominibus
959 5762 1032 5804 est
1061 5768 1216 5823 mors,
1244 5750 1340 5806 hoc
1363 5751 1560 5823 angelis
1584 5761 1655 5823 est
1684 5752 1876 5820 lapsus.

294 5823 431 5882 Post
463 5819 667 5878 (hostem
695 5824 828 5877 enim
871 5837 970 5875 non
1010 5829 1083 5875 est
1125 5821 1229 5875 illis
1265 5821 1575 5888 paenitentia
1619 5819 1758 5875 locus
1784 5861 1798 5889 ,
1828 5829 1883 5876 ut

1984 4835 2185 4904 itaque,
2219 4831 2425 4903 inquit,
2459 4837 2809 4889 universitatis
2861 4835 3078 4886 creatori
3125 4841 3282 4899 atque
3321 4831 3561 4883 modera-

1986 4903 2088 4957 tori
2122 4903 2225 4956 Deo
2247 4945 2262 4967 ,
2295 4913 2350 4956 ut
2379 4907 2618 4971 quoniam
2659 4922 2760 4958 non
2801 4915 2905 4958 tota
2946 4905 3224 4956 multitudo
3261 4903 3563 4969 angi-lorum

1989 4975 2453 5045 Deumideserendo
2483 4979 2736 5041 perierat,
2769 4991 2826 5027 ea
2853 4989 2966 5043 quae
2992 4976 3210 5045 perieret
3238 4973 3290 5023 in
3304 4982 3563 5045 perpetua

1985 5044 2268 5114 perditione
2296 5040 2621 5109 remaneret;
2650 5061 2763 5111 qua:
2789 5040 2957 5096 autem
2989 5040 3104 5095 cum
3137 5042 3264 5114 Deo,
3298 5040 3390 5092 illa
3421 5040 3562 5091 dese.

1988 5111 2126 5166 rente
2151 5153 2164 5176 ,
2204 5115 2525 5181 perstiterat,
2567 5117 2629 5166 de
2667 5129 2760 5166 sua
2797 5114 3079 5182 certissime
3112 5111 3318 5182 cognita
3358 5125 3560 5177 semper

1986 5187 2168 5252 futura
2205 5184 2446 5249 felicitate
2481 5199 2658 5237 secura
2697 5183 2984 5252 gauderet;
3025 5181 3130 5233 alia
3171 5194 3286 5232 vero
3327 5188 3567 5231 creatura

1987 5251 2286 5318 rationalis,
2318 5269 2432 5322 qua:
2474 5256 2525 5306 in
2563 5251 2855 5305 hominibus
2885 5261 3024 5313 erat,
3061 5254 3305 5319 quoniam
3345 5251 3566 5322 peccatis

1984 5337 2134 5394 atque
2158 5321 2448 5394 suppliciis,
2477 5335 2525 5378 et
2555 5323 2886 5395 Originalibus
2913 5333 2960 5376 et
2988 5323 3238 5395 prapriis,
3261 5328 3366 5371 tota
3394 5321 3557 5395 perie-

1991 5391 2111 5463 rat,
2142 5414 2202 5450 ea:
2226 5391 2336 5467 ejus
2377 5407 2521 5467 parte
2561 5391 2833 5464 reparata,
2875 5393 3009 5467 quod
3053 5391 3298 5467 angelica:
3332 5391 3568 5467 societati

1989 5460 2142 5522 ruina
2170 5460 2264 5521 ίιιᾱ
2287 5460 2542 5519 diabolica
2570 5460 2818 5517 minuerat
2845 5460 3136 5531 suppleret.’
3162 5460 3286 5515 Haec
3317 5462 3568 5528 Augusﬁ-

1993 5555 2114 5594 nus.
2151 5539 2343 5594 Verum
2382 5537 2638 5590 adversus
2681 5533 2905 5602 primam
2952 5531 3098 5585 illam
3143 5530 3406 5585 rationem
3439 5545 3469 5583 a
3501 5531 3566 5584 D.

1993 5610 2254 5679 Gregorio
2280 5609 2493 5663 allatam
2519 5601 2736 5679 objiciet
2758 5604 2984 5679 fortasse
3006 5603 3269 5679 quispiam
3298 5601 3569 5679 hominem

1993 5683 2044 5736 in
2075 5671 2217 5735 siam
2263 5671 2601 5734 innocentia!
2634 5689 2852 5731 carnem
2894 5673 3149 5729 habuisse
3187 5673 3344 5740 plane
3383 5671 3570 5738 subje-

1989 5764 2130 5806 ctam
2162 5762 2218 5805 et
2247 5749 2632 5818 obsequentem
2664 5743 2902 5817 spiritui,
2931 5748 3093 5818 immo
3123 5755 3230 5798 tum
3261 5755 3367 5818 non
3393 5741 3570 5818 minus

1990 5835 2310 5891 propensam
2357 5811 2422 5875 ad
2468 5820 2664 5877 bonum
2695 5811 3068 5888 ‘quam'modo
3112 5820 3196 5871 est
3237 5811 3301 5871 ad
3345 5811 3568 5872 malum.
