4036 6216
637 379 743 439 805

1701 380 1980 438 JOANNIS
2018 378 2337 438 CASSIANI
2375 378 2865 441 COLLATIONES.
3800 381 3877 441 θυι

638 509 740 556 est.
786 499 937 565 Sicut
978 516 1119 557 enim
1163 502 1309 557 nulla
1351 500 1677 557 sollicitante
1722 511 1939 559 terrena
1990 502 2215 559 materia
2245 507 2292 563 Α
2322 500 2677 555 declinantem
2709 514 2738 552 a
2774 498 3001 553 Domino
3034 498 3365 569 perdidisse,
3410 511 3511 553 nec
3552 510 3713 577 posse
3744 497 3876 568 hujus

638 593 878 659 corruit,
931 594 1006 648 ita
1054 608 1152 649 nec
1196 594 1583 663 indulgentiam
1632 594 1850 663 quidem
1898 606 1993 651 aut
2039 597 2216 650 locum

638 684 993 757 paenitudinis
1034 686 1282 739 oblinere
1320 694 1522 753 potest.
1564 686 1771 755 Quibus
1809 703 1876 743 ex
1914 688 2079 753 rebus
2107 688 2221 743 evi-

639 776 828 830 denter
860 776 1133 843 colligitur
1163 776 1304 845 quod
1336 793 1445 830 non
1471 780 1642 833 solum
1676 780 1831 835 noxia
1866 796 1971 835 non
2004 782 2078 835 sit
2106 782 2217 835 haec

544 896 561 925 ~.
635 886 753 940 qua:
805 880 991 923 contra
1040 885 1098 925 se
1145 872 1375 926 invicem
1415 874 1706 927 suscitatur
1746 874 1798 927 in
1844 874 1999 927 nobis
2040 874 2217 929 carnis

632 962 967 1031 spiritusque
1011 962 1321 1029 contentio,
1364 978 1551 1018 verum
1590 964 1752 1019 etiam
1794 966 2020 1019 multam
2060 965 2217 1021 nobis

540 1068 570 1125 ,ε
634 1056 876 1113 conferat
906 1057 1217 1112 utilitatem.

1231 1153 1458 1209 CAPUT
1497 1153 1613 1208 XV.

801 1244 939 1310 Quid
970 1248 1115 1301 nobis
1148 1249 1305 1318 prosit
1338 1250 1507 1301 carnis
1538 1250 1777 1302 adversus
1811 1249 2051 1319 spiritum

1204 1321 1640 1389 concupiscentia.
2022 1384 2033 1391 ἡ

764 1429 941 1483 Primo
965 1429 1107 1500 quod
1131 1430 1366 1486 desidias
1387 1447 1449 1485 ac
1472 1432 1831 1502 negligentias
1858 1442 2075 1487 nostras
2106 1441 2215 1488 sta-

633 1521 727 1574 tim
769 1522 973 1589 arguit,
1015 1530 1103 1587 et,
1140 1528 1202 1574 nt
1238 1522 1453 1592 quidam
1488 1522 1936 1592 diligentissimus
1968 1524 2216 1594 paedago-

630 1626 763 1684 gus,
808 1628 837 1665 a
876 1612 1238 1668 districtionis
1278 1624 1332 1667 et
1371 1615 1677 1684 disciplina:
1724 1616 1866 1670 linea
1921 1632 2211 1685 numquam

632 1721 731 1761 nos
763 1705 979 1759 deviare
1009 1707 1317 1761 concedens
1342 1750 1357 1774 ,
1390 1708 1434 1761 si
1465 1708 1737 1778 paululum
1780 1708 1904 1779 quid
1948 1710 2213 1764 securitas

629 1808 819 1852 nostra
871 1812 1179 1851 mensuram
1224 1814 1477 1868 congrure
1520 1801 1825 1854 severitatis
1874 1802 2208 1867 excesserit,

2326 592 2717 663 purificationis
2769 594 2968 647 donqu
3023 594 3125 648 nisi
3178 608 3273 669 per
3321 591 3490 648 solius
3540 584 3637 649 Dei
3679 592 3874 662 gratiam

2326 686 2619 757 possideri,
2662 686 2983 743 docentibus
3033 702 3131 742 nos
3183 684 3585 757 quodantmodo
3623 684 3786 757 ipsius
3818 686 3875 739 rei

2322 777 2738 846 experimentis,
2793 787 2849 831 ut
2901 778 2945 832 si
2996 776 3357 847 integritatem
3402 776 3584 833 cordis
3638 786 3873 853 perpetuo

2322 872 2578 939 consequi
2622 870 2981 937 delectamur,
3026 871 3342 925 humilitatis
3381 864 3700 927 studeamus
3739 872 3878 925 virtu-

2322 968 2428 1015 tem
2456 960 2657 1032 jugiter
2687 963 2955 1019 obtinere.

2908 1054 3135 1110 CAPUT
3175 1054 3313 1115 XVI.

2321 1144 2400 1197 De
2431 1144 2702 1198 incentivis
2733 1146 3163 1226 carnis,.quibus,
3207 1148 3309 1200 nisi
3336 1147 3747 1215 Itumilt'arentur,
3776 1166 3879 1220 gra-

2903 1231 3016 1269 vius
3048 1234 3331 1271 rueremus.

2392 1329 2563 1399 Hujus
2611 1329 2773 1399 igitur
2816 1330 3068 1398 puritatis
3115 1331 3406 1385 elationem
3457 1332 3879 1403 perniciosiorem

2319 1419 2554 1474 futuram
2612 1422 2821 1476 cunctis
2873 1422 3171 1476 sceleribus
3223 1433 3383 1495 atque
3440 1424 3683 1495 flagitiis,
3736 1437 3789 1481 et
3827 1429 3882 1480 ob

2320 1514 2458 1568 hanc
2497 1513 2632 1569 nihil
2679 1529 2777 1569 nos
2813 1516 3168 1569 emolumenti
3207 1527 3597 1573 consecuturos
3637 1534 3729 1590 pro
3768 1534 3882 1590 qua-

2318 1606 2449 1660 libet
2482 1607 2747 1660 castitatis
2785 1607 3116 1677 integritate,
3160 1606 3187 1645 b
3229 1618 3491 1664 testantur
3530 1610 3638 1664 illa:
3680 1612 3885 1666 virtutes

2317 1715 2548 1769 quarum
2578 1702 2829 1772 superius
2854 1701 3082 1755 fecimus
3108 1704 3463 1770 mentionem,
3489 1718 3613 1773 qua:
3634 1720 3753 1759 cum
3780 1707 3881 1758 nul-

2319 1792 2399 1847 las
2438 1793 2745 1857 huiusmodi
2783 1793 3122 1848 titillationes
3166 1795 3347 1849 carnis
3388 1794 3644 1851 habuisse
3683 1796 3885 1851 credan-

631 1888 858 1958 ﬂagellis
899 1890 1293 1944 incentivorum
1330 1891 1570 1946 stimulat
1608 1893 1899 1947 confestim
1935 1903 1992 1949 et
2035 1896 2214 1951 incre-
2242 1886 2290 1947 Β
2318 1892 2423 1951 tur,
2468 1886 2539 1940 ob
2581 1888 2751 1940 solam
2792 1888 2973 1941 cordis
3009 1888 3299 1942 elationem
3340 1898 3601 1957 perpetua
3642 1891 3792 1944 ruina
3828 1890 3883 1944 de

628 1989 720 2051 pat
741 2023 757 2046 ,
790 1991 949 2051 atque
979 1981 1046 2036 ad
1077 1991 1475 2053 competentem
1504 1994 1722 2040 revocat
1751 1987 2092 2054 parcitatem.
2124 1988 2213 2043 Se

628 2072 805 2126 eundo
830 2073 975 2142 quod
1008 2088 1105 2141 pro
1131 2076 1462 2129 castimonia:
1492 2092 1555 2130 ac
1586 2078 1833 2146 puritatis
1863 2078 2207 2148 integritate,

629 2178 749 2217 cum
785 2164 876 2217 Dei
908 2164 1079 2234 gratia
1120 2166 1482 2233 concedente,
1526 2168 1597 2221 ita
1638 2183 1737 2223 nos
1776 2169 1937 2241 longo
1968 2179 2213 2239 tempore

628 2268 658 2307 a
683 2256 899 2325 genitali
929 2256 1227 2324 pollutione
1253 2258 1550 2315 viderimus
1579 2262 1879 2329 immunes,
1912 2274 1968 2317 ut
1998 2278 2065 2317 ne
2096 2263 2211 2333 ipsa

629 2348 850 2418 quidem
908 2349 1141 2418 simplici
1190 2360 1558 2409 commotione
1611 2355 1789 2409 carnis
1833 2356 2060 2411 ulterius
2115 2372 2216 2412 nos

626 2442 1001 2511 inquietandos
1057 2459 1179 2499 esse
1232 2447 1550 2511 credamus,
1609 2456 1663 2502 et
1722 2464 1818 2518 per
1873 2450 2013 2516 hoc,
2067 2450 2215 2506 velut

625 2535 716 2603 qui
759 2550 863 2589 non
905 2545 1181 2605 gestemus
1226 2540 1591 2607 corruptelam
1636 2540 1847 2605 carnis,
1894 2541 1946 2594 in
1984 2543 2213 2596 secretis

628 2626 976 2681 conscientia:
1005 2636 1208 2683 nostra:
1236 2631 1501 2685 fuerimus
1528 2630 1676 2695 elati,
1719 2646 1818 2685 suo
1847 2646 1945 2686 nos
1972 2648 2210 2699 rursum,

624 2719 872 2787 quamvis
902 2720 1089 2788 quieto
1117 2735 1181 2773 ac
1226 2721 1457 2790 simplici
1485 2763 1499 2787 ,
1532 2724 1756 2777 visitans
1784 2722 1930 2777 fluxu
1964 2724 2215 2778 humiliat

623 2826 686 2866 ac
715 2812 984 2875 retundit,
1018 2828 1222 2883 nosque
1252 2814 1507 2870 homines
1534 2830 1657 2870 esse
1698 2816 1931 2871 stimulis
1969 2818 2084 2874 suis
2110 2818 2212 2872 ad-

625 2914 831 2958 monet.
865 2904 1280 2971 Quodammodo
1308 2910 1451 2963 enim
1483 2924 1604 2964 cum
1646 2910 1700 2964 in
1739 2912 1954 2966 eteteris
1992 2913 2209 2981 generi-

625 2994 727 3049 bus
754 2996 1009 3051 vitiorum
1036 3007 1095 3055 et
1120 3000 1337 3068 quidem
1365 3001 1707 3069 gravioribus
1737 3004 2011 3074 magisque
2038 3006 2213 3060 noxiis

625 3086 1017 3144 indifferentius
1048 3091 1321 3145 soleamus
1350 3094 1631 3149 incurrere
1654 3136 1669 3161 ,
1701 3109 1801 3149 nec
1832 3102 1938 3149 tam
1970 3096 2126 3151 facile
2159 3096 2213 3151 in

623 3193 807 3234 eorum
852 3194 1278 3249 compungamur
1321 3183 1598 3251 admissu,
1638 3184 1697 3239 in
1742 3184 1843 3241 hoc
1884 3187 2211 3253 peculiarius

2317 1979 2535 2035 sublimi
2571 1980 2893 2049 etelestique
2932 1982 3168 2037 statione
3198 1981 3428 2050 deiecta:
3463 1992 3613 2043 sunt.
3651 1984 3884 2039 Essemus

2316 2073 2499 2143 itaque
2547 2076 2760 2142 penitus
2814 2074 3017 2144 absque
3055 2074 3298 2129 remedio
3340 2074 3528 2144 tepidi,
3574 2084 3761 2145 utpote
3796 2091 3883 2129 non

2317 2166 2580 2221 habentes
2606 2166 2838 2221 indicem
2865 2166 3207 2237 negligentia:
3238 2177 3459 2235 nostrm,
3488 2168 3571 2221 vel
3597 2168 3651 2222 iit
3679 2182 3885 2237 corpore

2316 2267 2502 2313 nostro
2539 2266 2634 2311 aut
2674 2258 2726 2312 in
2762 2257 3108 2312 eonscientiis
3150 2256 3387 2327 pr0priis
3422 2257 3771 2325 insidentem,
3803 2272 3885 2312 nec

2315 2351 2658 2406 studeremus
2687 2350 2754 2405 ad
2788 2349 3144 2418 perfectionis
3185 2365 3441 2419 umquam
3479 2353 3765 2421 pervenire
3793 2352 3885 2405 ler-

2314 2460 2538 2509 vorem;
2586 2444 2680 2499 sed
2724 2459 2824 2498 nec
2870 2442 3197 2511 frugalitatis
3246 2443 3462 2511 quidem
3506 2443 3883 2496 districtiouem

2317 2536 2404 2591 vel
2450 2536 2798 2591 continentia:
2843 2544 3175 2598 teneremus,
3220 2533 3321 2588 nisi
3364 2547 3465 2588 nos
3501 2532 3613 2587 haec
3661 2532 3886 2586 titillatio

2315 2630 2496 2683 carnis
2536 2630 2848 2683 increscens
2894 2627 3207 2681 bumiliaret
3250 2635 3414 2695 atque
3461 2626 3799 2689 retunderet,
3844 2632 3887 2679 et

2318 2721 2580 2776 adversus
2621 2720 2945 2791 Spiritaliuin
2987 2734 3202 2788 quoque
3232 2718 3487 2772 vitiorum
3530 2719 3885 2788 purgationem

2315 2815 2583 2873 sollicitos
2614 2814 2867 2871 redderet
2892 2823 2947 2869 et
2978 2814 3235 2867 intentos.

2892 2905 3117 2961 CAPUT
3160 2903 3323 2960 XVII.

2770 2997 2844 3050 De
2871 2998 3225 3051 cunuchorum
3255 3004 3426 3063 tepore

2390 3094 2628 3163 Denique
2659 3093 2710 3147 in
2741 3091 2823 3146 his
2858 3101 2879 3128 ε
2913 3095 3005 3161 qui
3044 3090 3313 3160 spadones
3359 3098 3484 3143 sunt
3520 3105 3777 3161 corpore,
3812 3089 3882 3144 id-

2314 3187 2461 3242 circo
2489 3184 2632 3239 hunc
2665 3184 2831 3239 animi
2863 3192 3105 3252 teporem
3143 3182 3461 3252 plerumque
3499 3181 3688 3238 inesse
3714 3184 3885 3254 depre-

625 3274 940 3330 humiliatur
968 3278 1301 3332 conscientia
1335 3288 1518 3332 nostra
1545 3319 1559 3341 ,
1594 3294 1797 3348 perque
1827 3282 1964 3334 hanc
1993 3281 2204 3335 illusio-
2238 3259 2285 3329 (ἶ
2321 3280 2625 3346 liendimus,
2664 3278 2790 3347 quia
2827 3277 2975 3331 velut
3005 3276 3167 3330 soluti
3197 3275 3265 3329 ab
3296 3275 3394 3330 hac
3424 3280 3755 3333 necessitate
3780 3292 3886 3332 car-

624 3383 746 3421 nem
789 3368 1154 3438 neglectarum
1202 3385 1417 3440 quoque
1469 3371 1778 3441 passionum
1824 3373 2215 3429 recordatione

625 3460 923 3526 mordetur,
965 3463 1247 3518 evidenter
1297 3464 1608 3535 intelligens
1654 3464 1985 3521 immundam
2029 3480 2088 3522 se
2134 3468 2182 3521 fa

624 3562 764 3607 ctam
797 3556 1134 3610 naturalibus
1164 3556 1478 3621 incentivis,
1511 3572 1631 3625 qua:
1656 3572 1777 3612 cum
1810 3566 1956 3613 esset
1982 3560 2215 3615 immun-

625 3645 747 3700 dior
775 3646 1109 3717 spiritalibus
1135 3649 1311 3713 vitiis,
1343 3648 1659 3719 ignorabat;
1687 3657 1740 3703 et
1767 3664 2057 3705 recurrens
2090 3667 2217 3721 pro-

627 3740 771 3793 tinus
822 3738 888 3794 ad
940 3740 1377 3797 emendationem
1424 3741 1712 3797 anterioris
1759 3741 2016 3813 ignaviae,
2061 3758 2212 3799 eom-

628 3843 875 3889 mouetur
916 3849 1014 3889 nec
1056 3848 1220 3903 super
1258 3835 1605 3891 successibus
1635 3835 1922 3901 praeteritae
1964 3836 2213 3903 puritatis

626 3925 824 3980 debere
864 3926 1172 3993 conlidere,
1208 3943 1366 3997 quam
1399 3943 1459 3983 se
1492 3927 1753 3997 perspicit
1786 3927 2044 3996 pusillum
2084 3928 2212 3998 quid

2314 3374 2445 3439 nali,
2487 3386 2585 3426 nec
2616 3370 2803 3425 labore
2838 3368 3188 3424 continentia:
3219 3370 3538 3437 corporalis,
3575 3385 3675 3427 nec
3704 3371 3888 3424 contri.

2314 3468 2462 3523 tione
2490 3466 2670 3520 cordis
2695 3480 2756 3519 se
2781 3465 3052 3519 aestimant
3086 3462 3361 3532 indigere;
3400 3473 3455 3518 et
3484 3462 3584 3521 hac
3613 3464 3888 3520 securitate

2313 3562 2563 3626 resoluti,
2619 3574 2914 3628 numquam
2974 3556 3364 3626 perfectionem
3406 3557 3608 3623 cordis,
3659 3558 3759 3613 sed
3802 3572 3888 3612 nec

2316 3649 2641 3722 spiritalium
2681 3649 2902 3720 quidem
2931 3649 3185 3701 vitiorum
3224 3648 3601 3719 purgationem
3640 3651 3723 3703 vel
3758 3664 3888 3717 qua:-

2320 3758 2441 3799 rere
2473 3744 2525 3797 in
2553 3742 2803 3806 veritate,
2835 3741 2917 3794 vel
2950 3738 3229 3808 possidere
3260 3738 3537 3795 festinant.
3566 3739 3672 3808 Qui
3705 3750 3887 3806 status,

2320 3852 2349 3891 a
2394 3835 2599 3891 carnali
2646 3834 2901 3903 qualitate
2946 3830 3305 3897 descendens,
3354 3830 3593 3887 efficitur
3632 3832 3887 3895 animalis,

2320 3929 2410 3997 qui
2442 3937 2525 3983 est
2557 3925 2909 3997 proculdubio
2940 3923 3177 3977 deterior
3205 3921 3438 3991 gradus;
3485 3922 3600 3991 ipse
3636 3933 3722 3995 est
3758 3921 3889 3976 enim

1696 4103 1947 4159 ALARDI
1988 4105 2226 4163 ΟΑΖΑΞΙ
2266 4106 2828 4164 COMMENTARIUS.

629 4240 766 4308 Quid
794 4253 920 4305 ergo
947 4248 1029 4295 est
1060 4239 1201 4308 quod
1246 4238 1547 4299 infirmitati
1589 4239 1769 4292 carnis
1806 4237 2058 4294 tribuitur
2099 4240 2191 4297 bo-

631 4309 791 4364 tninis
822 4312 1027 4375 lapsus,
1061 4318 1113 4363 et
1144 4308 1532 4379 misericordia:
1561 4311 1695 4361 ratio
1724 4325 1847 4375 erga
1875 4326 1994 4363 eum
2027 4313 2205 4379 potius

629 4395 791 4450 quam
824 4395 947 4448 erga
980 4381 1199 4448 angelos
1230 4378 1545 4433 exercenda:
1573 4394 1599 4429 a
1627 4380 1689 4432 D.
1716 4380 1979 4447 Gregorio
2004 4378 2059 4435 et
2083 4385 2207 4439 aliis

634 4450 879 4504 Patribns
910 4450 1007 4503 hac
1038 4450 1475 4505 consideratione
1503 4450 1843 4521 assignatur?
1870 4451 1929 4503 R.
1959 4455 2206 4521 quamvis

632 4522 685 4574 in
725 4528 867 4573 statu
907 4521 1231 4575 innocentia:
1269 4521 1412 4573 nulla
1450 4530 1595 4573 05:8l
1631 4520 1859 4574 rebellio
1897 4520 2075 4577 carnis
2104 4525 2206 4577 ad«

630 4604 821 4667 versus
852 4592 1097 4667 spiritum
1132 4595 1182 4646 in
1216 4591 1459 4650 homine.
1494 4605 1619 4644 caro
1651 4600 1860 4656 tamen,
1894 4596 2010 4649 sive
2037 4610 2201 4667 appe-

633 4663 759 4723 titus
786 4663 1102 4726 sensitivus,
1136 4672 1323 4729 suapte
1354 4670 1539 4715 natura
1565 4676 1658 4715 seu
1689 4673 1836 4715 motu
1866 4663 2205 4720 naturalite-

631 4731 853 4803 rebatttr
885 4734 935 4785 in
962 4748 1115 4787 suum
1154 4733 1423 4801 objectnm
1469 4732 1729 4803 sensibile
1762 4743 1815 4787 et
1845 4748 2165 4803 corporeum
2194 4752 2209 4793 :

630 4801 857 4873 proinde
885 4803 1157 4872 indigebat
1181 4803 1409 4871 imperio
1440 4819 1501 4857 ac
1526 4802 1679 4858 freno
1708 4801 1964 4873 rationis,
1998 4823 2205 4862 necnon

631 4872 874 4928 Subsidio
904 4876 1088 4943 gratia:
1119 4875 1342 4939 diVllILIB,
1377 4890 1481 4943 quo
1513 4874 1566 4928 in
1607 4872 1787 4928 officio
1816 4886 1868 4927 et
1909 4878 2019 4929 suis
2067 4877 2208 4932 litui-

629 4946 772 5016 titus
802 4947 1189 4999 contineretur.
1223 4945 1400 5012 Quare
1443 4948 1541 4998 hac
1582 4962 1643 4999 ex
1687 4955 1836 5014 parte
1879 4946 2117 5016 fragilior
2157 4958 2213 5004 et

628 5015 693 5088 ad
730 5016 1058 5088 peccandum
1113 5017 1423 5088 proclivior,
1455 5016 1772 5088 acgproiude
1804 5015 2209 5088 venia'dignior

623 5086 723 5141 fuit
749 5086 912 5141 homo
935 5087 1145 5160 (utpote
1165 5086 1373 5160 duabus
1398 5086 1641 5160 partibus
1665 5088 2019 5160 compositus)
2050 5086 2207 5157 quam

627 5160 873 5229 angelus,
899 5157 988 5229 qui
1023 5158 1224 5211 nullum
1257 5157 1447 5229 habuit
1478 5158 1782 5226 ltujusmodi
1808 5157 2077 5228 objectum
2112 5177 2204 5215 an-

623 5244 850 5299 satuque
893 5229 1180 5297 peccandi,
1223 5228 1321 5282 nisi
1367 5230 1638 5297 propriam
1678 5228 2036 5295 voluntatem,
2080 5246 2204 5285 cum

623 5300 695 5353 sit
725 5301 948 5355 omnino
989 5301 1344 5366 incorporeus
1384 5308 1438 5353 et
1476 5300 1760 5368 spiritalis.
1803 5300 1935 5354 Vide
1979 5302 2039 5354 D.
2076 5301 2205 5355 Pro-

624 5383 844 5438 Sperutn
890 5372 981 5425 ιιι).
1016 5387 1032 5425 ι
1064 5371 1131 5426 de
1165 5371 1279 5424 Vita
1310 5372 1735 5439 Contentplativa
1768 5384 1889 5439 cap.
1924 5373 2049 5438 3,et
2083 5372 2208 5426 Ful-

618 5443 859 5510 gentium
890 5442 983 5497 lib.
1019 5443 1084 5497 de
1115 5442 1246 5496 Fide
1276 5457 1395 5508 cap.
1426 5443 1478 5496 5.
1796 5480 1809 5493 .

695 5520 720 5548 ἰ
751 5514 855 5567 llas
886 5514 1020 5568 duas
1046 5514 1304 5567 utilitates
1334 5528 1456 5567 cum
1483 5511 1601 5566 aliis
1630 5513 1753 5565 item
1782 5512 2015 5576 duabus,
2046 5526 2205 5579 supe-

622 5583 735 5640 rius
766 5586 1151 5655 expressimus.
1188 5584 1317 5638 Vide
1360 5583 1675 5638 Cassianum
1717 5582 1810 5655 lib.
1854 5598 1923 5634 xu
1960 5582 2199 5655 glustitut.

620 5670 739 5722 cap.
772 5652 863 5721 20,
890 5655 953 5709 21
985 5666 1038 5712 et
1058 5658 1150 5719 ‘23,
1182 5664 1234 5709 et
1262 5655 1459 5709 ibidem
1490 5662 1672 5707 notata
1701 5652 1851 5723 (Cap.
1888 5652 1997 5723 15).

695 5726 722 5765 b
757 5724 992 5781 Virtutes
1022 5725 1302 5795 angelicae,
1343 5725 1393 5777 id
1426 5734 1533 5793 est,
1576 5725 1675 5793 ipsi
1704 5725 1876 5789 angeli
1912 5724 2057 5788 mali,
2091 5724 2204 5780 sive

625 5796 923 5860 daemones,
963 5798 1033 5850 ob
1071 5797 1241 5850 solam
1290 5795 1598 5862 superbiam
1638 5809 1668 5847 e
1706 5796 1846 5848 ctelo
1881 5796 2099 5861 deiecti,
2137 5797 2204 5852 de

627 5864 824 5931 quibus
854 5879 1015 5932 supra
1040 5879 1159 5933 cap.
1187 5863 1272 5918 14.
1306 5863 1549 5917 Sumitur
1577 5872 1754 5917 autem
1784 5865 2071 5933 dupliciter
2103 5868 2203 5925 hoc

2311 4242 2625 4296 vocabulum
2656 4258 2779 4297 cum
2820 4242 3023 4311 angelis
3065 4241 3316 4299 tribuitur
3358 4259 3371 4294 :
3416 4240 3470 4299 1⁰
3501 4245 3802 4311 generatim
3842 4252 3889 4296 et

2308 4312 2611 4385 promiscue
2652 4330 2746 4385 pro
2794 4314 2984 4385 quovis
3035 4312 3223 4369 ordine
3267 4313 3615 4383 angelorum,
3667 4326 3722 4373 ut
3780 4315 3887 4377 hic;

2309 4383 2432 4438 uani
2462 4383 2681 4454 angelos
2721 4384 2787 4437 de
2814 4383 3015 4451 quovis
3060 4385 3247 4439 ordine
3283 4385 3551 4454 cecidisse
3592 4388 3891 4441 communis

2309 4466 2391 4509 est
2412 4452 2698 4509 sententia.
2727 4455 2816 4512 Sic
2843 4454 3073 4511 Matthmi
3105 4471 3229 4508 xxiv
3255 4470 3269 4509 ε
3298 4452 3361 4506 Et
3389 4453 3617 4510 Virtutes
3646 4458 3891 4508 cartorum

2303 4526 2780 4594 commovebuntur,
2812 4526 2914 4591 Vbl,
2936 4532 2991 4581 ut
3020 4526 3181 4581 habet
3202 4526 3407 4582 Marcus
3427 4540 3543 4593 cap.
3568 4523 3662 4579 15:
3700 4524 3888 4579 Virtu-

2313 4605 2382 4671 tes
2411 4613 2524 4665 qua?
2558 4598 2613 4671 in
2644 4598 2783 4651 cwlis
2813 4594 3477 4671 sunt,morcbttntur._Uhi
3515 4594 3735 4671 angequ
3779 4612 3888 4652 (τωο

2314 4663 2487 4721 lorum
2544 4670 2769 4740 virtutes
2800 4668 3056 4740 appellari
3100 4668 3295 4740 docent
3333 4663 3617 4740 Origenes,
3650 4663 3887 4740 Chryso-

2313 4748 2538 4804 stomus,
2576 4738 2711 4791 Beda
2752 4747 2805 4793 et
2848 4738 2967 4802 alii;
3014 4738 3462 4807 quemadmodum
3490 4739 3538 4799 itt
3574 4736 3885 4807 prtefatione

2313 4754 2538 4804 stemus,
2576 4754 2711 4791 uena
2752 4754 2805 4793 et
2848 4754 2967 4802 aut;
3014 4754 3462 4807 qucmauutoqum
3490 4755 3538 4799 tu
3609 4754 3881 4803 rietattonc

2313 4809 2485 4885 Missa.-
2514 4810 2766 4871 dicuntur
2790 4810 2919 4885 coeli,
2948 4810 3293 4885 ctelorttmque
3318 4810 3546 4885 virtutes.
3574 4754 3637 4861 ξ’
3664 4809 3881 4885 Speci}!-

2312 4883 2405 4933 tint
2438 4896 2534 4948 pro
2565 4891 2713 4934 certo
2744 4880 2932 4932 ordine
2971 4895 3064 4933 seu
3102 4881 3266 4934 choro
3307 4880 3616 4948 angelorum
3660 4880 3729 4934 ab
3769 4880 3884 4933 aliis

2312 4950 2587 5014 distincto,
2632 4952 2719 5019 qui
2765 4949 3031 5004 secundus
3060 4960 3113 5004 et
3151 4950 3357 5005 medius
3394 4949 3645 5004 secundae
3677 4951 3883 5004 hierar-

2311 5020 2466 5083 chi.e,
2502 5020 3133 5092 secundutti_l)iunysiurtt
3170 5024 3393 5092 t}_reop.,
3422 5022 3507 5074 vel
3545 5022 3750 5092 primus
3781 5031 3883 5092 ter-

2313 5092 2418 5155 tim,
2461 5092 2753 5145 secundum
2796 5088 3109 5157 Gregorium
3144 5088 3519 5158 (Vide'colfat.
3550 5091 3582 5143 8
3612 5107 3729 5158 cap.
3774 5090 3879 5157 15).

2309 5160 2397 5215 Sic
2426 5161 2439 5213 Ι
2468 5162 2648 5216 Corin.
2672 5177 2772 5216 xv:
2800 5161 2924 5215 Cum
2950 5162 3267 5232 evacuauerit
3294 5178 3495 5215 omnem
3518 5160 3879 5232 principatum,

2309 5241 2353 5285 et
2390 5241 2713 5302 potestatem,
2760 5242 2805 5285 et
2841 5232 3095 5285 virtutem.
3141 5224 3204 5285 Et
3246 5231 3265 5289 ι
3310 5232 3456 5303 Petr.
3490 5224 3541 5285 tv
3576 5247 3588 5283 :
3624 5224 3883 5303 subjectis

2304 5303 2402 5356 sibi
2425 5304 2641 5371 angelis,
2674 5314 2718 5355 et
2746 5303 3104 5373 potestatibus.
3130 5310 3176 5356 et
3200 5302 3495 5373 virtutibus.

2383 5384 2405 5411 ο
2439 5373 2715 5438 δικ-1101185
2742 5371 2964 5439 corpore
2990 5383 3134 5438 sunt,
3164 5374 3250 5442 qui
3286 5375 3424 5437 apud
3460 5371 3775 5427 Matthreum
3808 5371 3881 5442 die

2307 5456 2498 5499 cuntur
2537 5445 2752 5497 currite/ti
2792 5445 2852 5495 de
2886 5444 3063 5496 matris
3092 5454 3232 5496 utero
3266 5444 3337 5496 sic
3368 5444 3495 5505 nati,
3533 5442 3611 5497 rel
3646 5445 3739 5511 qui
3768 5441 3882 5513 facti

2304 5526 2421 5568 sunt
2449 5517 2509 5569 ab
2536 5513 2856 5579 hominibus;
2891 5514 3153 5585 spadones
3185 5528 3311 5568 vero
3341 5513 3451 5567 sive
3476 5517 3691 5569 eunuchi
3730 5513 3880 5583 spiri-

2313 5596 2391 5651 tu,
2423 5603 2525 5640 non
2558 5600 2801 5653 oorpore,
2828 5586 3098 5649 dicitntur,
3122 5586 3206 5654 qui
3228 5602 3279 5637 se
3300 5596 3651 5639 castraverunt
3682 5596 3879 5655 propter

2313 5673 2523 5725 regnum
2554 5657 2813 5715 caelorum.
2835 5656 3060 5726 spiritali
3091 5655 3293 5709 scilicet
3315 5656 3663 5721 castratiuno,
3700 5658 3750 5710 id
3780 5665 3873 5717 est,

2315 5739 2441 5780 voto
2477 5738 2743 5796 perpetua:
2767 5728 3128 5780 continentite.
3162 5726 3312 5791 Quod
3337 5736 3516 5796 autem
3549 5725 3635 5781 hic
3665 5729 3731 5783 de
3759 5743 3873 5796 spa-

2312 5798 2540 5852 dombus
2570 5795 2859 5866 eorumque
2889 5797 3303 5866 prOprietatibus
3338 5795 3556 5859 dicitur,
3588 5795 3797 5852 clarius
3819 5798 3875 5848 it-

2311 5868 2453 5921 idem
2484 5866 2743 5934 repetitur
2767 5880 2819 5921 et
2846 5870 3149 5938 explicatur
3173 5868 3360 5920 collat.
3391 5866 3419 5917 7
3448 5880 3567 5935 cap.
3608 5866 3695 5919 12.

3998 192 4003 285 i

4000 344 4003 509 ἓ
