4026 6204
184 342 310 401 605

784 339 1128 416 COLLATIO
1166 342 1257 404 IV.
1281 373 1351 386 -
1377 342 1466 399 DE
1503 340 2094 400 CONCUPISCENTIA
2133 343 2386 401 CARNIS
2426 343 2512 406 ΕΤ
2551 343 2889 403 SPIRITUS.

3376 350 3480 406 606

183 462 319 530 qui,
357 461 426 516 de
475 460 671 532 frigido
714 459 780 516 ad
814 460 1052 534 tepidum
1083 461 1370 525 transiens,
1407 458 1786 516 detestabilior
1813 459 1866 519 Α
1891 458 2086 533 demur
2130 470 2150 520 ς
2195 458 2491 534 secundum
2533 457 2865 532 exteriorem
2909 455 3181 532 hominem
3224 455 3352 522 huic
3394 476 3480 513 re-

186 549 424 608 Domini
453 565 586 608 voce
616 551 878 622 signatur.

769 638 997 714 CAP-UT
1035 640 1222 707 xvut.

185 733 556 806 Interrogatio
580 735 706 806 quid
732 734 938 794 intersit
967 735 1100 804 inter
1122 731 1387 808 carnalem
1415 741 1461 800 et
1487 731 1782 802 animalem.

275 826 583 894 Germanus
615 841 629 880 :
661 825 738 888 De
777 825 1008 886 utilitate
1045 824 1454 888 colluctationis
1492 840 1611 895 qua:
1649 828 1787 882 inter

186 933 425 980 carnem
452 927 508 976 et
542 917 790 986 spiritum
823 916 1136 985 suscitatur,
1164 925 1425 987 quantum
1458 915 1670 984 videtur
1695 931 1790 980 no-

186 1009 284 1066 bis
314 1009 592 1068 evidenter
621 1023 940 1078 expressum
970 1018 1074 1076 est,
1117 1009 1189 1076 ita
1231 1017 1290 1072 ut
1327 1023 1448 1074 eam
1490 1009 1625 1079 ipsis
1653 1023 1787 1079 quo-

184 1101 493 1166 dammodo
537 1102 785 1178 manibus
819 1103 1021 1160 nostris
1060 1103 1386 1180 palpabilem
1431 1102 1628 1160 iactam
1669 1117 1788 1162 esse

183 1195 512 1258 credamus.
555 1195 620 1252 Et
653 1194 856 1252 idcirco
892 1195 1033 1252 hanc
1070 1181 1288 1264 quoque
1327 1195 1591 1252 rationem
1631 1193 1788 1260 nobis

144 1345 152 1358 ί
185 1288 456 1350 similiter
483 1288 731 1356 cupimus
763 1287 988 1364 aperiri,
1019 1287 1147 1360 quid
1179 1287 1395 1354 intersit
1427 1287 1567 1342 inter
1597 1300 1788 1344 carna-

186 1379 308 1444 lem
342 1388 398 1434 et
423 1379 712 1434 animalem
741 1379 947 1445 virum,
985 1379 1068 1436 vel
1103 1378 1558 1450 quemadmodum
1586 1378 1791 1444 anima-

187 1469 270 1528 iis
298 1471 505 1532 carnali
536 1470 712 1540 possit
737 1485 860 1526 esse
889 1469 1154 1526 deterior.

785 1564 1011 1620 CAPUT
1051 1563 1198 1622 XIX.

595 1655 673 1711 De
702 1657 896 1725 triplici
924 1657 1217 1714 animarum
1243 1665 1395 1709 statu.

275 1747 467 1806 Daniel
498 1765 511 1800 :
551 1746 858 1804 Secundum
901 1747 1272 1806 deﬁnitionem
1303 1747 1592 1814 Scriptura
1620 1757 1647 1787 ³
1679 1756 1789 1804 tres

1889 551 2172 628 nuntiasse
2194 550 2418 614 mundo,
2447 549 2532 624 vel
2558 549 2850 622 carnalium
2879 547 3290 624 fornicationum
3321 548 3478 605 dese-

1888 643 2064 700 ruisse
2098 641 2370 711 contagia,
2408 649 2680 712 tamquam
2710 641 2800 710 qui
2834 655 3098 716 summam
3131 635 3480 712 perfectionis

1890 748 1990 814 per
2014 732 2113 796 hoc
2135 733 2678 812 apprehenderimus,
2707 731 3048 809 remissiores
3072 731 3327 804 deinceps
3351 748 3477 803 erga

1889 824 2327 902 emundationem
2374 833 2697 880 czeterarum
2751 823 3060 902 passionum
3110 824 3480 895 lentioresque

1889 916 2202 992 reddamur,
2226 926 2282 971 et
2311 915 2450 974 inter
2477 925 2701 992 utraque
2727 914 2928 984 detenti
2954 916 3180 990 gradum
3224 917 3481 985 spiritalis

1890 1010 2164 1092 profectus
2199 1011 2414 1081 assequi
2446 1023 2798 1086 nequeamus,
2843 1005 3211 1086 existimantes
3248 1011 3312 1063 ad
3353 1027 3477 1080 per-

1890 1102 2180 1160 fectionem
2234 1101 2390 1156 nobis
2448 1099 2659 1154 abunde
2711 1097 2958 1156 sulllcere
3008 1101 3150 1172 quod
3202 1101 3472 1156 exteriore

1891 1194 2111 1270 humine
2144 1192 2425 1256 videamur
2453 1191 2520 1246 de
2553 1193 2975 1256 Conversatione
3004 1191 3189 1268 mundi
3224 1191 3384 1262 hujus
3415 1207 3479 1248 ac

1891 1286 2258 1362 voluptatibus
2298 1287 2590 1356 segregari,
2629 1285 2714 1342 vel
2754 1285 2894 1356 quod
2934 1284 3202 1362 immunes
3246 1284 3414 1361 simus
3447 1302 3476 1340 a

1891 1379 2200 1450 corruptela
2243 1387 2296 1434 et
2339 1380 2723 1436 commixtione
2754 1379 2979 1456 carnali,
3007 1390 3061 1433 et
3089 1379 3160 1432 ita
3193 1377 3390 1433 inventi
3426 1382 3478 1434 in

1891 1473 1988 1530 illo
2020 1473 2199 1544 tepido
2232 1482 2398 1536 statu,
2431 1472 2520 1541 qui
2553 1471 3198 1546 deterrimusjudicatur,
3226 1487 3481 1528 evomen-

1891 1565 1990 1629 dos
2028 1581 2126 1622 nos
2166 1582 2231 1620 ex
2271 1579 2365 1620 ore
2408 1564 2624 1628 Domini
2672 1564 2970 1620 secundum
3007 1563 3122 1634 ejus
3159 1565 3477 1628 sententiam

1891 1658 2225 1720 noverimus,
2268 1655 2339 1712 ita
2383 1655 2611 1711 dicentis
2659 1672 2671 1708 :
2725 1654 2933 1714 Utinam
2976 1655 3175 1714 calidus
3215 1672 3347 1710 esses
3389 1666 3480 1710 aut

1892 1752 2148 1824 frigidus;
2185 1768 2320 1805 nunc
2358 1761 2526 1804 autem
2559 1749 2760 1818 tepidus
2791 1765 2866 1816 es,
2890 1749 3134 1818 incipiam
3175 1757 3220 1802 te
3252 1764 3480 1803 evomere

185 1850 331 1904 sunt
377 1842 679 1896 animarum
725 1848 916 1895 status.
962 1841 1172 1898 Primus
1215 1839 1470 1906 carnalis,
1518 1843 1785 1904 secundus
1817 1837 1864 1898 B
1893 1859 1956 1921 ea:
1996 1857 2084 1897 ore
2125 1858 2235 1896 meo
2277 1840 2458 1911 (Apoc.
2500 1839 2604 1912 ιιι).
2644 1838 2754 1896 Nec
2795 1839 3068 1898 immerito
3097 1853 3192 1893 eos
3223 1839 3482 1892 Dominus

185 1933 476 1999 animalis,
529 1932 721 1988 tertius
771 1931 1029 2000 spiritalis
1077 1929 1257 2001 (Vide
1300 1930 1638 2000 Augustinum
1693 1932 1785 2002 ιδ.

190 2039 426 2094 uniti,
453 2033 631 2092 quiest.
664 2022 721 2089 4,
756 2023 868 2094 67).
902 2022 1047 2090 Quos
1078 2022 1133 2078 in
1165 2022 1430 2090 Apostolo
1463 2022 1532 2076 ita
1562 2023 1788 2093 legimus

189 2115 498 2186 designari.
529 2114 662 2170 Nam
689 2114 759 2170 de
795 2113 1002 2174 carnali
1029 2113 1227 2170 dicitur
1260 2131 1271 2166 :
1306 2113 1413 2168 Lac
1442 2116 1581 2170 vobis
1614 2125 1789 2183 potum

193 2209 344 2275 dedi,
361 2224 460 2262 non
483 2223 670 2273 escam,
692 2206 910 2268 necdum
931 2207 1068 2260 enim
1095 2206 1372 2273 poteratis;
1399 2206 1487 2266 sed
1509 2223 1598 2264 nec
1619 2207 1790 2262 adhuc

191 2301 411 2371 quidem
440 2301 668 2370 potestis,
699 2299 869 2364 adhuc
897 2299 1034 2352 enim
1056 2299 1174 2352 estis
1195 2298 1429 2358 carnales
1453 2297 1498 2366 (l
1529 2297 1648 2353 Cor.
1683 2298 1787 2368 ut).

193 2393 270 2450 Et
306 2393 506 2446 iterum
548 2409 561 2442 :
603 2388 700 2452 Ubi
734 2391 870 2446 enim
899 2398 971 2444 est
998 2390 1130 2446 inter
1158 2405 1241 2442 vos
1268 2389 1408 2444 zelus
1435 2397 1482 2440 et
1510 2389 1786 2456 contentio,

196 2498 376 2538 nonne
395 2481 630 2542 carnales
651 2482 773 2540 estis
796 2479 848 2551 (1
853 2480 1021 2548 bid.)?
1045 2481 1118 2550 De
1137 2480 1357 2542 animali
1379 2494 1590 2550 quoque
1611 2481 1790 2538 taliter

195 2583 659 2630 commemoratur
689 2592 702 2626 :
736 2572 764 2622 ὓ
798 2573 1045 2628 Animalis
1071 2584 1244 2630 autem
1268 2572 1422 2628 homo
1448 2589 1549 2628 non
1576 2573 1790 2644 percipit

196 2685 264 2726 ea
291 2685 408 2739 quia
431 2679 548 2726 sunt
572 2670 786 2738 spiritus
814 2667 909 2726 Dei
927 2686 946 2724 :
975 2670 1196 2732 stultitia
1221 2671 1358 2730 enim
1384 2678 1459 2722 est
1485 2669 1564 2730 illi
1593 2669 1637 2740 (l
1663 2668 1785 2726 Car.

200 2759 290 2830 ιι).
312 2761 387 2817 De
408 2760 636 2830 spiritali
651 2775 778 2818 vero
793 2777 806 2814 :
823 2759 1093 2828 Spiritalis
1113 2771 1283 2820 autem
1304 2762 1562 2818 examinat
1580 2760 1788 2826 omnia;

169 2852 312 2922 ipse
346 2860 515 2906 autem
560 2867 593 2906 α
633 2851 832 2918 nemine
857 2851 1133 2921 judicatur
1171 2847 1383 2920 (1bid.).
1427 2851 1495 2922 Et
1537 2851 1732 2925 iterum
1771 2869 1784 2904 :

213 2943 317 2998 Vos
343 2944 428 3013 qui
447 2942 709 3013 spiritales
731 2943 868 3006 estis.
895 2943 1135 3009 instruite
1159 2957 1244 2998 eos
1262 2944 1351 3014 qui
1369 2942 1622 3012 ejusmodi
1641 2954 1783 3008 sunt,

196 3036 257 3092 in
299 3035 486 3107 spiritu
532 3034 760 3102 lenitatis
793 3033 1002 3105 (Galat.
1045 3037 1164 3103 vi).
1195 3033 1383 3106 Itaque
1419 3033 1786 3090 festinandum

195 3135 289 3186 est
317 3127 496 3194 nobis,
532 3136 592 3182 ut
618 3141 740 3186 cum
774 3127 1148 3184 renuntiantes
1177 3127 1500 3184 desierimus
1520 3141 1641 3184 esse
1668 3142 1788 3184 car-

1893 1949 2031 2010 quos
2067 1934 2176 2004 jam
2226 1933 2278 1990 in
2319 1933 2617 1987 visceribus
2658 1941 2939 2004 receperat
2983 1931 3281 2010 charitatis,
3323 1933 3482 1994 noxie

1896 2007 2211 2098 tepefactos,
2262 2040 2384 2079 cum
2432 2023 2662 2095 quadam
2710 2025 3066 2098 convulsione
3111 2007 3348 2100 pectoris
3399 2024 3482 2078 sui

1894 2116 2224 2176 evomendos
2252 2131 2374 2175 esse
2402 2115 2744 2186 pronuntiat;
2778 2115 2870 2184 qui
2891 2129 3012 2176 cum
3039 2115 3324 2172 salutarem
3349 2130 3482 2186 quo-

1894 2210 2182 2270 dammodo
2216 2210 2264 2265 ei
2302 2209 2603 2280 potuissent
2634 2207 2876 2277 praebere
2907 2207 3282 2271 substantiam,
3317 2208 3480 2262 avelli

1895 2303 1962 2357 ab
1988 2302 2104 2370 ejus
2126 2301 2426 2356 visceribus
2447 2299 2770 2362 maluerunt,
2804 2307 2956 2351 tanto
2978 2297 3276 2352 deteriores
3305 2297 3482 2354 euecti

1894 2393 2002 2452 illis
2050 2393 2140 2462 qui
2183 2407 2473 2462 numquam
2519 2390 2600 2446 ori
2642 2390 2923 2444 Dominico
2967 2389 3099 2462 illati
3143 2396 3271 2443 sunt
3316 2389 3475 2455 cibis,

1893 2495 2094 2556 quanto
2123 2486 2172 2539 id
2203 2485 2346 2556 quod
2376 2499 2573 2539 nausea
2601 2483 2958 2552 compellente
2983 2481 3320 2554 projicimus,
3350 2480 3419 2534 od
3434 2482 3479 2536 i-

1894 2577 2054 2634 bilius
2075 2579 2428 2632 detestamur.
2457 2574 2724 2646 Quidquid
2746 2574 2888 2628 enim
2914 2572 3166 2644 frigidum
3188 2581 3291 2640 est,
3317 2573 3478 2628 etiam

1894 2683 1990 2730 ore
2021 2679 2206 2734 nostro
2233 2676 2541 2736 susceptmn
2573 2667 2802 2722 vertitur
2838 2665 2889 2721 in
2922 2663 3180 2730 calorem,
3215 2673 3266 2720 et
3292 2664 3481 2719 saluti-

1893 2760 2008 2816 fera
2048 2761 2316 2822 suavitate
2363 2759 2689 2830 percipitur;
2731 2757 2879 2829 quod
2919 2767 3098 2836 autem
3144 2759 3312 2814 semel
3350 2758 3481 2814 vitio

1895 2852 2186 2923 perniciosi
2230 2852 2433 2922 teporis
2477 2851 2745 2928 abjectum
2794 2857 2896 2915 est,
2943 2864 3050 2910 non
3099 2849 3275 2912 dicam
3325 2849 3482 2905 labiis

1893 2945 2207 3012 admovere,
2256 2942 2349 2998 sed
2395 2942 2556 2997 etiam
2610 2941 2819 2998 eminus
2868 2940 3065 3006 intueri
3113 2941 3230 2997 sine
3273 2940 3480 3012 ingenti

1894 3035 2121 3100 horrore
2157 3050 2267 3098 non
2298 3048 2604 3106 possumus.
2643 3032 2965 3096 Rectissime
2993 3047 3121 3110 ergo
3154 3034 3475 3110 pronuntia-

1894 3137 1980 3182 tur
2011 3141 2130 3184 esse
2158 3127 2418 3190 deterior,
2450 3125 2572 3194 quia
2604 3122 2822 3179 facilius
2843 3123 2909 3198 ad
2937 3124 3226 3180 salutarem
3255 3140 3479 3180 conver~

195 3223 375 3288 nales,
403 3223 456 3278 id
478 3230 583 3287 est,
607 3237 637 3278 a
659 3221 998 3278 saecularium
1023 3222 1351 3290 coeperimus
1372 3221 1789 3278 conversatione
1817 3213 1863 3278 C
1894 3223 2158 3279 sationem
2196 3236 2258 3276 ac
2295 3219 2641 3289 perleCtionis
2679 3219 2950 3290 fastigium
2981 3219 3216 3285 carnalis
3251 3219 3394 3308 quis,
3429 3222 3480 3278 id

194 3316 433 3387 sejungi,
475 3324 531 3372 et
565 3315 634 3372 ab
670 3315 761 3374 illa
798 3314 1082 3372 manifesta
1117 3314 1297 3370 carnis
1335 3314 1628 3384 pollutione
1664 3329 1784 3372 ces-

195 3424 347 3475 sare,
385 3409 685 3480 apiritalem
715 3417 916 3464 statum
947 3409 1192 3478 protinus
1228 3406 1636 3476 apprehendere
1675 3417 1782 3462 tota

197 3503 400 3560 virtute
426 3505 679 3570 nitamur,
714 3518 780 3560 ne
807 3503 950 3559 forte
975 3502 1318 3560 blandientes
1348 3502 1503 3560 nobis
1531 3502 1674 3572 quod
1706 3503 1784 3558 vi-

1893 3324 2000 3382 est,
2033 3313 2309 3378 saecularis
2335 3313 2421 3368 vel
2447 3311 2686 3394 gentilis,
2721 3311 2949 3380 accedit,
2982 3328 3140 3383 quam
3167 3312 3212 3368 is
3239 3315 3326 3381 qui
3361 3330 3480 3384 pro-

1893 3408 2068 3463 fessus
2099 3403 2444 3472 monachum,
2475 3419 2575 3460 nec
2604 3414 2780 3459 tamen
2805 3405 2946 3458 viam
2974 3404 3317 3476 pet-teetionis
3347 3407 3480 3460 arri-

1895 3501 2046 3569 piens
2092 3496 2381 3554 secundum
2427 3495 2670 3570 regulam
2704 3495 3026 3568 disciplinae,
3071 3495 3136 3549 ab
3179 3495 3270 3550 illo
3312 3499 3478 3553 semel

1263 3615 1516 3673 ALARDI
1556 3613 1792 3671 GALEI
1830 3609 2403 3676 CQMMENTARIUS.

329 3713 465 3769 Tres
485 3713 682 3768 animae
708 3719 877 3767 status
896 3710 1193 3782 distinguit,
1218 3724 1340 3765 cum
1371 3719 1548 3764 tamen
1580 3723 1777 3782 Acarna-

196 3785 269 3842 iis
298 3794 354 3840 et
383 3785 632 3840 animalis
661 3783 954 3844 secundum
991 3779 1107 3838 rem
1132 3793 1186 3836 et
1213 3795 1552 3842 communem
1584 3779 1781 3834 intelli-

195 3856 434 3930 gentiam
467 3871 656 3930 parum
687 3863 778 3910 aut
802 3853 933 3908 nihil
963 3854 1185 3930 inter-se
1212 3851 1480 3930 differant.
1511 3847 1630 3930 Ipse
1653 3863 1780 3903 vero

198 3919 483 3981 carnalem
505 3926 696 3978 anima:
723 3932 917 3978 statum
959 3922 1226 3991 prmoipue
1255 3924 1303 3975 in
1335 3921 1512 3974 carnis
1543 3919 1779 3972 immun-

197 3997 333 4052 ditia
372 4007 426 4051 et
467 3997 785 4064 pollutione,
820 3994 984 4048 etiam
1023 3993 1402 4056 involuntaria,
1442 3991 1776 4045 constituere

197 4068 433 4132 videtur,
466 4075 522 4121 ut
548 4083 613 4121 ex
641 4065 989 4135 sequentibus
1019 4065 1208 4135 liquet.

277 4136 302 4174 δ
340 4129 452 4192 Vox
503 4139 618 4192 hac
661 4129 734 4196 ab
775 4134 950 4202 anima
994 4129 1229 4200 ducitur,
1275 4147 1382 4202 non
1430 4131 1498 4196 ab
1541 4129 1781 4202 animali.

201 4208 415 4280 Grmce‘
422 4206 568 4280 enim
583 4197 840 4280 rtPUXlziéc,
873 4205 923 4258 id
961 4215 1060 4280 est,
1094 4197 1551 4280 θιιὶιιιςιῐὶεηῇίυχή
1579 4200 1780 4280 anima.

203 4271 346 4334 Hinc
376 4271 734 4331 Tertulliauu's
764 4277 1082 4330 Montanista
1119 4274 1342 4330 effectus
1375 4271 1567 4326 librum
1594 4271 1664 4328 de
1688 4271 1783 4330 Ju-

197 4349 356 4423 junio
379 4347 648 4423 inscripsit
675 4349 933 4423 adversus
955 4345 1266 4423 Psychicos,
1290 4343 1341 4398 id
1365 4341 1783 4423 est,_animaies§

203 4412 309 4474 hoc
350 4412 566 4473 nomine
594 4417 892 4472 catholicos
927 4412 1258 4470 calumniose
1291 4412 1608 4480 suggillans,
1640 4413 1786 4482 quod

1887 3703 2155 3761 Canonica
2192 3702 2345 3766 ludia
2379 3719 2393 3754 :
2440 3700 2516 3762 Hi
2555 3710 2670 3772 sunt
2705 3702 2796 3771 qui
2835 3709 3106 3772 segregant
3141 3701 3473 3772 semetipsos,

1886 3775 2156 3838 animales,
2187 3773 2430 3842 spiritum
2469 3788 2574 3842 non
2607 3771 2870 3824 habentes.
2912 3771 3160 3825 Secundo
3190 3771 3367 3842 autem
3400 3777 3476 3828 vi-

1886 3844 2124 3906 dendum
2167 3840 2250 3910 est
2293 3857 2461 3910 quare
2506 3840 2642 3895 tales
2689 3855 2795 3894 non
2839 3851 3062 3908 possunt
3100 3840 3377 3910 percipere
3411 3859 3472 3910 ea

1887 3930 2006 3985 qua:
2033 3920 2158 3968 sunt
2179 3911 2403 3985 spiritus
2434 3911 2554 3979 Dei,
2573 3910 2728 3985 quod
2751 3911 2968 3980 quidem
2995 3912 3337 3966 titaniiestum
3365 3924 3468 3968 est.

1886 3982 1944 4042 et
1981 3993 2238 4055 quantum
2263 3983 2351 4055 (ad
2391 3982 2680 4055 animalem
2727 3997 2990 4055 sensum,
3018 3993 3072 4038 et
3109 3993 3365 4055 quantum
3405 3987 3472 4041 ad

1884 4053 2178 4140 animalem
2223 4054 2413 4140 vitam.
2465 4054 2540 4110 Ea
2565 4054 2722 4140 enim
2772 4053 2855 4140 de,
2887 4054 3081 4122 quibus
3125 4053 3364 4140 Spiritus
3410 4058 3469 4112 ει.

1887 4125 2128 4195 illustrat
2173 4136 2408 4182 mentem
2457 4135 2582 4180 sunt
2630 4139 2792 4195 supra
2840 4139 3059 4182 Sensum
3107 4134 3182 4195 et,
3211 4125 3471 4182 rationem

1887 4193 2203 4263 humanam,
2232 4197 2526 4252 secundum
2563 4193 2934 4250 illud'Ecclcs.
2969 4211 3027 4249 ιιι
3061 4214 3072 4248 :
3117 4194 3355 4248 Plurima
3385 4215 3469 4250 su-

1889 4286 1987 4340 pra
2013 4285 2221 4324 sensum
2249 4269 2468 4324 hominis
2496 4277 2700 4322 ostensa
2737 4277 2854 4340 sunt
2892 4266 3021 4336 tibi;
3059 4275 3129 4340 et
3151 4267 3271 4321 ideo
3292 4267 3369 4340 ab
3406 4285 3471 4322 eo

1888 4338 2008 4411 capi
2035 4356 2141 4411 non
2175 4349 2398 4409 possunt
2425 4341 2513 4407 qui
2543 4340 2640 4391 soli
2667 4339 2960 4411 cognitioni
2990 4339 3262 4411 settsitit'a)
3291 4338 3471 4411 inniti-

1890 4408 2001 4464 tur.
2039 4408 2272 4478 Spiritus
2301 4411 2462 4464 etiam
2494 4417 2712 4463 sanctus
2739 4410 2981 4462 accendit
3010 4409 3258 4464 allecmm
3298 4409 3360 4462 ad
3391 4413 3471 4463 di-

202 4500 316 4545 tres
343 4490 794 4557 Quailragesimas
822 4487 1264 4557 Montanistarum
1287 4497 1439 4557 more
1447 4498 1588 4557 _uon_
1593 4480 1785 4557 obser-
1808 4493 1865 4556 ι)
1889 4481 2168 4557 ﬁgendum
2209 4481 2504 4557 spiritantia
2548 4480 2711 4557 bona,
2754 4480 3099 4557 sensibilihus
3145 4480 3297 4534 bonis
3341 4496 3470 4534 con-

201 4553 412 4618 ποθι-θυι.
455 4553 626 4613 Porro
667 4558 914 4614 animalis
959 4557 1122 4610 homo
1160 4553 1293 4624 quis
1318 4555 1409 4624 sit,
1447 4553 1516 4609 D.
1545 4553 1782 4610 Thomas

203 4633 256 4686 in
280 4629 679 4686 Commentario
705 4628 1015 4694 planissime
1037 4623 1258 4694 exponit
1280 4623 1369 4680 his
1385 4625 1567 4680 verbis
1591 4642 1606 4679 ε
1628 4626 1778 4694 ροη-

201 4703 543 4757 siderandum
587 4693 729 4768 quod
779 4699 957 4763 anima
995 4706 1082 4752 est
1115 4693 1288 4768 lorma
1323 4694 1588 4768 corporis.
1627 4693 1782 4752 [inde

201 4773 434 4840 propria:
476 4764 670 4826 animm
720 4769 1092 4837 intelliguntur
1135 4764 1440 4840 iliauvires
1474 4781 1606 4840 qua
1653 4775 1782 4840 sunt

202 4837 357 4896 actus
395 4841 758 4910 corporalium
797 4853 1146 4910 organorum,
1189 4837 1398 4910 scilicet
1433 4838 1782 4910 vir_es_sensi-

203 4915 344 4967 tivae.
376 4907 636 4967 Dicuntur
662 4925 792 4980 ergo
821 4907 1072 4966 homines
1091 4909 1355 4980 animales
1386 4909 1476 4979 qui
1504 4907 1780 4980 hujsmo-

201 4983 256 5038 di
293 4985 432 5038 vires
471 4977 790 5050 sequuntur,
828 4980 972 5036 inter
995 4993 1129 5050 quas
1155 4990 1240 5037 est
1275 4977 1358 5034 vis
1385 4977 1779 5050 apprehensiva

201 5065 256 5109 et
297 5049 614 5122 appetitiva;
657 5059 714 5107 et
757 5051 882 5106 ideo
920 5049 1098 5121 potest
1135 5051 1240 5122 dici
1284 5050 1450 5105 homo
1474 5049 1780 5122 dupliciter

201 5121 468 5178 animalis.
500 5139 609 5176 uno
633 5122 795 5177 modo
815 5134 1074 5190 quantum
1095 5121 1162 5176 ad
1179 5121 1288 5175 vim
1303 5121 1774 5189 apprehensivam,

199 5203 256 5249 et
297 5195 383 5248 hic
422 5197 620 5247 dicitur
658 5194 908 5247 animalis
945 5206 1132 5258 sensu,
1174 5191 1266 5260 qui
1297 5190 1470 5260 (sicut
1497 5190 1694 5246 dicitur
1725 5193 1778 5244 in

199 5262 400 5335 glossa)
429 5263 498 5318 de
529 5265 639 5335 Deo
657 5263 808 5332 juxta
835 5277 1123 5335 corporum
1153 5260 1512 5335 phantasiam,
1533 5261 1614 5315 vel
1645 5260 1779 5328 legis

201 5331 454 5400 litteram,
495 5333 580 5389 vel
621 5331 887 5388 rationem
928 5331 1353 5402 philosophicam
1391 5331 1614 5399 jndicat,
1661 5346 1780 5402 qua:

200 5406 495 5460 secundum
539 5407 684 5459 vires
725 5401 1010 5459 sensitivas
1050 5403 1402 5472 accipiuntur.
1455 5402 1574 5454 Alio
1620 5401 1780 5460 modo

199 5479 394 5535 dicitur
431 5477 554 5546 quis
592 5475 838 5546 animalis
867 5485 1128 5546 quantum
1168 5474 1234 5527 ad
1267 5474 1370 5524 vim
1411 5473 1775 5546 appetitivam,

201 5547 290 5619 qui
319 5542 529 5602 scilicet
554 5544 788 5619 afﬁcitur
809 5544 982 5600 solum
1013 5544 1086 5619 ad
1107 5557 1311 5619 cauum
1334 5552 1454 5619 sunt
1483 5542 1779 5619 scentulum

200 5612 496 5688 appetitum
524 5617 841 5688 sensitivum
861 5631 881 5688 ;j
912 5623 967 5670 et
992 5615 1118 5688 talis
1147 5615 1346 5688 dicitur
1368 5612 1616 5688 animalis
1651 5613 1776 5688 vita,

198 5682 291 5761 qui
324 5689 501 5758 (sicut
527 5687 726 5761 dicitur
753 5685 806 5740 in
838 5684 1049 5756 glossa)
1076 5685 1316 5761 sequitur
1352 5682 1778 5761 dissolutamola-

199 5751 423 5816 sciviam
480 5758 676 5830 animm
725 5751 864 5824 suae,
894 5751 1052 5826 Quam
1083 5751 1225 5830 intra
1271 5754 1546 5830 naturalis
1573 5751 1779 5830 ordinis

200 5839 372 5889 metas
409 5828 634 5896 spiritus
667 5837 847 5883 rector
885 5824 992 5881 non
1025 5829 1285 5880 continet.
1321 5824 1468 5879 Unde
1499 5825 1692 5876 dicitur
1721 5824 1776 5874 in

1890 4549 2134 4620 tempus;
2159 4563 2212 4605 et
2241 4549 2358 4605 ideo
2387 4551 2476 4604 ille
2499 4551 2588 4619 qui
2620 4560 2700 4604 cst
2731 4553 2976 4606 animalis
3008 4549 3126 4604 vitz'c
3154 4568 3257 4604 non
3289 4563 3464 4618 potest

1884 4637 2080 4692 capere
2110 4622 2415 4690 hujusntodi
2441 4622 2764 4692 spirittmlia,
2801 4621 2921 4691 quia
2953 4621 3312 4692 Philosophus
3338 4621 3468 4675 dicit

1882 4691 2020 4754 initv
2053 4691 2391 4755 Etlticorum,
2435 4692 2780 4763 quothualis
2810 4691 3186 4763 unusquisque
3210 4705 3313 4755 eSt,
3348 4694 3466 4747 talis

1884 4765 2005 4820 linis
2033 4764 2248 4819 videtur
2277 4766 2342 4816 ei.
2381 4759 2634 4833 Prhveab.
2685 4777 2812 4820 “tu
2844 4779 2858 4818 :
2897 4759 3016 4822 Non
3056 4759 3235 4833 recipit
3279 4763 3466 4818 stultus

1881 4836 2034 4894 verba
2056 4836 2360 4902 prudentia,
2394 4835 2491 4886 nisi
2523 4833 2566 4886 ei
2597 4832 2922 4902 itinerisque:
2950 4832 3213 4887 rersantur
3239 4834 3290 4892 in
3316 4834 3469 4886 corde

1882 4909 2015 4976 ejus.
2057 4899 2125 4960 Et
2165 4906 2368 4960 Ecclcs.
2405 4918 2519 4958 xxii
2546 4921 2566 4976 _:
2607 4899 2735 4958 Cum
2774 4899 3339 4976 dormientejoquitui,
3381 4909 3466 4974 qui

1883 4972 2088 5028 enarrat
2114 4977 2418 5040 sapientiam
2450 4972 2630 5040 stulto.
2661 4976 2929 5024 tiaCtenus
2957 4972 3019 5027 D.
3050 4972 3284 5026 Thomas
3315 4972 3463 5027 more

1880 5060 2002 5109 suo,
2048 5061 2151 5096 non
2195 5046 2246 5097 iu
2282 5044 2612 5095 sublimitate
2648 5042 2941 5103 sermonis,
2983 5043 3078 5096 sed
3123 5045 3173 5094 in
3217 5044 3462 5097 doctrina

1882 5115 2106 5182 spiritus
2143 5112 2510 5181 spiritualibus
2548 5110 2842 5180 spiritttnlin
2888 5125 3205 5180 comparans
3237 5111 3286 5178 (Ι
3330 5111 3448 5165 Cor.

1885 5200 1979 5240 Vill
1999 5200 2036 5240 Ι.

1963 5187 2343 5321 υλυαιιειῐιιιις
2369 5251 2462 5308 lib.
2492 5265 2582 5310 xm
2605 5249 2673 5306 de
2693 5248 2852 5304 Civit.
2877 5263 2996 5320 cap.
3027 5249 3096 5305 2i
3123 5267 3136 5302 :
3165 5249 3458 5315 Scriptura,

1883 5325 2078 5394 inquit,
2109 5324 2301 5387 divina,
2334 5339 2452 5386 cum
2485 5322 2588 5374 duo
2609 5322 2724 5394 ista
2756 5325 2982 5388 (Corpus
3015 5334 3066 5374 et
3094 5321 3304 5394 anima)
3335 5338 3461 5375 con-

1873 5391 2057 5468 juncta
2085 5398 2183 5450 sint
2223 5411 2285 5468 ea;
2310 5395 2492 5466 quibus
2520 5393 2638 5468 vivit
2669 5394 2840 5468 homo,
2875 5391 3223 5468 tmncuetiant
3261 5395 3465 5468 singula

1881 5462 2103 5522 nonanis
2133 5462 2378 5520 vocabulo
2405 5465 2656 5535 appellat,
2689 5465 2913 5514 animum
2946 5462 3136 5535 scilicet
3171 5463 3463 5516 interiorem

1883 5539 2160 5600 hominem,
2211 5554 2394 5608 corpus
2442 5533 3212 5608 veroexteriorem_Itomincm
3257 5549 3462 5595 vocans,

1883 5618 2144 5677 tamquam
2179 5601 2416 5662 duo'sint
2459 5606 2708 5666 homines,
2746 5601 2859 5677 cum
2898 5604 3054 5677 simul
3098 5615 3362 5677 utrumque
3400 5606 3467 5658 sit

1883 5674 2016 5734 unus
2046 5680 2218 5734 homo.
2255 5679 2389 5734 Vide
2417 5679 2582 5735 etiam
2623 5675 2872 5731 eumdem
2903 5675 2994 5730 lib.
3037 5687 3112 5729 xu
3151 5675 3220 5730 de
3264 5674 3461 5729 'i‘rinit.

1883 5766 2000 5816 cap.
2037 5751 2086 5806 i.
