4036 6216
609 287 715 347 607

610 397 870 471 spiritalis
900 395 1129 452 fervoris
1165 394 1288 467 igne
1313 393 1587 448 discessit.
1615 391 1712 446 llle
1742 405 1975 460 namque
2003 403 2200 458 corpo-
2229 390 2286 451 Α,

609 493 810 548 ralibus
841 491 1031 544 saltem
1064 487 1210 542 vitiis
1240 485 1572 549 humiliatus,
1598 493 1759 554 atque
1785 482 2122 538 immundum
2145 495 2205 536 se

609 586 851 640 sentiens
885 581 1210 651 contagione
1245 579 1472 644 carnali,
1506 577 1574 632 ad
1605 577 1814 632 fontem
1842 593 1990 633 verae
2019 576 2205 647 purifi-

609 678 838 732 cationis
881 691 943 731 ac
991 672 1342 744 perfectionis
1389 671 1632 737 culmen,
1685 671 2006 741 quandoque
2055 684 2204 724 com-

613 782 863 841 punctus,
904 769 1158 833 accurrit,
1199 776 1254 820 et
1294 765 1615 822 horrescens
1648 765 1822 830 illum,
1867 765 1920 818 in
1962 779 2069 834 quo
2095 772 2200 831 est,

611 862 941 918 infidelitatis
962 860 1352 932 gelidissimum
1375 868 1596 924 statum,
1625 857 1848 928 spiritus
1868 856 2062 911 ardore
2082 870 2204 912 suc-

609 970 824 1018 census,
878 955 942 1008 ad
988 953 1380 1023 perfectionem
1432 951 1640 1006 facilius
1690 950 2021 1006 convolabit.
2068 950 2201 1003 Nam

609 1047 697 1114 qui
729 1046 918 1111 semel,
945 1054 997 1099 ut
1029 1045 1292 1112 diximus,
1322 1044 1504 1114 tepido
1525 1057 1752 1099 exorsus
1775 1043 1929 1098 initio
1951 1042 2202 1097 monachi

607 1138 768 1206 erepit
800 1137 950 1191 abuti
981 1138 1268 1202 vocabulo,
1305 1152 1404 1191 nec
1441 1147 1621 1191 tamen
1655 1135 1960 1191 humilitate
1995 1151 2058 1190 ac
2097 1136 2203 1191 fer—

608 1244 739 1282 vore
768 1243 874 1297 quo
907 1227 1094 1282 debuit
1126 1229 1231 1282 iter
1261 1227 1420 1296 hujus
1450 1227 1808 1297 professionis
1839 1227 2089 1296 arripuit,
2121 1228 2203 1282 in-

610 1321 780 1374 fectus
805 1320 974 1374 semel
1006 1319 1106 1374 hac
1134 1319 1434 1373 miserabili
1465 1319 1575 1384 lue,
1603 1328 1660 1374 et
1683 1320 1733 1372 in
1761 1334 1822 1374 ea
1851 1318 2203 1388 quodammo-

607 1414 676 1466 do
708 1413 1001 1477 resolutus,
1034 1426 1133 1466 nec
1159 1428 1226 1466 ex
1253 1426 1312 1466 se
1342 1412 1569 1466 ulterius
1597 1411 1834 1480 perfecta
1858 1425 2071 1480 sapere,
2102 1425 2202 1465 nec

605 1506 826 1560 alterius
865 1506 1069 1574 poterit
1107 1507 1327 1559 monitis
1361 1505 1582 1560 erudiri.
1618 1505 1758 1558 Dicit
1783 1505 1927 1558 enim
1957 1507 2008 1558 in
2037 1506 2202 1558 corde

606 1613 728 1664 suo,
758 1596 1054 1651 secundum
1094 1597 1241 1650 illam
1285 1598 1497 1650 Domini
1531 1597 1880 1660 sententiam,
1912 1597 2034 1665 quia
2061 1597 2200 1649 dives

603 1705 719 1740 sum
759 1697 806 1741 et
855 1689 1106 1757 locuples,
1155 1698 1200 1740 et
1251 1689 1446 1741 nullius
1486 1704 1626 1758 egeo.
1675 1686 1776 1740 Cui
1815 1686 1942 1741 illud
1983 1702 2198 1755 quoque

2313 177 2400 189 ..,,,Δ

1662 277 1944 337 JOANNIS
1981 273 2298 332 CASSIANI
2336 273 2836 332 COLLATIONES.
3784 286 3875 340 ωδ

2902 385 3130 443 CAPUT
3173 387 3291 442 XX.

2732 520 2811 576 De
2840 519 2976 576 male
3004 521 3507 580 abrenuntiantibus.

2382 659 2654 728 Denique,
2679 657 2826 727 quod
2859 658 3023 728 pudet
3065 658 3270 728 dicere,
3300 660 3374 714 ita
3418 659 3704 732 plerosque
3737 661 3873 717 abre-

2310 751 2587 804 nuntiasse
2613 751 2999 820 conspicimus,
3027 761 3086 805 ut
3105 749 3133 789 δ
3163 751 3296 806 nihil
3323 753 3562 822 amplius
3587 754 3876 809 immutasse

2307 843 2376 898 de
2404 843 2772 898 anterioribus
2793 843 2941 898 vitiis
2967 859 3031 899 ac
3059 844 3300 900 moribus
3329 846 3878 916 comprobentur,nisi

2306 934 2554 990 ordinem
2627 935 3001 990 tantummodo
3049 945 3213 1006 atque
3263 936 3504 992 habitum
3580 941 3878 994 saecularem

2310 1026 2481 1097 (Vide
2509 1028 2690 1082 collat.
2717 1029 2770 1094 5,
2803 1044 2917 1094 cap.
2955 1029 3010 1090 5,
3033 1027 3066 1082 6
3089 1037 3136 1081 et
3156 1028 3323 1097 seq.).
3354 1027 3485 1082 Nam
3526 1038 3582 1083 et
3612 1029 3882 1098 acquirere

2308 1120 2562 1190 pecunias
2593 1120 2855 1191 gestiunt,
2889 1134 3022 1190 quas
3067 1135 3168 1174 nec
3219 1130 3345 1175 ante
3388 1121 3780 1189 possederunt;
3807 1124 3882 1178 vel

2307 1222 2476 1280 certe,
2511 1228 2643 1283 quas
2688 1213 3008 1279 habuerant,
3042 1213 3280 1268 retinere
3310 1226 3415 1266 non
3449 1213 3741 1279 desinunt;
3779 1225 3882 1282 aut,

2307 1304 2448 1373 quod
2495 1313 2577 1359 est
2617 1303 2933 1373 lugubrius,
2964 1304 3127 1359 etiam
3181 1304 3513 1374 amplificare
3557 1304 3883 1375 desiderant,

2307 1395 2408 1448 sub
2453 1395 2555 1450 hoc
2599 1405 2864 1465 prietextu
2909 1395 3052 1466 quod
3091 1395 3177 1450 vel
3219 1396 3445 1452 famulos
3499 1412 3628 1453 suos
3684 1413 3885 1469 semper

2306 1486 2501 1542 exinde
2529 1488 2614 1543 vel
2654 1487 2849 1543 fratres
2890 1488 3038 1542 alere
3065 1504 3124 1543 se
3154 1488 3357 1543 debere
3377 1489 3583 1558 justum
3616 1505 3737 1546 esse
3767 1507 3886 1546 con-

2309 1579 2559 1646 tendunt,
2593 1579 2676 1634 vel
2705 1589 2854 1634 certe
2890 1590 2911 1618 ο
2946 1581 3046 1634 sub
3077 1580 3303 1634 obtentu
3330 1583 3697 1652 congregaudi
3719 1594 3888 1638 caatus

2306 1679 2612 1738 reservant,
2646 1685 2808 1740 quem
2850 1670 3000 1725 velut
3043 1671 3289 1738 abbates,
3325 1673 3612 1728 instituere
3643 1689 3703 1728 se
3735 1690 3888 1744 posse

606 1779 749 1848 quod
783 1756 1149 1848 subsequitur,
1177 1756 1577 1848 consequenter
1600 1780 1871 1849 aptabitur
1891 1798 1901 1832 :
1923 1778 2000 1832 Tu
2027 1789 2192 1833 autem

2305 1771 2658 1834 prmsumunt.
2693 1763 2795 1830 Qui
2841 1764 2884 1817 si
2933 1764 2985 1817 iit
3011 1764 3238 1818 veritate
3261 1765 3399 1818 viam
3425 1765 3779 1834 perfectionis
3806 1769 3880 1821 in-

603 1885 655 1921 es
694 1869 844 1921 miser
885 1879 931 1920 et
974 1869 1305 1934 miserabilis,
1338 1881 1386 1923 et
1420 1886 1617 1940 pauper
1653 1881 1699 1923 et
1736 1887 1900 1924 aecus
1937 1880 1982 1923 et
2027 1872 2196 1926 nudus

605 1963 790 2030 (Apoc.
815 1960 896 2031 in)
922 1980 932 2014 :
957 1962 1009 2016 in
1029 1979 1094 2018 eo
1117 1965 1290 2018 factus
1312 1965 1476 2018 etiam
1504 1963 1750 2017 surculari
1773 1964 2032 2030 deterior,
2053 1965 2196 2034 quod

604 2069 702 2108 nec
733 2056 988 2110 miserum
1032 2071 1091 2111 se
1130 2071 1228 2110 nec
1257 2071 1458 2113 caecum
1490 2071 1551 2110 ac
1580 2056 1780 2110 nudum
1821 2065 1913 2110 aut
1939 2057 2197 2112 emenda-

603 2146 750 2201 tione
780 2148 1022 2217 dignum,
1051 2149 1134 2202 vel
1162 2164 1322 2219 egere
1349 2150 1572 2203 monitis
1598 2148 1826 2216 alicujus
1857 2160 1951 2204 aut
1981 2150 2196 2204 institu-

603 2237 771 2302 tione,
807 2241 1110 2309 cognoscit,
1141 2249 1196 2295 et
1224 2242 1293 2295 ob
1325 2240 1428 2296 hoc
1459 2256 1560 2296 nec
1602 2241 2036 2296 exhortationem
2077 2241 2197 2310 qui-

601 2331 724 2384 dem
758 2331 920 2385 ullam
958 2333 1109 2388 verbi
1161 2334 1414 2387 salutaris
1457 2333 1716 2399 admittit,
1749 2347 1853 2387 non
1887 2333 2196 2402 intelligens

603 2422 717 2489 ipso
749 2423 1001 2476 monachi
1037 2439 1096 2478 se
1127 2425 1344 2478 nomine
1377 2425 1699 2493 praegravari
1732 2439 1794 2478 ac
1822 2425 2048 2493 deprimi
2079 2425 2194 2494 opi-

601 2516 761 2569 nione
809 2527 1154 2581 cunctorum,
1206 2534 1308 2586 qua
1360 2518 1486 2572 dum
1535 2519 1778 2574 creditur
1826 2520 1894 2574 ab
1943 2520 2194 2575 omnibus

600 2616 837 2671 sanctus,
872 2618 926 2660 et
956 2609 1101 2662 velut
1136 2609 1227 2662 Dei
1259 2610 1491 2664 famulus
1522 2611 1742 2678 colitur,
1774 2626 1995 2666 necesse
2023 2621 2107 2666 est
2137 2619 2195 2666 ut

603 2697 655 2748 in
702 2695 879 2749 futuro
910 2697 1306 2752 vehementiori
1348 2699 1553 2768 judicio
1596 2717 1874 2771 pcenazque
1908 2701 2189 2756 subdatur.

601 2787 882 2843 Postremo
910 2790 1037 2859 quid
1072 2789 1271 2844 diutius
1303 2791 1657 2848 immoramur
1686 2794 1740 2848 in
1773 2794 1858 2848 his
1889 2810 2007 2864 quae
2037 2795 2194 2850 nobis

599 2882 968 2948 experimento
1005 2883 1137 2938 satis
1174 2895 1450 2954 comperta
1493 2896 1619 2940 sunt
1657 2901 1720 2940 ac
1763 2887 2025 2955 probata?
2065 2886 2193 2941 Fre-

599 2983 827 3040 quenter
867 2975 1011 3028 enim
1039 2975 1275 3030 vidimus
1307 2979 1374 3031 de
1404 2979 1614 3047 frigidis
1651 2989 1814 3048 atque
1859 2979 2189 3044 carnalibus,

600 3063 650 3117 id
679 3073 783 3129 est,
806 3065 874 3119 de
901 3067 1259 3123 saecularibus
1285 3084 1347 3123 ac
1377 3072 1621 3140 paganis,
1647 3070 1712 3124 ad
1741 3073 2040 3141 spiritalem
2070 3087 2192 3141 per-

2303 1857 2608 1924 quirerent,
2634 1855 2735 1910 hoc
2767 1857 2945 1925 potius
2977 1865 3089 1910 tota
3133 1859 3335 1912 virtute
3361 1859 3627 1927 perficere
3656 1862 3884 1916 niteren-

2293 1953 2411 2011 ατ.
2443 1957 2500 2002 ut
2526 1948 2736 2002 scilicet
2779 1950 2926 2002 exuti
2959 1963 3064 2004 non
3096 1951 3272 2004 solum
3300 1952 3561 2020 pecuniis,
3595 1955 3689 2008 sed
3721 1956 3878 2009 etiam

2302 2039 2677 2094 affectionibus
2732 2041 2974 2110 pristinis
3015 2051 3069 2097 et
3106 2042 3533 2099 distentionibus
3585 2047 3874 2112 universis,

2301 2131 2627 2200 semetipsos
2674 2132 2975 2202 singulares
3021 2148 3084 2188 ac
3139 2135 3312 2189 nudos
3343 2136 3415 2189 ita
3462 2137 3566 2190 sub
3611 2139 3884 2193 seniorum

2299 2226 2528 2294 imperio
2575 2226 2928 2295 collocarent,
2956 2237 3014 2282 ut
3045 2243 3234 2282 curam
3286 2244 3392 2282 non
3445 2230 3610 2284 modo
3653 2231 3885 2286 aliorum

2300 2318 2527 2386 nullam,
2559 2318 2654 2373 sed
2681 2334 2748 2374 ne
2779 2319 2860 2374 sui
2884 2320 3096 2389 quidem
3133 2333 3404 2390 gererent.
3440 2323 3771 2378 Econtrario
3793 2339 3884 2377 an-

2300 2418 2407 2463 tem
2429 2409 2612 2465 evenit
2633 2419 2693 2463 ut
2721 2410 2847 2465 dum
2874 2410 3132 2466 fratribus
3153 2426 3387 2480 praeesse
3417 2411 3699 2479 festinant,
3731 2431 3882 2469 num-

2298 2516 2459 2571 quam
2487 2503 2793 2558 senioribus
2818 2503 2918 2572 ipsi
2947 2503 3328 2572 subiiciantur,
3360 2515 3414 2560 et
3448 2521 3476 2558 a
3508 2508 3761 2575 superbia
3796 2509 3877 2562 in-

2297 2595 2583 2659 choantes,
2619 2594 2747 2649 dum
2778 2595 2920 2650 alios
2948 2595 3230 2651 instituere
3274 2599 3517 2667 cupiunt,
3547 2614 3645 2654 nec
3669 2599 3884 2656 discere

2298 2685 2428 2755 ipsi.
2453 2700 2553 2740 nec
2579 2700 2740 2755 agere
2778 2700 2842 2740 ea
2871 2702 2990 2756 qua:
3014 2696 3139 2741 sunt
3169 2687 3281 2742 Deo
3309 2690 3517 2759 agenda
3546 2702 3874 2747 mereantur.

2296 2779 2503 2845 Quibus
2533 2795 2757 2836 necesse
2781 2789 2866 2834 est
2896 2789 2972 2846 ut,
3005 2781 3303 2836 secundum
3328 2782 3628 2839 Salvatoris
3660 2795 3880 2841 senten-

2298 2874 2448 2941 tiam,
2475 2874 2606 2928 eieci
2638 2873 2802 2928 duces
2833 2888 3101 2928 caecorum
3131 2874 3331 2943 effecti,
3363 2877 3564 2944 pariter
3591 2878 3644 2931 in
3675 2878 3880 2934 foveam

2295 2965 2491 3019 cadant
2518 2963 2735 3035 (Matth.
2771 2963 3067 3035 xv).Cujus
3115 2966 3383 3035 superbiae
3429 2967 3556 3022 licet
3602 2984 3771 3023 unum
3817 2972 3881 3025 sit

2295 3072 2484 3125 genus,
2519 3057 2714 3126 duplex
2751 3066 2932 3112 tamen
2965 3059 3080 3124 ejus
3111 3067 3195 3112 est
3231 3059 3440 3127 species
3468 3076 3482 3113 :
3516 3073 3619 3113 una
3643 3076 3770 3130 qua:
3796 3077 3878 3117 se-

599 3159 815 3214 venisse
843 3159 1132 3228 fervorem,
1173 3162 1240 3216 de
1283 3164 1475 3232 tepidis
1516 3174 1676 3234 atque
1712 3165 2037 3218 animalibus
2076 3181 2191 3220 om-

2297 3151 2542 3203 rietatem
2569 3151 2997 3218 gravitatemque
3022 3148 3192 3221 (Lips.
3225 3150 3279 3202 in
3310 3167 3473 3218 marg.
3504 3152 3876 3216 severitatem,

599 3252 727 3308 nino
774 3269 880 3308 non
925 3255 1180 3309 vidimus.
1229 3257 1373 3323 Quos
1419 3259 1581 3312 etiam
1626 3273 1721 3326 per
1765 3258 2084 3326 prophetam
2120 3259 2190 3313 ita

602 3345 827 3413 legimus
884 3345 1168 3401 Dominum
1221 3348 1504 3415 detestari,
1565 3356 1623 3401 ut
1679 3348 2016 3416 spiritalibus
2059 3349 2190 3402 viris

599 3448 762 3507 atque
803 3439 1114 3494 doctoribus
1153 3441 1522 3510 prmcipiatur,
1575 3448 1632 3493 ut
1670 3443 1736 3495 ab
1785 3440 1863 3494 eis
1903 3441 2187 3495 monendis

601 3531 968 3602 docendisque
999 3533 1299 3598 discedant,
1332 3542 1385 3586 et
1418 3548 1755 3603 nequaquam
1791 3533 1939 3586 velut
1982 3533 2035 3586 in
2073 3540 2185 3587 ste-

603 3625 688 3678 rili
718 3636 878 3695 atque
908 3625 1244 3680 infructuosa
1275 3635 1414 3679 terra
1449 3625 1732 3695 noxiisque
1760 3625 2004 3680 sentibus
2026 3639 2189 3680 occu-

600 3725 722 3782 pata
755 3730 940 3770 semen
970 3716 1119 3770 verbi
1152 3714 1409 3769 salutaris
1439 3715 1782 3783 expendant;
1824 3714 1917 3769 sed
1956 3722 2015 3768 ut
2053 3728 2187 3768 con-

603 3814 908 3861 temnentes
950 3820 1089 3872 eam,
1126 3821 1317 3860 novam
1360 3807 1538 3875 potius
1576 3807 1828 3861 excolant
1872 3816 2090 3869 terram,
2136 3803 2188 3859 id

601 3906 706 3960 est,
734 3911 859 3965 erga
890 3911 1125 3966 paganos
1150 3911 1213 3951 ac
1239 3898 1531 3952 saeculares
1552 3913 1767 3952 omnem
1790 3896 2051 3951 doctrinae
2074 3895 2191 3950 cul-

601 3997 774 4042 turam
831 4003 893 4042 ac
951 3988 1100 4042 verbi
1158 3989 1491 4043 transferant
1547 3989 1799 4044 salutaris
1853 3989 2186 4055 instantiam,

601 4080 742 4149 quod
776 4081 847 4133 ita
880 4079 1074 4147 legitur
1115 4097 1127 4131 :
1169 4079 1299 4132 Haec
1354 4081 1478 4132 dicit
1520 4079 1781 4132 Dominus
1825 4080 1932 4131 viro
1969 4077 2109 4130 Juda
2145 4087 2192 4133 et

601 4170 979 4222 habitatoribus
1019 4168 1312 4222 Jerusalem
1342 4188 1360 4222 :
1404 4179 1430 4206 λ
1476 4169 1678 4224 Novate
1719 4169 1862 4222 vobis
1907 4171 2110 4236 navale,
2146 4180 2194 4224 et

601 4262 761 4315 nolite
782 4277 951 4315 serere
973 4278 1130 4332 super
1157 4263 1332 4332 spinas
1369 4261 1582 4333 (Jerem.
1609 4263 1712 4332 tv).

2231 3263 2236 3269 ·
2295 3241 2665 3306 serenitatem,
2710 3243 2788 3296 vel
2840 3239 3146 3310 veritatem]
3177 3241 3378 3310 jugiter
3418 3244 3747 3309 ementitur;
3780 3246 3878 3299 alia

2294 3346 2416 3400 qua:
2442 3330 2702 3385 eﬂ'renata
2731 3331 2978 3386 libertate
3019 3333 3071 3385 in
3099 3331 3395 3385 cachinnos
3421 3331 3598 3387 fatuos
3627 3335 3876 3404 risusque

2293 3419 2623 3475 dissolvitur.
2657 3421 2724 3474 Et
2760 3422 2848 3475 illa
2878 3421 3093 3491 quidem
3133 3422 3502 3478 taciturnitate
3544 3427 3872 3495 congaudet,

2293 3513 2409 3568 hinc
2435 3528 2566 3568 vero
2589 3513 2910 3583 dedignatur
2939 3515 3154 3570 silentio
3181 3517 3476 3581 coarctari;
3519 3532 3619 3572 nec
3647 3519 3875 3573 confun-

2293 3608 2438 3663 ditur
2466 3607 2666 3678 passim
2721 3608 2996 3678 proloqui,
3029 3608 3187 3662 etiam
3227 3622 3317 3662 res
3359 3609 3683 3679 incongruas
3721 3620 3779 3666 et
3800 3612 3875 3665 in-

2293 3712 2469 3773 eptas,
2501 3703 2630 3758 dum
2662 3703 2938 3758 erubescit
2965 3703 3049 3758 vel
3088 3702 3318 3758 inferior
3353 3705 3567 3759 caeteris
3611 3707 3696 3760 vel
3732 3707 3879 3763 indo-

2295 3797 2706 3867 ctiorjudicari.
2739 3797 2858 3851 Alia
2903 3795 2973 3851 ob
3015 3796 3331 3861 elationem,
3373 3798 3665 3855 clericatus
3714 3802 3880 3857 ambit

2293 3893 2556 3959 officium,
2596 3893 2768 3947 altera
2809 3891 3062 3960 despicit,
3089 3900 3273 3959 utpote
3307 3891 3563 3961 judicans
3607 3894 3749 3949 illud
3791 3905 3880 3949 aut

2296 3986 2545 4056 dignitati
2579 3985 2846 4055 pristinae,
2875 3995 2965 4038 aut
2985 3985 3109 4039 vitae
3131 3999 3193 4039 ac
3222 3985 3484 4039 natalium
3520 4002 3747 4042 suorum
3774 4004 3880 4044 me-

2297 4079 2414 4132 ritis
2463 4079 2819 4146 incongruum
2864 4077 2950 4131 vel
2998 4075 3294 4145 indignum.
3333 4075 3576 4142 Quarum
3624 4093 3748 4146 quae
3790 4080 3880 4133 de-

2296 4172 2464 4225 terior
2491 4168 2896 4240 pronuntianda
2922 4169 3014 4234 sit,
3046 4169 3476 4238 uniuscujusque
3514 4169 3773 4226 discutiat
3818 4186 3879 4225 ac

2297 4263 2597 4334 perpendat
2617 4277 2869 4317 examen.
2904 4261 3080 4318 Unum
3111 4276 3242 4318 sane
3268 4272 3428 4331 atque
3457 4261 3484 4298 ά
3516 4263 3660 4319 idem
3695 4266 3878 4321 inobe-

1672 4396 1926 4453 ALARDI
1967 4397 2202 4454 ΟᾹΖᾸΞΙ
2239 4397 2800 4454 COMMENTARIUS.

674 4505 699 4530 ει
729 4491 1098 4547 Tertullianus
1129 4491 1224 4546 lib.
1255 4491 1512 4545 adversus
1543 4490 1761 4545 Iudaeos
1794 4492 1921 4560 legit
1966 4509 1978 4544 :

605 4576 714 4619 vate
745 4565 879 4617 vobis
903 4565 1197 4625 novitatem,
1228 4571 1275 4614 et
1307 4563 1462 4615 nolite
1482 4563 1730 4615 seminare
1755 4563 1805 4614 in
1835 4564 2014 4633 spinis.
2045 4563 2186 4616 Alibi

600 4652 730 4691 vero
770 4652 782 4686 :
834 4633 1092 4686 Renovate
1132 4634 1270 4686 vobis
1315 4649 1580 4696 novamen,
1623 4643 1730 4686 etc.
1778 4634 1840 4687 D.
1884 4633 2188 4703 Cyprianus

601 4708 696 4760 lib.
729 4723 744 4760 ι
775 4705 997 4758 Testim.
1030 4703 1290 4758 adversus
1320 4703 1537 4757 Judaeos
1585 4721 1595 4756 :
1643 4704 1902 4756 Renovate
1941 4706 2074 4758 inter
2100 4720 2187 4758 vos

598 4779 895 4836 novitatem,
921 4784 966 4826 et
997 4791 1059 4828 ne
1083 4773 1453 4828 seminaveritis
1478 4775 1530 4826 in
1554 4775 1738 4842 spinis.

672 4847 878 4900 bTales
926 4845 1088 4899 etiam
1140 4845 1222 4898 sui
1271 4845 1528 4912 temporis
1576 4844 1872 4898 monachos
1923 4843 2185 4912 quosdam

599 4919 710 4973 suis
729 4917 1001 4972 coloribus
1032 4915 1273 4984 depingit
1303 4931 1365 4968 ac
1397 4915 1712 4985 perstringit
1737 4916 1796 4968 υ.
1822 4915 2184 4986 Hieronymus

599 4992 754 5059 epist.
792 4989 869 5040 4:
917 4986 1054 5054 Vidi,
1087 4987 1278 5055 inquit,
1324 4987 1597 5059 quosdam,
1641 4986 1729 5056 qui
1777 4997 2046 5057 postquam
2093 5003 2177 5040 re-

599 5058 901 5114 nuntiauere
928 5059 1139 5123 sarculo,
1166 5058 1474 5110 vestimentis
1505 5059 1775 5110 dumtaxat
1814 5067 1862 5111 et
1892 5061 2028 5112 vocis
2062 5075 2179 5123 pro-

597 5135 838 5202 fessione,
889 5148 991 5183 non
1023 5128 1370 5202 rebus,rnihil
1415 5131 1496 5202 de;
1527 5129 1741 5194 pristina
1799 5129 2182 5183 conversatione

597 5200 864 5256 mutarunt
895 5217 911 5253 :
944 5218 1023 5254 res
1054 5201 1329 5270 [ainiliaris
1360 5200 1522 5267 magis
1549 5209 1727 5265 aucta,
1759 5218 1913 5270 quam
1941 5203 2183 5253 imminu-

598 5286 680 5338 ta;
705 5273 881 5325 eadem
915 5273 1201 5325 ministeria
1228 5271 1567 5335 servulorum,
1588 5272 1722 5324 idem
1751 5281 2034 5340 apparatus
2062 5286 2184 5322 con-

599 5346 750 5408 vivii;
779 5345 831 5395 in
859 5345 985 5396 vitro
1031 5352 1076 5395 et
1121 5343 1314 5406 patella
1348 5342 1497 5409 ﬁctili
1526 5347 1542 5363 ‘
1572 5358 1758 5395 aurum
1790 5343 2104 5407 comeditur;
2131 5350 2178 5393 et

601 5417 728 5466 inter
756 5414 929 5467 turbas
961 5423 1006 5465 et
1037 5415 1276 5467 examina
1301 5413 1654 5466 ministrorum
1679 5430 1861 5465 nomen
1883 5411 1980 5465 sibi
2016 5411 2188 5463 vindi-

601 5495 718 5537 cant
771 5483 992 5536 solitarii
1022 5499 1039 5534 :
1070 5486 1156 5552 qui
1190 5501 1305 5537 vero
1349 5500 1597 5552 pauperes
1643 5493 1782 5546 sunt,
1806 5495 1854 5536 et
1896 5483 2035 5536 tenui
2064 5481 2188 5534 sub-

599 5555 864 5618 sfautiola,
899 5554 1232 5624 videnturque
1275 5554 1371 5607 sibi
1415 5555 1585 5619 scioli,
1613 5570 1920 5624 pomparum
1970 5552 2189 5623 ferculis

601 5766 636 5814 τι
662 5709 679 5726 ’
707 5712 896 5756 Aurum
918 5713 1048 5756 vocat
1066 5717 1143 5758 res
1168 5717 1287 5758 auro
1323 5713 1366 5757 et
1389 5717 1564 5768 magno
1589 5704 1742 5769 pretio
1764 5712 1966 5771 emptas,
1994 5710 2061 5758 ait
2088 5706 2190 5760 Ma-

629 5780 783 5814 ianus.

629 5780 783 5815 ianus.

2024 4491 2191 4544 Inno-
2215 4493 2269 4554 D
2293 4490 2484 4544 similes

2545 4491 2831 4563 procedunt
2855 4492 2908 4544 in
2937 4491 3222 4562 publicum,
3259 4500 3316 4545 ut
3347 4495 3580 4545 caninam
3601 4506 3883 4548 exerceant

2298 4562 2616 4634 facundiam.
2657 4562 2900 4631 Plerique
2936 4565 3130 4616 artibus
3159 4573 3206 4615 et
3239 4563 3661 4633 negotiationibus
3691 4565 3882 4634 pristi-

2293 4633 2372 4686 nis
2403 4649 2576 4686 carere
2604 4650 2704 4685 non
2748 4643 2983 4701 possunt,
3010 4636 3319 4702 mutatisque
3347 4635 3633 4688 nominibus
3663 4633 3879 4690 instito-

2293 4720 2430 4766 rum,
2463 4705 2639 4756 eadem
2671 4715 2904 4756 exercent
2927 4705 3270 4768 commercia;
3298 4721 3400 4757 non
3440 4706 3629 4758 victum
3662 4716 3709 4758 et
3741 4709 3879 4760 ami-

2293 4785 2428 4827 ctum
2454 4775 2610 4845 (quod
2631 4773 2912 4850 apostolus
2935 4774 3166 4850 prtccipit
3190 4775 3232 4845 [l
3256 4775 3392 4828 Tim.
3414 4774 3486 4845 γι]
3503 4776 3546 4844 ),
3563 4775 3655 4830 sed
3668 4783 3878 4850 majora

2290 4843 2470 4914 quam.
2493 4845 2666 4896 seaculi
2707 4843 2934 4898 homines
2964 4843 3308 4899 emolumenta
3355 4843 3628 4901 sectantes.
3665 4843 3795 4904 ΙΙωό
3824 4859 3876 4904 et

2291 4915 2392 4968 alia
2425 4915 2490 4968 D.
2526 4915 2882 4984 Hieronymus
2914 4915 3037 4970 huic
3063 4917 3181 4970 loco
3209 4927 3589 4972 consentanea.

2358 4996 2380 5024 ο
2417 4985 2568 5038 Hunc
2600 4985 2776 5038 locum
2825 4987 2986 5040 etiam
3027 4988 3078 5040 in
3118 4987 3359 5042 editione
3400 4989 3739 5045 Plautiniana
3792 4992 3872 5046 vi-

2287 5057 2498 5130 tiatum,
2526 5055 2722 5108 additis
2753 5057 3392 5130 quibusdamsuperfluis
3414 5059 3578 5128 (quod
3608 5061 3659 5112 in
3701 5064 3867 5130 priori

2285 5128 2522 5181 editione
2573 5141 2676 5178 non
2740 5127 3130 5197 animadverti)
3179 5127 3468 5182 (Siaconius
3530 5127 3873 5196 paucioribus

2287 5199 2468 5252 verbis
2505 5199 2574 5251 ita
2614 5199 2867 5278 restituit,
2913 5198 3329 5278 suffragantibus
3375 5202 3536 5252 etiam
3570 5201 3870 5256 Basileensi

2288 5283 2494 5323 excuso
2523 5278 2576 5323 et
2600 5269 2873 5322 nonnullis
2900 5283 3056 5333 mss.,
3099 5269 3151 5322 in
3183 5269 3378 5336 quibus
3412 5280 3587 5324 tamen
3620 5283 3706 5325 est.
3739 5288 3872 5326 non-

2291 5340 2436 5392 nulla
2471 5340 2781 5394 diversitas.
2814 5339 2943 5392 Nam
2989 5338 3080 5391 alii
3120 5338 3321 5394 habent
3354 5356 3367 5387 :
3398 5344 3490 5392 sub
3521 5343 3730 5396 obtentu
3757 5360 3873 5396 con.

2295 5412 2543 5482 gregandi
2571 5420 2725 5464 coetus
2754 5418 3035 5482 reservant,
3064 5410 3375 5482 Acum,rvelut
3398 5410 3602 5465 abbates
3623 5453 3636 5473 .
3674 5413 3872 5468 institui

2294 5479 2348 5535 se
2381 5479 2526 5554 posse
2569 5492 2903 5546 praesumunt.
2938 5479 3257 5535 Basiieensis
3305 5496 3430 5534 vero
3474 5491 3528 5535 et
3553 5481 3646 5536 alii
3681 5502 3696 5537 :
3725 5501 3869 5554 quos,

2296 5554 2431 5605 velut
2463 5553 2690 5613 abbates,
2721 5553 2986 5605 instituere
3012 5567 3065 5603 se
3095 5567 3240 5619 posse
3267 5562 3605 5620 prtcsumunt.

2369 5621 2394 5659 ά
2431 5624 2712 5702 Sciendum
2766 5623 2919 5702 enim,
2958 5623 3028 5675 ait
3080 5623 3140 5676 D.
3189 5622 3479 5702 Gregorius
3531 5621 3686 5702 (Lib.
3735 5641 3871 5702 xxxv

2299 5691 2441 5747 Mor.
2476 5709 2524 5747 ς.
2565 5696 2671 5761 15),
2702 5696 2836 5755 quod
2868 5710 3142 5760 numquam
3171 5710 3262 5761 per
3297 5691 3637 5745 obedientiam
3681 5701 3872 5748 malum

2300 5764 2433 5829 fieri,
2466 5763 2747 5827 aliquando
2797 5771 2968 5817 autem
2998 5763 3138 5815 debet
3178 5777 3265 5830 per
3295 5762 3629 5816 obedientiam
3693 5767 3872 5818 bonum
