4026 6204
103 248 204 308 609

888 240 1232 301 COLLATIO
1269 242 1332 299 V.
1358 273 1430 288 -
1458 241 1550 301 DE
1588 235 1764 304 OCTO
1802 237 2323 306 PRINCIPALIBUS
2364 246 2591 307 VITIIS.

3273 255 3378 315 610

101 362 312 419 dientiae
352 374 527 433 genus
562 368 667 425 est,
694 358 781 413 vel
821 367 1043 427 propter
1088 357 1422 427 operationis
1469 358 1679 413 instan-
1707 361 1757 419 Α
1783 360 2032 415 avaritia:
2070 361 2215 429 quod
2254 376 2379 431 erga
2420 362 2634 431 species
2678 360 2945 431 pretiosas
2974 379 3237 422 exercere
3266 384 3373 424 non

104 456 247 519 tiam,
278 453 364 507 vel
410 460 633 522 propter
661 450 758 505 otii
809 449 1167 517 desiderium,
1201 450 1432 505 senioris
1476 450 1686 508 violare

104 543 446 609 mandatum,
496 551 714 610 tamque
752 540 1162 611 dispendiosum
1211 550 1295 596 est
1350 556 1447 611 pro
1495 556 1686 598 somno

102 652 263 705 quam
311 650 413 704 pro
469 633 745 703 vigilantia
787 633 1102 688 monasterii
1128 642 1329 687 statuta
1359 635 1678 690 convellere.

100 726 335 783 Tantum
367 725 602 795 denique
638 733 724 780 est
748 725 956 780 abbatis
992 726 1222 780 transire
1250 735 1582 795 praeceptum
1625 733 1691 780 ut

101 821 277 890 legas,
305 825 563 889 quantum
593 816 639 871 si
664 824 1010 883 contemnas,
1036 825 1095 870 ut
1125 815 1405 882 dormias;
1434 831 1534 872 nec
1553 817 1691 873 alius

102 909 378 979 superbiae
407 907 577 962 fomes
617 916 700 961 est
731 921 830 975 pro
868 906 1076 976 jejunio
1116 906 1341 962 fratrem
1392 922 1552 976 quam
1593 923 1693 977 pro

101 1000 405 1056 refectione
432 1006 803 1063 contemnere,
837 997 937 1051 nisi
970 997 1111 1068 quod
1149 997 1541 1068 perniciosiora
1570 1009 1627 1054 et
1660 1014 1692 1055 a

101 1091 360 1147 remediis
412 1090 789 1160 longinquiora
846 1098 971 1144 sunt
1014 1089 1149 1144 vitia
1191 1105 1313 1159 quae
1358 1090 1464 1145 sub
1509 1090 1692 1160 specie

103 1183 371 1237 virtutum
439 1190 493 1236 et
542 1180 774 1250 imagine
821 1180 1146 1250 spiritalium
1204 1195 1389 1236 rerum
1443 1180 1694 1235 videnlur

99 1287 408 1341 emergere,
436 1285 598 1341 quam
624 1271 715 1325 illa
745 1285 867 1338 quae
896 1285 964 1326 ex
994 1279 1186 1340 aperto
1214 1285 1315 1340 pro
1345 1271 1553 1325 carnali
1595 1287 1692 1324 vo-

100 1364 314 1432 luptate
344 1362 509 1434 [Lips.
556 1364 612 1416 in
668 1377 838 1432 marg.
876 1359 1181 1433 voluntate]
1207 1362 1520 1432 gignuntur.
1568 1362 1695 1418 Haec

99 1456 248 1509 enim
304 1454 448 1508 velut
493 1452 674 1522 palam
716 1450 961 1522 expositi
993 1467 1058 1507 ac
1089 1452 1367 1507 manifesti
1408 1452 1693 1523 languores

102 1545 276 1618 [Lips.
305 1546 360 1599 in
386 1561 555 1615 marg.
580 1543 903 1614 languoris],
925 1551 982 1598 et
1007 1553 1308 1613 arguuntur
1336 1544 1605 1609 cominus,
1636 1552 1692 1598 et

97 1648 404 1703 sanantur;
440 1638 531 1692 illa
559 1651 718 1702 vero,
743 1635 870 1690 dum
910 1643 1174 1705 praetextu
1206 1635 1467 1690 virtutum
1502 1644 1690 1706 tegun-

1787 463 2035 524 possunt,
2068 456 2212 510 circa
2240 454 2458 511 viliores
2485 455 2741 511 materias
2779 458 3101 526 retinentes,
3135 475 3243 514 non
3276 462 3375 515 ab-

1787 546 2038 614 scidisse,
2084 546 2180 602 sed
2204 556 2568 602 commutasse
2596 562 2656 603 se
2682 548 2916 617 probant
2946 552 3226 619 pristinam
3253 567 3377 621 pas-

1789 640 2023 695 sionem.
2053 640 2185 695 Nam
2218 640 2383 695 nimia
2427 640 2661 696 devincti
2700 641 2977 713 diligentia
3016 656 3143 715 erga
3184 660 3370 701 curam

1787 730 2032 802 psiathii,
2054 732 2349 800 sportellae,
2377 732 2620 799 saccelli,
2637 732 2863 797 codicis,
2893 742 3096 804 mattm,
3117 734 3375 792 aliarum-

1790 839 1895 893 que
1941 825 2199 880 similium
2227 839 2431 886 rerum,
2459 824 2709 893 quamvis
2732 824 3148 887 vilissimarum,
3184 828 3375 882 eadem

1790 922 1970 970 tamen
2023 929 2128 982 qua
2181 924 2338 969 antea
2383 914 2609 969 libidine
2662 914 2995 971 detinentur.
3037 916 3173 983 Quae
3209 918 3377 973 etiam

1791 1013 1943 1061 tanta
1990 1005 2335 1060 aemulatione
2380 1006 2691 1061 custodiunt
2740 1016 2903 1076 atque
2956 1007 3277 1075 defendunt,
3314 1018 3372 1063 ut

1795 1105 1822 1134 ι
1850 1111 1949 1165 pro
1994 1096 2127 1165 ipsis
2184 1096 2443 1151 adversus
2492 1096 2717 1152 fratrem
2765 1100 3096 1154 commoveri
3148 1115 3267 1166 eos,
3301 1110 3377 1165 ct,

1794 1187 1938 1258 quod
1977 1199 2059 1242 est
2089 1190 2303 1258 turpius
2334 1189 2520 1252 etiam,
2548 1190 2763 1258 litigare
2785 1205 2891 1245 non
2925 1192 3145 1260 pudeat.
3169 1191 3227 1246 In
3262 1192 3380 1261 qui-

1792 1279 1893 1334 bus
1917 1278 2091 1334 adhuc
2109 1279 2426 1348 aegritudine
2447 1280 2753 1349 cupiditatis
2776 1282 3021 1351 pristina:
3043 1283 3374 1349 laborantes,

1794 1370 1910 1425 haec
1934 1371 2122 1425 eadem
2150 1385 2273 1441 qua:
2304 1387 2431 1426 usus
2461 1375 2708 1442 corporis
2740 1376 3020 1444 possidere
3048 1376 3373 1432 monachum

1793 1464 1878 1519 vel
1904 1465 2198 1519 necessitas
2227 1465 2701 1534 cogit,seeundum
2726 1482 3008 1521 numerum
3032 1483 3375 1523 mensuram-

1793 1571 1899 1626 que
1924 1571 2263 1611 communem
2296 1572 2403 1611 non
2454 1567 2579 1612 sunt
2629 1558 2830 1614 habere
2878 1563 3138 1627 contenti,
3174 1562 3226 1616 in
3275 1562 3378 1616 hoc

1792 1663 2011 1718 quoque
2046 1650 2127 1703 sui
2168 1649 2347 1704 cordis
2388 1652 2671 1705 avaritiam
2719 1652 3089 1722 designantes,
3122 1669 3244 1709 cum
3284 1657 3373 1710 vel

99 1740 212 1796 tur,
248 1731 498 1785 incurata
524 1727 845 1798 perdurant,
868 1737 921 1782 et
942 1727 1198 1796 deceptos
1223 1741 1464 1797 quosque
1483 1728 1686 1796 pericu~
1718 1780 1721 1789 ,

1805 1755 1856 1796 3a
1897 1740 2095 1810 quibus
2142 1740 2218 1795 uti
2270 1756 2495 1797 necesse
2546 1750 2652 1811 est,
2680 1746 3008 1814 propensius
3040 1746 3259 1800 student
3285 1747 3379 1800 ha-

98 1823 285 1880 losius
315 1821 523 1876 faciunt
542 1835 605 1875 ac
629 1820 966 1890 desperatius
992 1830 1268 1890 aegrotare.

700 1952 924 2009 CAPUT
962 1952 1102 2009 XXI.

95 2068 185 2123 De
216 2068 299 2123 his
328 2068 440 2139 qui,
470 2068 777 2139 contemptis
812 2068 1035 2138 magnis,
1069 2076 1384 2140 occupantur
1407 2070 1460 2125 in
1491 2073 1689 2141 parvis.

180 2210 303 2265 Jam
341 2207 473 2263 illud
517 2207 801 2262 ridiculum
849 2206 1081 2277 qualiter
1134 2208 1500 2277 exprimatur,
1548 2208 1692 2279 quod

101 2300 412 2357 nonnullos
436 2310 557 2369 post
578 2299 724 2353 illum
757 2298 944 2368 prima:
976 2298 1395 2354 renuntiationis
1418 2300 1692 2368 ardorem,

92 2410 220 2466 quo
255 2394 341 2449 vel
363 2409 451 2449 res
478 2393 768 2448 familiares
795 2392 878 2448 vel
910 2406 1041 2462 opes
1071 2392 1328 2461 plurimas
1356 2408 1419 2448 ac
1450 2393 1697 2449 militiam

93 2486 299 2541 saeculi
333 2484 724 2554 relinquentes,
756 2484 1079 2553 semetipsos
1116 2484 1183 2538 ad
1214 2487 1541 2540 monasteria
1565 2500 1698 2539 con-

95 2578 376 2644 tulerunt,
412 2584 565 2631 tanto
603 2576 880 2631 cernimus
923 2575 1102 2631 studio
1140 2576 1192 2630 in
1226 2576 1311 2631 his
1342 2591 1460 2646 quae
1490 2577 1701 2645 penitus

94 2671 369 2727 abscindi
400 2686 506 2725 non
544 2679 792 2740 possunt,
825 2678 879 2725 et
904 2684 1025 2739 quae
1053 2677 1328 2740 nequeunt
1353 2669 1407 2723 in
1437 2670 1537 2725 hoc
1564 2668 1705 2724 ordi-

95 2778 185 2819 ne
236 2778 343 2817 non
393 2761 601 2829 haberi,
634 2761 882 2833 quamvis
931 2775 1093 2830 parva
1142 2761 1377 2831 viliaque
1417 2762 1547 2826 sint,
1580 2776 1704 2819 esse

95 2856 419 2924 devinctos,
456 2865 515 2909 ut
543 2854 738 2910 horum
782 2868 912 2909 cura
943 2854 1298 2924 pristinarum
1333 2855 1577 2909 omnium
1620 2854 1703 2909 fa-

1791 1833 1921 1888 bere
1946 1847 2103 1901 quam
2131 1833 2338 1901 caeteri,
2356 1834 2441 1889 vel
2469 1835 2796 1890 excedentes
2817 1837 3110 1906 diligentiae
3135 1839 3375 1906 modum,

1694 1918 1741 1957 ⁸
1794 1923 2126 1993 peeuliarius
2155 1938 2216 1978 ea
2265 1926 2643 1997 attentiusque
2671 1929 3008 1996 custodiunt,
3043 1938 3097 1985 et
3127 1930 3196 1984 ab
3241 1932 3381 1986 alio.

1791 2037 1912 2076 rum
1945 2021 2375 2078 contrectatione
2406 2022 2726 2085 defendunt,
2751 2040 2870 2094 quae
2898 2025 3163 2080 universis
3196 2025 3380 2081 fratri-

1792 2113 1896 2169 bus
1941 2114 2139 2169 debent
2179 2128 2301 2169 esse
2343 2115 2673 2170 communia.
2705 2114 2867 2180 Quasi
2897 2129 3028 2170 vero
3074 2115 3383 2171 diﬂerentia

1798 2207 2172 2262 tantummodo
2202 2208 2569 2274 metallorum,
2599 2215 2653 2262 et
2686 2224 2791 2261 non
2820 2207 2933 2276 ipsa
2966 2206 3146 2276 passio
3176 2206 3373 2275 cupidis

1797 2301 1923 2355 tatis
1970 2300 2233 2355 habeatur
2281 2300 2524 2369 innoxia,
2552 2308 2607 2354 et
2649 2314 2770 2354 omn
2803 2314 2902 2369 pro
2956 2298 3115 2353 rebus
3159 2298 3381 2366 quidem

1799 2393 2011 2464 magnis
2056 2394 2213 2448 irasci
2267 2409 2373 2449 non
2422 2394 2603 2460 liceat,
2655 2407 2750 2460 pro
2786 2392 3069 2447 vilioribus
3112 2406 3241 2445 vero
3284 2392 3386 2446 hoc

1800 2488 1975 2559 ipsum
2023 2487 2217 2543 fecisse
2249 2488 2366 2542 sine
2399 2488 2556 2557 culpa
2595 2488 2697 2553 sit;
2729 2496 2784 2543 et
2812 2501 2917 2541 non
2950 2482 3155 2541 idcirco
3186 2485 3387 2555 pretio-

1801 2584 1975 2637 siores
2000 2581 2357 2650 abjecerimus
2395 2581 2675 2645 materias,
2707 2589 2763 2634 ut
2802 2580 3014 2634 facilius
3051 2579 3388 2633 disceremus

1802 2674 1995 2729 viliora
2046 2682 2416 2728 contemnere.
2446 2672 2583 2737 Quid
2626 2672 2770 2726 enim
2825 2670 3027 2739 differt,
3058 2680 3238 2725 utrum
3269 2670 3390 2739 quis

1803 2764 2266 2836 perturbationem
2296 2763 2611 2832 cupiditatis
2649 2778 2779 2831 erga
2818 2777 2950 2831 opes
2989 2762 3195 2831 amplas
3222 2769 3389 2830 atque

1808 2855 2150 2927 magnificas,
2176 2870 2242 2908 an
2275 2868 2401 2923 erga
2442 2854 2667 2909 viliores
2707 2862 2968 2908 exerceat
3004 2852 3251 2922 species?
3288 2852 3392 2907 nisi

96 2948 379 3004 cultatum
408 2958 631 3019 superet
667 2948 975 3017 passionem
999 2946 1213 3020 (Collat.
1240 2950 1273 3003 5
1304 2964 1418 3019 cap.
1457 2947 1535 3017 5).
1577 2947 1708 3015 Qui-
1809 2947 1952 3018 quod
2006 2947 2061 3000 in
2106 2961 2172 3001 eo
2213 2944 2701 3014 reprehensibilior
2739 2943 3061 3012 judicandus
3102 2954 3207 3008 est,
3250 2942 3394 3012 quod

99 3044 224 3099 bus
279 3040 521 3110 profecto
565 3055 673 3095 non
719 3040 893 3109 magni
926 3040 1169 3111 proderit
1201 3040 1435 3109 majores
1475 3054 1607 3109 opes
1643 3055 1707 3095 ac
1745 3102 1779 3111 _
1808 3042 1899 3111 qui
1950 3039 2187 3094 maxima
2242 3037 2528 3107 spreverit,
2560 3036 2798 3090 minimis
2838 3035 3126 3105 obligetur.
3160 3034 3395 3101 Ideoque

96 3136 453 3193 substantias
499 3134 922 3205 contempsisse,
964 3134 1091 3205 quia
1138 3132 1366 3189 affectus
1403 3148 1611 3202 earum,
1637 3134 1708 3189 ob
1735 3102 1781 3166 C
1812 3132 2200 3205 perfectionem
2230 3129 2410 3185 cordis
2441 3127 2845 3183 abrenuntiatio
2877 3127 2975 3181 ista
3017 3143 3122 3181 non
3146 3126 3349 3181 obtinet
3376 3141 3391 3189 ;

96 3243 257 3302 quos
301 3229 404 3283 illa;
440 3224 859 3284 contemnenda:
905 3236 1051 3293 sunt,
1084 3225 1136 3280 in
1193 3240 1281 3281 res
1310 3240 1503 3295 parvas
1546 3233 1708 3297 atque

99 3322 345 3391 exiguas
391 3318 799 3376 transtulerunt.
851 3316 985 3372 Nam
1041 3317 1229 3372 vitium
1285 3318 1600 3388 cupiditatis
1651 3328 1709 3375 et

1814 3226 1938 3297 quia
1961 3239 2082 3279 cum
2112 3237 2335 3279 censum
2359 3222 2557 3278 habeat
2585 3221 2982 3291 pauperis,non
3007 3218 3190 3288 abjicit
3210 3217 3392 3272 divitis

1817 3318 2170 3374 voluntatem.

1194 3431 1452 3488 ALARDI
1487 3432 1721 3489 GAZIEI
1756 3430 2329 3490 COMMENTARIUS.

104 3525 265 3600 quod
295 3524 470 3600 agitur
490 3524 779 3600 intermitti.
807 3521 985 3600 Neque
1013 3522 1162 3600 enim
1198 3521 1339 3600 mala
1370 3525 1423 3577 in
1458 3524 1704 3600 paradiso

107 3593 282 3654 arbor
304 3593 512 3659 eErstitit,
538 3610 689 3665 quam
715 3593 855 3649 Deus
882 3593 1083 3665 homini
1111 3609 1174 3647 ne
1198 3593 1508 3665 contingeret
1532 3595 1696 3648 inter-

108 3670 262 3723 dixit
293 3683 309 3719 :
340 3666 428 3720 sed
459 3675 513 3718 ut
554 3664 652 3736 per
694 3666 876 3719 melius
921 3664 1225 3718 obedientiw
1271 3664 1511 3720 meritum
1550 3666 1703 3719 homo

109 3742 252 3794 bene
290 3738 525 3791 conditus
552 3743 816 3801 cresceret,
848 3736 1066 3807 dignum
1089 3737 1260 3805 fuerat
1296 3745 1350 3788 ut
1376 3736 1509 3807 hunc
1548 3738 1704 3807 etiam

108 3828 146 3865 ιι
196 3809 329 3863 bona
376 3808 679 3876 prohiberet,
714 3805 965 3876 quatenus
1014 3814 1156 3859 tanto
1209 3807 1376 3859 verius
1427 3805 1522 3859 hoc
1565 3805 1704 3873 quod

108 3888 299 3951 ageret
339 3880 501 3951 virtus
544 3889 693 3951 esset,
726 3886 923 3951 quanto
967 3884 1076 3951 eta
1114 3876 1475 3951 bonocessqns
1507 3876 1706 3951 auctori

109 3946 217 4006 suo
245 3966 299 4003 se
325 3950 585 4003 subditum
614 3946 861 4002 humilius
900 3946 1175 4001 exhiberet.
1211 3946 1337 4002 Haec
1381 3946 1700 4016 Gregorius.

115 4022 264 4077 Hinc
303 4023 417 4076 veri
454 4018 770 4075 obedientes
810 4035 839 4073 a
884 4018 949 4073 D.
989 4017 1281 4073 Benedicto
1328 4018 1707 4073 describuntur

1813 3522 1969 3595 (Cap.
1990 3524 2024 3577 5
2051 3521 2312 3593 Regulw),
2334 3522 2422 3595 qui
2440 3522 2782 3595 relinquentes
2809 3519 2977 3573 statim
2999 3532 3113 3586 qua:
3141 3532 3235 3569 sua
3259 3523 3400 3595 sunt,

1809 3587 1856 3647 et
1882 3587 2199 3647 voluntatem
2242 3587 2505 3662 prapriam
2546 3591 2863 3662 deserentes,
2894 3602 3013 3640 mox
3058 3587 3400 3662 egoconpatis

1810 3664 2065 3728 manibus,
2098 3671 2144 3715 et
2171 3655 2308 3731 quod
2339 3655 2593 3731 "agebant
2618 3655 3399 3731 imperfectum_relinquentes,

1807 3735 1977 3787 vicino
2021 3726 2324 3785 otedientiw
2355 3726 2483 3799 pede
2504 3728 2741 3797 jubentis
2769 3742 2939 3779 vocent
2980 3726 3134 3795 factis
3179 3739 3404 3790 sequuna

1817 3814 1919 3857 tur.
1949 3812 2057 3857 etc.

1886 3847 1919 3911 εἶ
1951 3847 2089 3928 Vide
2146 3871 2239 3925 lib.
2293 3885 2366 3924 vn
2420 3867 2818 3923 Institutionum
2871 3882 2992 3936 cap.
3045 3867 3137 3921 14.
3190 3864 3401 3918 Czetera

1814 3946 1962 3999 clara
1999 3952 2147 4013 sunt,
2176 3951 2232 3998 et
2271 3957 2379 3996 non
2415 3949 2520 3994 tam
2572 3937 2916 4009 expositione
2964 3953 3122 4009 quam
3170 3938 3405 3991 lectione

1811 4015 1997 4085 digna.

1000 4238 1791 4351 COLLATIO
1877 4235 2540 4364 QUINTA

1253 4427 1409 4502 Quae
1460 4430 1557 4486 est
1600 4424 1850 4488 abbatis
1904 4422 2294 4500 Serapionis.

1251 4568 1337 4618 DE
1370 4566 1533 4619 OCTO
1568 4562 2050 4617 PRINCIPALIBUS
2083 4561 2294 4615 VITIIS.

1543 4687 1949 4703 ﬂ

660 4808 892 4867 CAPUT
931 4804 1221 4864 PRIMUM.

204 4999 261 5054 In
290 4998 383 5052 illo
407 5001 557 5050 ctetu
585 4987 1090 5060 antiquissimorum
1120 4996 1308 5038 senum
1341 4980 1440 5034 fuit
1472 4987 1499 5016 α
1518 4978 1599 5032 vir
1629 4991 1728 5030 no—

1747 4793 1982 4863 Dcujus
2013 4793 2364 4849 collationem
2404 4807 2585 4863 operae
2627 4794 2862 4862 pretium
2903 4807 3029 4849 reor
3070 4793 3268 4849 litteris
3284 4788 3415 4849 ‘triil

1836 4883 1986 4939 dere.
2017 4883 2395 4938 Ambientibus
2422 4885 2566 4938 enim
2610 4879 2766 4939 nobis
2804 4894 2859 4937 ut
2894 4884 2962 4938 de
3008 4885 3410 4955 impugnatione

1837 4976 2089 5030 vitiorum
2114 4975 2290 5043 aliqua
2313 4974 2633 5043 disputaret,
2664 4976 2858 5044 quibus
2880 4976 3117 5043 origines
3145 4990 3333 5030 eorum
3355 4985 3411 5028 et

111 5096 278 5151 mine
308 5089 601 5157 Serapion,
634 5083 881 5154 apprime
911 5079 1083 5150 gratia
1116 5076 1457 5133 discretionis
1479 5082 1725 5139 ornatus,
1836 5084 2017 5126 causae
2042 5066 2381 5122 manifestius
2412 5066 2798 5134 penderentur,
2829 5069 2900 5121 ita
2927 5081 3153 5121 exorsus
3176 5075 3277 5121 est.

570 5194 573 5197 ¹
1209 5192 1462 5248 ALARDI
1501 5190 1730 5247 GAZ/El
1770 5185 2343 5246 COMMENTARIUS.

206 5313 237 5339 ιι
268 5302 367 5357 llle
396 5298 650 5353 nimirum
681 5293 1015 5368 Arsenoites,
1048 5291 1258 5368 decem,
1293 5296 1349 5342 ut
1377 5286 1568 5368 fertur,
1596 5287 1719 5368 mil-

113 5379 272 5432 lium
322 5372 711 5424 monachorum
750 5365 916 5420 abbas
945 5357 1009 5419 et
1027 5365 1329 5432 presbyter,
1360 5357 1515 5425 cujus
1537 5357 1721 5432 adhuc

106 5426 506 5503 adolescentis
533 5435 840 5503 exemplum
873 5426 1082 5502 insigne
1109 5426 1437 5503 memoratur
1468 5426 1654 5503 collat.
1684 5428 1720 5503 2

287 5512 525 5567 decimo.
563 5510 638 5562 De
660 5497 769 5587 (ιίιο
792 5515 862 5587 ,θίι
890 5497 1167 5585 Ρ³¹Ῑ³δίέ¹³
1205 5502 1344 5587 Laus
1342 5497 1598 5587 jar-(3:21?”
1607 5500 1719 5587 ΒΨ

105 5569 622 5646 ξιέιηιιιιηιειδιιιε
669 5569 753 5649 est
787 5576 932 5649 inter
961 5573 1267 5649 praecipuos
1306 5583 1359 5623 et
1401 5569 1724 5649 illtistrioies

104 5638 309 5715 eremi
365 5652 623 5707 cultores.
686 5646 845 5721 Unde
884 5638 1362 5721 D.'_ilier‘onyn_ius
1397 5640 1576 5721 epist:
1606 5638 1723 5692 27:

108 5710 307 5807 ἇκίά,
336 5724 536 5799 inquit,
560 5733 769 5784 narrem
791 5715 1081 5785 Hacarios,
1100 5710 1365 5783 Arsenios,
1390 5710 1730 5784 Serapion“,

1828 5295 1873 5340 et
1898 5286 2102 5352 reliqua
2126 5284 2486 5336 columnarum
2516 5278 2948 5352 Christiinomina
2971 5279 3064 5347 (In
3090 5279 3295 5352 Catalo.
3320 5280 3409 5333 lib.

1828 5373 1887 5411 ιιι
1917 5374 1963 5411 c.
2000 5351 2114 5423 l7)?
2143 5353 2296 5408 Hunc
2341 5352 2535 5407 Petrus
2580 5351 2880 5423 Equilinnsg
2902 5352 2976 5403 ait
3006 5351 3321 5406 vendidisse
3350 5353 3409 5405 li-

1830 5428 1983 5482 brmn
2042 5421 2338 5494 Evangelii,
2368 5438 2524 5493 quem
2566 5422 2740 5475 solum
2799 5421 3054 5494 habebat,
3084 5435 3142 5476 ut
3192 5423 3411 5493 pauperi

1832 5496 2166 5562 subveniret,
2194 5492 2334 5566 quod
2366 5492 2567 5548 factum
2593 5501 2777 5566 narrat
2808 5492 3063 5566 Socrates
3087 5492 3270 5566 lib.'tv
3288 5506 3409 5566 cap.

1835 5568 1924 5623 18.
1959 5568 2159 5623 Verum
2184 5562 2284 5621 h-oc
2307 5566 2397 5621 alii
2424 5566 2664 5619 tribuunt
2689 5562 2846 5634 alteri
2873 5563 3179 5634 Serapioni,
3219 5564 3417 5634 Sindo-

1833 5639 2238 5799 2i02;)idelicet,
2267 5650 2324 5696 ut
2352 5636 2545 5696 videre
2587 5643 2673 5695 est
2713 5636 2769 5693 in
2800 5632 2939 5695 Vilis
2969 5632 3193 5695 Patrum
3221 5633 3367 5711 (Lib.
3397 5647 3418 5693 ι

2800 5898 2852 5913 ην.
