4036 6216
624 244 731 311 0H

1249 358 1475 416 CAPUT
1511 358 1578 414 ll.

624 454 877 510 Narratio
946 448 1141 508 abbatis
1188 453 1489 537 Serapionis
1541 454 1605 509 de
1644 465 1759 509 octo
1822 458 2201 529 principalibus

1328 537 1486 579 arms.

690 647 720 677 ⁸
744 638 879 694 Octo
932 648 1057 693 sunt
1094 637 1408 708 principalia
1444 636 1591 703 vitia,
1628 655 1745 707 qua:
1783 638 2076 695 humanum
2119 641 2202 695 in-

622 730 823 785 festant
849 746 1037 799 genus,
1068 731 1119 784 id
1167 738 1268 795 est,
1318 730 1548 799 primum
1604 731 1999 802 gastrimargia,
2049 720 2196 804 quod

617 828 775 874 sonat
813 821 1015 875 ventris
1050 820 1343 889 ingluvies;
1374 820 1673 876 secundum
1712 821 2038 886 fornicatio;
2090 834 2198 880 ter-

619 913 746 967 tium
774 912 1191 985 philargyria,ld
1223 924 1327 979 est,
1349 914 1716 980 avaritia,sive
1743 930 1894 971 amor
1920 917 2195 987 pecunias;

614 1014 863 1074 quartum
906 1003 1018 1070 ira;
1067 1004 1307 1075 quintum
1353 1005 1607 1071 tristitia;
1638 1014 1848 1060 sextum
1902 1007 2110 1071 accdia,
2140 1006 2197 1062 id

612 1106 715 1162 est,
741 1097 1011 1163 anxietas,
1044 1096 1157 1149 sive
1204 1094 1421 1149 ttedium
1469 1095 1677 1162 cordis;
1717 1096 2001 1164 septimum
2034 1111 2196 1152 ceno-

609 1188 789 1255 doxia,
820 1187 871 1243 id
920 1196 1020 1253 est,
1060 1186 1340 1257 iactantia,
1376 1204 1471 1244 seu
1518 1203 1654 1261 vana
1691 1190 1899 1260 gloria;
1942 1200 2193 1247 octavum

607 1276 881 1351 superbia.

1210 1372 1439 1429 CAPUT
1480 1372 1575 1427 lll.

605 1463 684 1520 De
728 1464 929 1520 duobus
969 1462 1213 1519 vitiorum
1259 1465 1547 1536 generibus,
1591 1473 1637 1517 et
1697 1464 1965 1536 eﬁicientia
2014 1481 2189 1519 eorum

1190 1535 1589 1606 quadripartito.

674 1647 930 1703 l>Horum
979 1646 1141 1719 igitur
1178 1649 1429 1703 vitiorum
1471 1663 1669 1718 genera
1720 1658 1845 1703 sunt
1899 1650 2026 1703 duo.
2080 1651 2186 1704 Aut

1672 246 1946 305 JOANNIS
1984 247 2296 306 CASSIANI
2337 243 2833 304 COLLATIONES.

2230 362 2447 426 Acatio
2501 376 2621 417 cum
2673 359 2996 417 naturaliter
3046 362 3203 418 nobis
3242 361 3565 428 insederint,
3614 368 3866 420 nonnum-

2307 468 2468 523 quam
2495 454 2657 507 etiam
2693 454 2811 508 sine
2844 452 2955 518 ulla
2981 454 3175 509 animae.
3208 454 3578 521 incitamento,
3605 454 3761 510 solius
3782 456 3864 512 in-

2304 545 2592 615 stigatione
2621 559 2685 599 ac
2713 546 2919 612 pruritu
2964 547 3165 617 carnis,
3199 548 3483 612 oriuntur;
3530 550 3744 602 materia
3781 560 3859 604 ta-

2303 653 2425 693 men
2458 646 2515 692 ut
2548 646 2992 693 consummentur
3021 647 3182 708 egent
3206 640 3569 704 extrinSecus,
3596 649 3653 696 et
3678 643 3743 695 ita
3771 651 3794 681 ε
3813 642 3864 697 in

2304 729 2555 784 effectum
2587 729 2860 800 corporali
2897 732 3109 787 actione
3145 733 3486 801 perveniunt.
3524 731 3864 804 Unusquisque

2301 822 2434 875 enim
2473 830 2695 876 tentatur
2738 839 2771 874 a
2812 824 3021 893 prapria
3050 826 3495 893 concupiscentia;
3528 825 3710 879 deinde
3752 841 3865 880 catt-

2300 912 2611 982 cupiscentia
2641 929 2758 966 cum
2782 914 2937 984 fuerit
2962 925 3223 987 concepta,
3270 916 3402 983 parit
3434 920 3732 987 peccatum;
3758 931 3868 986 pee-

2300 1014 2471 1063 catum
2495 1022 2612 1058 vero
2650 1022 2763 1059 cum
2789 1005 2946 1074 fuerit
2974 1017 3401 1070 consummatum,
3429 1018 3639 1078 generat
3672 1017 3866 1061 mortem

2297 1093 2504 1167 (Jacob.
2536 1094 2614 1166 t).
2642 1096 2776 1150 Nam
2812 1095 2831 1134 τ
2861 1114 2963 1153 nec
2994 1100 3199 1167 primus
3220 1099 3395 1154 Adam
3430 1098 3644 1170 (Cenes.
3683 1103 3758 1169 tu)
3780 1114 3869 1170 per

2296 1188 2728 1257 gastrimargiam
2753 1188 2927 1258 decipi
2955 1191 3148 1258 potuit,
3174 1190 3277 1244 nisi
3299 1206 3440 1247 esca:
3472 1195 3746 1248 materiam
3773 1194 3864 1248 ha-

2295 1279 2430 1335 bens
2471 1281 2525 1332 in
2550 1290 2797 1349 promptu
2827 1280 3027 1336 abusus
3056 1297 3116 1337 ea
3150 1283 3337 1337 fuisset
3367 1284 3582 1349 illicite;
3618 1294 3644 1332 ε
3667 1300 3761 1340 nec
3786 1294 3867 1341 se-

2295 1371 2506 1427 cundus
2537 1372 2655 1427 sine
2705 1372 2982 1440 cujusdam
3010 1370 3041 1409 λι
3066 1374 3308 1429 materiae
3339 1375 3678 1431 illicitatlone
3708 1376 3865 1448 (Lips.

2294 1462 2346 1515 in
2372 1479 2535 1533 marg.
2564 1462 2913 1534 illectatione]
2939 1471 3192 1532 tentatur,
3216 1481 3337 1521 eum
3360 1468 3560 1522 dicitur
3587 1468 3659 1530 ei.
3691 1470 3751 1523 Si
3775 1465 3872 1521 Fi-

2293 1554 2396 1609 lius
2422 1555 2518 1610 Dei
2544 1574 2616 1621 es,
2646 1556 2730 1610 dic
2756 1566 2808 1609 ut
2836 1557 3035 1629 lapides
3058 1559 3147 1612 isti
3182 1575 3342 1628 panes
3369 1561 3498 1629 ﬁant
3524 1560 3741 1630 (Matth.
3776 1558 3868 1630 tv).

2293 1649 2602 1705 Fornicatio
2630 1665 2843 1719 quoque
2878 1650 3023 1720 quod
3060 1666 3167 1705 non
3215 1652 3314 1706 nisi
3347 1664 3443 1722 per
3473 1666 3671 1721 corpus
3711 1655 3870 1723 perﬁ-

608 1740 755 1795 enim
786 1739 1049 1794 naturalia
1080 1750 1226 1807 sunt,
1252 1748 1309 1794 ut
1337 1739 1742 1810 gastrimargia;
1771 1749 1862 1795 aut
1902 1751 2058 1795 extra
2091 1756 2183 1795 na-
2208 1766 2259 1827 Β
2290 1740 2485 1804 ciatur,
2533 1741 2786 1797 omnibus
2826 1750 2995 1810 patet,
3048 1742 3121 1805 ita
3159 1743 3225 1797 de
3264 1742 3367 1798 hoc
3416 1745 3612 1813 spiritu
3662 1746 3871 1801 dicente

602 1840 799 1895 turaut,
828 1840 885 1885 ut
913 1829 1269 1902 philargyria.
1307 1840 1328 1869 ο
1362 1830 1665 1886 Efficientia
1705 1847 1835 1886 vero
1867 1833 2185 1903 quadripar-

601 1922 700 1977 tita
723 1931 825 1979 est.
855 1923 1109 1989 Quasdam
1138 1925 1280 1979 enim
1308 1925 1425 1980 sine
1452 1925 1665 1981 actione
1691 1925 1893 1981 carnali
1926 1941 2182 1981 consum-

602 2013 740 2068 mari
789 2027 895 2068 non
947 2022 1196 2084 possunt,
1228 2028 1288 2069 ut
1325 2025 1409 2071 est
1468 2018 1842 2086 gastrimargia
1903 2026 1958 2072 et
2005 2016 2182 2071 forni—

601 2106 777 2171 catio;
810 2105 1050 2175 quaedam
1073 2121 1202 2162 vero
1232 2108 1395 2162 etiam
1428 2108 1546 2162 sine
1577 2108 1683 2161 ulla
1704 2109 1947 2177 corporis
1970 2110 2183 2164 actione

598 2197 955 2267 complentur,
982 2208 1038 2252 ut
1065 2208 1147 2253 est
1177 2200 1430 2269 superbia
1461 2209 1514 2254 et
1542 2200 1839 2270 cenqdoxia
1873 2216 1886 2252 :
1923 2199 2181 2253 nonnulla

599 2291 978 2345 commotionis
1022 2306 1132 2346 suae
1162 2308 1352 2348 causas
1400 2294 1737 2349 extrinsecus
1789 2294 2085 2365 accipiunt,
2120 2302 2180 2348 ut

596 2388 680 2435 est
707 2380 1034 2453 philargyria
1078 2392 1132 2438 et
1163 2385 1275 2450 ira;
1309 2385 1411 2438 alia
1444 2399 1572 2440 vero
1623 2386 1894 2441 inleSlittiS
1947 2387 2180 2443 motibus

595 2474 923 2542 excitantur,
956 2484 1015 2529 ut
1043 2482 1126 2531 est
1153 2476 1335 2531 acedia
1368 2488 1529 2548 atque
1558 2478 1794 2533 tristitia.

1213 2588 1441 2645 CAPUT
1478 2590 1568 2646 IV.

594 2680 974 2753 Recapitulatio
996 2686 1057 2737 de
1072 2685 1447 2767 gastrimargiat
1466 2694 1512 2739 et
1536 2686 1892 2755 fornicationis
1914 2689 2174 2758 passione,

1110 2764 1155 2806 et
1180 2764 1443 2809 curatione
1474 2772 1668 2810 earum.

663 2845 729 2899 Et
747 2853 805 2899 ut
823 2845 935 2900 haec
958 2846 1144 2900 eadem
1170 2862 1277 2900 non
1309 2846 1481 2901 solum
1506 2848 1892 2918 disputatione,
1918 2861 2177 2922 quantum

593 2947 880 3005 possumus
911 2937 1079 3003 brevi,
1132 2936 1225 2992 sed
1275 2938 1437 2993 etiam
1485 2937 1888 3009 Scripturarum
1933 2943 2177 2997 testimo-

593 3030 695 3085 niis
721 3031 1089 3085 tnanifestiora
1126 3030 1435 3099 reddamus,
1460 3030 1485 3069 δ
1517 3036 1888 3106 gastrimargia
1919 3045 1973 3090 et
2006 3034 2180 3090 forni-

2286 1834 2400 1889 Deo
2430 1834 2495 1887 ad
2527 1834 2740 1889 beatum
2767 1834 2890 1900 Job,
2932 1833 3004 1888 Et
3040 1836 3202 1890 virtus
3228 1838 3339 1905 eius
3359 1837 3410 1889 in
3441 1837 3627 1891 lumbis
3664 1843 3793 1910 ejus,
3821 1846 3868 1893 et

2276 1937 2505 2000 potestas
2532 1931 2645 2000 ejus
2683 1944 2836 1998 super
2864 1928 3159 1981 umbilicum
3188 1930 3374 1983 uentris
3397 1930 3537 2000 (Job.
3574 1930 3685 2000 xL).
3718 1931 3867 1986 ldeo—

2287 2036 2394 2091 que
2424 2021 2539 2074 lttcc
2572 2021 2885 2089 specialiter
2909 2019 3036 2087 duo,
3073 2036 3191 2091 quae
3221 2021 3525 2077 ministerio
3555 2026 3738 2078 carnis
3766 2041 3865 2081 ex-

2290 2114 2524 2183 plentur,
2558 2123 2710 2168 extra
2745 2112 2890 2166 illam
2924 2110 3219 2181 spiritalem
3242 2113 3436 2168 animae
3466 2130 3675 2180 curam,
3709 2125 3867 2185 egent

2291 2206 2617 2276 peculiarius
2645 2205 2805 2260 etiam
2829 2206 3162 2261 continentia
3183 2206 3469 2275 corporali.
3498 2206 3776 2277 Siquidem
3801 2209 3865 2264 ad

2290 2297 2656 2351 retundendus
2684 2297 2877 2351 norunt
2914 2297 3163 2352 stimulos
3195 2312 3304 2352 non
3341 2296 3543 2354 sufficit
3570 2300 3684 2354 sola
3716 2318 3867 2356 men-

2288 2387 2359 2442 tis
2396 2388 2631 2443 intentio
2659 2389 2741 2459 (ut
2782 2402 3186 2457 nonnumquam
3232 2388 3373 2444 solet
3401 2389 3660 2446 adversus
3699 2392 3862 2459 iram,

2287 2494 2384 2533 seu
2403 2478 2699 2545 tristitiam,
2724 2489 3057 2548 cazterasqne
3076 2477 3193 2533 fieri
3218 2479 3517 2548 passiones,
3540 2497 3674 2550 quas
3698 2484 3863 2539 etiam

2287 2572 2408 2625 sine
2433 2571 2533 2624 ulla
2561 2570 2737 2625 carnis
2754 2570 3050 2626 afflictione
3079 2572 3192 2626 sola
3217 2573 3367 2627 novit
3386 2587 3685 2643 expugnare
3709 2591 3867 2631 tuen-

2282 2664 2351 2717 tis
2382 2661 2696 2734 industria),
2732 2661 2837 2715 nisi
2860 2662 3021 2717 etiam
3046 2662 3328 2731 castigatio
3351 2664 3651 2732 corporalis
3676 2678 3866 2720 acces-

2282 2758 2437 2823 serit,
2489 2772 2608 2827 quae
2660 2754 2906 2825 jejuniis,
2965 2755 3163 2825 vigiliis
3213 2765 3265 2809 et
3312 2755 3492 2824 operis
3536 2758 3868 2816 contritione

2284 2850 2584 2920 perficitur,
2636 2848 2827 2919 bisque
2867 2847 3030 2902 fuerit
3078 2846 3307 2903 remotio
3352 2846 3540 2901 localis
3586 2848 3862 2916 adjuncta,

2284 2940 2407 3009 quia
2435 2940 2574 2995 sicut
2617 2938 2899 2993 amborum
2936 2937 3085 3001 vitio,
3120 2937 3173 2992 id
3203 2946 3305 3002 est,
3349 2936 3543 2992 anilitas
3587 2948 3641 2993 et
3670 2954 3863 3009 corpo-

2285 3036 2379 3089 ris.
2430 3042 2777 3105 generantur,
2825 3032 2897 3086 ita
2938 3029 3186 3102 superari
3225 3030 3327 3085 nisi
3361 3030 3641 3101 utriusque
3680 3031 3863 3088 labore

1652 3168 1907 3223 ALARDI
1944 3165 2175 3223 GAZEI
2211 3160 2780 3222 CGMMENTARIUS.

666 3293 693 3321 ⁸
723 3283 837 3351 Qua
878 3285 1087 3338 ratione
1132 3292 1255 3339 octo
1311 3284 1434 3337 vitia
1482 3284 1797 3353 principalia
1866 3295 2155 3351 ponantur,
2185 3277 2229 3343 C
2264 3295 2383 3349 quae
2418 3277 2815 3353 gastrlmargia,
2860 3277 2910 3353 id
2958 3286 3063 3339 est,
3092 3275 3230 3353 gulae
3268 3276 3452 3328 vitium
3494 3274 3580 3353 hic
3615 3280 3857 3353 appella:

596 3371 717 3412 cum
745 3357 803 3411 S.
827 3354 1117 3425 Gregorius
1145 3366 1200 3409 et
1230 3354 1317 3408 alii
1348 3370 1453 3408 non
1489 3355 1590 3407 nisi
1618 3365 1823 3422 septem
1861 3355 1985 3406 vitia
2015 3357 2166 3422 capi.

597 3426 724 3481 talia
750 3436 1090 3490 enumerent,
1119 3426 1185 3479 ad
1213 3426 1305 3479 lib.
1332 3442 1363 3478 v
1389 3425 1790 3478 Institutinnum
1836 3426 2167 3484 notavimus.

593 3497 728 3553 Nam
760 3507 812 3552 et
832 3498 1124 3551 Cassianus
1162 3506 1283 3550 octo
1314 3497 1479 3550 libros
1500 3496 1567 3548 de
1598 3494 1753 3548 Vitiis
1782 3495 2169 3562 principalibus

593 3583 691 3625 seu
714 3568 1033 3635 capitalibus
1050 3568 1341 3636 inscripsit,
1361 3575 1416 3621 et
1443 3566 1771 3631 singulorum
1788 3566 2166 3625 tractationem

594 3639 847 3695 distincte
874 3648 928 3693 et
949 3639 1216 3709 sigillatim
1256 3638 1488 3708 propriis
1510 3636 1661 3691 libris
1695 3639 2044 3709 exsequitur;
2079 3642 2166 3695 tibi

592 3712 755 3765 etiam
810 3711 877 3765 de
916 3708 1118 3766 eisdem
1157 3709 1371 3765 abunde
1396 3712 1625 3781 egimus,
1653 3724 1775 3780 quae
1803 3708 1890 3764 ltie
1922 3719 2168 3779 repetere

590 3780 737 3837 foret
766 3783 1018 3836 otiosum.

664 3850 689 3890 δ
729 3852 945 3922 Triplex
979 3853 1175 3907 divisio
1220 3868 1315 3907 seu
1357 3852 1631 3906 distinctio
1665 3852 1916 3906 vitiorum
1959 3854 2167 3919 capita-

588 3922 744 3979 littttt.
779 3924 958 3977 Prima
988 3941 1001 3976 :
1031 3925 1130 3977 alia
1182 3931 1307 3977 sunt
1354 3924 1640 3987 naturalia,
1668 3923 1774 3976 alia
1823 3934 1972 3976 extra
2010 3936 2162 3977 natu-

589 4008 738 4058 ram;
764 3994 995 4048 secunda
1020 4011 1032 4045 :
1062 3994 1164 4047 alia
1197 3994 1453 4057 carnalia,
1485 3995 1585 4046 alia
1608 3994 1944 4058 spiritualia;
1972 3995 2159 4048 tertia:

588 4064 833 4133 quadam
874 4064 940 4116 ab
986 4064 1210 4116 internis
1236 4063 1415 4117 causis
1444 4065 1771 4127 excitantur,
1806 4063 2049 4128 quasdam
2092 4065 2160 4119 ab

588 4136 931 4188 extrinsecis.
966 4133 1233 4186 Naturalia
1266 4133 1516 4186 dicuntur
1542 4134 1908 4200 gastritnargia
1933 4144 1984 4185 et
2009 4134 2161 4187 luxu-

587 4204 692 4269 ria,
726 4214 834 4256 tum
868 4204 989 4271 quia
1023 4204 1089 4255 ab
1122 4204 1238 4271 ipso
1269 4212 1388 4255 ortu
1422 4218 1487 4255 ex
1523 4202 1674 4268 primi
1708 4205 1944 4268 parentis
1973 4204 2156 4258 inobe-

588 4273 790 4327 dientia
815 4284 1092 4327 contracta
1123 4283 1177 4327 et
1204 4275 1256 4326 in
1284 4282 1470 4325 natura
1494 4283 1673 4326 nostra
1699 4272 1878 4337 insita,
1903 4278 2011 4326 tum
2035 4275 2156 4342 quia

587 4343 653 4397 ad
688 4344 857 4410 ipsius
886 4353 1092 4397 naturae
1121 4344 1591 4397 conservationem
1632 4342 2030 4405 tendunt,licet
2076 4346 2157 4399 in-

590 4413 872 4477 ordinate;
901 4428 1022 4465 uam
1065 4414 1182 4480 gula
1220 4422 1425 4481 Spectat
1454 4413 1917 4467 conservationem
1950 4424 2155 4471 natura:

588 4486 643 4537 in
692 4483 991 4545 individuo,
1022 4483 1229 4537 luxuria
1264 4498 1391 4535 vero
1434 4484 1485 4536 in
1540 4485 1741 4552 specie.
1774 4483 1973 4538 Eadem
2021 4502 2153 4542 vero

590 4554 826 4607 carnalia
856 4555 1126 4619 dicuntur,
1160 4555 1282 4620 quia
1312 4554 1523 4607 actione
1559 4564 1613 4607 et
1649 4553 2002 4610 delectatione
2028 4571 2151 4612 car-

589 4624 699 4678 nali
748 4624 1111 4691 complentur,
1155 4634 1212 4678 ut
1243 4624 1486 4689 sequenti
1514 4626 1689 4693 capite
1719 4624 2042 4679 declaratur.

663 4705 685 4732 ο
716 4694 827 4749 Sub
877 4697 975 4749 hac
1001 4695 1391 4765 quadripartita
1439 4694 1807 4759 distinctione,
1838 4696 1957 4750 duae
1986 4712 2149 4767 supe-

586 4766 703 4820 rius
745 4768 951 4833 positze,
994 4766 1227 4821 secunda
1278 4776 1331 4819 et
1380 4766 1561 4830 tertia,
1590 4767 1951 4819 continentur.
1986 4766 2152 4823 Porro

586 4836 876 4892 efficientia
894 4836 997 4892 hoc
1017 4838 1135 4893 loco
1155 4854 1259 4891 nun
1284 4853 1381 4905 pro
1412 4837 1649 4891 efficacia
1672 4852 1769 4891 seu
1788 4836 1839 4889 vi
1860 4838 2148 4905 efficiendi,

582 4909 675 4964 sed
718 4925 814 4977 pro
865 4916 989 4962 actu
1032 4924 1125 4962 seu
1168 4910 1632 4962 consummatione
1671 4920 1760 4962 aut
1804 4911 2154 4966 exsecutione

518 4990 536 5042 4
584 4981 869 5050 accipitur,
906 4990 962 5033 ut
989 4994 1053 5033 ex
1088 4979 1435 5047 sequentibus
1465 4980 1686 5050 piteliit.

651 5047 681 5090 ἀ
712 5051 767 5105 Id
795 5058 913 5119 est,
961 5051 1256 5105 secundum
1305 5047 1602 5103 naturalem
1643 5049 2053 5119 propensionem
2101 5063 2154 5106 et

578 5122 968 5192 proclivitatem
1000 5133 1203 5177 naturae
1226 5130 1491 5187 corruptze
1520 5129 1575 5175 et
1604 5123 1803 5177 vitiatae
1834 5126 1976 5192 (quin
2017 5124 2148 5177 alias

577 5194 776 5249 dicitur
804 5194 996 5257 fomes,
1022 5193 1293 5257 stimulus,
1320 5192 1541 5247 aculeus
1570 5195 1817 5264 peccati),
1839 5210 1944 5249 non
1973 5193 2147 5264 quoad

576 5266 790 5330 culpam
822 5275 875 5320 et
904 5266 1196 5319 secundum
1229 5278 1357 5318 suas
1383 5266 1613 5331 species.
1966 5290 1969 5297 ν

650 5344 673 5372 ο
696 5336 927 5404 Ideoque
954 5337 1189 5391 carnalia
1227 5335 1565 5403 appellantur
1586 5335 1746 5388 etiam
1780 5352 1806 5387 a
1834 5335 1897 5389 Ι).
1941 5336 2147 5403 Grego-

575 5407 655 5460 rio
686 5408 782 5460 lib.
820 5422 945 5462 xxxt
984 5408 1167 5461 Moral.
1212 5422 1331 5475 cap.
1380 5405 1471 5471 31,
1523 5406 1609 5458 ubi
1656 5414 1720 5460 ex
1762 5416 1965 5474 septem
2004 5407 2147 5460 vitiis

573 5478 894 5543 capitalibus
916 5479 1149 5547 quinque
1172 5477 1299 5531 dicit
1327 5491 1448 5531 esse
1474 5476 1793 5545 spiritualia,
1821 5488 1874 5530 et
1897 5477 2003 5547 duo
2028 5492 2147 5530 car-

575 5551 736 5619 nalia,
762 5546 1144 5619 \‘idel.’ventris
1164 5548 1449 5617 ingluviem
1472 5556 1527 5619 et
1548 5547 1832 5619 luxuriam.
1851 5547 1935 5619 (S.
1956 5546 2143 5603 Thom.

576 5617 689 5688 1-2.
719 5636 768 5685 q.
803 5618 892 5679 η,
918 5635 970 5671 a.
1002 5618 1056 5684 2,
1082 5630 1127 5671 et
1158 5635 1208 5685 q.
1239 5620 1326 5680 75.
1359 5629 1459 5671 art.
1497 5616 1578 5688 ὅ.)

650 5687 667 5723 ί
700 5690 840 5741 Inter
869 5689 967 5741 alii
1005 5700 1219 5754 peccata
1251 5688 1439 5743 Adami
1463 5698 1516 5743 et
1540 5687 1664 5742 Eva:
1687 5688 1969 5745 fuitetiam
1997 5704 2143 5758 quaa-

570 5755 694 5809 datu
725 5759 1031 5810 inordinata
1073 5759 1357 5823 cupiditas,
1402 5768 1454 5812 ct
1497 5761 1766 5825 appetitus
1796 5762 1942 5827 pomi
1974 5755 2145 5830 veliti,

2177 4664 2228 4725 D

2276 3347 2381 3404 tur.
2425 3347 2566 3403 Vidit
2606 3347 2740 3403 enim
2773 3348 2957 3401 mulier
2999 3348 3134 3417 quod
3163 3347 3347 3399 bonum
3389 3358 3521 3400 esset
3552 3348 3753 3418 lignum
3792 3351 3860 3403 ad

2273 3421 2595 3492 vescendum,
2642 3434 2689 3473 et
2725 3420 3000 3492 pulchrum
3042 3419 3226 3481 oculis,
3278 3429 3586 3492 aspectuque
3630 3422 3857 3474 delecta-

2272 3492 2389 3557 bile,
2422 3502 2467 3544 et
2488 3491 2605 3545 tulit
2630 3492 2691 3543 de
2724 3489 2896 3563 fructu
2926 3494 3059 3563 ejus,
3100 3498 3146 3541 et
3189 3490 3427 3563 comedit,
3469 3489 3710 3563 deditque
3747 3493 3854 3563 uiro

2270 3556 2384 3624 suo,
2422 3564 2511 3632 qui
2552 3556 2793 3625 comedit,
2839 3556 3035 3615 Geties.
3066 3556 3422 3632 titaCernens
3449 3560 3643 3627 quippe
3678 3558 3855 3617 Adam

2270 3630 2728 3704 pulchritudinem
2765 3631 2929 3699 pomi,
2964 3640 3015 3685 et
3055 3630 3392 3704 audiensex
3437 3644 3609 3684 uxore
3640 3637 3853 3704 suavis-

2270 3700 2392 3758 simi
2427 3716 2547 3759 esse
2578 3704 2807 3773 saporis,
2839 3716 2989 3756 esum
3020 3701 3136 3773 ejus
3172 3700 3487 3773 avidissime
3517 3702 3848 3769 concupivit.

2271 3774 2466 3829 Verum
2525 3771 2653 3827 cum
2690 3774 2980 3841 Apostolus
3038 3771 3183 3826 dicat
3233 3790 3247 3825 :
3292 3772 3458 3823 Adam
3514 3788 3618 3825 non
3658 3785 3735 3827 est
3777 3790 3852 3827 se-

2268 3846 2476 3909 ductus,
2510 3845 2618 3899 Era
2658 3853 2829 3898 autem
2870 3845 3079 3897 seducta
3119 3853 3188 3895 est
3214 3841 3257 3913 (Ι
3289 3841 3422 3895 Tim.
3455 3844 3547 3913 rt);
3578 3843 3851 3912 quomodd

2266 3916 2355 3971 ltic
2397 3920 2727 3983 significatur
2773 3923 2863 3970 aut
2908 3912 3235 3982 supponitur
3273 3914 3443 3967 Adam
3483 3912 3652 3969 fuisse
3696 3918 3852 3972 «leae.

2267 3990 2424 4056 ptus‘!
2452 3988 2763 4055 Respondet
2796 3987 2856 4039 1).
2904 3984 3231 4054 Augustinus
3266 3984 3405 4039 libro
3443 3998 3531 4038 xtv
3578 3984 3646 4039 de
3685 3986 3846 4043 Civil.

2263 4055 2438 4127 capite
2473 4059 2755 4111 undecimo
2786 4074 2798 4109 :
2834 4056 2970 4122 Quia
3008 4056 3103 4108 illa
3130 4055 3268 4122 quod
3311 4055 3358 4127 ei
3401 4070 3611 4121 serpens
3640 4056 3847 4112 locutus

2262 4124 2358 4190 est,
2385 4140 2643 4199 tamquam
2670 4144 2853 4199 verum
2870 4136 3018 4199 esset,
3046 4127 3277 4199 accepit;
3302 4124 3393 4178 ille
3413 4137 3585 4199 autem
3606 4128 3671 4180 ab
3694 4130 3848 4182 unico

2262 4201 2423 4252 noluit
2458 4197 2712 4252 consortio
2757 4197 2953 4266 dirimi,
2998 4212 3088 4249 nec
3122 4197 3177 4248 in
3216 4197 3571 4267 communione
3614 4200 3846 4267 peccati;

2260 4286 2353 4323 nec
2384 4272 2576 4323 idcirco
2612 4272 2777 4323 minus
2809 4285 2945 4333 reus,
2979 4267 3063 4319 sed
3109 4268 3270 4320 sciens
3298 4266 3623 4335 prudensque
3660 4286 3845 4336 pecca-

2258 4341 2348 4392 vit.
2385 4339 2533 4394 Unde
2576 4350 2619 4392 et
2666 4337 2941 4406 Apostolus
2971 4353 3071 4390 non
3114 4339 3233 4390 ait:
3264 4335 3386 4407 Non
3426 4339 3672 4405 peccauit,
3714 4341 3847 4394 sed:

2262 4408 2383 4464 Non
2410 4422 2480 4463 est
2508 4412 2762 4466 seductus.
2794 4409 2931 4465 Nam
2955 4410 3123 4471 utique
3143 4409 3311 4477 ipsum
3339 4423 3567 4473 peccasse
3594 4413 3845 4476 ostendit,

2256 4482 2345 4533 ubi
2385 4482 2556 4535 dicit:
2595 4482 2695 4535 l’er
2726 4496 2882 4533 unum
2931 4478 3185 4531 hominem
3231 4478 3438 4531 intrauit
3474 4488 3741 4543 peccaturi:
3792 4483 3850 4535 in

2256 4555 2520 4606 mundum.
2574 4553 2637 4605 Et
2685 4552 2836 4620 paulo
2884 4559 2994 4620 post
3032 4550 3259 4616 apertius
3290 4565 3307 4602 :
3335 4546 3398 4600 In
3441 4548 3846 4620 similitudinem

2263 4618 2695 4689 prteruricationis
2721 4624 2864 4674 Adae.
2898 4618 3010 4673 Hos
3040 4628 3208 4673 autem
3235 4619 3462 4673 seductos
3490 4618 3711 4689 intelligi
3757 4639 3848 4675 oo-

2256 4696 2370 4757 luit,
2403 4696 2488 4765 qui
2518 4695 2569 4747 id
2609 4692 2745 4762 quod
2776 4693 2993 4765 faciunt,
3042 4707 3143 4744 non
3184 4702 3367 4765 putant
3400 4704 3847 4765 essepeccutum;

2254 4764 2343 4819 ille
2368 4758 2537 4818 autem
2566 4758 2727 4817 scivit.
2764 4758 2828 4815 Et
2858 4759 2981 4831 quid
3014 4777 3142 4831 Opus
3173 4770 3243 4813 est
3272 4760 3541 4831 pluribus?
3566 4758 3634 4811 Et
3656 4763 3704 4814 si
3735 4780 3847 4815 cre-

2255 4835 2424 4889 dendo
2452 4853 2549 4889 non
2593 4845 2707 4889 sunt
2746 4833 2895 4886 ambo
2923 4832 3141 4900 decepti,
3188 4832 3442 4901 peccando
3486 4840 3653 4901 tamen
3693 4832 3846 4886 ambo

2256 4908 2397 4975 capti
2424 4917 2566 4972 sunt,
2614 4918 2661 4959 et
2702 4905 2893 4957 diaboli
2945 4904 3137 4972 laqueis
3182 4901 3455 4973 implicati.
3500 4900 3631 4955 Haec
3659 4901 3845 4973 Augu-

2255 4987 2450 5032 Slttlus.

2330 5057 2354 5095 ε
2378 5046 2655 5102 Secundus
2689 5062 2750 5101 ac
2781 5045 3103 5099 novissimus
3134 5040 3302 5095 Adam
3337 5041 3533 5097 dicitur
3563 5042 3841 5107 Christus,

2258 5117 2540 5173 lCoriuth.
2573 5134 2602 5169 v
2634 5135 2645 5171 :
2676 5114 2871 5171 Factus
2904 5126 2976 5169 est
3018 5115 3211 5185 primus
3252 5114 3402 5166 homo
3434 5114 3598 5167 Adam
3644 5116 3699 5169 in
3733 5118 3843 5169 auio

2256 5207 2392 5243 mam
2431 5190 2706 5253 viventem;
2754 5184 3058 5241 novissimus
3098 5184 3263 5236 Adam
3312 5186 3364 5236 in
3405 5185 3643 5252 spiritum
3678 5187 3843 5255 viviﬁ-

2254 5272 2468 5314 cantem.
2528 5257 2734 5312 Primus
2783 5258 2933 5309 homo
2978 5255 3042 5309 de
3091 5266 3229 5307 terra
3274 5263 3535 5321 terrenus;
3575 5259 3841 5311 secundus

2255 5333 2407 5384 homo
2433 5332 2494 5384 de
2520 5330 2646 5383 caelo
2674 5327 2909 5382 caelestis.

2326 5399 2639 5455 hlllicitatio
2688 5409 2741 5453 et
2781 5398 3201 5452 illicitamentum
3249 5396 3390 5450 idem
3436 5394 3575 5465 quod
3637 5399 3841 5453 incita-

2252 5483 2512 5531 mentum.
2548 5487 2576 5525 a
2619 5471 2781 5526 verbo
2821 5469 3006 5523 illicio.
3043 5467 3216 5521 Utitur
3244 5465 3435 5521 eadem
3469 5482 3599 5521 voce
3643 5478 3840 5523 rursus

2249 5558 2371 5614 cap.
2408 5547 2459 5597 6.
2495 5541 2729 5614 Materiae
2758 5539 2923 5614 igitur
2951 5538 3330 5614 _i|lic_itatione__
3350 5545 3585 5614 tentatus
3631 5537 3839 5614 dicitur

2256 5607 2521 5673 Cliristus,
2550 5613 2672 5682 quia
2706 5611 2857 5682 panis
2888 5625 2920 5665 e
2951 5610 3216 5682 lapidibus
3245 5607 3514 5682 efficiendi
3549 5610 3838 5682 mentione

2257 5695 2312 5741 et
2356 5677 2719 5755 suggestione,
2752 5679 3222 5755 idieente‘diab‘olo
3248 5697 3262 5753 γε
3297 5679 3360 5755 _Si
3404 5677 3578 5755 [filius
3619 5679 3728 5737 Dei
3764 5697 3835 5747 es,

2250 5757 2337 5811 dic
2367 5748 2651 5823 ut'lapidcs
2676 5752 2761 5807 isti
2792 5767 2946 5820 panes
2976 5750 3102 5819 fiant
3125 5748 3340 5821 (Matth.
3370 5748 3471 5817 tv).
