  <div class='ocr_page' id='page_1' title='image "/cluster/home/n/w/nwhite01/storage/ocr_20150623/49/uva.x000827093/314.png"; bbox 0 0 4026 6204; ppageno 0'>
   <div class='ocr_carea' id='block_1_1' title="bbox 96 195 199 257">
    <p class='ocr_par' dir='ltr' id='par_1_1' title="bbox 96 195 199 257">
     <span class='ocr_line' id='line_1_1' title="bbox 96 195 199 257; baseline -0.039 1"><span class='ocrx_word' id='word_1_1' title='bbox 96 195 199 257; x_wconf 73' lang='grc'><strong>813</strong></span> 
     </span>
    </p>
   </div>
   <div class='ocr_carea' id='block_1_2' title="bbox 879 191 2588 258">
    <p class='ocr_par' dir='ltr' id='par_1_2' title="bbox 879 191 2588 258">
     <span class='ocr_line' id='line_1_2' title="bbox 879 191 2588 258; baseline 0.003 -6"><span class='ocrx_word' id='word_1_2' title='bbox 879 193 1218 252; x_wconf 83' lang='lat' dir='ltr'><strong>COLLATIO</strong></span> <span class='ocrx_word' id='word_1_3' title='bbox 1258 195 1326 250; x_wconf 72' lang='grc' dir='ltr'><strong>ν.</strong></span> <span class='ocrx_word' id='word_1_4' title='bbox 1353 191 1538 249; x_wconf 86' lang='lat' dir='ltr'><strong>—DE</strong></span> <span class='ocrx_word' id='word_1_5' title='bbox 1577 193 1759 253; x_wconf 85' lang='lat' dir='ltr'><strong>OCTO</strong></span> <span class='ocrx_word' id='word_1_6' title='bbox 1796 196 2324 255; x_wconf 81' lang='lat' dir='ltr'><strong>PRINCIPALIBUS</strong></span> <span class='ocrx_word' id='word_1_7' title='bbox 2366 198 2588 258; x_wconf 85' lang='lat' dir='ltr'><strong>VlTilS.</strong></span> 
     </span>
    </p>
   </div>
   <div class='ocr_carea' id='block_1_3' title="bbox 3267 209 3370 266">
    <p class='ocr_par' dir='ltr' id='par_1_3' title="bbox 3267 209 3370 266">
     <span class='ocr_line' id='line_1_3' title="bbox 3267 209 3370 266; baseline 0 0"><span class='ocrx_word' id='word_1_8' title='bbox 3267 209 3370 266; x_wconf 73' lang='grc' dir='ltr'>δη</span> 
     </span>
    </p>
   </div>
   <div class='ocr_carea' id='block_1_4' title="bbox 97 309 3369 387">
    <p class='ocr_par' dir='ltr' id='par_1_4' title="bbox 97 309 3369 387">
     <span class='ocr_line' id='line_1_4' title="bbox 97 309 3369 387; baseline 0.002 -17"><span class='ocrx_word' id='word_1_9' title='bbox 97 330 203 370; x_wconf 93' lang='lat' dir='ltr'><strong>non</strong></span> <span class='ocrx_word' id='word_1_10' title='bbox 234 321 497 384; x_wconf 88' lang='lat' dir='ltr'><strong>poterunt</strong></span> <span class='ocrx_word' id='word_1_11' title='bbox 526 309 772 385; x_wconf 84' lang='lat' dir='ltr'><strong>(Gregor.</strong></span> <span class='ocrx_word' id='word_1_12' title='bbox 800 313 889 367; x_wconf 86' lang='lat' dir='ltr'><strong>lib.</strong></span> <span class='ocrx_word' id='word_1_13' title='bbox 936 329 1072 368; x_wconf 78' lang='lat' dir='ltr'><strong>xxxi</strong></span> <span class='ocrx_word' id='word_1_14' title='bbox 1100 312 1296 368; x_wconf 85' lang='lat' dir='ltr'><strong>Moral.</strong></span> <span class='ocrx_word' id='word_1_15' title='bbox 1330 327 1445 383; x_wconf 87' lang='lat' dir='ltr'><strong>cap.</strong></span> <span class='ocrx_word' id='word_1_16' title='bbox 1469 311 1588 383; x_wconf 74' lang='grc'><strong>51).</strong></span> <span class='ocrx_word' id='word_1_17' title='bbox 1619 312 1686 367; x_wconf 83' lang='lat' dir='ltr'><strong>Et</strong></span> <span class='ocrx_word' id='word_1_18' title='bbox 1710 313 1768 376; x_wconf 78' lang='grc' dir='ltr'><strong>Α</strong></span> <span class='ocrx_word' id='word_1_19' title='bbox 1791 312 2008 385; x_wconf 89' lang='lat' dir='ltr'><strong>puritati</strong></span> <span class='ocrx_word' id='word_1_20' title='bbox 2035 315 2374 372; x_wconf 71' lang='lat' dir='ltr'><strong>studentibus</strong></span> <span class='ocrx_word' id='word_1_21' title='bbox 2399 319 2686 387; x_wconf 87' lang='lat' dir='ltr'><strong>plurimum</strong></span> <span class='ocrx_word' id='word_1_22' title='bbox 2712 318 2926 374; x_wconf 79' lang='lat' dir='ltr'><strong>confert</strong></span> <span class='ocrx_word' id='word_1_23' title='bbox 2955 328 3012 375; x_wconf 92' lang='lat' dir='ltr'><strong>ut</strong></span> <span class='ocrx_word' id='word_1_24' title='bbox 3037 321 3227 375; x_wconf 86' lang='lat' dir='ltr'><strong>harum</strong></span> <span class='ocrx_word' id='word_1_25' title='bbox 3253 338 3369 378; x_wconf 88' lang='lat' dir='ltr'><strong>car-</strong></span> 
     </span>
    </p>
   </div>
   <div class='ocr_carea' id='block_1_5' title="bbox 98 403 1685 475">
    <p class='ocr_par' dir='ltr' id='par_1_5' title="bbox 98 403 1685 475">
     <span class='ocr_line' id='line_1_5' title="bbox 98 403 1685 475; baseline -0.001 -14"><span class='ocrx_word' id='word_1_26' title='bbox 98 415 122 444; x_wconf 72' lang='grc' dir='ltr'>ι</span> <span class='ocrx_word' id='word_1_27' title='bbox 152 407 280 461; x_wconf 90' lang='lat' dir='ltr'><strong>licet</strong></span> <span class='ocrx_word' id='word_1_28' title='bbox 301 406 494 461; x_wconf 88' lang='lat' dir='ltr'><strong>beatus</strong></span> <span class='ocrx_word' id='word_1_29' title='bbox 521 405 820 475; x_wconf 73' lang='lat' dir='ltr'><strong>Apostolus</strong></span> <span class='ocrx_word' id='word_1_30' title='bbox 845 403 1186 459; x_wconf 84' lang='lat' dir='ltr'><strong>omnia-vitia</strong></span> <span class='ocrx_word' id='word_1_31' title='bbox 1203 404 1534 475; x_wconf 75' lang='lat' dir='ltr'><strong>generaliter</strong></span> <span class='ocrx_word' id='word_1_32' title='bbox 1557 418 1685 473; x_wconf 85' lang='lat' dir='ltr'><strong>pro-</strong></span> 
     </span>
    </p>
   </div>
   <div class='ocr_carea' id='block_1_6' title="bbox 98 497 1680 567">
    <p class='ocr_par' dir='ltr' id='par_1_6' title="bbox 98 497 1680 567">
     <span class='ocr_line' id='line_1_6' title="bbox 98 497 1680 567; baseline 0.001 -15"><span class='ocrx_word' id='word_1_33' title='bbox 98 501 432 555; x_wconf 87' lang='lat' dir='ltr'><strong>nuntiaverit</strong></span> <span class='ocrx_word' id='word_1_34' title='bbox 477 512 603 554; x_wconf 85' lang='lat' dir='ltr'><strong>esse</strong></span> <span class='ocrx_word' id='word_1_35' title='bbox 647 499 909 564; x_wconf 79' lang='lat' dir='ltr'><strong>carnalia,</strong></span> <span class='ocrx_word' id='word_1_36' title='bbox 951 497 1217 567; x_wconf 74' lang='lat' dir='ltr'><strong>siquidem</strong></span> <span class='ocrx_word' id='word_1_37' title='bbox 1267 499 1577 553; x_wconf 75' lang='lat' dir='ltr'><strong>inimicitias</strong></span> <span class='ocrx_word' id='word_1_38' title='bbox 1621 507 1680 554; x_wconf 85' lang='lat' dir='ltr'><strong>et</strong></span> 
     </span>
    </p>
   </div>
   <div class='ocr_carea' id='block_1_7' title="bbox 94 587 1683 660">
    <p class='ocr_par' dir='ltr' id='par_1_7' title="bbox 94 587 1683 660">
     <span class='ocr_line' id='line_1_7' title="bbox 94 587 1683 660; baseline 0 -15"><span class='ocrx_word' id='word_1_39' title='bbox 94 587 206 645; x_wconf 87' lang='lat' dir='ltr'><strong>iras</strong></span> <span class='ocrx_word' id='word_1_40' title='bbox 227 601 394 660; x_wconf 91' lang='lat' dir='ltr'><strong>atque</strong></span> <span class='ocrx_word' id='word_1_41' title='bbox 426 590 669 645; x_wconf 68' lang='lat' dir='ltr'><strong>haereses</strong></span> <span class='ocrx_word' id='word_1_42' title='bbox 697 591 838 644; x_wconf 81' lang='lat' dir='ltr'><strong>inter</strong></span> <span class='ocrx_word' id='word_1_43' title='bbox 863 597 1061 644; x_wconf 69' lang='lat' dir='ltr'><strong>caetera</strong></span> <span class='ocrx_word' id='word_1_44' title='bbox 1091 590 1276 644; x_wconf 87' lang='lat' dir='ltr'><strong>carnis</strong></span> <span class='ocrx_word' id='word_1_45' title='bbox 1301 603 1464 659; x_wconf 87' lang='lat' dir='ltr'><strong>opera</strong></span> <span class='ocrx_word' id='word_1_46' title='bbox 1491 604 1683 645; x_wconf 89' lang='lat' dir='ltr'><strong>nume-</strong></span> 
     </span>
    </p>
   </div>
   <div class='ocr_carea' id='block_1_8' title="bbox 95 679 1685 753">
    <p class='ocr_par' dir='ltr' id='par_1_8' title="bbox 95 679 1685 753">
     <span class='ocr_line' id='line_1_8' title="bbox 95 679 1685 753; baseline -0.001 -17"><span class='ocrx_word' id='word_1_47' title='bbox 95 681 301 737; x_wconf 86' lang='lat' dir='ltr'><strong>raverit</strong></span> <span class='ocrx_word' id='word_1_48' title='bbox 330 680 537 753; x_wconf 78' lang='lat' dir='ltr'><strong>(Galat.</strong></span> <span class='ocrx_word' id='word_1_49' title='bbox 568 679 626 751; x_wconf 92' lang='lat' dir='ltr'><strong>v)</strong></span> <span class='ocrx_word' id='word_1_50' title='bbox 647 696 660 744; x_wconf 86' lang='lat'><strong>:</strong></span> <span class='ocrx_word' id='word_1_51' title='bbox 684 695 786 735; x_wconf 87' lang='lat' dir='ltr'><strong>nos</strong></span> <span class='ocrx_word' id='word_1_52' title='bbox 821 691 996 735; x_wconf 84' lang='lat' dir='ltr'><strong>tamen</strong></span> <span class='ocrx_word' id='word_1_53' title='bbox 1034 683 1102 734; x_wconf 86' lang='lat' dir='ltr'><strong>ad</strong></span> <span class='ocrx_word' id='word_1_54' title='bbox 1136 681 1356 735; x_wconf 88' lang='lat' dir='ltr'><strong>illorum</strong></span> <span class='ocrx_word' id='word_1_55' title='bbox 1383 679 1685 736; x_wconf 79' lang='lat' dir='ltr'><strong>curationes</strong></span> 
     </span>
    </p>
   </div>
   <div class='ocr_carea' id='block_1_9' title="bbox 98 769 1691 841">
    <p class='ocr_par' dir='ltr' id='par_1_9' title="bbox 98 769 1691 841">
     <span class='ocr_line' id='line_1_9' title="bbox 98 769 1691 841; baseline 0.001 -17"><span class='ocrx_word' id='word_1_56' title='bbox 98 781 264 840; x_wconf 86' lang='lat' dir='ltr'><strong>atque</strong></span> <span class='ocrx_word' id='word_1_57' title='bbox 301 781 526 826; x_wconf 88' lang='lat' dir='ltr'><strong>naturas</strong></span> <span class='ocrx_word' id='word_1_58' title='bbox 552 769 866 840; x_wconf 85' lang='lat' dir='ltr'><strong>diligentius</strong></span> <span class='ocrx_word' id='word_1_59' title='bbox 895 770 1230 840; x_wconf 80' lang='lat' dir='ltr'><strong>colligendas</strong></span> <span class='ocrx_word' id='word_1_60' title='bbox 1270 770 1472 841; x_wconf 76' lang='lat' dir='ltr'><strong>duplici</strong></span> <span class='ocrx_word' id='word_1_61' title='bbox 1511 786 1571 826; x_wconf 84' lang='lat' dir='ltr'><strong>ea</strong></span> <span class='ocrx_word' id='word_1_62' title='bbox 1608 771 1691 826; x_wconf 87' lang='lat' dir='ltr'><strong>di-</strong></span> 
     </span>
    </p>
   </div>
   <div class='ocr_carea' id='block_1_10' title="bbox 97 860 1693 932">
    <p class='ocr_par' dir='ltr' id='par_1_10' title="bbox 97 860 1693 932">
     <span class='ocr_line' id='line_1_10' title="bbox 97 860 1693 932; baseline -0.001 -15"><span class='ocrx_word' id='word_1_63' title='bbox 97 863 314 919; x_wconf 83' lang='lat' dir='ltr'><strong>visione</strong></span> <span class='ocrx_word' id='word_1_64' title='bbox 361 863 762 931; x_wconf 78' lang='lat' dir='ltr'><strong>distinguimus.</strong></span> <span class='ocrx_word' id='word_1_65' title='bbox 804 861 938 915; x_wconf 74' lang='lat' dir='ltr'><strong>Nam</strong></span> <span class='ocrx_word' id='word_1_66' title='bbox 983 877 1050 916; x_wconf 87' lang='lat' dir='ltr'><strong>ex</strong></span> <span class='ocrx_word' id='word_1_67' title='bbox 1093 861 1179 915; x_wconf 89' lang='lat' dir='ltr'><strong>his</strong></span> <span class='ocrx_word' id='word_1_68' title='bbox 1208 860 1234 900; x_wconf 71' lang='grc' dir='ltr'>δ</span> <span class='ocrx_word' id='word_1_69' title='bbox 1261 862 1508 932; x_wconf 66' lang='lat' dir='ltr'><strong>quietiam</strong></span> <span class='ocrx_word' id='word_1_70' title='bbox 1557 861 1693 916; x_wconf 85' lang='lat' dir='ltr'><strong>dici-</strong></span> 
     </span>
    </p>
   </div>
   <div class='ocr_carea' id='block_1_11' title="bbox 99 953 1691 1022">
    <p class='ocr_par' dir='ltr' id='par_1_11' title="bbox 99 953 1691 1022">
     <span class='ocr_line' id='line_1_11' title="bbox 99 953 1691 1022; baseline -0.002 -13"><span class='ocrx_word' id='word_1_71' title='bbox 99 963 224 1010; x_wconf 84' lang='lat' dir='ltr'><strong>mus</strong></span> <span class='ocrx_word' id='word_1_72' title='bbox 265 967 388 1012; x_wconf 85' lang='lat' dir='ltr'><strong>esse</strong></span> <span class='ocrx_word' id='word_1_73' title='bbox 425 954 685 1019; x_wconf 84' lang='lat' dir='ltr'><strong>carnalia,</strong></span> <span class='ocrx_word' id='word_1_74' title='bbox 729 953 973 1022; x_wconf 55' lang='lat' dir='ltr'><strong>quadam</strong></span> <span class='ocrx_word' id='word_1_75' title='bbox 1017 968 1149 1008; x_wconf 89' lang='lat' dir='ltr'><strong>vero</strong></span> <span class='ocrx_word' id='word_1_76' title='bbox 1180 953 1466 1022; x_wconf 83' lang='lat' dir='ltr'><strong>spiritalia.</strong></span> <span class='ocrx_word' id='word_1_77' title='bbox 1510 954 1577 1008; x_wconf 80' lang='lat' dir='ltr'><strong>Et.</strong></span> <span class='ocrx_word' id='word_1_78' title='bbox 1604 953 1691 1008; x_wconf 85' lang='lat' dir='ltr'><strong>illa</strong></span> 
     </span>
    </p>
   </div>
   <div class='ocr_carea' id='block_1_12' title="bbox 100 1043 1693 1116">
    <p class='ocr_par' dir='ltr' id='par_1_12' title="bbox 100 1043 1693 1116">
     <span class='ocr_line' id='line_1_12' title="bbox 100 1043 1693 1116; baseline -0.001 -16"><span class='ocrx_word' id='word_1_79' title='bbox 100 1047 320 1116; x_wconf 86' lang='lat' dir='ltr'><strong>quidem</strong></span> <span class='ocrx_word' id='word_1_80' title='bbox 358 1045 618 1112; x_wconf 82' lang='lat' dir='ltr'><strong>carnalia,</strong></span> <span class='ocrx_word' id='word_1_81' title='bbox 651 1059 772 1115; x_wconf 75' lang='lat' dir='ltr'><strong>quat</strong></span> <span class='ocrx_word' id='word_1_82' title='bbox 804 1043 1120 1114; x_wconf 87' lang='lat' dir='ltr'><strong>specialiter</strong></span> <span class='ocrx_word' id='word_1_83' title='bbox 1161 1043 1229 1099; x_wconf 90' lang='lat' dir='ltr'><strong>ad</strong></span> <span class='ocrx_word' id='word_1_84' title='bbox 1261 1045 1506 1099; x_wconf 88' lang='lat' dir='ltr'><strong>fomitem</strong></span> <span class='ocrx_word' id='word_1_85' title='bbox 1548 1057 1602 1098; x_wconf 86' lang='lat' dir='ltr'><strong>et</strong></span> <span class='ocrx_word' id='word_1_86' title='bbox 1628 1043 1693 1098; x_wconf 91' lang='lat' dir='ltr'><strong>ad</strong></span> 
     </span>
    </p>
   </div>
   <div class='ocr_carea' id='block_1_13' title="bbox 103 1136 1696 1206">
    <p class='ocr_par' dir='ltr' id='par_1_13' title="bbox 103 1136 1696 1206">
     <span class='ocr_line' id='line_1_13' title="bbox 103 1136 1696 1206; baseline -0.001 -16"><span class='ocrx_word' id='word_1_87' title='bbox 103 1151 320 1192; x_wconf 87' lang='lat' dir='ltr'><strong>sensum</strong></span> <span class='ocrx_word' id='word_1_88' title='bbox 363 1137 645 1206; x_wconf 84' lang='lat' dir='ltr'><strong>pertinent</strong></span> <span class='ocrx_word' id='word_1_89' title='bbox 685 1136 890 1201; x_wconf 90' lang='lat' dir='ltr'><strong>carnis,</strong></span> <span class='ocrx_word' id='word_1_90' title='bbox 918 1137 1117 1206; x_wconf 84' lang='lat' dir='ltr'><strong>quibus</strong></span> <span class='ocrx_word' id='word_1_91' title='bbox 1157 1137 1249 1191; x_wconf 87' lang='lat' dir='ltr'><strong>illa</strong></span> <span class='ocrx_word' id='word_1_92' title='bbox 1293 1137 1366 1190; x_wconf 89' lang='lat' dir='ltr'><strong>ita</strong></span> <span class='ocrx_word' id='word_1_93' title='bbox 1399 1136 1696 1191; x_wconf 82' lang='lat' dir='ltr'><strong>delectatur</strong></span> 
     </span>
    </p>
   </div>
   <div class='ocr_carea' id='block_1_14' title="bbox 102 1229 1697 1301">
    <p class='ocr_par' dir='ltr' id='par_1_14' title="bbox 102 1229 1697 1301">
     <span class='ocr_line' id='line_1_14' title="bbox 102 1229 1697 1301; baseline -0.001 -18"><span class='ocrx_word' id='word_1_94' title='bbox 102 1246 167 1285; x_wconf 89' lang='lat' dir='ltr'><strong>ac</strong></span> <span class='ocrx_word' id='word_1_95' title='bbox 187 1231 451 1301; x_wconf 88' lang='lat' dir='ltr'><strong>pascitur,</strong></span> <span class='ocrx_word' id='word_1_96' title='bbox 480 1239 537 1283; x_wconf 90' lang='lat' dir='ltr'><strong>ut</strong></span> <span class='ocrx_word' id='word_1_97' title='bbox 564 1229 726 1284; x_wconf 87' lang='lat' dir='ltr'><strong>etiam</strong></span> <span class='ocrx_word' id='word_1_98' title='bbox 749 1229 966 1297; x_wconf 88' lang='lat' dir='ltr'><strong>quietas</strong></span> <span class='ocrx_word' id='word_1_99' title='bbox 997 1229 1188 1284; x_wconf 89' lang='lat' dir='ltr'><strong>incitet</strong></span> <span class='ocrx_word' id='word_1_100' title='bbox 1216 1237 1448 1293; x_wconf 89' lang='lat' dir='ltr'><strong>mentes,</strong></span> <span class='ocrx_word' id='word_1_101' title='bbox 1477 1229 1697 1282; x_wconf 86' lang='lat' dir='ltr'><strong>invitas-</strong></span> 
     </span>
    </p>
   </div>
   <div class='ocr_carea' id='block_1_15' title="bbox 103 1317 1698 1392">
    <p class='ocr_par' dir='ltr' id='par_1_15' title="bbox 103 1317 1698 1392">
     <span class='ocr_line' id='line_1_15' title="bbox 103 1317 1698 1392; baseline -0.002 -17"><span class='ocrx_word' id='word_1_102' title='bbox 103 1335 210 1392; x_wconf 87' lang='lat' dir='ltr'><strong>que</strong></span> <span class='ocrx_word' id='word_1_103' title='bbox 241 1331 337 1376; x_wconf 81' lang='lat' dir='ltr'><strong>eas</strong></span> <span class='ocrx_word' id='word_1_104' title='bbox 380 1333 786 1390; x_wconf 88' lang='lat' dir='ltr'><strong>nonnumquam</strong></span> <span class='ocrx_word' id='word_1_105' title='bbox 830 1317 1112 1388; x_wconf 83' lang='lat' dir='ltr'><strong>pertrabat</strong></span> <span class='ocrx_word' id='word_1_106' title='bbox 1151 1319 1217 1372; x_wconf 89' lang='lat' dir='ltr'><strong>ad</strong></span> <span class='ocrx_word' id='word_1_107' title='bbox 1259 1333 1372 1373; x_wconf 77' lang='lat' dir='ltr'><strong>sua:</strong></span> <span class='ocrx_word' id='word_1_108' title='bbox 1396 1319 1698 1373; x_wconf 83' lang='lat' dir='ltr'><strong>voluntatis</strong></span> 
     </span>
    </p>
   </div>
   <div class='ocr_carea' id='block_1_16' title="bbox 103 1407 1698 1480">
    <p class='ocr_par' dir='ltr' id='par_1_16' title="bbox 103 1407 1698 1480">
     <span class='ocr_line' id='line_1_16' title="bbox 103 1407 1698 1480; baseline -0.003 -14"><span class='ocrx_word' id='word_1_109' title='bbox 103 1421 409 1466; x_wconf 78' lang='lat' dir='ltr'><strong>assensum.</strong></span> <span class='ocrx_word' id='word_1_110' title='bbox 463 1411 542 1466; x_wconf 88' lang='lat' dir='ltr'><strong>De</strong></span> <span class='ocrx_word' id='word_1_111' title='bbox 577 1411 777 1480; x_wconf 83' lang='lat' dir='ltr'><strong>quibus</strong></span> <span class='ocrx_word' id='word_1_112' title='bbox 817 1409 1010 1464; x_wconf 82' lang='lat' dir='ltr'><strong>beatus</strong></span> <span class='ocrx_word' id='word_1_113' title='bbox 1050 1409 1342 1478; x_wconf 84' lang='lat' dir='ltr'><strong>Apostolus</strong></span> <span class='ocrx_word' id='word_1_114' title='bbox 1376 1407 1698 1477; x_wconf 87' lang='lat' dir='ltr'><strong>quibusdam</strong></span> 
     </span>
    </p>
   </div>
   <div class='ocr_carea' id='block_1_17' title="bbox 104 1502 1693 1573">
    <p class='ocr_par' dir='ltr' id='par_1_17' title="bbox 104 1502 1693 1573">
     <span class='ocr_line' id='line_1_17' title="bbox 104 1502 1693 1573; baseline -0.001 -15"><span class='ocrx_word' id='word_1_115' title='bbox 104 1505 179 1559; x_wconf 87' lang='lat' dir='ltr'><strong>ait</strong></span> <span class='ocrx_word' id='word_1_116' title='bbox 205 1522 216 1558; x_wconf 91' lang='lat'><strong>:</strong></span> <span class='ocrx_word' id='word_1_117' title='bbox 248 1503 314 1559; x_wconf 81' lang='lat' dir='ltr'><strong>Et</strong></span> <span class='ocrx_word' id='word_1_118' title='bbox 339 1520 430 1558; x_wconf 91' lang='lat' dir='ltr'><strong>nos</strong></span> <span class='ocrx_word' id='word_1_119' title='bbox 455 1519 632 1557; x_wconf 80' lang='lat' dir='ltr'><strong>omnes</strong></span> <span class='ocrx_word' id='word_1_120' title='bbox 659 1502 952 1573; x_wconf 82' lang='lat' dir='ltr'><strong>aliquando</strong></span> <span class='ocrx_word' id='word_1_121' title='bbox 989 1503 1281 1556; x_wconf 86' lang='lat' dir='ltr'><strong>conversati</strong></span> <span class='ocrx_word' id='word_1_122' title='bbox 1313 1519 1492 1556; x_wconf 82' lang='lat' dir='ltr'><strong>sumus</strong></span> <span class='ocrx_word' id='word_1_123' title='bbox 1516 1504 1572 1556; x_wconf 89' lang='lat' dir='ltr'><strong>in</strong></span> <span class='ocrx_word' id='word_1_124' title='bbox 1599 1502 1693 1557; x_wconf 82' lang='lat' dir='ltr'><strong>de-</strong></span> 
     </span>
    </p>
   </div>
   <div class='ocr_carea' id='block_1_18' title="bbox 103 1592 1686 1662">
    <p class='ocr_par' dir='ltr' id='par_1_18' title="bbox 103 1592 1686 1662">
     <span class='ocr_line' id='line_1_18' title="bbox 103 1592 1686 1662; baseline -0.003 -13"><span class='ocrx_word' id='word_1_125' title='bbox 103 1596 311 1650; x_wconf 88' lang='lat' dir='ltr'><strong>sideriis</strong></span> <span class='ocrx_word' id='word_1_126' title='bbox 340 1594 514 1649; x_wconf 85' lang='lat' dir='ltr'><strong>carnis</strong></span> <span class='ocrx_word' id='word_1_127' title='bbox 563 1602 776 1658; x_wconf 68' lang='lat' dir='ltr'><strong>nostris,</strong></span> <span class='ocrx_word' id='word_1_128' title='bbox 812 1593 1062 1662; x_wconf 80' lang='lat' dir='ltr'><strong>facientes</strong></span> <span class='ocrx_word' id='word_1_129' title='bbox 1095 1592 1405 1647; x_wconf 78' lang='lat' dir='ltr'><strong>voluntatem</strong></span> <span class='ocrx_word' id='word_1_130' title='bbox 1440 1594 1609 1647; x_wconf 84' lang='lat' dir='ltr'><strong>carnis</strong></span> <span class='ocrx_word' id='word_1_131' title='bbox 1637 1599 1686 1646; x_wconf 90' lang='lat' dir='ltr'><strong>et</strong></span> 
     </span>
    </p>
   </div>
   <div class='ocr_carea' id='block_1_19' title="bbox 1783 407 3366 478">
    <p class='ocr_par' dir='ltr' id='par_1_19' title="bbox 1783 407 3366 478">
     <span class='ocr_line' id='line_1_19' title="bbox 1783 407 3366 478; baseline 0.002 -15"><span class='ocrx_word' id='word_1_132' title='bbox 1783 407 1990 463; x_wconf 84' lang='lat' dir='ltr'><strong>nalium</strong></span> <span class='ocrx_word' id='word_1_133' title='bbox 2025 409 2339 478; x_wconf 86' lang='lat' dir='ltr'><strong>passionum</strong></span> <span class='ocrx_word' id='word_1_134' title='bbox 2369 409 2513 476; x_wconf 88' lang='lat' dir='ltr'><strong>ipsas</strong></span> <span class='ocrx_word' id='word_1_135' title='bbox 2539 408 2794 464; x_wconf 88' lang='lat' dir='ltr'><strong>materias</strong></span> <span class='ocrx_word' id='word_1_136' title='bbox 2823 409 2924 464; x_wconf 82' lang='lat' dir='ltr'><strong>sibi</strong></span> <span class='ocrx_word' id='word_1_137' title='bbox 2957 410 3202 478; x_wconf 84' lang='lat' dir='ltr'><strong>primitus</strong></span> <span class='ocrx_word' id='word_1_138' title='bbox 3231 412 3366 466; x_wconf 86' lang='lat' dir='ltr'><strong>sub-</strong></span> 
     </span>
    </p>
   </div>
   <div class='ocr_carea' id='block_1_20' title="bbox 1785 499 3372 569">
    <p class='ocr_par' dir='ltr' id='par_1_20' title="bbox 1785 499 3372 569">
     <span class='ocr_line' id='line_1_20' title="bbox 1785 499 3372 569; baseline 0.004 -17"><span class='ocrx_word' id='word_1_139' title='bbox 1785 499 2024 566; x_wconf 85' lang='lat' dir='ltr'><strong>trahant,</strong></span> <span class='ocrx_word' id='word_1_140' title='bbox 2068 499 2260 568; x_wconf 88' lang='lat' dir='ltr'><strong>quibus</strong></span> <span class='ocrx_word' id='word_1_141' title='bbox 2311 509 2492 569; x_wconf 90' lang='lat' dir='ltr'><strong>potest</strong></span> <span class='ocrx_word' id='word_1_142' title='bbox 2545 500 2630 555; x_wconf 89' lang='lat' dir='ltr'><strong>vel</strong></span> <span class='ocrx_word' id='word_1_143' title='bbox 2679 501 2896 556; x_wconf 86' lang='lat' dir='ltr'><strong>occasio</strong></span> <span class='ocrx_word' id='word_1_144' title='bbox 2935 501 3022 556; x_wconf 89' lang='lat' dir='ltr'><strong>vel</strong></span> <span class='ocrx_word' id='word_1_145' title='bbox 3066 502 3372 558; x_wconf 81' lang='lat' dir='ltr'><strong>recordatio</strong></span> 
     </span>
    </p>
   </div>
   <div class='ocr_carea' id='block_1_21' title="bbox 1789 590 3374 662">
    <p class='ocr_par' dir='ltr' id='par_1_21' title="bbox 1789 590 3374 662">
     <span class='ocr_line' id='line_1_21' title="bbox 1789 590 3374 662; baseline 0.003 -17"><span class='ocrx_word' id='word_1_146' title='bbox 1789 590 2103 646; x_wconf 83' lang='lat' dir='ltr'><strong>earumdem</strong></span> <span class='ocrx_word' id='word_1_147' title='bbox 2129 593 2442 661; x_wconf 85' lang='lat' dir='ltr'><strong>passionum</strong></span> <span class='ocrx_word' id='word_1_148' title='bbox 2473 593 2756 661; x_wconf 74' lang='lat' dir='ltr'><strong>mgrotanti</strong></span> <span class='ocrx_word' id='word_1_149' title='bbox 2783 591 2959 647; x_wconf 66' lang='lat' dir='ltr'><strong>adhuc</strong></span> <span class='ocrx_word' id='word_1_150' title='bbox 2983 593 3178 648; x_wconf 66' lang='lat' dir='ltr'><strong>animae</strong></span> <span class='ocrx_word' id='word_1_151' title='bbox 3207 609 3374 662; x_wconf 77' lang='lat' dir='ltr'><strong>gene-</strong></span> 
     </span>
    </p>
   </div>
   <div class='ocr_carea' id='block_1_22' title="bbox 1785 682 3376 755">
    <p class='ocr_par' dir='ltr' id='par_1_22' title="bbox 1785 682 3376 755">
     <span class='ocr_line' id='line_1_22' title="bbox 1785 682 3376 755; baseline 0.003 -18"><span class='ocrx_word' id='word_1_152' title='bbox 1785 683 1915 737; x_wconf 86' lang='lat' dir='ltr'><strong>rari.</strong></span> <span class='ocrx_word' id='word_1_153' title='bbox 1949 682 2181 738; x_wconf 81' lang='lat' dir='ltr'><strong>Necesse</strong></span> <span class='ocrx_word' id='word_1_154' title='bbox 2213 693 2294 738; x_wconf 88' lang='lat' dir='ltr'><strong>est</strong></span> <span class='ocrx_word' id='word_1_155' title='bbox 2321 685 2464 738; x_wconf 88' lang='lat' dir='ltr'><strong>enim</strong></span> <span class='ocrx_word' id='word_1_156' title='bbox 2499 692 2559 738; x_wconf 90' lang='lat' dir='ltr'><strong>ut</strong></span> <span class='ocrx_word' id='word_1_157' title='bbox 2587 685 2780 739; x_wconf 84' lang='lat' dir='ltr'><strong>morbo</strong></span> <span class='ocrx_word' id='word_1_158' title='bbox 2809 684 3006 754; x_wconf 88' lang='lat' dir='ltr'><strong>duplici</strong></span> <span class='ocrx_word' id='word_1_159' title='bbox 3034 685 3234 755; x_wconf 82' lang='lat' dir='ltr'><strong>duplex</strong></span> <span class='ocrx_word' id='word_1_160' title='bbox 3280 687 3376 741; x_wconf 87' lang='lat' dir='ltr'><strong>ad-</strong></span> 
     </span>
    </p>
   </div>
   <div class='ocr_carea' id='block_1_23' title="bbox 1789 773 3377 846">
    <p class='ocr_par' dir='ltr' id='par_1_23' title="bbox 1789 773 3377 846">
     <span class='ocr_line' id='line_1_23' title="bbox 1789 773 3377 846; baseline 0.003 -18"><span class='ocrx_word' id='word_1_161' title='bbox 1789 773 2041 829; x_wconf 87' lang='lat' dir='ltr'><strong>hibeatur</strong></span> <span class='ocrx_word' id='word_1_162' title='bbox 2078 778 2308 830; x_wconf 86' lang='lat' dir='ltr'><strong>curatio.</strong></span> <span class='ocrx_word' id='word_1_163' title='bbox 2343 775 2477 830; x_wconf 82' lang='lat' dir='ltr'><strong>Nam</strong></span> <span class='ocrx_word' id='word_1_164' title='bbox 2504 777 2721 845; x_wconf 87' lang='lat' dir='ltr'><strong>corpori</strong></span> <span class='ocrx_word' id='word_1_165' title='bbox 2750 791 2820 831; x_wconf 89' lang='lat' dir='ltr'><strong>ne</strong></span> <span class='ocrx_word' id='word_1_166' title='bbox 2841 777 3291 846; x_wconf 81' lang='lat' dir='ltr'><strong>concupiscentia</strong></span> <span class='ocrx_word' id='word_1_167' title='bbox 3322 777 3377 833; x_wconf 89' lang='lat' dir='ltr'><strong>in</strong></span> 
     </span>
    </p>
   </div>
   <div class='ocr_carea' id='block_1_24' title="bbox 1793 865 3379 938">
    <p class='ocr_par' dir='ltr' id='par_1_24' title="bbox 1793 865 3379 938">
     <span class='ocr_line' id='line_1_24' title="bbox 1793 865 3379 938; baseline 0.003 -17"><span class='ocrx_word' id='word_1_168' title='bbox 1793 865 2042 921; x_wconf 78' lang='lat' dir='ltr'><strong>eﬂ‘ectum</strong></span> <span class='ocrx_word' id='word_1_169' title='bbox 2095 875 2270 923; x_wconf 88' lang='lat' dir='ltr'><strong>tentet</strong></span> <span class='ocrx_word' id='word_1_170' title='bbox 2300 881 2672 937; x_wconf 88' lang='lat' dir='ltr'><strong>prorumpere,</strong></span> <span class='ocrx_word' id='word_1_171' title='bbox 2711 869 3024 924; x_wconf 83' lang='lat' dir='ltr'><strong>necessario</strong></span> <span class='ocrx_word' id='word_1_172' title='bbox 3071 869 3284 938; x_wconf 84' lang='lat' dir='ltr'><strong>efﬁgies</strong></span> <span class='ocrx_word' id='word_1_173' title='bbox 3327 881 3379 926; x_wconf 90' lang='lat' dir='ltr'><strong>et</strong></span> 
     </span>
    </p>
   </div>
   <div class='ocr_carea' id='block_1_25' title="bbox 1795 955 3376 1024">
    <p class='ocr_par' dir='ltr' id='par_1_25' title="bbox 1795 955 3376 1024">
     <span class='ocr_line' id='line_1_25' title="bbox 1795 955 3376 1024; baseline 0.001 -13"><span class='ocrx_word' id='word_1_174' title='bbox 1795 957 2020 1011; x_wconf 82' lang='lat' dir='ltr'><strong>materia</strong></span> <span class='ocrx_word' id='word_1_175' title='bbox 2062 957 2294 1012; x_wconf 87' lang='lat' dir='ltr'><strong>illiciens</strong></span> <span class='ocrx_word' id='word_1_176' title='bbox 2320 955 2683 1012; x_wconf 84' lang='lat' dir='ltr'><strong>subtrahenda</strong></span> <span class='ocrx_word' id='word_1_177' title='bbox 2731 967 2843 1024; x_wconf 90' lang='lat' dir='ltr'><strong>est;</strong></span> <span class='ocrx_word' id='word_1_178' title='bbox 2875 968 2930 1013; x_wconf 90' lang='lat' dir='ltr'><strong>et</strong></span> <span class='ocrx_word' id='word_1_179' title='bbox 2959 958 3152 1013; x_wconf 75' lang='lat' dir='ltr'><strong>anima:</strong></span> <span class='ocrx_word' id='word_1_180' title='bbox 3177 959 3376 1013; x_wconf 84' lang='lat' dir='ltr'><strong>nihilo-</strong></span> 
     </span>
    </p>
   </div>
   <div class='ocr_carea' id='block_1_26' title="bbox 1796 1051 3379 1122">
    <p class='ocr_par' dir='ltr' id='par_1_26' title="bbox 1796 1051 3379 1122">
     <span class='ocr_line' id='line_1_26' title="bbox 1796 1051 3379 1122; baseline 0.001 -17"><span class='ocrx_word' id='word_1_181' title='bbox 1796 1053 1997 1118; x_wconf 90' lang='lat' dir='ltr'><strong>minus,</strong></span> <span class='ocrx_word' id='word_1_182' title='bbox 2031 1065 2098 1106; x_wconf 91' lang='lat' dir='ltr'><strong>ne</strong></span> <span class='ocrx_word' id='word_1_183' title='bbox 2143 1067 2260 1106; x_wconf 84' lang='lat' dir='ltr'><strong>eam</strong></span> <span class='ocrx_word' id='word_1_184' title='bbox 2292 1052 2375 1106; x_wconf 88' lang='lat' dir='ltr'><strong>vel</strong></span> <span class='ocrx_word' id='word_1_185' title='bbox 2420 1051 2742 1122; x_wconf 72' lang='lat' dir='ltr'><strong>cogitatione</strong></span> <span class='ocrx_word' id='word_1_186' title='bbox 2777 1051 3073 1122; x_wconf 81' lang='lat' dir='ltr'><strong>concipiat,</strong></span> <span class='ocrx_word' id='word_1_187' title='bbox 3121 1052 3379 1106; x_wconf 86' lang='lat' dir='ltr'><strong>attentior</strong></span> 
     </span>
    </p>
   </div>
   <div class='ocr_carea' id='block_1_27' title="bbox 1800 1143 3372 1214">
    <p class='ocr_par' dir='ltr' id='par_1_27' title="bbox 1800 1143 3372 1214">
     <span class='ocr_line' id='line_1_27' title="bbox 1800 1143 3372 1214; baseline 0.001 -17"><span class='ocrx_word' id='word_1_188' title='bbox 1800 1143 2080 1198; x_wconf 84' lang='lat' dir='ltr'><strong>meditatio</strong></span> <span class='ocrx_word' id='word_1_189' title='bbox 2109 1143 2510 1213; x_wconf 89' lang='lat' dir='ltr'><strong>Scripturarum</strong></span> <span class='ocrx_word' id='word_1_190' title='bbox 2537 1152 2593 1198; x_wconf 89' lang='lat' dir='ltr'><strong>et</strong></span> <span class='ocrx_word' id='word_1_191' title='bbox 2616 1143 2926 1199; x_wconf 88' lang='lat' dir='ltr'><strong>sollicitudo</strong></span> <span class='ocrx_word' id='word_1_192' title='bbox 2947 1144 3170 1214; x_wconf 80' lang='lat' dir='ltr'><strong>pervigil</strong></span> <span class='ocrx_word' id='word_1_193' title='bbox 3199 1159 3261 1198; x_wconf 89' lang='lat' dir='ltr'><strong>ac</strong></span> <span class='ocrx_word' id='word_1_194' title='bbox 3287 1159 3372 1199; x_wconf 90' lang='lat' dir='ltr'><strong>re-</strong></span> 
     </span>
    </p>
   </div>
   <div class='ocr_carea' id='block_1_28' title="bbox 1799 1234 3379 1304">
    <p class='ocr_par' dir='ltr' id='par_1_28' title="bbox 1799 1234 3379 1304">
     <span class='ocr_line' id='line_1_28' title="bbox 1799 1234 3379 1304; baseline 0.001 -15"><span class='ocrx_word' id='word_1_195' title='bbox 1799 1236 1967 1290; x_wconf 91' lang='lat' dir='ltr'><strong>motio</strong></span> <span class='ocrx_word' id='word_1_196' title='bbox 2020 1234 2332 1290; x_wconf 87' lang='lat' dir='ltr'><strong>solitudinis</strong></span> <span class='ocrx_word' id='word_1_197' title='bbox 2369 1235 2574 1290; x_wconf 87' lang='lat' dir='ltr'><strong>utiliter</strong></span> <span class='ocrx_word' id='word_1_198' title='bbox 2621 1236 2964 1304; x_wconf 84' lang='lat' dir='ltr'><strong>apponenda.</strong></span> <span class='ocrx_word' id='word_1_199' title='bbox 2999 1245 3020 1273; x_wconf 80' lang='grc' dir='ltr'><strong>ο</strong></span> <span class='ocrx_word' id='word_1_200' title='bbox 3063 1235 3120 1288; x_wconf 91' lang='lat' dir='ltr'><strong>ln</strong></span> <span class='ocrx_word' id='word_1_201' title='bbox 3163 1235 3379 1290; x_wconf 65' lang='lat' dir='ltr'><strong>caeteris</strong></span> 
     </span>
    </p>
   </div>
   <div class='ocr_carea' id='block_1_29' title="bbox 1800 1327 3380 1397">
    <p class='ocr_par' dir='ltr' id='par_1_29' title="bbox 1800 1327 3380 1397">
     <span class='ocr_line' id='line_1_29' title="bbox 1800 1327 3380 1397; baseline 0.001 -17"><span class='ocrx_word' id='word_1_202' title='bbox 1800 1336 1980 1382; x_wconf 88' lang='lat' dir='ltr'><strong>autem</strong></span> <span class='ocrx_word' id='word_1_203' title='bbox 2027 1327 2169 1382; x_wconf 90' lang='lat' dir='ltr'><strong>vitiis</strong></span> <span class='ocrx_word' id='word_1_204' title='bbox 2211 1328 2445 1381; x_wconf 88' lang='lat' dir='ltr'><strong>humana</strong></span> <span class='ocrx_word' id='word_1_205' title='bbox 2486 1329 2754 1382; x_wconf 84' lang='lat' dir='ltr'><strong>consortia</strong></span> <span class='ocrx_word' id='word_1_206' title='bbox 2796 1327 2928 1380; x_wconf 90' lang='lat' dir='ltr'><strong>nihil</strong></span> <span class='ocrx_word' id='word_1_207' title='bbox 2954 1327 3184 1393; x_wconf 87' lang='lat' dir='ltr'><strong>obsunt;</strong></span> <span class='ocrx_word' id='word_1_208' title='bbox 3223 1328 3380 1397; x_wconf 84' lang='lat' dir='ltr'><strong>quin-</strong></span> 
     </span>
    </p>
   </div>
   <div class='ocr_carea' id='block_1_30' title="bbox 1802 1417 3380 1488">
    <p class='ocr_par' dir='ltr' id='par_1_30' title="bbox 1802 1417 3380 1488">
     <span class='ocr_line' id='line_1_30' title="bbox 1802 1417 3380 1488; baseline 0.002 -16"><span class='ocrx_word' id='word_1_209' title='bbox 1802 1420 1966 1474; x_wconf 90' lang='lat' dir='ltr'><strong>immo</strong></span> <span class='ocrx_word' id='word_1_210' title='bbox 1997 1419 2157 1473; x_wconf 88' lang='lat' dir='ltr'><strong>etiam</strong></span> <span class='ocrx_word' id='word_1_211' title='bbox 2193 1419 2489 1488; x_wconf 83' lang='lat' dir='ltr'><strong>plurimum</strong></span> <span class='ocrx_word' id='word_1_212' title='bbox 2520 1417 2803 1474; x_wconf 88' lang='lat' dir='ltr'><strong>conferunt</strong></span> <span class='ocrx_word' id='word_1_213' title='bbox 2843 1418 2926 1474; x_wconf 81' lang='lat' dir='ltr'><strong>liis</strong></span> <span class='ocrx_word' id='word_1_214' title='bbox 2955 1419 3043 1486; x_wconf 86' lang='lat' dir='ltr'><strong>qui</strong></span> <span class='ocrx_word' id='word_1_215' title='bbox 3075 1434 3263 1475; x_wconf 84' lang='lat' dir='ltr'><strong>carere</strong></span> <span class='ocrx_word' id='word_1_216' title='bbox 3299 1421 3380 1476; x_wconf 89' lang='lat' dir='ltr'><strong>eis</strong></span> 
     </span>
    </p>
   </div>
   <div class='ocr_carea' id='block_1_31' title="bbox 1801 1511 3382 1581">
    <p class='ocr_par' dir='ltr' id='par_1_31' title="bbox 1801 1511 3382 1581">
     <span class='ocr_line' id='line_1_31' title="bbox 1801 1511 3382 1581; baseline 0.001 -15"><span class='ocrx_word' id='word_1_217' title='bbox 1801 1513 1854 1566; x_wconf 93' lang='lat' dir='ltr'><strong>in</strong></span> <span class='ocrx_word' id='word_1_218' title='bbox 1913 1511 2137 1566; x_wconf 88' lang='lat' dir='ltr'><strong>veritate</strong></span> <span class='ocrx_word' id='word_1_219' title='bbox 2176 1511 2524 1575; x_wconf 84' lang='lat' dir='ltr'><strong>desiderant,</strong></span> <span class='ocrx_word' id='word_1_220' title='bbox 2585 1512 2707 1581; x_wconf 85' lang='lat' dir='ltr'><strong>quia</strong></span> <span class='ocrx_word' id='word_1_221' title='bbox 2756 1511 3056 1580; x_wconf 87' lang='lat' dir='ltr'><strong>frequentia</strong></span> <span class='ocrx_word' id='word_1_222' title='bbox 3107 1511 3382 1567; x_wconf 86' lang='lat' dir='ltr'><strong>hominum</strong></span> 
     </span>
    </p>
   </div>
   <div class='ocr_carea' id='block_1_32' title="bbox 1802 1603 3383 1673">
    <p class='ocr_par' dir='ltr' id='par_1_32' title="bbox 1802 1603 3383 1673">
     <span class='ocr_line' id='line_1_32' title="bbox 1802 1603 3383 1673; baseline 0.002 -16"><span class='ocrx_word' id='word_1_223' title='bbox 1802 1605 1969 1673; x_wconf 81' lang='lat' dir='ltr'><strong>magis</strong></span> <span class='ocrx_word' id='word_1_224' title='bbox 2003 1612 2322 1673; x_wconf 85' lang='lat' dir='ltr'><strong>arguuntur;</strong></span> <span class='ocrx_word' id='word_1_225' title='bbox 2369 1613 2423 1657; x_wconf 90' lang='lat' dir='ltr'><strong>et</strong></span> <span class='ocrx_word' id='word_1_226' title='bbox 2453 1603 2580 1657; x_wconf 90' lang='lat' dir='ltr'><strong>dum</strong></span> <span class='ocrx_word' id='word_1_227' title='bbox 2627 1603 2878 1657; x_wconf 82' lang='lat' dir='ltr'><strong>lacessita</strong></span> <span class='ocrx_word' id='word_1_228' title='bbox 2920 1604 3170 1659; x_wconf 89' lang='lat' dir='ltr'><strong>crebrius</strong></span> <span class='ocrx_word' id='word_1_229' title='bbox 3219 1605 3383 1660; x_wconf 69' lang='lat' dir='ltr'><strong>mani~</strong></span> 
     </span>
    </p>
   </div>
   <div class='ocr_carea' id='block_1_33' title="bbox 102 1685 1708 1764">
    <p class='ocr_par' dir='ltr' id='par_1_33' title="bbox 102 1685 1691 1756">
     <span class='ocr_line' id='line_1_33' title="bbox 102 1685 1691 1756; baseline 0 -16"><span class='ocrx_word' id='word_1_230' title='bbox 102 1688 495 1756; x_wconf 78' lang='lat' dir='ltr'><strong>cogitationum,</strong></span> <span class='ocrx_word' id='word_1_231' title='bbox 529 1696 575 1739; x_wconf 90' lang='lat' dir='ltr'><strong>et</strong></span> <span class='ocrx_word' id='word_1_232' title='bbox 601 1701 808 1739; x_wconf 82' lang='lat' dir='ltr'><strong>eramus</strong></span> <span class='ocrx_word' id='word_1_233' title='bbox 844 1695 1034 1739; x_wconf 84' lang='lat' dir='ltr'><strong>natura</strong></span> <span class='ocrx_word' id='word_1_234' title='bbox 1060 1685 1160 1755; x_wconf 77' lang='lat' dir='ltr'><strong>filii</strong></span> <span class='ocrx_word' id='word_1_235' title='bbox 1201 1687 1314 1749; x_wconf 66' lang='lat' dir='ltr'><strong>iraa,</strong></span> <span class='ocrx_word' id='word_1_236' title='bbox 1350 1687 1481 1739; x_wconf 76' lang='lat' dir='ltr'><strong>sicut</strong></span> <span class='ocrx_word' id='word_1_237' title='bbox 1513 1695 1559 1740; x_wconf 88' lang='lat' dir='ltr'><strong>et</strong></span> <span class='ocrx_word' id='word_1_238' title='bbox 1587 1701 1691 1740; x_wconf 80' lang='lat' dir='ltr'><strong>cte-</strong></span> 
     </span>
    </p>
   </div>
   <div class='ocr_carea' id='block_1_34' title="bbox 1815 1685 3309 1764">
    <p class='ocr_par' dir='ltr' id='par_1_34' title="bbox 1815 1695 3309 1764">
     <span class='ocr_line' id='line_1_34' title="bbox 1815 1695 3309 1764; baseline 0 -13"><span class='ocrx_word' id='word_1_239' title='bbox 1815 1695 2087 1762; x_wconf 79' lang='lat' dir='ltr'><strong>‘estantur,</strong></span> <span class='ocrx_word' id='word_1_240' title='bbox 2114 1697 2279 1751; x_wconf 89' lang='lat' dir='ltr'><strong>celeri</strong></span> <span class='ocrx_word' id='word_1_241' title='bbox 2315 1695 2576 1750; x_wconf 80' lang='lat' dir='ltr'><strong>medicina</strong></span> <span class='ocrx_word' id='word_1_242' title='bbox 2613 1697 2935 1764; x_wconf 89' lang='lat' dir='ltr'><strong>perveniunt</strong></span> <span class='ocrx_word' id='word_1_243' title='bbox 2959 1696 3026 1751; x_wconf 90' lang='lat' dir='ltr'><strong>ad</strong></span> <span class='ocrx_word' id='word_1_244' title='bbox 3055 1697 3309 1753; x_wconf 87' lang='lat' dir='ltr'><strong>salutem.</strong></span> 
     </span>
    </p>
   </div>
   <div class='ocr_carea' id='block_1_35' title="bbox 103 1777 1696 1853">
    <p class='ocr_par' dir='ltr' id='par_1_35' title="bbox 103 1777 1696 1853">
     <span class='ocr_line' id='line_1_35' title="bbox 103 1777 1696 1853; baseline -0.002 -20"><span class='ocrx_word' id='word_1_245' title='bbox 103 1781 197 1834; x_wconf 86' lang='lat' dir='ltr'><strong>teri</strong></span> <span class='ocrx_word' id='word_1_246' title='bbox 221 1777 447 1853; x_wconf 85' lang='lat' dir='ltr'><strong>(Ephes.</strong></span> <span class='ocrx_word' id='word_1_247' title='bbox 480 1780 566 1848; x_wconf 85' lang='lat' dir='ltr'><strong>tt).</strong></span> <span class='ocrx_word' id='word_1_248' title='bbox 591 1778 870 1847; x_wconf 84' lang='lat' dir='ltr'><strong>Spiritalia</strong></span> <span class='ocrx_word' id='word_1_249' title='bbox 895 1793 1022 1832; x_wconf 87' lang='lat' dir='ltr'><strong>vero</strong></span> <span class='ocrx_word' id='word_1_250' title='bbox 1051 1777 1279 1832; x_wconf 86' lang='lat' dir='ltr'><strong>dicimus</strong></span> <span class='ocrx_word' id='word_1_251' title='bbox 1314 1792 1454 1847; x_wconf 66' lang='lat' dir='ltr'><strong>quae,</strong></span> <span class='ocrx_word' id='word_1_252' title='bbox 1500 1778 1696 1832; x_wconf 84' lang='lat' dir='ltr'><strong>instin-</strong></span> 
     </span>
    </p>
   </div>
   <div class='ocr_carea' id='block_1_36' title="bbox 103 1869 1696 1940">
    <p class='ocr_par' dir='ltr' id='par_1_36' title="bbox 103 1869 1696 1940">
     <span class='ocr_line' id='line_1_36' title="bbox 103 1869 1696 1940; baseline 0.001 -15"><span class='ocrx_word' id='word_1_253' title='bbox 103 1878 194 1926; x_wconf 91' lang='lat' dir='ltr'><strong>ctu</strong></span> <span class='ocrx_word' id='word_1_254' title='bbox 245 1869 444 1924; x_wconf 75' lang='lat' dir='ltr'><strong>animat</strong></span> <span class='ocrx_word' id='word_1_255' title='bbox 485 1869 654 1924; x_wconf 86' lang='lat' dir='ltr'><strong>solius</strong></span> <span class='ocrx_word' id='word_1_256' title='bbox 699 1880 836 1934; x_wconf 87' lang='lat' dir='ltr'><strong>orta,</strong></span> <span class='ocrx_word' id='word_1_257' title='bbox 869 1884 974 1924; x_wconf 90' lang='lat' dir='ltr'><strong>non</strong></span> <span class='ocrx_word' id='word_1_258' title='bbox 1016 1870 1189 1924; x_wconf 89' lang='lat' dir='ltr'><strong>solum</strong></span> <span class='ocrx_word' id='word_1_259' title='bbox 1242 1869 1375 1924; x_wconf 91' lang='lat' dir='ltr'><strong>nihil</strong></span> <span class='ocrx_word' id='word_1_260' title='bbox 1404 1871 1696 1940; x_wconf 85' lang='lat' dir='ltr'><strong>voluptatis</strong></span> 
     </span>
    </p>
   </div>
   <div class='ocr_carea' id='block_1_37' title="bbox 105 1962 1696 2034">
    <p class='ocr_par' dir='ltr' id='par_1_37' title="bbox 105 1962 1696 2034">
     <span class='ocr_line' id='line_1_37' title="bbox 105 1962 1696 2034; baseline 0.001 -15"><span class='ocrx_word' id='word_1_261' title='bbox 105 1962 400 2020; x_wconf 86' lang='lat' dir='ltr'><strong>conferunt</strong></span> <span class='ocrx_word' id='word_1_262' title='bbox 433 1963 604 2028; x_wconf 85' lang='lat' dir='ltr'><strong>carni,</strong></span> <span class='ocrx_word' id='word_1_263' title='bbox 634 1962 732 2018; x_wconf 84' lang='lat' dir='ltr'><strong>sed</strong></span> <span class='ocrx_word' id='word_1_264' title='bbox 765 1963 927 2017; x_wconf 87' lang='lat' dir='ltr'><strong>etiam</strong></span> <span class='ocrx_word' id='word_1_265' title='bbox 957 1962 1294 2032; x_wconf 82' lang='lat' dir='ltr'><strong>gravissimis</strong></span> <span class='ocrx_word' id='word_1_266' title='bbox 1321 1979 1439 2019; x_wconf 88' lang='lat' dir='ltr'><strong>eam</strong></span> <span class='ocrx_word' id='word_1_267' title='bbox 1468 1964 1696 2034; x_wconf 87' lang='lat' dir='ltr'><strong>languo-</strong></span> 
     </span>
    </p>
   </div>
   <div class='ocr_carea' id='block_1_38' title="bbox 104 2053 1698 2122">
    <p class='ocr_par' dir='ltr' id='par_1_38' title="bbox 104 2053 1698 2122">
     <span class='ocr_line' id='line_1_38' title="bbox 104 2053 1698 2122; baseline -0.001 -12"><span class='ocrx_word' id='word_1_268' title='bbox 104 2055 262 2112; x_wconf 82' lang='lat' dir='ltr'><strong>ribus</strong></span> <span class='ocrx_word' id='word_1_269' title='bbox 303 2053 617 2117; x_wconf 83' lang='lat' dir='ltr'><strong>aflicientia,</strong></span> <span class='ocrx_word' id='word_1_270' title='bbox 650 2053 974 2108; x_wconf 65' lang='lat' dir='ltr'><strong>miserrima:</strong></span> <span class='ocrx_word' id='word_1_271' title='bbox 994 2053 1346 2122; x_wconf 70' lang='lat' dir='ltr'><strong>iucunditatis</strong></span> <span class='ocrx_word' id='word_1_272' title='bbox 1377 2063 1532 2122; x_wconf 86' lang='lat' dir='ltr'><strong>pastu</strong></span> <span class='ocrx_word' id='word_1_273' title='bbox 1572 2055 1698 2109; x_wconf 86' lang='lat' dir='ltr'><strong>ani-</strong></span> 
     </span>
    </p>
   </div>
   <div class='ocr_carea' id='block_1_39' title="bbox 104 2144 1699 2213">
    <p class='ocr_par' dir='ltr' id='par_1_39' title="bbox 104 2144 1699 2213">
     <span class='ocr_line' id='line_1_39' title="bbox 104 2144 1699 2213; baseline 0.001 -12"><span class='ocrx_word' id='word_1_274' title='bbox 104 2161 256 2201; x_wconf 86' lang='lat' dir='ltr'><strong>mam</strong></span> <span class='ocrx_word' id='word_1_275' title='bbox 298 2153 506 2200; x_wconf 91' lang='lat' dir='ltr'><strong>tantum</strong></span> <span class='ocrx_word' id='word_1_276' title='bbox 550 2144 799 2198; x_wconf 90' lang='lat' dir='ltr'><strong>nutriunt</strong></span> <span class='ocrx_word' id='word_1_277' title='bbox 829 2151 1203 2213; x_wconf 81' lang='lat' dir='ltr'><strong>aegrotantem.</strong></span> <span class='ocrx_word' id='word_1_278' title='bbox 1238 2145 1304 2200; x_wconf 87' lang='lat' dir='ltr'><strong>Et</strong></span> <span class='ocrx_word' id='word_1_279' title='bbox 1343 2145 1550 2200; x_wconf 90' lang='lat' dir='ltr'><strong>idcirco</strong></span> <span class='ocrx_word' id='word_1_280' title='bbox 1581 2146 1699 2202; x_wconf 73' lang='lat' dir='ltr'><strong>haec</strong></span> 
     </span>
    </p>
   </div>
   <div class='ocr_carea' id='block_1_40' title="bbox 103 2235 1702 2309">
    <p class='ocr_par' dir='ltr' id='par_1_40' title="bbox 103 2235 1702 2309">
     <span class='ocr_line' id='line_1_40' title="bbox 103 2235 1702 2309; baseline 0 -16"><span class='ocrx_word' id='word_1_281' title='bbox 103 2238 329 2309; x_wconf 86' lang='lat' dir='ltr'><strong>quidem</strong></span> <span class='ocrx_word' id='word_1_282' title='bbox 359 2236 589 2306; x_wconf 88' lang='lat' dir='ltr'><strong>simplici</strong></span> <span class='ocrx_word' id='word_1_283' title='bbox 627 2235 808 2291; x_wconf 88' lang='lat' dir='ltr'><strong>cordis</strong></span> <span class='ocrx_word' id='word_1_284' title='bbox 836 2235 1084 2306; x_wconf 88' lang='lat' dir='ltr'><strong>indigent</strong></span> <span class='ocrx_word' id='word_1_285' title='bbox 1110 2236 1415 2304; x_wconf 86' lang='lat' dir='ltr'><strong>medicina;</strong></span> <span class='ocrx_word' id='word_1_286' title='bbox 1453 2254 1575 2308; x_wconf 70' lang='lat' dir='ltr'><strong>quae</strong></span> <span class='ocrx_word' id='word_1_287' title='bbox 1603 2255 1702 2294; x_wconf 88' lang='lat' dir='ltr'><strong>au-</strong></span> 
     </span>
    </p>
   </div>
   <div class='ocr_carea' id='block_1_41' title="bbox 106 2329 1698 2402">
    <p class='ocr_par' dir='ltr' id='par_1_41' title="bbox 106 2329 1698 2402">
     <span class='ocr_line' id='line_1_41' title="bbox 106 2329 1698 2402; baseline 0.001 -18"><span class='ocrx_word' id='word_1_288' title='bbox 106 2341 221 2385; x_wconf 88' lang='lat' dir='ltr'><strong>tem</strong></span> <span class='ocrx_word' id='word_1_289' title='bbox 265 2329 501 2385; x_wconf 89' lang='lat' dir='ltr'><strong>carnalia</strong></span> <span class='ocrx_word' id='word_1_290' title='bbox 531 2338 674 2395; x_wconf 89' lang='lat' dir='ltr'><strong>sunt,</strong></span> <span class='ocrx_word' id='word_1_291' title='bbox 713 2344 820 2382; x_wconf 90' lang='lat' dir='ltr'><strong>non</strong></span> <span class='ocrx_word' id='word_1_292' title='bbox 852 2329 956 2382; x_wconf 86' lang='lat' dir='ltr'><strong>nisi</strong></span> <span class='ocrx_word' id='word_1_293' title='bbox 984 2329 1208 2399; x_wconf 89' lang='lat' dir='ltr'><strong>duplici,</strong></span> <span class='ocrx_word' id='word_1_294' title='bbox 1244 2331 1698 2402; x_wconf 89' lang='lat' dir='ltr'><strong>quemadmodum</strong></span> 
     </span>
    </p>
   </div>
   <div class='ocr_carea' id='block_1_42' title="bbox 107 2421 1702 2493">
    <p class='ocr_par' dir='ltr' id='par_1_42' title="bbox 107 2421 1702 2493">
     <span class='ocr_line' id='line_1_42' title="bbox 107 2421 1702 2493; baseline 0.001 -12"><span class='ocrx_word' id='word_1_295' title='bbox 107 2423 373 2491; x_wconf 77' lang='lat' dir='ltr'><strong>diximus,</strong></span> <span class='ocrx_word' id='word_1_296' title='bbox 419 2421 486 2477; x_wconf 89' lang='lat' dir='ltr'><strong>ad</strong></span> <span class='ocrx_word' id='word_1_297' title='bbox 529 2423 811 2478; x_wconf 87' lang='lat' dir='ltr'><strong>sanitatem</strong></span> <span class='ocrx_word' id='word_1_298' title='bbox 843 2423 1120 2479; x_wconf 89' lang='lat' dir='ltr'><strong>curatione</strong></span> <span class='ocrx_word' id='word_1_299' title='bbox 1164 2425 1505 2493; x_wconf 87' lang='lat' dir='ltr'><strong>perveniunt.</strong></span> <span class='ocrx_word' id='word_1_300' title='bbox 1543 2424 1702 2483; x_wconf 88' lang='lat' dir='ltr'><strong>Unde</strong></span> 
     </span>
    </p>
   </div>
   <div class='ocr_carea' id='block_1_43' title="bbox 2423 1849 2755 1907">
    <p class='ocr_par' dir='ltr' id='par_1_43' title="bbox 2423 1849 2755 1907">
     <span class='ocr_line' id='line_1_43' title="bbox 2423 1849 2755 1907; baseline 0 -3"><span class='ocrx_word' id='word_1_301' title='bbox 2423 1849 2650 1907; x_wconf 69' lang='lat' dir='ltr'><strong>CAPUT</strong></span> <span class='ocrx_word' id='word_1_302' title='bbox 2693 1851 2755 1905; x_wconf 77' lang='grc' dir='ltr'><strong><em>ν.</em></strong></span> 
     </span>
    </p>
   </div>
   <div class='ocr_carea' id='block_1_44' title="bbox 1809 1943 3386 2027">
    <p class='ocr_par' dir='ltr' id='par_1_44' title="bbox 1809 1943 3386 2027">
     <span class='ocr_line' id='line_1_44' title="bbox 1809 1943 3386 2027; baseline 0.002 -25"><span class='ocrx_word' id='word_1_303' title='bbox 1809 1946 2076 2012; x_wconf 82' lang='lat' dir='ltr'><strong>Quomodo</strong></span> <span class='ocrx_word' id='word_1_304' title='bbox 2103 1943 2356 1999; x_wconf 80' lang='lat' dir='ltr'><strong>Dominus</strong></span> <span class='ocrx_word' id='word_1_305' title='bbox 2385 1954 2557 2027; x_wconf 82' lang='lat' dir='ltr'><strong>noster</strong></span> <span class='ocrx_word' id='word_1_306' title='bbox 2599 1945 2740 2027; x_wconf 81' lang='lat' dir='ltr'><strong>solus</strong></span> <span class='ocrx_word' id='word_1_307' title='bbox 2766 1945 2955 2017; x_wconf 82' lang='lat' dir='ltr'><strong>absque</strong></span> <span class='ocrx_word' id='word_1_308' title='bbox 2989 1957 3195 2018; x_wconf 85' lang='lat' dir='ltr'><strong>peccato</strong></span> <span class='ocrx_word' id='word_1_309' title='bbox 3224 1957 3386 2006; x_wconf 86' lang='lat' dir='ltr'><strong>tenta-</strong></span> 
     </span>
    </p>
   </div>
   <div class='ocr_carea' id='block_1_45' title="bbox 2502 2025 2674 2069">
    <p class='ocr_par' dir='ltr' id='par_1_45' title="bbox 2502 2025 2674 2069">
     <span class='ocr_line' id='line_1_45' title="bbox 2502 2025 2674 2069; baseline 0.012 -2"><span class='ocrx_word' id='word_1_310' title='bbox 2502 2025 2580 2069; x_wconf 88' lang='lat' dir='ltr'><strong>tus</strong></span> <span class='ocrx_word' id='word_1_311' title='bbox 2607 2025 2674 2069; x_wconf 86' lang='lat' dir='ltr'><strong>sit</strong></span> 
     </span>
    </p>
   </div>
   <div class='ocr_carea' id='block_1_46' title="bbox 1820 2149 3389 2222">
    <p class='ocr_par' dir='ltr' id='par_1_46' title="bbox 1820 2149 3389 2222">
     <span class='ocr_line' id='line_1_46' title="bbox 1820 2149 3389 2222; baseline 0.001 -15"><span class='ocrx_word' id='word_1_312' title='bbox 1820 2155 1826 2162; x_wconf 86' lang='lat'><strong><em>&#39;</em></strong></span> <span class='ocrx_word' id='word_1_313' title='bbox 1880 2152 2113 2220; x_wconf 83' lang='lat' dir='ltr'><strong>Ideoque</strong></span> <span class='ocrx_word' id='word_1_314' title='bbox 2137 2151 2396 2206; x_wconf 80' lang='lat' dir='ltr'><strong>Dominus</strong></span> <span class='ocrx_word' id='word_1_315' title='bbox 2423 2157 2606 2204; x_wconf 89' lang='lat' dir='ltr'><strong>noster</strong></span> <span class='ocrx_word' id='word_1_316' title='bbox 2628 2151 2656 2204; x_wconf 88' lang='lat' dir='ltr'><strong>J</strong></span> <span class='ocrx_word' id='word_1_317' title='bbox 2662 2165 2786 2205; x_wconf 87' lang='lat' dir='ltr'><strong>esus</strong></span> <span class='ocrx_word' id='word_1_318' title='bbox 2806 2149 3076 2215; x_wconf 87' lang='lat' dir='ltr'><strong>Christus,</strong></span> <span class='ocrx_word' id='word_1_319' title='bbox 3099 2166 3221 2206; x_wconf 88' lang='lat' dir='ltr'><strong>cum</strong></span> <span class='ocrx_word' id='word_1_320' title='bbox 3245 2155 3389 2222; x_wconf 81' lang='lat' dir='ltr'><strong>Apo-</strong></span> 
     </span>
    </p>
   </div>
   <div class='ocr_carea' id='block_1_47' title="bbox 1808 2242 3389 2313">
    <p class='ocr_par' dir='ltr' id='par_1_47' title="bbox 1808 2242 3389 2313">
     <span class='ocr_line' id='line_1_47' title="bbox 1808 2242 3389 2313; baseline 0.001 -16"><span class='ocrx_word' id='word_1_321' title='bbox 1808 2242 1934 2298; x_wconf 85' lang='lat' dir='ltr'><strong>stoli</strong></span> <span class='ocrx_word' id='word_1_322' title='bbox 1963 2244 2345 2313; x_wconf 85' lang='lat' dir='ltr'><strong>pronuntietur</strong></span> <span class='ocrx_word' id='word_1_323' title='bbox 2393 2242 2664 2296; x_wconf 86' lang='lat' dir='ltr'><strong>sententia</strong></span> <span class='ocrx_word' id='word_1_324' title='bbox 2706 2251 2934 2296; x_wconf 86' lang='lat' dir='ltr'><strong>tentatus</strong></span> <span class='ocrx_word' id='word_1_325' title='bbox 2960 2243 3132 2297; x_wconf 84' lang='lat' dir='ltr'><strong>fuisse</strong></span> <span class='ocrx_word' id='word_1_326' title='bbox 3159 2261 3250 2313; x_wconf 85' lang='lat' dir='ltr'><strong>per</strong></span> <span class='ocrx_word' id='word_1_327' title='bbox 3288 2260 3389 2298; x_wconf 62' lang='lat' dir='ltr'><strong>om</strong></span> 
     </span>
    </p>
   </div>
   <div class='ocr_carea' id='block_1_48' title="bbox 1809 2332 3390 2398">
    <p class='ocr_par' dir='ltr' id='par_1_48' title="bbox 1809 2332 3390 2398">
     <span class='ocr_line' id='line_1_48' title="bbox 1809 2332 3390 2398; baseline -0.001 -10"><span class='ocrx_word' id='word_1_328' title='bbox 1809 2337 1898 2388; x_wconf 87' lang='lat' dir='ltr'><strong>nia</strong></span> <span class='ocrx_word' id='word_1_329' title='bbox 1938 2336 2221 2389; x_wconf 85' lang='lat' dir='ltr'><strong>secundum</strong></span> <span class='ocrx_word' id='word_1_330' title='bbox 2251 2334 2643 2388; x_wconf 83' lang='lat' dir='ltr'><strong>similitudinem</strong></span> <span class='ocrx_word' id='word_1_331' title='bbox 2688 2343 2949 2398; x_wconf 90' lang='lat' dir='ltr'><strong>nostram,</strong></span> <span class='ocrx_word' id='word_1_332' title='bbox 2989 2332 3183 2387; x_wconf 88' lang='lat' dir='ltr'><strong>dicitur</strong></span> <span class='ocrx_word' id='word_1_333' title='bbox 3210 2342 3390 2394; x_wconf 87' lang='lat' dir='ltr'><strong>tamen</strong></span> 
     </span>
    </p>
   </div>
   <div class='ocr_carea' id='block_1_49' title="bbox 1809 2424 3391 2497">
    <p class='ocr_par' dir='ltr' id='par_1_49' title="bbox 1809 2424 3391 2497">
     <span class='ocr_line' id='line_1_49' title="bbox 1809 2424 3391 2497; baseline 0.001 -16"><span class='ocrx_word' id='word_1_334' title='bbox 1809 2427 2041 2497; x_wconf 78' lang='lat' dir='ltr'><strong>dabsque</strong></span> <span class='ocrx_word' id='word_1_335' title='bbox 2072 2437 2279 2496; x_wconf 87' lang='lat' dir='ltr'><strong>peccato</strong></span> <span class='ocrx_word' id='word_1_336' title='bbox 2313 2424 2501 2496; x_wconf 83' lang='lat' dir='ltr'><strong>(Hebr.</strong></span> <span class='ocrx_word' id='word_1_337' title='bbox 2534 2424 2702 2496; x_wconf 83' lang='lat' dir='ltr'><strong>tv),id</strong></span> <span class='ocrx_word' id='word_1_338' title='bbox 2726 2425 3049 2494; x_wconf 87' lang='lat' dir='ltr'><strong>est,absque</strong></span> <span class='ocrx_word' id='word_1_339' title='bbox 3081 2424 3241 2495; x_wconf 86' lang='lat' dir='ltr'><strong>hujus</strong></span> <span class='ocrx_word' id='word_1_340' title='bbox 3264 2440 3391 2494; x_wconf 85' lang='lat' dir='ltr'><strong>pas-</strong></span> 
     </span>
    </p>
   </div>
   <div class='ocr_carea' id='block_1_50' title="bbox 1174 2558 2326 2626">
    <p class='ocr_par' dir='ltr' id='par_1_50' title="bbox 1174 2558 2326 2626">
     <span class='ocr_line' id='line_1_50' title="bbox 1174 2558 2326 2626; baseline 0.003 -12"><span class='ocrx_word' id='word_1_341' title='bbox 1174 2558 1446 2626; x_wconf 61' lang='lat' dir='ltr'><strong>lALARDI</strong></span> <span class='ocrx_word' id='word_1_342' title='bbox 1484 2560 1721 2617; x_wconf 66' lang='grc' dir='ltr'><strong>(ΞΑΖᾸΞΙ</strong></span> <span class='ocrx_word' id='word_1_343' title='bbox 1759 2561 2326 2618; x_wconf 81' lang='lat' dir='ltr'><strong>COMMENTARIUS.</strong></span> 
     </span>
    </p>
   </div>
   <div class='ocr_carea' id='block_1_51' title="bbox 201 2651 1702 2725">
    <p class='ocr_par' dir='ltr' id='par_1_51' title="bbox 201 2651 1702 2725">
     <span class='ocr_line' id='line_1_51' title="bbox 201 2651 1702 2725; baseline 0 -15"><span class='ocrx_word' id='word_1_344' title='bbox 201 2654 368 2710; x_wconf 54' lang='lat' dir='ltr'><strong>“Cum</strong></span> <span class='ocrx_word' id='word_1_345' title='bbox 399 2653 688 2725; x_wconf 80' lang='lat' dir='ltr'><strong>Apostolus</strong></span> <span class='ocrx_word' id='word_1_346' title='bbox 715 2651 781 2707; x_wconf 92' lang='lat' dir='ltr'><strong>ad</strong></span> <span class='ocrx_word' id='word_1_347' title='bbox 810 2652 1028 2708; x_wconf 88' lang='lat' dir='ltr'><strong>Galatas</strong></span> <span class='ocrx_word' id='word_1_348' title='bbox 1056 2661 1250 2722; x_wconf 89' lang='lat' dir='ltr'><strong>quarto</strong></span> <span class='ocrx_word' id='word_1_349' title='bbox 1271 2669 1392 2723; x_wconf 90' lang='lat' dir='ltr'><strong>cap.</strong></span> <span class='ocrx_word' id='word_1_350' title='bbox 1421 2653 1584 2725; x_wconf 91' lang='lat' dir='ltr'><strong>(quod</strong></span> <span class='ocrx_word' id='word_1_351' title='bbox 1614 2655 1702 2710; x_wconf 86' lang='lat' dir='ltr'><strong>hic</strong></span> 
     </span>
    </p>
   </div>
   <div class='ocr_carea' id='block_1_52' title="bbox 115 2724 1696 2794">
    <p class='ocr_par' dir='ltr' id='par_1_52' title="bbox 115 2724 1696 2794">
     <span class='ocr_line' id='line_1_52' title="bbox 115 2724 1696 2794; baseline 0 -15"><span class='ocrx_word' id='word_1_352' title='bbox 115 2725 388 2794; x_wconf 78' lang='lat' dir='ltr'><strong>signatur)</strong></span> <span class='ocrx_word' id='word_1_353' title='bbox 432 2724 737 2790; x_wconf 88' lang='lat' dir='ltr'><strong>quindecim</strong></span> <span class='ocrx_word' id='word_1_354' title='bbox 771 2725 1141 2778; x_wconf 87' lang='lat' dir='ltr'><strong>tantummodo</strong></span> <span class='ocrx_word' id='word_1_355' title='bbox 1171 2735 1264 2778; x_wconf 91' lang='lat' dir='ltr'><strong>aut</strong></span> <span class='ocrx_word' id='word_1_356' title='bbox 1303 2724 1696 2792; x_wconf 86' lang='lat' dir='ltr'><strong>septemdecim</strong></span> 
     </span>
    </p>
   </div>
   <div class='ocr_carea' id='block_1_53' title="bbox 114 2795 1702 2866">
    <p class='ocr_par' dir='ltr' id='par_1_53' title="bbox 114 2795 1702 2866">
     <span class='ocr_line' id='line_1_53' title="bbox 114 2795 1702 2866; baseline 0 -16"><span class='ocrx_word' id='word_1_357' title='bbox 114 2812 286 2866; x_wconf 91' lang='lat' dir='ltr'><strong>opera</strong></span> <span class='ocrx_word' id='word_1_358' title='bbox 319 2795 498 2850; x_wconf 87' lang='lat' dir='ltr'><strong>carnis</strong></span> <span class='ocrx_word' id='word_1_359' title='bbox 542 2801 847 2866; x_wconf 89' lang='lat' dir='ltr'><strong>enumeret,</strong></span> <span class='ocrx_word' id='word_1_360' title='bbox 891 2796 1162 2864; x_wconf 87' lang='lat' dir='ltr'><strong>quomodo</strong></span> <span class='ocrx_word' id='word_1_361' title='bbox 1210 2810 1397 2848; x_wconf 88' lang='lat' dir='ltr'><strong>verum</strong></span> <span class='ocrx_word' id='word_1_362' title='bbox 1445 2805 1528 2850; x_wconf 92' lang='lat' dir='ltr'><strong>est</strong></span> <span class='ocrx_word' id='word_1_363' title='bbox 1559 2796 1702 2864; x_wconf 90' lang='lat' dir='ltr'><strong>quod</strong></span> 
     </span>
    </p>
   </div>
   <div class='ocr_carea' id='block_1_54' title="bbox 117 2865 1702 2936">
    <p class='ocr_par' dir='ltr' id='par_1_54' title="bbox 117 2865 1702 2936">
     <span class='ocr_line' id='line_1_54' title="bbox 117 2865 1702 2936; baseline -0.001 -15"><span class='ocrx_word' id='word_1_364' title='bbox 117 2865 305 2922; x_wconf 89' lang='lat' dir='ltr'><strong>omnia</strong></span> <span class='ocrx_word' id='word_1_365' title='bbox 327 2867 456 2920; x_wconf 86' lang='lat' dir='ltr'><strong>vitia</strong></span> <span class='ocrx_word' id='word_1_366' title='bbox 484 2865 807 2936; x_wconf 73' lang='lat' dir='ltr'><strong>generaliter</strong></span> <span class='ocrx_word' id='word_1_367' title='bbox 826 2866 1262 2936; x_wconf 72' lang='lat' dir='ltr'><strong>pronuntiaverit</strong></span> <span class='ocrx_word' id='word_1_368' title='bbox 1281 2880 1401 2920; x_wconf 85' lang='lat' dir='ltr'><strong>esse</strong></span> <span class='ocrx_word' id='word_1_369' title='bbox 1432 2867 1702 2920; x_wconf 73' lang='lat' dir='ltr'><strong>carnalia?</strong></span> 
     </span>
    </p>
   </div>
   <div class='ocr_carea' id='block_1_55' title="bbox 117 2934 1700 3008">
    <p class='ocr_par' dir='ltr' id='par_1_55' title="bbox 117 2934 1700 3008">
     <span class='ocr_line' id='line_1_55' title="bbox 117 2934 1700 3008; baseline -0.001 -17"><span class='ocrx_word' id='word_1_370' title='bbox 117 2936 461 3008; x_wconf 79' lang='lat' dir='ltr'><strong>Responderi</strong></span> <span class='ocrx_word' id='word_1_371' title='bbox 493 2934 672 3005; x_wconf 78' lang='lat' dir='ltr'><strong>potest</strong></span> <span class='ocrx_word' id='word_1_372' title='bbox 693 2936 902 3008; x_wconf 86' lang='lat' dir='ltr'><strong>duobus</strong></span> <span class='ocrx_word' id='word_1_373' title='bbox 929 2937 1124 3008; x_wconf 66' lang='lat' dir='ltr'><strong>modis.</strong></span> <span class='ocrx_word' id='word_1_374' title='bbox 1151 2934 1334 3008; x_wconf 80' lang='lat' dir='ltr'><strong>Primo</strong></span> <span class='ocrx_word' id='word_1_375' title='bbox 1364 2951 1458 3004; x_wconf 90' lang='lat' dir='ltr'><strong>per</strong></span> <span class='ocrx_word' id='word_1_376' title='bbox 1480 2952 1700 3008; x_wconf 79' lang='lat' dir='ltr'><strong>carnem</strong></span> 
     </span>
    </p>
   </div>
   <div class='ocr_carea' id='block_1_56' title="bbox 115 3005 1702 3077">
    <p class='ocr_par' dir='ltr' id='par_1_56' title="bbox 115 3005 1702 3077">
     <span class='ocr_line' id='line_1_56' title="bbox 115 3005 1702 3077; baseline -0.001 -14"><span class='ocrx_word' id='word_1_377' title='bbox 115 3005 352 3077; x_wconf 80' lang='lat' dir='ltr'><strong>intelligi</strong></span> <span class='ocrx_word' id='word_1_378' title='bbox 371 3008 647 3064; x_wconf 88' lang='lat' dir='ltr'><strong>hominem</strong></span> <span class='ocrx_word' id='word_1_379' title='bbox 660 3006 930 3060; x_wconf 88' lang='lat' dir='ltr'><strong>carnalem</strong></span> <span class='ocrx_word' id='word_1_380' title='bbox 946 3023 960 3064; x_wconf 88' lang='lat'><strong>:</strong></span> <span class='ocrx_word' id='word_1_381' title='bbox 979 3007 1201 3075; x_wconf 89' lang='lat' dir='ltr'><strong>proinde</strong></span> <span class='ocrx_word' id='word_1_382' title='bbox 1221 3021 1383 3074; x_wconf 90' lang='lat' dir='ltr'><strong>opera</strong></span> <span class='ocrx_word' id='word_1_383' title='bbox 1401 3008 1580 3061; x_wconf 87' lang='lat' dir='ltr'><strong>carnis</strong></span> <span class='ocrx_word' id='word_1_384' title='bbox 1594 3005 1702 3062; x_wconf 90' lang='lat' dir='ltr'><strong>dici</strong></span> 
     </span>
    </p>
   </div>
   <div class='ocr_carea' id='block_1_57' title="bbox 1809 2652 3269 2724">
    <p class='ocr_par' dir='ltr' id='par_1_57' title="bbox 1809 2652 3269 2724">
     <span class='ocr_line' id='line_1_57' title="bbox 1809 2652 3269 2724; baseline -0.001 -16"><span class='ocrx_word' id='word_1_385' title='bbox 1809 2656 1954 2724; x_wconf 91' lang='lat' dir='ltr'><strong>pium</strong></span> <span class='ocrx_word' id='word_1_386' title='bbox 1991 2656 2229 2708; x_wconf 88' lang='lat' dir='ltr'><strong>omnium</strong></span> <span class='ocrx_word' id='word_1_387' title='bbox 2256 2663 2625 2724; x_wconf 84' lang='lat' dir='ltr'><strong>peccatorum.</strong></span> <span class='ocrx_word' id='word_1_388' title='bbox 2662 2654 2734 2707; x_wconf 89' lang='lat' dir='ltr'><strong>lta</strong></span> <span class='ocrx_word' id='word_1_389' title='bbox 2763 2662 2982 2724; x_wconf 86' lang='lat' dir='ltr'><strong>sanctus</strong></span> <span class='ocrx_word' id='word_1_390' title='bbox 3015 2652 3269 2708; x_wconf 88' lang='lat' dir='ltr'><strong>Thomas.</strong></span> 
     </span>
    </p>
   </div>
   <div class='ocr_carea' id='block_1_58' title="bbox 1878 2723 3393 2794">
    <p class='ocr_par' dir='ltr' id='par_1_58' title="bbox 1878 2723 3393 2794">
     <span class='ocr_line' id='line_1_58' title="bbox 1878 2723 3393 2794; baseline 0.003 -17"><span class='ocrx_word' id='word_1_391' title='bbox 1878 2723 2188 2778; x_wconf 68' lang='lat' dir='ltr'><strong>bEﬂllldEln</strong></span> <span class='ocrx_word' id='word_1_392' title='bbox 2248 2723 2645 2778; x_wconf 82' lang='lat' dir='ltr'><strong>distinctionem</strong></span> <span class='ocrx_word' id='word_1_393' title='bbox 2699 2723 2896 2778; x_wconf 82' lang='lat' dir='ltr'><strong>indicat</strong></span> <span class='ocrx_word' id='word_1_394' title='bbox 2939 2723 3004 2779; x_wconf 91' lang='lat' dir='ltr'><strong>D.</strong></span> <span class='ocrx_word' id='word_1_395' title='bbox 3059 2724 3393 2794; x_wconf 79' lang='lat' dir='ltr'><strong>Augustinus</strong></span> 
     </span>
    </p>
   </div>
   <div class='ocr_carea' id='block_1_59' title="bbox 1810 2795 2321 2863">
    <p class='ocr_par' dir='ltr' id='par_1_59' title="bbox 1810 2795 2321 2863">
     <span class='ocr_line' id='line_1_59' title="bbox 1810 2795 2321 2863; baseline -0.008 -13"><span class='ocrx_word' id='word_1_396' title='bbox 1810 2795 1896 2850; x_wconf 89' lang='lat' dir='ltr'><strong>ubi</strong></span> <span class='ocrx_word' id='word_1_397' title='bbox 1928 2811 2088 2863; x_wconf 82' lang='lat' dir='ltr'><strong>supra</strong></span> <span class='ocrx_word' id='word_1_398' title='bbox 2115 2811 2232 2861; x_wconf 86' lang='lat' dir='ltr'><strong>cap.</strong></span> <span class='ocrx_word' id='word_1_399' title='bbox 2269 2796 2321 2846; x_wconf 45' lang='lat' dir='ltr'><strong>tl.</strong></span> 
     </span>
    </p>
   </div>
   <div class='ocr_carea' id='block_1_60' title="bbox 1885 2863 3388 2939">
    <p class='ocr_par' dir='ltr' id='par_1_60' title="bbox 1885 2863 3388 2939">
     <span class='ocr_line' id='line_1_60' title="bbox 1885 2863 3388 2939; baseline 0.003 -19"><span class='ocrx_word' id='word_1_400' title='bbox 1885 2877 1906 2904; x_wconf 75' lang='grc' dir='ltr'>ε</span> <span class='ocrx_word' id='word_1_401' title='bbox 1930 2867 2019 2920; x_wconf 89' lang='lat' dir='ltr'><strong>Sic</strong></span> <span class='ocrx_word' id='word_1_402' title='bbox 2049 2876 2120 2939; x_wconf 74' lang='lat' dir='ltr'><strong>et</strong></span> <span class='ocrx_word' id='word_1_403' title='bbox 2148 2866 2274 2939; x_wconf 76' lang='lat' dir='ltr'><strong>alibi</strong></span> <span class='ocrx_word' id='word_1_404' title='bbox 2319 2863 2606 2917; x_wconf 55' lang='lat' dir='ltr'><strong>Caesianus</strong></span> <span class='ocrx_word' id='word_1_405' title='bbox 2641 2863 2791 2939; x_wconf 80' lang='lat' dir='ltr'><strong>_(I.ib.</strong></span> <span class='ocrx_word' id='word_1_406' title='bbox 2824 2879 2872 2916; x_wconf 76' lang='lat' dir='ltr'><strong>v1</strong></span> <span class='ocrx_word' id='word_1_407' title='bbox 2919 2863 3100 2939; x_wconf 68' lang='lat' dir='ltr'><strong>Instit.</strong></span> <span class='ocrx_word' id='word_1_408' title='bbox 3141 2883 3257 2933; x_wconf 87' lang='lat' dir='ltr'><strong>cap.</strong></span> <span class='ocrx_word' id='word_1_409' title='bbox 3289 2868 3388 2939; x_wconf 77' lang='lat'><strong>&#39;5):</strong></span> 
     </span>
    </p>
   </div>
   <div class='ocr_carea' id='block_1_61' title="bbox 1809 2935 3392 3010">
    <p class='ocr_par' dir='ltr' id='par_1_61' title="bbox 1809 2935 3392 3010">
     <span class='ocr_line' id='line_1_61' title="bbox 1809 2935 3392 3010; baseline 0.001 -20"><span class='ocrx_word' id='word_1_410' title='bbox 1809 2937 2007 3010; x_wconf 62' lang='lat' dir='ltr'><strong>Caftera</strong></span> <span class='ocrx_word' id='word_1_411' title='bbox 2035 2937 2156 2988; x_wconf 85' lang='lat' dir='ltr'><strong>vitia</strong></span> <span class='ocrx_word' id='word_1_412' title='bbox 2192 2936 2344 3010; x_wconf 82' lang='lat' dir='ltr'><strong>etiam</strong></span> <span class='ocrx_word' id='word_1_413' title='bbox 2375 2952 2468 3010; x_wconf 83' lang='lat' dir='ltr'><strong>usu</strong></span> <span class='ocrx_word' id='word_1_414' title='bbox 2512 2935 2777 3010; x_wconf 75' lang='lat' dir='ltr'><strong>hominum</strong></span> <span class='ocrx_word' id='word_1_415' title='bbox 2819 2946 2864 2987; x_wconf 88' lang='lat' dir='ltr'><strong>et</strong></span> <span class='ocrx_word' id='word_1_416' title='bbox 2892 2937 3147 3010; x_wconf 69' lang='lat' dir='ltr'><strong>exercitio</strong></span> <span class='ocrx_word' id='word_1_417' title='bbox 3177 2935 3392 3010; x_wconf 84' lang='lat' dir='ltr'><strong>purgari</strong></span> 
     </span>
    </p>
   </div>
   <div class='ocr_carea' id='block_1_62' title="bbox 1809 3005 3392 3074">
    <p class='ocr_par' dir='ltr' id='par_1_62' title="bbox 1809 3005 3392 3074">
     <span class='ocr_line' id='line_1_62' title="bbox 1809 3005 3392 3074; baseline 0.001 -12"><span class='ocrx_word' id='word_1_418' title='bbox 1809 3008 1994 3069; x_wconf 86' lang='lat' dir='ltr'><strong>solent,</strong></span> <span class='ocrx_word' id='word_1_419' title='bbox 2048 3016 2094 3059; x_wconf 90' lang='lat' dir='ltr'><strong>et</strong></span> <span class='ocrx_word' id='word_1_420' title='bbox 2123 3006 2496 3074; x_wconf 83' lang='lat' dir='ltr'><strong>quodammodo</strong></span> <span class='ocrx_word' id='word_1_421' title='bbox 2541 3007 2702 3074; x_wconf 79' lang='lat' dir='ltr'><strong>ipsius</strong></span> <span class='ocrx_word' id='word_1_422' title='bbox 2755 3005 2934 3072; x_wconf 89' lang='lat' dir='ltr'><strong>lapsus</strong></span> <span class='ocrx_word' id='word_1_423' title='bbox 2966 3005 3251 3072; x_wconf 78' lang='lat' dir='ltr'><strong>offensione</strong></span> <span class='ocrx_word' id='word_1_424' title='bbox 3277 3005 3392 3064; x_wconf 35' lang='lat' dir='ltr'><strong>ch-</strong></span> 
     </span>
    </p>
   </div>
   <div class='ocr_carea' id='block_1_63' title="bbox 120 3066 3394 3147">
    <p class='ocr_par' dir='ltr' id='par_1_63' title="bbox 120 3066 3394 3147">
     <span class='ocr_line' id='line_1_63' title="bbox 120 3066 3394 3147; baseline 0.001 -16"><span class='ocrx_word' id='word_1_425' title='bbox 120 3066 482 3147; x_wconf 66' lang='lat' dir='ltr'><strong>quaecmnque</strong></span> <span class='ocrx_word' id='word_1_426' title='bbox 505 3077 685 3145; x_wconf 89' lang='lat' dir='ltr'><strong>homo,</strong></span> <span class='ocrx_word' id='word_1_427' title='bbox 711 3066 1556 3146; x_wconf 53' lang='lat' dir='ltr'><strong>quatenus&#39;carnalis,&#39;operatur;</strong></span> <span class='ocrx_word' id='word_1_428' title='bbox 1585 3093 1704 3132; x_wconf 90' lang='lat' dir='ltr'><strong>car-</strong></span> <span class='ocrx_word' id='word_1_429' title='bbox 1729 3066 1775 3129; x_wconf 88' lang='lat' dir='ltr'><strong><em>C</em></strong></span> <span class='ocrx_word' id='word_1_430' title='bbox 1809 3079 1915 3132; x_wconf 87' lang='lat' dir='ltr'><strong>rari</strong></span> <span class='ocrx_word' id='word_1_431' title='bbox 1945 3066 2048 3132; x_wconf 52' lang='lat' dir='ltr'><strong>aut</strong></span> <span class='ocrx_word' id='word_1_432' title='bbox 2072 3066 2196 3146; x_wconf 54' lang='lat' dir='ltr'><strong>pu&#39;ta</strong></span> <span class='ocrx_word' id='word_1_433' title='bbox 2238 3079 2351 3138; x_wconf 70' lang='lat' dir='ltr'><strong>irar,</strong></span> <span class='ocrx_word' id='word_1_434' title='bbox 2387 3066 2632 3142; x_wconf 56' lang='lat' dir='ltr'><strong>tristitia,</strong></span> <span class='ocrx_word' id='word_1_435' title='bbox 2676 3066 3028 3144; x_wconf 52' lang='lat' dir='ltr'><strong>impa&#39;tientite,</strong></span> <span class='ocrx_word' id='word_1_436' title='bbox 3062 3080 3394 3134; x_wconf 78' lang='lat' dir='ltr'><strong>meditatione</strong></span> 
     </span>
    </p>
   </div>
   <div class='ocr_carea' id='block_1_64' title="bbox 117 3147 1703 3217">
    <p class='ocr_par' dir='ltr' id='par_1_64' title="bbox 117 3147 1703 3217">
     <span class='ocr_line' id='line_1_64' title="bbox 117 3147 1703 3217; baseline -0.001 -13"><span class='ocrx_word' id='word_1_437' title='bbox 117 3153 302 3204; x_wconf 86' lang='lat' dir='ltr'><strong>nalem</strong></span> <span class='ocrx_word' id='word_1_438' title='bbox 327 3163 460 3203; x_wconf 86' lang='lat' dir='ltr'><strong>vero</strong></span> <span class='ocrx_word' id='word_1_439' title='bbox 492 3147 764 3202; x_wconf 86' lang='lat' dir='ltr'><strong>hominem</strong></span> <span class='ocrx_word' id='word_1_440' title='bbox 799 3149 1199 3217; x_wconf 81' lang='lat' dir='ltr'><strong>intelligendum</strong></span> <span class='ocrx_word' id='word_1_441' title='bbox 1233 3163 1371 3215; x_wconf 89' lang='lat' dir='ltr'><strong>esse,</strong></span> <span class='ocrx_word' id='word_1_442' title='bbox 1397 3149 1486 3217; x_wconf 89' lang='lat' dir='ltr'><strong>qui</strong></span> <span class='ocrx_word' id='word_1_443' title='bbox 1511 3163 1703 3203; x_wconf 88' lang='lat' dir='ltr'><strong>secun-</strong></span> 
     </span>
    </p>
   </div>
   <div class='ocr_carea' id='block_1_65' title="bbox 117 3217 1699 3289">
    <p class='ocr_par' dir='ltr' id='par_1_65' title="bbox 117 3217 1699 3289">
     <span class='ocr_line' id='line_1_65' title="bbox 117 3217 1699 3289; baseline -0.003 -13"><span class='ocrx_word' id='word_1_444' title='bbox 117 3223 246 3276; x_wconf 86' lang='lat' dir='ltr'><strong>dum</strong></span> <span class='ocrx_word' id='word_1_445' title='bbox 292 3222 548 3288; x_wconf 83' lang='lat' dir='ltr'><strong>seipsum,</strong></span> <span class='ocrx_word' id='word_1_446' title='bbox 580 3217 631 3273; x_wconf 89' lang='lat' dir='ltr'><strong>id</strong></span> <span class='ocrx_word' id='word_1_447' title='bbox 667 3229 768 3283; x_wconf 88' lang='lat' dir='ltr'><strong>est,</strong></span> <span class='ocrx_word' id='word_1_448' title='bbox 801 3221 1094 3274; x_wconf 86' lang='lat' dir='ltr'><strong>secundum</strong></span> <span class='ocrx_word' id='word_1_449' title='bbox 1125 3233 1362 3273; x_wconf 91' lang='lat' dir='ltr'><strong>amorem</strong></span> <span class='ocrx_word' id='word_1_450' title='bbox 1396 3220 1476 3273; x_wconf 90' lang='lat' dir='ltr'><strong>sui</strong></span> <span class='ocrx_word' id='word_1_451' title='bbox 1512 3221 1699 3289; x_wconf 84' lang='lat' dir='ltr'><strong>ipsius,</strong></span> 
     </span>
    </p>
   </div>
   <div class='ocr_carea' id='block_1_66' title="bbox 118 3289 1704 3358">
    <p class='ocr_par' dir='ltr' id='par_1_66' title="bbox 118 3289 1704 3358">
     <span class='ocr_line' id='line_1_66' title="bbox 118 3289 1704 3358; baseline -0.001 -12"><span class='ocrx_word' id='word_1_452' title='bbox 118 3294 276 3347; x_wconf 86' lang='lat' dir='ltr'><strong>vivit.</strong></span> <span class='ocrx_word' id='word_1_453' title='bbox 296 3290 449 3356; x_wconf 81' lang='lat' dir='ltr'><strong>Quod</strong></span> <span class='ocrx_word' id='word_1_454' title='bbox 466 3290 747 3358; x_wconf 82' lang='lat' dir='ltr'><strong>diligenter</strong></span> <span class='ocrx_word' id='word_1_455' title='bbox 769 3291 1043 3344; x_wconf 85' lang='lat' dir='ltr'><strong>annotavit</strong></span> <span class='ocrx_word' id='word_1_456' title='bbox 1063 3291 1120 3341; x_wconf 81' lang='grc' dir='ltr'><strong>ι).</strong></span> <span class='ocrx_word' id='word_1_457' title='bbox 1147 3289 1473 3358; x_wconf 74' lang='lat' dir='ltr'><strong>Augustinus</strong></span> <span class='ocrx_word' id='word_1_458' title='bbox 1496 3291 1590 3345; x_wconf 88' lang='lat' dir='ltr'><strong>lib.</strong></span> <span class='ocrx_word' id='word_1_459' title='bbox 1616 3306 1704 3345; x_wconf 86' lang='lat' dir='ltr'><strong>xtv</strong></span> 
     </span>
    </p>
   </div>
   <div class='ocr_carea' id='block_1_67' title="bbox 119 3359 1706 3431">
    <p class='ocr_par' dir='ltr' id='par_1_67' title="bbox 119 3359 1706 3431">
     <span class='ocr_line' id='line_1_67' title="bbox 119 3359 1706 3431; baseline -0.001 -13"><span class='ocrx_word' id='word_1_460' title='bbox 119 3363 185 3418; x_wconf 90' lang='lat' dir='ltr'><strong>de</strong></span> <span class='ocrx_word' id='word_1_461' title='bbox 215 3362 383 3418; x_wconf 85' lang='lat' dir='ltr'><strong>Civit.</strong></span> <span class='ocrx_word' id='word_1_462' title='bbox 420 3375 538 3431; x_wconf 84' lang='lat' dir='ltr'><strong>cap.</strong></span> <span class='ocrx_word' id='word_1_463' title='bbox 569 3361 606 3414; x_wconf 70' lang='grc'><strong>2</strong></span> <span class='ocrx_word' id='word_1_464' title='bbox 644 3369 698 3414; x_wconf 91' lang='lat' dir='ltr'><strong>et</strong></span> <span class='ocrx_word' id='word_1_465' title='bbox 737 3359 789 3431; x_wconf 60' lang='grc' dir='ltr'><strong>ἓξ,</strong></span> <span class='ocrx_word' id='word_1_466' title='bbox 825 3371 876 3412; x_wconf 90' lang='lat' dir='ltr'><strong>et</strong></span> <span class='ocrx_word' id='word_1_467' title='bbox 909 3360 1097 3428; x_wconf 84' lang='lat' dir='ltr'><strong>probat</strong></span> <span class='ocrx_word' id='word_1_468' title='bbox 1127 3362 1208 3413; x_wconf 86' lang='lat' dir='ltr'><strong>his</strong></span> <span class='ocrx_word' id='word_1_469' title='bbox 1246 3360 1540 3416; x_wconf 89' lang='lat' dir='ltr'><strong>rationibus</strong></span> <span class='ocrx_word' id='word_1_470' title='bbox 1583 3362 1706 3416; x_wconf 90' lang='lat' dir='ltr'><strong>huic</strong></span> 
     </span>
    </p>
   </div>
   <div class='ocr_carea' id='block_1_68' title="bbox 122 3429 1707 3502">
    <p class='ocr_par' dir='ltr' id='par_1_68' title="bbox 122 3429 1707 3502">
     <span class='ocr_line' id='line_1_68' title="bbox 122 3429 1707 3502; baseline -0.001 -15"><span class='ocrx_word' id='word_1_471' title='bbox 122 3435 243 3488; x_wconf 87' lang='lat' dir='ltr'><strong>loco</strong></span> <span class='ocrx_word' id='word_1_472' title='bbox 283 3429 662 3488; x_wconf 70' lang='lat' dir='ltr'><strong>consmtlaneis</strong></span> <span class='ocrx_word' id='word_1_473' title='bbox 698 3447 710 3481; x_wconf 90' lang='lat'><strong>:</strong></span> <span class='ocrx_word' id='word_1_474' title='bbox 741 3429 807 3483; x_wconf 85' lang='lat' dir='ltr'><strong>In</strong></span> <span class='ocrx_word' id='word_1_475' title='bbox 835 3433 1071 3502; x_wconf 84' lang='lat' dir='ltr'><strong>cperibus</strong></span> <span class='ocrx_word' id='word_1_476' title='bbox 1115 3447 1332 3496; x_wconf 86' lang='lat' dir='ltr'><strong>namque</strong></span> <span class='ocrx_word' id='word_1_477' title='bbox 1373 3433 1562 3496; x_wconf 85' lang='lat' dir='ltr'><strong>carnis,</strong></span> <span class='ocrx_word' id='word_1_478' title='bbox 1591 3448 1707 3502; x_wconf 65' lang='lat' dir='ltr'><strong>qua</strong></span> 
     </span>
    </p>
   </div>
   <div class='ocr_carea' id='block_1_69' title="bbox 122 3502 1707 3628">
    <p class='ocr_par' dir='ltr' id='par_1_69' title="bbox 122 3502 1707 3628">
     <span class='ocr_line' id='line_1_69' title="bbox 122 3502 1707 3628; baseline -0.001 -71"><span class='ocrx_word' id='word_1_479' title='bbox 122 3506 402 3628; x_wconf 45' lang='lat' dir='ltr'><strong>manifsta</strong></span> <span class='ocrx_word' id='word_1_480' title='bbox 422 3502 551 3556; x_wconf 69' lang='lat' dir='ltr'><strong>dixit</strong></span> <span class='ocrx_word' id='word_1_481' title='bbox 576 3502 866 3571; x_wconf 77' lang='lat' dir='ltr'><strong>Apostolus,</strong></span> <span class='ocrx_word' id='word_1_482' title='bbox 899 3518 1056 3568; x_wconf 88' lang='lat' dir='ltr'><strong>eaque</strong></span> <span class='ocrx_word' id='word_1_483' title='bbox 1083 3512 1473 3556; x_wconf 88' lang='lat' dir='ltr'><strong>commemorata</strong></span> <span class='ocrx_word' id='word_1_484' title='bbox 1488 3510 1707 3556; x_wconf 85' lang='lat' dir='ltr'><strong>damna-</strong></span> 
     </span>
     <span class='ocr_line' id='line_1_70' title="bbox 124 3571 1707 3628; baseline -0.001 0"><span class='ocrx_word' id='word_1_485' title='bbox 124 3577 189 3628; x_wconf 81' lang='lat' dir='ltr'><strong>vit</strong></span> <span class='ocrx_word' id='word_1_486' title='bbox 225 3577 242 3628; x_wconf 88' lang='lat' dir='ltr'><strong>l</strong></span> <span class='ocrx_word' id='word_1_487' title='bbox 303 3575 374 3627; x_wconf 91' lang='lat' dir='ltr'><strong>al.</strong></span> <span class='ocrx_word' id='word_1_488' title='bbox 401 3573 479 3628; x_wconf 79' lang='lat' dir='ltr'><strong>vl.</strong></span> <span class='ocrx_word' id='word_1_489' title='bbox 518 3589 618 3625; x_wconf 86' lang='lat' dir='ltr'><strong>non</strong></span> <span class='ocrx_word' id='word_1_490' title='bbox 646 3571 737 3624; x_wconf 86' lang='lat' dir='ltr'><strong>illa</strong></span> <span class='ocrx_word' id='word_1_491' title='bbox 770 3582 968 3625; x_wconf 86' lang='lat' dir='ltr'><strong>tantum</strong></span> <span class='ocrx_word' id='word_1_492' title='bbox 1003 3573 1284 3626; x_wconf 76' lang='lat' dir='ltr'><strong>invenimus</strong></span> <span class='ocrx_word' id='word_1_493' title='bbox 1315 3589 1428 3628; x_wconf 76' lang='lat' dir='ltr'><strong>ante</strong></span> <span class='ocrx_word' id='word_1_494' title='bbox 1465 3575 1533 3626; x_wconf 90' lang='lat' dir='ltr'><strong>ad</strong></span> <span class='ocrx_word' id='word_1_495' title='bbox 1559 3573 1707 3626; x_wconf 85' lang='lat' dir='ltr'><strong>vola-</strong></span> 
     </span>
    </p>
   </div>
   <div class='ocr_carea' id='block_1_70' title="bbox 124 3571 1707 3645">
    <p class='ocr_par' dir='ltr' id='par_1_70' title="bbox 124 3571 1707 3645">
     <span class='ocr_line' id='line_1_71' title="bbox 124 3571 1707 3645; baseline -0.002 -16"><span class='ocrx_word' id='word_1_496' title='bbox 124 3577 189 3629; x_wconf 84' lang='lat' dir='ltr'><strong>vit</strong></span> <span class='ocrx_word' id='word_1_497' title='bbox 225 3571 374 3645; x_wconf 85' lang='lat' dir='ltr'><strong>(Gal.</strong></span> <span class='ocrx_word' id='word_1_498' title='bbox 401 3573 479 3643; x_wconf 90' lang='lat' dir='ltr'><strong>v),</strong></span> <span class='ocrx_word' id='word_1_499' title='bbox 518 3589 618 3625; x_wconf 86' lang='lat' dir='ltr'><strong>non</strong></span> <span class='ocrx_word' id='word_1_500' title='bbox 646 3571 737 3624; x_wconf 87' lang='lat' dir='ltr'><strong>illa</strong></span> <span class='ocrx_word' id='word_1_501' title='bbox 770 3582 968 3645; x_wconf 78' lang='lat' dir='ltr'><strong>tantum</strong></span> <span class='ocrx_word' id='word_1_502' title='bbox 1003 3573 1284 3626; x_wconf 76' lang='lat' dir='ltr'><strong>invenimus</strong></span> <span class='ocrx_word' id='word_1_503' title='bbox 1315 3589 1434 3645; x_wconf 5' lang='lat' dir='ltr'><strong>quae,</strong></span> <span class='ocrx_word' id='word_1_504' title='bbox 1465 3575 1533 3626; x_wconf 90' lang='lat' dir='ltr'><strong>ad</strong></span> <span class='ocrx_word' id='word_1_505' title='bbox 1559 3573 1707 3626; x_wconf 85' lang='lat' dir='ltr'><strong>vola-</strong></span> 
     </span>
    </p>
   </div>
   <div class='ocr_carea' id='block_1_71' title="bbox 125 3643 1711 3726">
    <p class='ocr_par' dir='ltr' id='par_1_71' title="bbox 125 3643 1711 3726">
     <span class='ocr_line' id='line_1_72' title="bbox 125 3643 1711 3726; baseline -0.001 -28"><span class='ocrx_word' id='word_1_506' title='bbox 125 3643 321 3726; x_wconf 71' lang='lat' dir='ltr'><strong>ptatem</strong></span> <span class='ocrx_word' id='word_1_507' title='bbox 343 3643 832 3726; x_wconf 62' lang='lat' dir='ltr'><strong>pertinentcarnis,</strong></span> <span class='ocrx_word' id='word_1_508' title='bbox 865 3645 1016 3696; x_wconf 88' lang='lat' dir='ltr'><strong>sicuti</strong></span> <span class='ocrx_word' id='word_1_509' title='bbox 1045 3651 1164 3696; x_wconf 86' lang='lat' dir='ltr'><strong>sunt</strong></span> <span class='ocrx_word' id='word_1_510' title='bbox 1197 3643 1580 3725; x_wconf 78' lang='lat' dir='ltr'><strong>fornicationes,</strong></span> <span class='ocrx_word' id='word_1_511' title='bbox 1613 3645 1711 3696; x_wconf 89' lang='lat' dir='ltr'><strong>im-</strong></span> 
     </span>
    </p>
   </div>
   <div class='ocr_carea' id='block_1_72' title="bbox 127 3712 1711 3781">
    <p class='ocr_par' dir='ltr' id='par_1_72' title="bbox 127 3712 1711 3781">
     <span class='ocr_line' id='line_1_73' title="bbox 127 3712 1711 3781; baseline -0.002 -12"><span class='ocrx_word' id='word_1_512' title='bbox 127 3712 422 3781; x_wconf 71' lang='lat' dir='ltr'><strong>inunditim,</strong></span> <span class='ocrx_word' id='word_1_513' title='bbox 453 3713 697 3776; x_wconf 70' lang='lat' dir='ltr'><strong>luxuriae,</strong></span> <span class='ocrx_word' id='word_1_514' title='bbox 726 3712 1014 3777; x_wconf 80' lang='lat' dir='ltr'><strong>ebrietates,</strong></span> <span class='ocrx_word' id='word_1_515' title='bbox 1065 3715 1495 3779; x_wconf 88' lang='lat' dir='ltr'><strong>comessationes;</strong></span> <span class='ocrx_word' id='word_1_516' title='bbox 1535 3729 1711 3767; x_wconf 80' lang='lat' dir='ltr'><strong>verum</strong></span> 
     </span>
    </p>
   </div>
   <div class='ocr_carea' id='block_1_73' title="bbox 127 3783 1713 3850">
    <p class='ocr_par' dir='ltr' id='par_1_73' title="bbox 127 3783 1713 3850">
     <span class='ocr_line' id='line_1_74' title="bbox 127 3783 1713 3850; baseline -0.003 -9"><span class='ocrx_word' id='word_1_517' title='bbox 127 3788 287 3841; x_wconf 83' lang='lat' dir='ltr'><strong>etiam</strong></span> <span class='ocrx_word' id='word_1_518' title='bbox 328 3784 422 3838; x_wconf 88' lang='lat' dir='ltr'><strong>illa</strong></span> <span class='ocrx_word' id='word_1_519' title='bbox 452 3784 632 3850; x_wconf 79' lang='lat' dir='ltr'><strong>quibus</strong></span> <span class='ocrx_word' id='word_1_520' title='bbox 677 3785 838 3836; x_wconf 89' lang='lat' dir='ltr'><strong>animi</strong></span> <span class='ocrx_word' id='word_1_521' title='bbox 885 3785 1006 3838; x_wconf 86' lang='lat' dir='ltr'><strong>vitia</strong></span> <span class='ocrx_word' id='word_1_522' title='bbox 1045 3784 1458 3837; x_wconf 87' lang='lat' dir='ltr'><strong>demonstrantur</strong></span> <span class='ocrx_word' id='word_1_523' title='bbox 1495 3800 1526 3836; x_wconf 91' lang='lat' dir='ltr'><strong>a</strong></span> <span class='ocrx_word' id='word_1_524' title='bbox 1564 3783 1713 3836; x_wconf 89' lang='lat' dir='ltr'><strong>volu-</strong></span> 
     </span>
    </p>
   </div>
   <div class='ocr_carea' id='block_1_74' title="bbox 128 3853 1711 3926">
    <p class='ocr_par' dir='ltr' id='par_1_74' title="bbox 128 3853 1711 3926">
     <span class='ocr_line' id='line_1_75' title="bbox 128 3853 1711 3926; baseline -0.003 -16"><span class='ocrx_word' id='word_1_525' title='bbox 128 3868 272 3926; x_wconf 86' lang='lat' dir='ltr'><strong>ptate</strong></span> <span class='ocrx_word' id='word_1_526' title='bbox 314 3857 486 3910; x_wconf 88' lang='lat' dir='ltr'><strong>carnis</strong></span> <span class='ocrx_word' id='word_1_527' title='bbox 514 3853 706 3908; x_wconf 81' lang='lat' dir='ltr'><strong>aliena.</strong></span> <span class='ocrx_word' id='word_1_528' title='bbox 753 3853 877 3919; x_wconf 90' lang='lat' dir='ltr'><strong>Quis</strong></span> <span class='ocrx_word' id='word_1_529' title='bbox 909 3857 1041 3908; x_wconf 88' lang='lat' dir='ltr'><strong>enim</strong></span> <span class='ocrx_word' id='word_1_530' title='bbox 1089 3858 1382 3908; x_wconf 86' lang='lat' dir='ltr'><strong>servitutem</strong></span> <span class='ocrx_word' id='word_1_531' title='bbox 1417 3869 1531 3922; x_wconf 72' lang='lat' dir='ltr'><strong>qua:</strong></span> <span class='ocrx_word' id='word_1_532' title='bbox 1558 3854 1711 3926; x_wconf 77' lang='lat' dir='ltr'><strong>idolis</strong></span> 
     </span>
    </p>
   </div>
   <div class='ocr_carea' id='block_1_75' title="bbox 127 3922 1713 3993">
    <p class='ocr_par' dir='ltr' id='par_1_75' title="bbox 127 3922 1713 3993">
     <span class='ocr_line' id='line_1_76' title="bbox 127 3922 1713 3993; baseline -0.004 -10"><span class='ocrx_word' id='word_1_533' title='bbox 127 3922 424 3991; x_wconf 74' lang='lat' dir='ltr'><strong>exhibetur,</strong></span> <span class='ocrx_word' id='word_1_534' title='bbox 447 3925 714 3993; x_wconf 80' lang='lat' dir='ltr'><strong>veneﬁcia,</strong></span> <span class='ocrx_word' id='word_1_535' title='bbox 739 3927 1054 3989; x_wconf 85' lang='lat' dir='ltr'><strong>inimicitias,</strong></span> <span class='ocrx_word' id='word_1_536' title='bbox 1086 3926 1458 3987; x_wconf 86' lang='lat' dir='ltr'><strong>contentiones,</strong></span> <span class='ocrx_word' id='word_1_537' title='bbox 1499 3922 1713 3976; x_wconf 67' lang='lat' dir='ltr'><strong>tumula-</strong></span> 
     </span>
    </p>
   </div>
   <div class='ocr_carea' id='block_1_76' title="bbox 130 3995 1709 4062">
    <p class='ocr_par' dir='ltr' id='par_1_76' title="bbox 130 3995 1709 4062">
     <span class='ocr_line' id='line_1_77' title="bbox 130 3995 1709 4062; baseline -0.003 -11"><span class='ocrx_word' id='word_1_538' title='bbox 130 4002 321 4062; x_wconf 88' lang='lat' dir='ltr'><strong>tiones,</strong></span> <span class='ocrx_word' id='word_1_539' title='bbox 372 3998 745 4061; x_wconf 82' lang='lat' dir='ltr'><strong>animositates,</strong></span> <span class='ocrx_word' id='word_1_540' title='bbox 790 3996 1148 4060; x_wconf 84' lang='lat' dir='ltr'><strong>dissensiones,</strong></span> <span class='ocrx_word' id='word_1_541' title='bbox 1187 3998 1422 4060; x_wconf 65' lang='lat' dir='ltr'><strong>haereses,</strong></span> <span class='ocrx_word' id='word_1_542' title='bbox 1470 3995 1709 4060; x_wconf 83' lang='lat' dir='ltr'><strong>invidias,</strong></span> 
     </span>
    </p>
   </div>
   <div class='ocr_carea' id='block_1_77' title="bbox 128 4066 1711 4137">
    <p class='ocr_par' dir='ltr' id='par_1_77' title="bbox 128 4066 1711 4137">
     <span class='ocr_line' id='line_1_78' title="bbox 128 4066 1711 4137; baseline -0.003 -14"><span class='ocrx_word' id='word_1_543' title='bbox 128 4087 231 4124; x_wconf 86' lang='lat' dir='ltr'><strong>non</strong></span> <span class='ocrx_word' id='word_1_544' title='bbox 277 4069 450 4137; x_wconf 84' lang='lat' dir='ltr'><strong>potius</strong></span> <span class='ocrx_word' id='word_1_545' title='bbox 497 4067 748 4137; x_wconf 83' lang='lat' dir='ltr'><strong>intelligat</strong></span> <span class='ocrx_word' id='word_1_546' title='bbox 795 4068 958 4120; x_wconf 85' lang='lat' dir='ltr'><strong>animi</strong></span> <span class='ocrx_word' id='word_1_547' title='bbox 1003 4068 1128 4121; x_wconf 79' lang='lat' dir='ltr'><strong>vitia</strong></span> <span class='ocrx_word' id='word_1_548' title='bbox 1168 4083 1274 4121; x_wconf 84' lang='lat' dir='ltr'><strong>esse</strong></span> <span class='ocrx_word' id='word_1_549' title='bbox 1319 4082 1473 4134; x_wconf 79' lang='lat' dir='ltr'><strong>quam</strong></span> <span class='ocrx_word' id='word_1_550' title='bbox 1519 4066 1711 4137; x_wconf 89' lang='lat' dir='ltr'><strong>carnis,</strong></span> 
     </span>
    </p>
   </div>
   <div class='ocr_carea' id='block_1_78' title="bbox 162 4136 1715 4209">
    <p class='ocr_par' dir='ltr' id='par_1_78' title="bbox 162 4136 1715 4209">
     <span class='ocr_line' id='line_1_79' title="bbox 162 4136 1715 4209; baseline -0.003 -15"><span class='ocrx_word' id='word_1_551' title='bbox 162 4136 554 4206; x_wconf 85' lang='lat' dir='ltr'><strong>uandoquidem</strong></span> <span class='ocrx_word' id='word_1_552' title='bbox 579 4136 691 4206; x_wconf 81' lang='lat' dir='ltr'><strong>fieri</strong></span> <span class='ocrx_word' id='word_1_553' title='bbox 725 4147 886 4209; x_wconf 80' lang='lat' dir='ltr'><strong>potest</strong></span> <span class='ocrx_word' id='word_1_554' title='bbox 929 4147 984 4191; x_wconf 89' lang='lat' dir='ltr'><strong>ut</strong></span> <span class='ocrx_word' id='word_1_555' title='bbox 1015 4149 1220 4206; x_wconf 81' lang='lat' dir='ltr'><strong>propter</strong></span> <span class='ocrx_word' id='word_1_556' title='bbox 1248 4137 1597 4191; x_wconf 88' lang='lat' dir='ltr'><strong>idololatriam</strong></span> <span class='ocrx_word' id='word_1_557' title='bbox 1637 4136 1715 4190; x_wconf 82' lang='lat' dir='ltr'><strong>vel</strong></span> 
     </span>
    </p>
   </div>
   <div class='ocr_carea' id='block_1_79' title="bbox 128 4158 1716 4278">
    <p class='ocr_par' dir='ltr' id='par_1_79' title="bbox 128 4158 1716 4278">
     <span class='ocr_line' id='line_1_80' title="bbox 162 4158 1715 4209; baseline -0.003 -15"><span class='ocrx_word' id='word_1_558' title='bbox 162 4158 554 4206; x_wconf 80' lang='lat' dir='ltr'><strong>uanaoqutaem</strong></span> <span class='ocrx_word' id='word_1_559' title='bbox 579 4158 689 4206; x_wconf 76' lang='lat' dir='ltr'><strong>[terr</strong></span> <span class='ocrx_word' id='word_1_560' title='bbox 725 4158 886 4209; x_wconf 74' lang='grc' dir='ltr'><strong>μοιεει</strong></span> <span class='ocrx_word' id='word_1_561' title='bbox 929 4158 984 4191; x_wconf 80' lang='grc' dir='ltr'><strong>ιιι</strong></span> <span class='ocrx_word' id='word_1_562' title='bbox 1015 4158 1220 4206; x_wconf 79' lang='lat' dir='ltr'><strong>propter</strong></span> <span class='ocrx_word' id='word_1_563' title='bbox 1248 4158 1597 4191; x_wconf 71' lang='grc' dir='ltr'><strong>εαοιοιαιηαηι</strong></span> <span class='ocrx_word' id='word_1_564' title='bbox 1637 4158 1715 4190; x_wconf 76' lang='lat' dir='ltr'><strong>vas</strong></span> 
     </span>
     <span class='ocr_line' id='line_1_81' title="bbox 128 4158 1716 4278; baseline -0.001 -15"><span class='ocrx_word' id='word_1_565' title='bbox 128 4158 351 4266; x_wconf 65' lang='lat' dir='ltr'><strong>Zeresis</strong></span> <span class='ocrx_word' id='word_1_566' title='bbox 380 4210 604 4278; x_wconf 86' lang='lat' dir='ltr'><strong>alicujus</strong></span> <span class='ocrx_word' id='word_1_567' title='bbox 631 4223 853 4262; x_wconf 85' lang='lat' dir='ltr'><strong>errorem</strong></span> <span class='ocrx_word' id='word_1_568' title='bbox 887 4225 917 4262; x_wconf 92' lang='lat' dir='ltr'><strong>a</strong></span> <span class='ocrx_word' id='word_1_569' title='bbox 958 4210 1296 4278; x_wconf 82' lang='lat' dir='ltr'><strong>voluptatibus</strong></span> <span class='ocrx_word' id='word_1_570' title='bbox 1327 4210 1498 4262; x_wconf 85' lang='lat' dir='ltr'><strong>carnis</strong></span> <span class='ocrx_word' id='word_1_571' title='bbox 1525 4217 1716 4275; x_wconf 85' lang='lat' dir='ltr'><strong>tempe—</strong></span> 
     </span>
    </p>
   </div>
   <div class='ocr_carea' id='block_1_80' title="bbox 129 4279 1715 4346">
    <p class='ocr_par' dir='ltr' id='par_1_80' title="bbox 129 4279 1715 4346">
     <span class='ocr_line' id='line_1_82' title="bbox 129 4279 1715 4346; baseline -0.002 -12"><span class='ocrx_word' id='word_1_572' title='bbox 129 4293 306 4343; x_wconf 84' lang='lat' dir='ltr'><strong>retur,</strong></span> <span class='ocrx_word' id='word_1_573' title='bbox 334 4287 380 4332; x_wconf 84' lang='lat' dir='ltr'><strong>et</strong></span> <span class='ocrx_word' id='word_1_574' title='bbox 405 4289 570 4331; x_wconf 80' lang='lat' dir='ltr'><strong>tamen</strong></span> <span class='ocrx_word' id='word_1_575' title='bbox 592 4279 744 4334; x_wconf 86' lang='lat' dir='ltr'><strong>etiam</strong></span> <span class='ocrx_word' id='word_1_576' title='bbox 786 4290 902 4332; x_wconf 85' lang='lat' dir='ltr'><strong>tunc</strong></span> <span class='ocrx_word' id='word_1_577' title='bbox 933 4280 1103 4343; x_wconf 87' lang='lat' dir='ltr'><strong>homo,</strong></span> <span class='ocrx_word' id='word_1_578' title='bbox 1135 4280 1368 4346; x_wconf 82' lang='lat' dir='ltr'><strong>quamvis</strong></span> <span class='ocrx_word' id='word_1_579' title='bbox 1399 4282 1564 4332; x_wconf 86' lang='lat' dir='ltr'><strong>carnis</strong></span> <span class='ocrx_word' id='word_1_580' title='bbox 1595 4279 1715 4331; x_wconf 84' lang='lat' dir='ltr'><strong>libi-</strong></span> 
     </span>
    </p>
   </div>
   <div class='ocr_carea' id='block_1_81' title="bbox 131 4349 1714 4419">
    <p class='ocr_par' dir='ltr' id='par_1_81' title="bbox 131 4349 1714 4419">
     <span class='ocr_line' id='line_1_83' title="bbox 131 4349 1714 4419; baseline -0.003 -12"><span class='ocrx_word' id='word_1_581' title='bbox 131 4355 320 4407; x_wconf 85' lang='lat' dir='ltr'><strong>dinem</strong></span> <span class='ocrx_word' id='word_1_582' title='bbox 367 4349 622 4404; x_wconf 85' lang='lat' dir='ltr'><strong>continere</strong></span> <span class='ocrx_word' id='word_1_583' title='bbox 669 4357 822 4419; x_wconf 87' lang='lat' dir='ltr'><strong>atque</strong></span> <span class='ocrx_word' id='word_1_584' title='bbox 865 4351 1097 4403; x_wconf 86' lang='lat' dir='ltr'><strong>cohibere</strong></span> <span class='ocrx_word' id='word_1_585' title='bbox 1134 4351 1385 4415; x_wconf 84' lang='lat' dir='ltr'><strong>videatur,</strong></span> <span class='ocrx_word' id='word_1_586' title='bbox 1433 4350 1714 4403; x_wconf 84' lang='lat' dir='ltr'><strong>secundum</strong></span> 
     </span>
    </p>
   </div>
   <div class='ocr_carea' id='block_1_82' title="bbox 133 4420 1713 4489">
    <p class='ocr_par' dir='ltr' id='par_1_82' title="bbox 133 4420 1713 4489">
     <span class='ocr_line' id='line_1_84' title="bbox 133 4420 1713 4489; baseline -0.003 -12"><span class='ocrx_word' id='word_1_587' title='bbox 133 4437 350 4478; x_wconf 83' lang='lat' dir='ltr'><strong>carnem</strong></span> <span class='ocrx_word' id='word_1_588' title='bbox 387 4421 550 4474; x_wconf 85' lang='lat' dir='ltr'><strong>vivere</strong></span> <span class='ocrx_word' id='word_1_589' title='bbox 597 4420 690 4474; x_wconf 85' lang='lat' dir='ltr'><strong>hac</strong></span> <span class='ocrx_word' id='word_1_590' title='bbox 725 4422 1010 4489; x_wconf 84' lang='lat' dir='ltr'><strong>apostolica</strong></span> <span class='ocrx_word' id='word_1_591' title='bbox 1039 4422 1343 4473; x_wconf 86' lang='lat' dir='ltr'><strong>auctoritate</strong></span> <span class='ocrx_word' id='word_1_592' title='bbox 1379 4421 1713 4484; x_wconf 85' lang='lat' dir='ltr'><strong>convincitur,</strong></span> 
     </span>
    </p>
   </div>
   <div class='ocr_carea' id='block_1_83' title="bbox 136 4490 1720 4559">
    <p class='ocr_par' dir='ltr' id='par_1_83' title="bbox 136 4490 1720 4559">
     <span class='ocr_line' id='line_1_85' title="bbox 136 4490 1720 4559; baseline -0.002 -13"><span class='ocrx_word' id='word_1_593' title='bbox 136 4507 180 4547; x_wconf 89' lang='lat' dir='ltr'><strong>et</strong></span> <span class='ocrx_word' id='word_1_594' title='bbox 211 4497 268 4548; x_wconf 87' lang='lat' dir='ltr'><strong>in</strong></span> <span class='ocrx_word' id='word_1_595' title='bbox 296 4509 359 4546; x_wconf 88' lang='lat' dir='ltr'><strong>eo</strong></span> <span class='ocrx_word' id='word_1_596' title='bbox 382 4491 520 4559; x_wconf 80' lang='lat' dir='ltr'><strong>quod</strong></span> <span class='ocrx_word' id='word_1_597' title='bbox 556 4492 769 4545; x_wconf 83' lang='lat' dir='ltr'><strong>abstinet</strong></span> <span class='ocrx_word' id='word_1_598' title='bbox 799 4508 830 4543; x_wconf 89' lang='lat' dir='ltr'><strong>a</strong></span> <span class='ocrx_word' id='word_1_599' title='bbox 857 4490 1200 4559; x_wconf 83' lang='lat' dir='ltr'><strong>voluptatibus</strong></span> <span class='ocrx_word' id='word_1_600' title='bbox 1232 4492 1420 4554; x_wconf 84' lang='lat' dir='ltr'><strong>carnis,</strong></span> <span class='ocrx_word' id='word_1_601' title='bbox 1452 4491 1720 4543; x_wconf 87' lang='lat' dir='ltr'><strong>damnabi-</strong></span> 
     </span>
    </p>
   </div>
   <div class='ocr_carea' id='block_1_84' title="bbox 137 4561 1715 4634">
    <p class='ocr_par' dir='ltr' id='par_1_84' title="bbox 137 4561 1715 4634">
     <span class='ocr_line' id='line_1_86' title="bbox 137 4561 1715 4634; baseline -0.002 -16"><span class='ocrx_word' id='word_1_602' title='bbox 137 4567 209 4618; x_wconf 85' lang='lat' dir='ltr'><strong>lia</strong></span> <span class='ocrx_word' id='word_1_603' title='bbox 251 4579 413 4634; x_wconf 88' lang='lat' dir='ltr'><strong>opera</strong></span> <span class='ocrx_word' id='word_1_604' title='bbox 437 4564 612 4634; x_wconf 82' lang='lat' dir='ltr'><strong>carnis</strong></span> <span class='ocrx_word' id='word_1_605' title='bbox 643 4579 790 4631; x_wconf 81' lang='lat' dir='ltr'><strong>agere</strong></span> <span class='ocrx_word' id='word_1_606' title='bbox 813 4562 1232 4634; x_wconf 81' lang='lat' dir='ltr'><strong>demonstratur_?</strong></span> <span class='ocrx_word' id='word_1_607' title='bbox 1272 4561 1337 4614; x_wconf 89' lang='lat' dir='ltr'><strong>Et</strong></span> <span class='ocrx_word' id='word_1_608' title='bbox 1367 4562 1715 4634; x_wconf 78' lang='lat' dir='ltr'><strong>paulopost:</strong></span> 
     </span>
    </p>
   </div>
   <div class='ocr_carea' id='block_1_85' title="bbox 138 4631 1721 4704">
    <p class='ocr_par' dir='ltr' id='par_1_85' title="bbox 138 4631 1721 4704">
     <span class='ocr_line' id='line_1_87' title="bbox 138 4631 1721 4704; baseline -0.004 -14"><span class='ocrx_word' id='word_1_609' title='bbox 138 4636 244 4690; x_wconf 82' lang='lat' dir='ltr'><strong>Cur</strong></span> <span class='ocrx_word' id='word_1_610' title='bbox 273 4631 398 4704; x_wconf 85' lang='lat' dir='ltr'><strong>ergo</strong></span> <span class='ocrx_word' id='word_1_611' title='bbox 425 4632 536 4687; x_wconf 72' lang='lat' dir='ltr'><strong>hac</strong></span> <span class='ocrx_word' id='word_1_612' title='bbox 566 4635 738 4686; x_wconf 86' lang='lat' dir='ltr'><strong>omnia</strong></span> <span class='ocrx_word' id='word_1_613' title='bbox 767 4642 812 4685; x_wconf 89' lang='lat' dir='ltr'><strong>et</strong></span> <span class='ocrx_word' id='word_1_614' title='bbox 841 4633 920 4686; x_wconf 84' lang='lat' dir='ltr'><strong>his</strong></span> <span class='ocrx_word' id='word_1_615' title='bbox 945 4633 1136 4704; x_wconf 85' lang='lat' dir='ltr'><strong>similia</strong></span> <span class='ocrx_word' id='word_1_616' title='bbox 1183 4631 1374 4704; x_wconf 90' lang='lat' dir='ltr'><strong>Doctor</strong></span> <span class='ocrx_word' id='word_1_617' title='bbox 1412 4631 1721 4704; x_wconf 77' lang='lat' dir='ltr'><strong>gentiumin</strong></span> 
     </span>
    </p>
   </div>
   <div class='ocr_carea' id='block_1_86' title="bbox 139 4701 1724 4776">
    <p class='ocr_par' dir='ltr' id='par_1_86' title="bbox 139 4701 1724 4776">
     <span class='ocr_line' id='line_1_88' title="bbox 139 4701 1724 4776; baseline -0.004 -16"><span class='ocrx_word' id='word_1_618' title='bbox 139 4707 242 4776; x_wconf 79' lang='lat' dir='ltr'><strong>fide</strong></span> <span class='ocrx_word' id='word_1_619' title='bbox 273 4715 324 4757; x_wconf 88' lang='lat' dir='ltr'><strong>et</strong></span> <span class='ocrx_word' id='word_1_620' title='bbox 337 4701 564 4776; x_wconf 60' lang='lat' dir='ltr'><strong>veritate</strong></span> <span class='ocrx_word' id='word_1_621' title='bbox 595 4719 753 4774; x_wconf 80' lang='lat' dir='ltr'><strong>Opera</strong></span> <span class='ocrx_word' id='word_1_622' title='bbox 784 4704 952 4758; x_wconf 83' lang='lat' dir='ltr'><strong>carnis</strong></span> <span class='ocrx_word' id='word_1_623' title='bbox 983 4703 1248 4776; x_wconf 82' lang='lat' dir='ltr'><strong>appellat?</strong></span> <span class='ocrx_word' id='word_1_624' title='bbox 1279 4703 1378 4755; x_wconf 87' lang='lat' dir='ltr'><strong>nisi</strong></span> <span class='ocrx_word' id='word_1_625' title='bbox 1406 4703 1527 4768; x_wconf 88' lang='lat' dir='ltr'><strong>quia</strong></span> <span class='ocrx_word' id='word_1_626' title='bbox 1557 4718 1614 4776; x_wconf 83' lang='lat' dir='ltr'><strong>eo</strong></span> <span class='ocrx_word' id='word_1_627' title='bbox 1645 4701 1724 4754; x_wconf 92' lang='lat' dir='ltr'><strong>lo-</strong></span> 
     </span>
    </p>
   </div>
   <div class='ocr_carea' id='block_1_87' title="bbox 139 4774 1722 4846">
    <p class='ocr_par' dir='ltr' id='par_1_87' title="bbox 139 4774 1722 4846">
     <span class='ocr_line' id='line_1_89' title="bbox 139 4774 1722 4846; baseline -0.003 -17"><span class='ocrx_word' id='word_1_628' title='bbox 139 4774 362 4829; x_wconf 81' lang='lat' dir='ltr'><strong>cutionis</strong></span> <span class='ocrx_word' id='word_1_629' title='bbox 394 4775 568 4846; x_wconf 85' lang='lat' dir='ltr'><strong>modo,</strong></span> <span class='ocrx_word' id='word_1_630' title='bbox 611 4791 714 4844; x_wconf 83' lang='lat' dir='ltr'><strong>quo</strong></span> <span class='ocrx_word' id='word_1_631' title='bbox 745 4784 904 4829; x_wconf 87' lang='lat' dir='ltr'><strong>totum</strong></span> <span class='ocrx_word' id='word_1_632' title='bbox 939 4774 1266 4846; x_wconf 80' lang='lat' dir='ltr'><strong>signiﬁcatur</strong></span> <span class='ocrx_word' id='word_1_633' title='bbox 1289 4782 1520 4846; x_wconf 42' lang='lat' dir='ltr'><strong>auparte,</strong></span> <span class='ocrx_word' id='word_1_634' title='bbox 1553 4774 1722 4846; x_wconf 84' lang='lat' dir='ltr'><strong>ipsum</strong></span> 
     </span>
    </p>
   </div>
   <div class='ocr_carea' id='block_1_88' title="bbox 139 4843 1724 4916">
    <p class='ocr_par' dir='ltr' id='par_1_88' title="bbox 139 4843 1724 4916">
     <span class='ocr_line' id='line_1_90' title="bbox 139 4843 1724 4916; baseline -0.001 -18"><span class='ocrx_word' id='word_1_635' title='bbox 139 4846 400 4900; x_wconf 85' lang='lat' dir='ltr'><strong>hominem</strong></span> <span class='ocrx_word' id='word_1_636' title='bbox 419 4843 526 4916; x_wconf 81' lang='lat' dir='ltr'><strong>vult</strong></span> <span class='ocrx_word' id='word_1_637' title='bbox 568 4847 772 4898; x_wconf 87' lang='lat' dir='ltr'><strong>nomine</strong></span> <span class='ocrx_word' id='word_1_638' title='bbox 806 4843 1273 4916; x_wconf 30' lang='lat' dir='ltr'><strong>carnisiintelligi?</strong></span> <span class='ocrx_word' id='word_1_639' title='bbox 1316 4843 1584 4916; x_wconf 73' lang='lat' dir='ltr'><strong>Hactenus</strong></span> <span class='ocrx_word' id='word_1_640' title='bbox 1614 4845 1724 4916; x_wconf 69' lang='lat' dir='ltr'><strong>Au-</strong></span> 
     </span>
    </p>
   </div>
   <div class='ocr_carea' id='block_1_89' title="bbox 139 4911 1724 4987">
    <p class='ocr_par' dir='ltr' id='par_1_89' title="bbox 139 4911 1724 4987">
     <span class='ocr_line' id='line_1_91' title="bbox 139 4911 1724 4987; baseline -0.003 -15"><span class='ocrx_word' id='word_1_641' title='bbox 139 4921 423 4987; x_wconf 58' lang='lat' dir='ltr'><strong>gustinus.</strong></span> <span class='ocrx_word' id='word_1_642' title='bbox 475 4914 735 4987; x_wconf 87' lang='lat' dir='ltr'><strong>Secundo</strong></span> <span class='ocrx_word' id='word_1_643' title='bbox 781 4915 1083 4987; x_wconf 82' lang='lat' dir='ltr'><strong>respondeo</strong></span> <span class='ocrx_word' id='word_1_644' title='bbox 1127 4911 1306 4987; x_wconf 59' lang='lat' dir='ltr'><strong>ei_S.</strong></span> <span class='ocrx_word' id='word_1_645' title='bbox 1353 4914 1559 4969; x_wconf 82' lang='lat' dir='ltr'><strong>Thoma</strong></span> <span class='ocrx_word' id='word_1_646' title='bbox 1615 4911 1724 4987; x_wconf 90' lang='lat' dir='ltr'><strong>(In</strong></span> 
     </span>
    </p>
   </div>
   <div class='ocr_carea' id='block_1_90' title="bbox 141 4983 1726 5056">
    <p class='ocr_par' dir='ltr' id='par_1_90' title="bbox 141 4983 1726 5056">
     <span class='ocr_line' id='line_1_92' title="bbox 141 4983 1726 5056; baseline -0.001 -15"><span class='ocrx_word' id='word_1_647' title='bbox 141 4983 345 5041; x_wconf 87' lang='lat' dir='ltr'><strong>Comm.</strong></span> <span class='ocrx_word' id='word_1_648' title='bbox 381 4983 558 5039; x_wconf 82' lang='lat' dir='ltr'><strong>Galat.</strong></span> <span class='ocrx_word' id='word_1_649' title='bbox 592 4987 669 5055; x_wconf 87' lang='lat' dir='ltr'><strong>v),</strong></span> <span class='ocrx_word' id='word_1_650' title='bbox 700 4985 840 5056; x_wconf 89' lang='lat' dir='ltr'><strong>quod</strong></span> <span class='ocrx_word' id='word_1_651' title='bbox 872 4994 1148 5056; x_wconf 88' lang='lat' dir='ltr'><strong>peccatum</strong></span> <span class='ocrx_word' id='word_1_652' title='bbox 1176 4984 1280 5039; x_wconf 90' lang='lat' dir='ltr'><strong>dici</strong></span> <span class='ocrx_word' id='word_1_653' title='bbox 1309 4996 1483 5051; x_wconf 87' lang='lat' dir='ltr'><strong>potest</strong></span> <span class='ocrx_word' id='word_1_654' title='bbox 1509 4983 1726 5039; x_wconf 86' lang='lat' dir='ltr'><strong>carnale</strong></span> 
     </span>
    </p>
   </div>
   <div class='ocr_carea' id='block_1_91' title="bbox 139 5055 1724 5127">
    <p class='ocr_par' dir='ltr' id='par_1_91' title="bbox 139 5055 1724 5127">
     <span class='ocr_line' id='line_1_93' title="bbox 139 5055 1724 5127; baseline -0.003 -15"><span class='ocrx_word' id='word_1_655' title='bbox 139 5057 460 5127; x_wconf 86' lang='lat' dir='ltr'><strong>dupliciter,</strong></span> <span class='ocrx_word' id='word_1_656' title='bbox 501 5055 1007 5127; x_wconf 31' lang='lat' dir='ltr'><strong>scilicet’quantum</strong></span> <span class='ocrx_word' id='word_1_657' title='bbox 1061 5055 1125 5108; x_wconf 92' lang='lat' dir='ltr'><strong>ad</strong></span> <span class='ocrx_word' id='word_1_658' title='bbox 1179 5057 1724 5120; x_wconf 86' lang='lat' dir='ltr'><strong>consummationem,</strong></span> 
     </span>
    </p>
   </div>
   <div class='ocr_carea' id='block_1_92' title="bbox 140 5126 1729 5192">
    <p class='ocr_par' dir='ltr' id='par_1_92' title="bbox 140 5126 1729 5192">
     <span class='ocr_line' id='line_1_94' title="bbox 140 5126 1729 5192; baseline -0.003 -10"><span class='ocrx_word' id='word_1_659' title='bbox 140 5141 194 5183; x_wconf 89' lang='lat' dir='ltr'><strong>et</strong></span> <span class='ocrx_word' id='word_1_660' title='bbox 224 5126 314 5184; x_wconf 81' lang='lat' dir='ltr'><strong>sic</strong></span> <span class='ocrx_word' id='word_1_661' title='bbox 361 5127 616 5182; x_wconf 87' lang='lat' dir='ltr'><strong>dicuntur</strong></span> <span class='ocrx_word' id='word_1_662' title='bbox 664 5129 897 5182; x_wconf 83' lang='lat' dir='ltr'><strong>carnalia</strong></span> <span class='ocrx_word' id='word_1_663' title='bbox 947 5126 1040 5180; x_wconf 87' lang='lat' dir='ltr'><strong>illa</strong></span> <span class='ocrx_word' id='word_1_664' title='bbox 1081 5136 1284 5180; x_wconf 88' lang='lat' dir='ltr'><strong>tantum</strong></span> <span class='ocrx_word' id='word_1_665' title='bbox 1316 5141 1434 5192; x_wconf 66' lang='lat' dir='ltr'><strong>quae</strong></span> <span class='ocrx_word' id='word_1_666' title='bbox 1476 5141 1729 5180; x_wconf 87' lang='lat' dir='ltr'><strong>consum-</strong></span> 
     </span>
    </p>
   </div>
   <div class='ocr_carea' id='block_1_93' title="bbox 142 5195 1730 5260">
    <p class='ocr_par' dir='ltr' id='par_1_93' title="bbox 142 5195 1730 5260">
     <span class='ocr_line' id='line_1_95' title="bbox 142 5195 1730 5260; baseline -0.003 -7"><span class='ocrx_word' id='word_1_667' title='bbox 142 5212 369 5254; x_wconf 89' lang='lat' dir='ltr'><strong>mantur</strong></span> <span class='ocrx_word' id='word_1_668' title='bbox 423 5199 476 5252; x_wconf 90' lang='lat' dir='ltr'><strong>in</strong></span> <span class='ocrx_word' id='word_1_669' title='bbox 520 5198 880 5253; x_wconf 85' lang='lat' dir='ltr'><strong>delectatione</strong></span> <span class='ocrx_word' id='word_1_670' title='bbox 921 5196 1122 5260; x_wconf 91' lang='lat' dir='ltr'><strong>carnis,</strong></span> <span class='ocrx_word' id='word_1_671' title='bbox 1175 5195 1386 5248; x_wconf 86' lang='lat' dir='ltr'><strong>scilicet</strong></span> <span class='ocrx_word' id='word_1_672' title='bbox 1423 5195 1633 5249; x_wconf 86' lang='lat' dir='ltr'><strong>luxuria</strong></span> <span class='ocrx_word' id='word_1_673' title='bbox 1675 5203 1730 5250; x_wconf 91' lang='lat' dir='ltr'><strong>et</strong></span> 
     </span>
    </p>
   </div>
   <div class='ocr_carea' id='block_1_94' title="bbox 142 5266 1727 5340">
    <p class='ocr_par' dir='ltr' id='par_1_94' title="bbox 142 5266 1727 5340">
     <span class='ocr_line' id='line_1_96' title="bbox 142 5266 1727 5340; baseline -0.001 -18"><span class='ocrx_word' id='word_1_674' title='bbox 142 5272 306 5340; x_wconf 82' lang='lat' dir='ltr'><strong>gula;</strong></span> <span class='ocrx_word' id='word_1_675' title='bbox 330 5279 387 5325; x_wconf 88' lang='lat' dir='ltr'><strong>et</strong></span> <span class='ocrx_word' id='word_1_676' title='bbox 411 5277 674 5338; x_wconf 90' lang='lat' dir='ltr'><strong>quantum</strong></span> <span class='ocrx_word' id='word_1_677' title='bbox 700 5270 766 5323; x_wconf 85' lang='lat' dir='ltr'><strong>ad</strong></span> <span class='ocrx_word' id='word_1_678' title='bbox 806 5270 1067 5334; x_wconf 83' lang='lat' dir='ltr'><strong>radicem,</strong></span> <span class='ocrx_word' id='word_1_679' title='bbox 1098 5275 1154 5321; x_wconf 91' lang='lat' dir='ltr'><strong>et</strong></span> <span class='ocrx_word' id='word_1_680' title='bbox 1191 5266 1268 5320; x_wconf 90' lang='lat' dir='ltr'><strong>sic</strong></span> <span class='ocrx_word' id='word_1_681' title='bbox 1299 5267 1478 5340; x_wconf 85' lang='lat' dir='ltr'><strong>otnnia</strong></span> <span class='ocrx_word' id='word_1_682' title='bbox 1509 5273 1727 5340; x_wconf 76' lang='lat' dir='ltr'><strong>peccata</strong></span> 
     </span>
    </p>
   </div>
   <div class='ocr_carea' id='block_1_95' title="bbox 142 5335 1729 5410">
    <p class='ocr_par' dir='ltr' id='par_1_95' title="bbox 142 5335 1729 5410">
     <span class='ocr_line' id='line_1_97' title="bbox 142 5335 1729 5410; baseline -0.003 -14"><span class='ocrx_word' id='word_1_683' title='bbox 142 5335 403 5396; x_wconf 73' lang='lat' dir='ltr'><strong>dicuntur</strong></span> <span class='ocrx_word' id='word_1_684' title='bbox 433 5335 692 5401; x_wconf 78' lang='lat' dir='ltr'><strong>carnalia,</strong></span> <span class='ocrx_word' id='word_1_685' title='bbox 719 5341 771 5394; x_wconf 92' lang='lat' dir='ltr'><strong>in</strong></span> <span class='ocrx_word' id='word_1_686' title='bbox 795 5347 1056 5410; x_wconf 74' lang='lat' dir='ltr'><strong>quantum</strong></span> <span class='ocrx_word' id='word_1_687' title='bbox 1073 5353 1153 5410; x_wconf 30' lang='lat' dir='ltr'><strong>Aex</strong></span> <span class='ocrx_word' id='word_1_688' title='bbox 1182 5336 1526 5410; x_wconf 82' lang='lat' dir='ltr'><strong>corruptione</strong></span> <span class='ocrx_word' id='word_1_689' title='bbox 1549 5335 1729 5410; x_wconf 76' lang='lat' dir='ltr'><strong>carnis</strong></span> 
     </span>
    </p>
   </div>
   <div class='ocr_carea' id='block_1_96' title="bbox 142 5407 1732 5480">
    <p class='ocr_par' dir='ltr' id='par_1_96' title="bbox 142 5407 1732 5480">
     <span class='ocr_line' id='line_1_98' title="bbox 142 5407 1732 5480; baseline -0.004 -13"><span class='ocrx_word' id='word_1_690' title='bbox 142 5413 332 5467; x_wconf 88' lang='lat' dir='ltr'><strong>anima</strong></span> <span class='ocrx_word' id='word_1_691' title='bbox 362 5419 707 5480; x_wconf 82' lang='lat' dir='ltr'><strong>aggravatur,</strong></span> <span class='ocrx_word' id='word_1_692' title='bbox 740 5407 1038 5480; x_wconf 30' lang='lat' dir='ltr'><strong>ut’dicitur</strong></span> <span class='ocrx_word' id='word_1_693' title='bbox 1065 5408 1192 5475; x_wconf 78' lang='lat' dir='ltr'><strong>Sap.</strong></span> <span class='ocrx_word' id='word_1_694' title='bbox 1226 5423 1304 5462; x_wconf 82' lang='lat' dir='ltr'><strong>rx.</strong></span> <span class='ocrx_word' id='word_1_695' title='bbox 1341 5407 1413 5460; x_wconf 80' lang='lat' dir='ltr'><strong>Ex</strong></span> <span class='ocrx_word' id='word_1_696' title='bbox 1443 5422 1548 5476; x_wconf 90' lang='lat' dir='ltr'><strong>quo</strong></span> <span class='ocrx_word' id='word_1_697' title='bbox 1577 5407 1732 5480; x_wconf 86' lang='lat' dir='ltr'><strong>intel-</strong></span> 
     </span>
    </p>
   </div>
   <div class='ocr_carea' id='block_1_97' title="bbox 143 5477 1734 5547">
    <p class='ocr_par' dir='ltr' id='par_1_97' title="bbox 143 5477 1734 5547">
     <span class='ocr_line' id='line_1_99' title="bbox 143 5477 1734 5547; baseline -0.004 -10"><span class='ocrx_word' id='word_1_698' title='bbox 143 5484 326 5539; x_wconf 86' lang='lat' dir='ltr'><strong>lectus</strong></span> <span class='ocrx_word' id='word_1_699' title='bbox 346 5477 661 5537; x_wconf 67' lang='lat' dir='ltr'><strong>debilitatus</strong></span> <span class='ocrx_word' id='word_1_700' title='bbox 693 5480 901 5536; x_wconf 87' lang='lat' dir='ltr'><strong>facilius</strong></span> <span class='ocrx_word' id='word_1_701' title='bbox 928 5479 1104 5546; x_wconf 80' lang='lat' dir='ltr'><strong>decipi</strong></span> <span class='ocrx_word' id='word_1_702' title='bbox 1138 5487 1331 5547; x_wconf 88' lang='lat' dir='ltr'><strong>potest,</strong></span> <span class='ocrx_word' id='word_1_703' title='bbox 1365 5487 1417 5532; x_wconf 91' lang='lat' dir='ltr'><strong>et</strong></span> <span class='ocrx_word' id='word_1_704' title='bbox 1445 5477 1734 5544; x_wconf 86' lang='lat' dir='ltr'><strong>impeditur</strong></span> 
     </span>
    </p>
   </div>
   <div class='ocr_carea' id='block_1_98' title="bbox 141 5548 1737 5622">
    <p class='ocr_par' dir='ltr' id='par_1_98' title="bbox 141 5548 1737 5622">
     <span class='ocr_line' id='line_1_100' title="bbox 141 5548 1737 5622; baseline -0.004 -13"><span class='ocrx_word' id='word_1_705' title='bbox 141 5569 172 5609; x_wconf 91' lang='lat' dir='ltr'><strong>a</strong></span> <span class='ocrx_word' id='word_1_706' title='bbox 203 5569 304 5609; x_wconf 86' lang='lat' dir='ltr'><strong>sua</strong></span> <span class='ocrx_word' id='word_1_707' title='bbox 336 5551 581 5622; x_wconf 86' lang='lat' dir='ltr'><strong>perfecta</strong></span> <span class='ocrx_word' id='word_1_708' title='bbox 607 5553 950 5620; x_wconf 88' lang='lat' dir='ltr'><strong>operatione.</strong></span> <span class='ocrx_word' id='word_1_709' title='bbox 985 5549 1138 5606; x_wconf 87' lang='lat' dir='ltr'><strong>Unde</strong></span> <span class='ocrx_word' id='word_1_710' title='bbox 1177 5559 1232 5604; x_wconf 92' lang='lat' dir='ltr'><strong>et</strong></span> <span class='ocrx_word' id='word_1_711' title='bbox 1260 5566 1326 5604; x_wconf 86' lang='lat' dir='ltr'><strong>ex</strong></span> <span class='ocrx_word' id='word_1_712' title='bbox 1366 5548 1465 5622; x_wconf 82' lang='lat' dir='ltr'><strong>hoc</strong></span> <span class='ocrx_word' id='word_1_713' title='bbox 1503 5563 1737 5622; x_wconf 84' lang='lat' dir='ltr'><strong>sequun-</strong></span> 
     </span>
    </p>
   </div>
   <div class='ocr_carea' id='block_1_99' title="bbox 143 5618 1740 5689">
    <p class='ocr_par' dir='ltr' id='par_1_99' title="bbox 143 5618 1740 5689">
     <span class='ocr_line' id='line_1_101' title="bbox 143 5618 1740 5689; baseline -0.003 -10"><span class='ocrx_word' id='word_1_714' title='bbox 143 5634 238 5680; x_wconf 89' lang='lat' dir='ltr'><strong>tur</strong></span> <span class='ocrx_word' id='word_1_715' title='bbox 289 5618 465 5689; x_wconf 84' lang='lat' dir='ltr'><strong>vitia,</strong></span> <span class='ocrx_word' id='word_1_716' title='bbox 520 5618 732 5678; x_wconf 78' lang='lat' dir='ltr'><strong>scilicet</strong></span> <span class='ocrx_word' id='word_1_717' title='bbox 782 5624 1054 5687; x_wconf 75' lang='lat' dir='ltr'><strong>haereses,</strong></span> <span class='ocrx_word' id='word_1_718' title='bbox 1092 5631 1257 5677; x_wconf 62' lang='lat' dir='ltr'><strong>sectae</strong></span> <span class='ocrx_word' id='word_1_719' title='bbox 1301 5629 1355 5675; x_wconf 95' lang='lat' dir='ltr'><strong>et</strong></span> <span class='ocrx_word' id='word_1_720' title='bbox 1399 5619 1502 5674; x_wconf 89' lang='lat' dir='ltr'><strong>alia</strong></span> <span class='ocrx_word' id='word_1_721' title='bbox 1553 5618 1740 5686; x_wconf 84' lang='lat' dir='ltr'><strong>hujus-</strong></span> 
     </span>
    </p>
   </div>
   <div class='ocr_carea' id='block_1_100' title="bbox 143 5689 1742 5765">
    <p class='ocr_par' dir='ltr' id='par_1_100' title="bbox 143 5689 1742 5765">
     <span class='ocr_line' id='line_1_102' title="bbox 143 5689 1742 5765; baseline -0.004 -11"><span class='ocrx_word' id='word_1_722' title='bbox 143 5695 341 5755; x_wconf 82' lang='lat' dir='ltr'><strong>modi:</strong></span> <span class='ocrx_word' id='word_1_723' title='bbox 380 5704 440 5751; x_wconf 89' lang='lat' dir='ltr'><strong>et</strong></span> <span class='ocrx_word' id='word_1_724' title='bbox 478 5694 584 5750; x_wconf 79' lang='lat' dir='ltr'><strong>hoc</strong></span> <span class='ocrx_word' id='word_1_725' title='bbox 611 5695 776 5750; x_wconf 89' lang='lat' dir='ltr'><strong>modo</strong></span> <span class='ocrx_word' id='word_1_726' title='bbox 813 5693 1012 5750; x_wconf 89' lang='lat' dir='ltr'><strong>dicitur</strong></span> <span class='ocrx_word' id='word_1_727' title='bbox 1048 5694 1192 5765; x_wconf 88' lang='lat' dir='ltr'><strong>quod</strong></span> <span class='ocrx_word' id='word_1_728' title='bbox 1219 5692 1392 5751; x_wconf 85' lang='lat' dir='ltr'><strong>fomes</strong></span> <span class='ocrx_word' id='word_1_729' title='bbox 1431 5701 1512 5748; x_wconf 88' lang='lat' dir='ltr'><strong>est</strong></span> <span class='ocrx_word' id='word_1_730' title='bbox 1542 5689 1742 5762; x_wconf 87' lang='lat' dir='ltr'><strong>princi-</strong></span> 
     </span>
    </p>
   </div>
   <div class='ocr_carea' id='block_1_101' title="bbox 1808 3147 3392 3220">
    <p class='ocr_par' dir='ltr' id='par_1_101' title="bbox 1808 3147 3392 3220">
     <span class='ocr_line' id='line_1_103' title="bbox 1808 3147 3392 3220; baseline 0.001 -18"><span class='ocrx_word' id='word_1_731' title='bbox 1808 3151 1977 3203; x_wconf 84' lang='lat' dir='ltr'><strong>cordis</strong></span> <span class='ocrx_word' id='word_1_732' title='bbox 2031 3165 2090 3202; x_wconf 89' lang='lat' dir='ltr'><strong>ac</strong></span> <span class='ocrx_word' id='word_1_733' title='bbox 2134 3148 2368 3220; x_wconf 82' lang='lat' dir='ltr'><strong>pervigili</strong></span> <span class='ocrx_word' id='word_1_734' title='bbox 2418 3147 2781 3212; x_wconf 86' lang='lat' dir='ltr'><strong>sollicitudine,</strong></span> <span class='ocrx_word' id='word_1_735' title='bbox 2817 3149 3038 3218; x_wconf 81' lang='lat' dir='ltr'><strong>fratrum</strong></span> <span class='ocrx_word' id='word_1_736' title='bbox 3081 3151 3236 3202; x_wconf 86' lang='lat' dir='ltr'><strong>etiam</strong></span> <span class='ocrx_word' id='word_1_737' title='bbox 3282 3153 3392 3220; x_wconf 83' lang='lat' dir='ltr'><strong>fre-</strong></span> 
     </span>
    </p>
   </div>
   <div class='ocr_carea' id='block_1_102' title="bbox 1806 3220 3390 3291">
    <p class='ocr_par' dir='ltr' id='par_1_102' title="bbox 1806 3220 3390 3291">
     <span class='ocr_line' id='line_1_104' title="bbox 1806 3220 3390 3291; baseline 0.001 -17"><span class='ocrx_word' id='word_1_738' title='bbox 1806 3222 1976 3291; x_wconf 80' lang='lat' dir='ltr'><strong>quenti</strong></span> <span class='ocrx_word' id='word_1_739' title='bbox 2009 3229 2055 3274; x_wconf 77' lang='lat' dir='ltr'><strong>et</strong></span> <span class='ocrx_word' id='word_1_740' title='bbox 2080 3220 2289 3274; x_wconf 85' lang='lat' dir='ltr'><strong>assidua</strong></span> <span class='ocrx_word' id='word_1_741' title='bbox 2318 3221 2672 3288; x_wconf 78' lang='lat' dir='ltr'><strong>provocatione</strong></span> <span class='ocrx_word' id='word_1_742' title='bbox 2696 3231 2976 3285; x_wconf 85' lang='lat' dir='ltr'><strong>sanantur;</strong></span> <span class='ocrx_word' id='word_1_743' title='bbox 3000 3221 3219 3289; x_wconf 83' lang='lat' dir='ltr'><strong>dumque</strong></span> <span class='ocrx_word' id='word_1_744' title='bbox 3246 3237 3390 3275; x_wconf 85' lang='lat' dir='ltr'><strong>com-</strong></span> 
     </span>
    </p>
   </div>
   <div class='ocr_carea' id='block_1_103' title="bbox 1809 3291 3390 3363">
    <p class='ocr_par' dir='ltr' id='par_1_103' title="bbox 1809 3291 3390 3363">
     <span class='ocr_line' id='line_1_105' title="bbox 1809 3291 3390 3363; baseline -0.001 -18"><span class='ocrx_word' id='word_1_745' title='bbox 1809 3302 1948 3345; x_wconf 85' lang='lat' dir='ltr'><strong>mota</strong></span> <span class='ocrx_word' id='word_1_746' title='bbox 1997 3293 2388 3361; x_wconf 85' lang='lat' dir='ltr'><strong>manifestantur</strong></span> <span class='ocrx_word' id='word_1_747' title='bbox 2437 3294 2646 3358; x_wconf 77' lang='lat' dir='ltr'><strong>stepius,</strong></span> <span class='ocrx_word' id='word_1_748' title='bbox 2704 3300 2754 3363; x_wconf 84' lang='lat' dir='ltr'><strong>et</strong></span> <span class='ocrx_word' id='word_1_749' title='bbox 2793 3291 3016 3345; x_wconf 85' lang='lat' dir='ltr'><strong>crebrius</strong></span> <span class='ocrx_word' id='word_1_750' title='bbox 3075 3302 3390 3363; x_wconf 83' lang='lat' dir='ltr'><strong>arguuntur,</strong></span> 
     </span>
    </p>
   </div>
   <div class='ocr_carea' id='block_1_104' title="bbox 1809 3361 3394 3434">
    <p class='ocr_par' dir='ltr' id='par_1_104' title="bbox 1809 3361 3394 3434">
     <span class='ocr_line' id='line_1_106' title="bbox 1809 3361 3394 3434; baseline 0.001 -18"><span class='ocrx_word' id='word_1_751' title='bbox 1809 3365 1952 3417; x_wconf 87' lang='lat' dir='ltr'><strong>ocius</strong></span> <span class='ocrx_word' id='word_1_752' title='bbox 1981 3366 2279 3434; x_wconf 82' lang='lat' dir='ltr'><strong>perveniunt</strong></span> <span class='ocrx_word' id='word_1_753' title='bbox 2309 3364 2378 3414; x_wconf 84' lang='lat' dir='ltr'><strong>ad</strong></span> <span class='ocrx_word' id='word_1_754' title='bbox 2418 3365 2634 3416; x_wconf 86' lang='lat' dir='ltr'><strong>salutem</strong></span> <span class='ocrx_word' id='word_1_755' title='bbox 2652 3378 2672 3427; x_wconf 88' lang='lat'><strong><em>;</em></strong></span> <span class='ocrx_word' id='word_1_756' title='bbox 2702 3361 2799 3415; x_wconf 89' lang='lat' dir='ltr'><strong>hoc</strong></span> <span class='ocrx_word' id='word_1_757' title='bbox 2843 3379 2958 3415; x_wconf 84' lang='lat' dir='ltr'><strong>vero</strong></span> <span class='ocrx_word' id='word_1_758' title='bbox 3007 3361 3394 3433; x_wconf 28' lang='lat' dir='ltr'><strong>cum‘corporis</strong></span> 
     </span>
    </p>
   </div>
   <div class='ocr_carea' id='block_1_105' title="bbox 1809 3434 3395 3504">
    <p class='ocr_par' dir='ltr' id='par_1_105' title="bbox 1809 3434 3395 3504">
     <span class='ocr_line' id='line_1_107' title="bbox 1809 3434 3395 3504; baseline 0 -17"><span class='ocrx_word' id='word_1_759' title='bbox 1809 3435 2076 3504; x_wconf 78' lang='lat' dir='ltr'><strong>aﬁlictione</strong></span> <span class='ocrx_word' id='word_1_760' title='bbox 2121 3445 2170 3487; x_wconf 89' lang='lat' dir='ltr'><strong>et</strong></span> <span class='ocrx_word' id='word_1_761' title='bbox 2215 3435 2515 3487; x_wconf 87' lang='lat' dir='ltr'><strong>contritione</strong></span> <span class='ocrx_word' id='word_1_762' title='bbox 2555 3434 2725 3488; x_wconf 86' lang='lat' dir='ltr'><strong>cordis</strong></span> <span class='ocrx_word' id='word_1_763' title='bbox 2778 3435 3053 3486; x_wconf 85' lang='lat' dir='ltr'><strong>solitudine</strong></span> <span class='ocrx_word' id='word_1_764' title='bbox 3099 3450 3297 3504; x_wconf 88' lang='lat' dir='ltr'><strong>quoque</strong></span> <span class='ocrx_word' id='word_1_765' title='bbox 3333 3451 3395 3487; x_wconf 92' lang='lat' dir='ltr'><strong>ac</strong></span> 
     </span>
    </p>
   </div>
   <div class='ocr_carea' id='block_1_106' title="bbox 1813 3505 2459 3574">
    <p class='ocr_par' dir='ltr' id='par_1_106' title="bbox 1813 3505 2459 3574">
     <span class='ocr_line' id='line_1_108' title="bbox 1813 3505 2459 3574; baseline -0.002 -18"><span class='ocrx_word' id='word_1_766' title='bbox 1813 3507 2092 3574; x_wconf 87' lang='lat' dir='ltr'><strong>remotione</strong></span> <span class='ocrx_word' id='word_1_767' title='bbox 2120 3505 2332 3574; x_wconf 84' lang='lat' dir='ltr'><strong>indiget,</strong></span> <span class='ocrx_word' id='word_1_768' title='bbox 2357 3515 2459 3557; x_wconf 91' lang='lat' dir='ltr'><strong>etc.</strong></span> 
     </span>
    </p>
   </div>
   <div class='ocr_carea' id='block_1_107' title="bbox 1881 3572 3394 3640">
    <p class='ocr_par' dir='ltr' id='par_1_107' title="bbox 1881 3572 3394 3640">
     <span class='ocr_line' id='line_1_109' title="bbox 1881 3572 3394 3640; baseline 0 -13"><span class='ocrx_word' id='word_1_769' title='bbox 1881 3573 1907 3611; x_wconf 73' lang='grc' dir='ltr'>ἀ</span> <span class='ocrx_word' id='word_1_770' title='bbox 1935 3575 2106 3627; x_wconf 85' lang='lat' dir='ltr'><strong>Verba</strong></span> <span class='ocrx_word' id='word_1_771' title='bbox 2139 3572 2379 3640; x_wconf 83' lang='lat' dir='ltr'><strong>Apostoli</strong></span> <span class='ocrx_word' id='word_1_772' title='bbox 2419 3574 2483 3626; x_wconf 88' lang='lat' dir='ltr'><strong>ad</strong></span> <span class='ocrx_word' id='word_1_773' title='bbox 2517 3574 2680 3626; x_wconf 88' lang='lat' dir='ltr'><strong>Hebr.</strong></span> <span class='ocrx_word' id='word_1_774' title='bbox 2718 3588 2808 3625; x_wconf 87' lang='lat' dir='ltr'><strong>tv:</strong></span> <span class='ocrx_word' id='word_1_775' title='bbox 2841 3572 2960 3624; x_wconf 87' lang='lat' dir='ltr'><strong>Non</strong></span> <span class='ocrx_word' id='word_1_776' title='bbox 2988 3573 3122 3623; x_wconf 89' lang='lat' dir='ltr'><strong>enim</strong></span> <span class='ocrx_word' id='word_1_777' title='bbox 3150 3574 3394 3627; x_wconf 80' lang='lat' dir='ltr'><strong>habemus</strong></span> 
     </span>
    </p>
   </div>
   <div class='ocr_carea' id='block_1_108' title="bbox 1815 3641 3398 3711">
    <p class='ocr_par' dir='ltr' id='par_1_108' title="bbox 1815 3641 3398 3711">
     <span class='ocr_line' id='line_1_110' title="bbox 1815 3641 3398 3711; baseline -0.002 -14"><span class='ocrx_word' id='word_1_778' title='bbox 1815 3645 2119 3704; x_wconf 73' lang='lat' dir='ltr'><strong>Ponti/irem</strong></span> <span class='ocrx_word' id='word_1_779' title='bbox 2153 3645 2239 3711; x_wconf 86' lang='lat' dir='ltr'><strong>qui</strong></span> <span class='ocrx_word' id='word_1_780' title='bbox 2281 3659 2382 3694; x_wconf 90' lang='lat' dir='ltr'><strong>non</strong></span> <span class='ocrx_word' id='word_1_781' title='bbox 2415 3646 2575 3705; x_wconf 83' lang='lat' dir='ltr'><strong>possit</strong></span> <span class='ocrx_word' id='word_1_782' title='bbox 2608 3643 2832 3707; x_wconf 88' lang='lat' dir='ltr'><strong>compati</strong></span> <span class='ocrx_word' id='word_1_783' title='bbox 2873 3641 3260 3704; x_wconf 83' lang='lat' dir='ltr'><strong>inﬁrmitatibus</strong></span> <span class='ocrx_word' id='word_1_784' title='bbox 3297 3659 3398 3694; x_wconf 86' lang='lat' dir='ltr'><strong>no-</strong></span> 
     </span>
    </p>
   </div>
   <div class='ocr_carea' id='block_1_109' title="bbox 1811 3711 3397 3780">
    <p class='ocr_par' dir='ltr' id='par_1_109' title="bbox 1811 3711 3397 3780">
     <span class='ocr_line' id='line_1_111' title="bbox 1811 3711 3397 3780; baseline -0.002 -15"><span class='ocrx_word' id='word_1_785' title='bbox 1811 3716 1968 3777; x_wconf 85' lang='lat' dir='ltr'><strong>stris;</strong></span> <span class='ocrx_word' id='word_1_786' title='bbox 1990 3722 2235 3765; x_wconf 86' lang='lat' dir='ltr'><strong>tentatum</strong></span> <span class='ocrx_word' id='word_1_787' title='bbox 2258 3721 2428 3763; x_wconf 87' lang='lat' dir='ltr'><strong>autem</strong></span> <span class='ocrx_word' id='word_1_788' title='bbox 2454 3727 2543 3780; x_wconf 61' lang='lat' dir='ltr'><strong>per</strong></span> <span class='ocrx_word' id='word_1_789' title='bbox 2570 3716 2740 3780; x_wconf 77' lang='lat' dir='ltr'><strong>omnia</strong></span> <span class='ocrx_word' id='word_1_790' title='bbox 2764 3727 2856 3780; x_wconf 87' lang='lat' dir='ltr'><strong>pro</strong></span> <span class='ocrx_word' id='word_1_791' title='bbox 2889 3711 3248 3780; x_wconf 68' lang='lat' dir='ltr'><strong>similitudine,</strong></span> <span class='ocrx_word' id='word_1_792' title='bbox 3282 3711 3397 3763; x_wconf 86' lang='lat' dir='ltr'><strong>abs-</strong></span> 
     </span>
    </p>
   </div>
   <div class='ocr_carea' id='block_1_110' title="bbox 1813 3778 3395 3861">
    <p class='ocr_par' dir='ltr' id='par_1_110' title="bbox 1813 3778 3395 3861">
     <span class='ocr_line' id='line_1_112' title="bbox 1813 3778 3395 3861; baseline -0.001 -24"><span class='ocrx_word' id='word_1_793' title='bbox 1813 3801 1910 3854; x_wconf 88' lang='lat' dir='ltr'><strong>que</strong></span> <span class='ocrx_word' id='word_1_794' title='bbox 1951 3792 2156 3861; x_wconf 66' lang='lat' dir='ltr'><strong>peccnto</strong></span> <span class='ocrx_word' id='word_1_795' title='bbox 2182 3778 2550 3861; x_wconf 74' lang='lat' dir='ltr'><strong>_(Vide_collat.</strong></span> <span class='ocrx_word' id='word_1_796' title='bbox 2579 3778 2677 3861; x_wconf 44' lang='grc' dir='ltr'><strong>ᾗ..</strong></span> <span class='ocrx_word' id='word_1_797' title='bbox 2702 3778 2848 3861; x_wconf 39' lang='lat' dir='ltr'><strong>c110</strong></span> <span class='ocrx_word' id='word_1_798' title='bbox 2873 3788 2920 3861; x_wconf 68' lang='lat' dir='ltr'><strong>et</strong></span> <span class='ocrx_word' id='word_1_799' title='bbox 2955 3782 3107 3848; x_wconf 86' lang='lat' dir='ltr'><strong>seq.).</strong></span> <span class='ocrx_word' id='word_1_800' title='bbox 3136 3779 3234 3861; x_wconf 71' lang='lat' dir='ltr'><strong>Ubi</strong></span> <span class='ocrx_word' id='word_1_801' title='bbox 3265 3781 3395 3861; x_wconf 68' lang='lat' dir='ltr'><strong>illud</strong></span> 
     </span>
    </p>
   </div>
   <div class='ocr_carea' id='block_1_111' title="bbox 1814 3848 3395 3922">
    <p class='ocr_par' dir='ltr' id='par_1_111' title="bbox 1814 3848 3395 3922">
     <span class='ocr_line' id='line_1_113' title="bbox 1814 3848 3395 3922; baseline -0.002 -15"><span class='ocrx_word' id='word_1_802' title='bbox 1814 3848 1908 3922; x_wconf 78' lang='lat' dir='ltr'><strong>pro</strong></span> <span class='ocrx_word' id='word_1_803' title='bbox 1940 3848 2302 3912; x_wconf 82' lang='lat' dir='ltr'><strong>similitudine,</strong></span> <span class='ocrx_word' id='word_1_804' title='bbox 2326 3850 2379 3922; x_wconf 83' lang='lat' dir='ltr'><strong>id</strong></span> <span class='ocrx_word' id='word_1_805' title='bbox 2403 3859 2508 3922; x_wconf 83' lang='lat' dir='ltr'><strong>est,</strong></span> <span class='ocrx_word' id='word_1_806' title='bbox 2540 3849 2607 3903; x_wconf 79' lang='lat' dir='ltr'><strong>ad</strong></span> <span class='ocrx_word' id='word_1_807' title='bbox 2636 3848 3065 3922; x_wconf 70' lang='lat' dir='ltr'><strong>similitudinem,</strong></span> <span class='ocrx_word' id='word_1_808' title='bbox 3100 3852 3186 3904; x_wconf 80' lang='lat' dir='ltr'><strong>vel</strong></span> <span class='ocrx_word' id='word_1_809' title='bbox 3222 3851 3285 3904; x_wconf 77' lang='lat' dir='ltr'><strong>ad</strong></span> <span class='ocrx_word' id='word_1_810' title='bbox 3313 3853 3395 3905; x_wconf 87' lang='lat' dir='ltr'><strong>in-</strong></span> 
     </span>
    </p>
   </div>
   <div class='ocr_carea' id='block_1_112' title="bbox 1814 3920 3396 3991">
    <p class='ocr_par' dir='ltr' id='par_1_112' title="bbox 1814 3920 3396 3991">
     <span class='ocr_line' id='line_1_114' title="bbox 1814 3920 3396 3991; baseline -0.002 -13"><span class='ocrx_word' id='word_1_811' title='bbox 1814 3920 1926 3979; x_wconf 82' lang='lat' dir='ltr'><strong>star</strong></span> <span class='ocrx_word' id='word_1_812' title='bbox 1956 3925 2122 3976; x_wconf 83' lang='lat' dir='ltr'><strong>nostri</strong></span> <span class='ocrx_word' id='word_1_813' title='bbox 2155 3931 2208 3976; x_wconf 90' lang='lat' dir='ltr'><strong>et</strong></span> <span class='ocrx_word' id='word_1_814' title='bbox 2239 3920 2459 3988; x_wconf 86' lang='lat' dir='ltr'><strong>perinde</strong></span> <span class='ocrx_word' id='word_1_815' title='bbox 2504 3933 2663 3988; x_wconf 88' lang='lat' dir='ltr'><strong>atque</strong></span> <span class='ocrx_word' id='word_1_816' title='bbox 2707 3933 2835 3984; x_wconf 86' lang='lat' dir='ltr'><strong>nos;</strong></span> <span class='ocrx_word' id='word_1_817' title='bbox 2864 3920 3054 3980; x_wconf 86' lang='lat' dir='ltr'><strong>absque</strong></span> <span class='ocrx_word' id='word_1_818' title='bbox 3079 3931 3309 3991; x_wconf 83' lang='lat' dir='ltr'><strong>peccato,</strong></span> <span class='ocrx_word' id='word_1_819' title='bbox 3343 3922 3396 3977; x_wconf 79' lang='lat' dir='ltr'><strong>id</strong></span> 
     </span>
    </p>
   </div>
   <div class='ocr_carea' id='block_1_113' title="bbox 1815 3991 3395 4062">
    <p class='ocr_par' dir='ltr' id='par_1_113' title="bbox 1815 3991 3395 4062">
     <span class='ocr_line' id='line_1_115' title="bbox 1815 3991 3395 4062; baseline -0.003 -14"><span class='ocrx_word' id='word_1_820' title='bbox 1815 4003 1918 4059; x_wconf 88' lang='lat' dir='ltr'><strong>est,</strong></span> <span class='ocrx_word' id='word_1_821' title='bbox 1954 4004 2181 4060; x_wconf 86' lang='lat' dir='ltr'><strong>excepto</strong></span> <span class='ocrx_word' id='word_1_822' title='bbox 2207 4000 2451 4062; x_wconf 82' lang='lat' dir='ltr'><strong>peceato,</strong></span> <span class='ocrx_word' id='word_1_823' title='bbox 2499 3992 2616 4047; x_wconf 89' lang='lat' dir='ltr'><strong>sive</strong></span> <span class='ocrx_word' id='word_1_824' title='bbox 2659 3991 2874 4059; x_wconf 86' lang='lat' dir='ltr'><strong>proprie</strong></span> <span class='ocrx_word' id='word_1_825' title='bbox 2911 3991 3077 4062; x_wconf 82' lang='lat' dir='ltr'><strong>dicto,</strong></span> <span class='ocrx_word' id='word_1_826' title='bbox 3131 3993 3250 4060; x_wconf 82' lang='lat' dir='ltr'><strong>quia</strong></span> <span class='ocrx_word' id='word_1_827' title='bbox 3279 4008 3395 4061; x_wconf 85' lang='lat' dir='ltr'><strong>pec-</strong></span> 
     </span>
    </p>
   </div>
   <div class='ocr_carea' id='block_1_114' title="bbox 1816 4061 3392 4135">
    <p class='ocr_par' dir='ltr' id='par_1_114' title="bbox 1816 4061 3392 4135">
     <span class='ocr_line' id='line_1_116' title="bbox 1816 4061 3392 4135; baseline -0.003 -16"><span class='ocrx_word' id='word_1_828' title='bbox 1816 4076 2000 4135; x_wconf 79' lang='lat' dir='ltr'><strong>catum</strong></span> <span class='ocrx_word' id='word_1_829' title='bbox 2029 4081 2132 4117; x_wconf 87' lang='lat' dir='ltr'><strong>non</strong></span> <span class='ocrx_word' id='word_1_830' title='bbox 2164 4061 2306 4135; x_wconf 89' lang='lat' dir='ltr'><strong>fecit,</strong></span> <span class='ocrx_word' id='word_1_831' title='bbox 2347 4079 2437 4117; x_wconf 87' lang='lat' dir='ltr'><strong>nec</strong></span> <span class='ocrx_word' id='word_1_832' title='bbox 2471 4063 2704 4135; x_wconf 87' lang='lat' dir='ltr'><strong>inventus</strong></span> <span class='ocrx_word' id='word_1_833' title='bbox 2752 4073 2824 4116; x_wconf 87' lang='lat' dir='ltr'><strong>est</strong></span> <span class='ocrx_word' id='word_1_834' title='bbox 2869 4061 3021 4115; x_wconf 83' lang='lat' dir='ltr'><strong>dolus</strong></span> <span class='ocrx_word' id='word_1_835' title='bbox 3047 4063 3104 4115; x_wconf 88' lang='lat' dir='ltr'><strong>in</strong></span> <span class='ocrx_word' id='word_1_836' title='bbox 3144 4079 3231 4115; x_wconf 91' lang='lat' dir='ltr'><strong>ore</strong></span> <span class='ocrx_word' id='word_1_837' title='bbox 3255 4065 3392 4133; x_wconf 83' lang='lat' dir='ltr'><strong>ejus,</strong></span> 
     </span>
    </p>
   </div>
   <div class='ocr_carea' id='block_1_115' title="bbox 1816 4134 3396 4196">
    <p class='ocr_par' dir='ltr' id='par_1_115' title="bbox 1816 4134 3396 4196">
     <span class='ocr_line' id='line_1_117' title="bbox 1816 4134 3396 4196; baseline -0.001 -5"><span class='ocrx_word' id='word_1_838' title='bbox 1816 4137 1836 4192; x_wconf 86' lang='grc' dir='ltr'>Ι</span> <span class='ocrx_word' id='word_1_839' title='bbox 1863 4134 2007 4190; x_wconf 82' lang='lat' dir='ltr'><strong>Petri</strong></span> <span class='ocrx_word' id='word_1_840' title='bbox 2036 4151 2092 4188; x_wconf 90' lang='lat' dir='ltr'><strong>ll.</strong></span> <span class='ocrx_word' id='word_1_841' title='bbox 2131 4137 2193 4188; x_wconf 77' lang='lat' dir='ltr'><strong>Et</strong></span> <span class='ocrx_word' id='word_1_842' title='bbox 2223 4139 2292 4189; x_wconf 89' lang='lat' dir='ltr'><strong>ita</strong></span> <span class='ocrx_word' id='word_1_843' title='bbox 2319 4134 2516 4188; x_wconf 80' lang='lat' dir='ltr'><strong>tentari</strong></span> <span class='ocrx_word' id='word_1_844' title='bbox 2542 4135 2725 4196; x_wconf 87' lang='lat' dir='ltr'><strong>voluit,</strong></span> <span class='ocrx_word' id='word_1_845' title='bbox 2764 4145 2820 4187; x_wconf 93' lang='lat' dir='ltr'><strong>ut</strong></span> <span class='ocrx_word' id='word_1_846' title='bbox 2861 4145 3036 4186; x_wconf 76' lang='lat' dir='ltr'><strong>tamen</strong></span> <span class='ocrx_word' id='word_1_847' title='bbox 3065 4142 3310 4187; x_wconf 89' lang='lat' dir='ltr'><strong>tentatus</strong></span> <span class='ocrx_word' id='word_1_848' title='bbox 3341 4135 3396 4190; x_wconf 88' lang='lat' dir='ltr'><strong>itt</strong></span> 
     </span>
    </p>
   </div>
   <div class='ocr_carea' id='block_1_116' title="bbox 1817 4205 3399 4274">
    <p class='ocr_par' dir='ltr' id='par_1_116' title="bbox 1817 4205 3399 4274">
     <span class='ocr_line' id='line_1_118' title="bbox 1817 4205 3399 4274; baseline -0.003 -13"><span class='ocrx_word' id='word_1_849' title='bbox 1817 4209 2019 4262; x_wconf 90' lang='lat' dir='ltr'><strong>nullum</strong></span> <span class='ocrx_word' id='word_1_850' title='bbox 2052 4207 2395 4260; x_wconf 88' lang='lat' dir='ltr'><strong>induceretur</strong></span> <span class='ocrx_word' id='word_1_851' title='bbox 2422 4215 2699 4274; x_wconf 87' lang='lat' dir='ltr'><strong>peccatum</strong></span> <span class='ocrx_word' id='word_1_852' title='bbox 2727 4221 2740 4258; x_wconf 86' lang='lat'>:</span> <span class='ocrx_word' id='word_1_853' title='bbox 2787 4207 2901 4258; x_wconf 83' lang='lat' dir='ltr'><strong>sive</strong></span> <span class='ocrx_word' id='word_1_854' title='bbox 2941 4214 3160 4271; x_wconf 80' lang='lat' dir='ltr'><strong>peccato</strong></span> <span class='ocrx_word' id='word_1_855' title='bbox 3192 4205 3399 4273; x_wconf 89' lang='lat' dir='ltr'><strong>impro-</strong></span> 
     </span>
    </p>
   </div>
   <div class='ocr_carea' id='block_1_117' title="bbox 1819 4274 3399 4347">
    <p class='ocr_par' dir='ltr' id='par_1_117' title="bbox 1819 4274 3399 4347">
     <span class='ocr_line' id='line_1_119' title="bbox 1819 4274 3399 4347; baseline -0.002 -14"><span class='ocrx_word' id='word_1_856' title='bbox 1819 4280 1934 4347; x_wconf 89' lang='lat' dir='ltr'><strong>prie</strong></span> <span class='ocrx_word' id='word_1_857' title='bbox 1955 4279 2120 4345; x_wconf 91' lang='lat' dir='ltr'><strong>dicto,</strong></span> <span class='ocrx_word' id='word_1_858' title='bbox 2151 4278 2200 4331; x_wconf 94' lang='lat' dir='ltr'><strong>id</strong></span> <span class='ocrx_word' id='word_1_859' title='bbox 2225 4289 2325 4340; x_wconf 78' lang='lat' dir='ltr'><strong>est,</strong></span> <span class='ocrx_word' id='word_1_860' title='bbox 2360 4275 2824 4347; x_wconf 83' lang='lat' dir='ltr'><strong>concupiscentia,</strong></span> <span class='ocrx_word' id='word_1_861' title='bbox 2851 4290 2942 4329; x_wconf 90' lang='lat' dir='ltr'><strong>seu</strong></span> <span class='ocrx_word' id='word_1_862' title='bbox 2976 4274 3160 4347; x_wconf 79' lang='lat' dir='ltr'><strong>fomite</strong></span> <span class='ocrx_word' id='word_1_863' title='bbox 3182 4277 3244 4328; x_wconf 74' lang='lat' dir='ltr'><strong>et&#39;</strong></span> <span class='ocrx_word' id='word_1_864' title='bbox 3264 4290 3399 4330; x_wconf 82' lang='lat' dir='ltr'><strong>acu-</strong></span> 
     </span>
    </p>
   </div>
   <div class='ocr_carea' id='block_1_118' title="bbox 2528 4349 2538 4362">
    <p class='ocr_par' dir='ltr' id='par_1_118' title="bbox 2528 4349 2538 4362">
     <span class='ocr_line' id='line_1_120' title="bbox 2528 4349 2538 4362; baseline 0 0"><span class='ocrx_word' id='word_1_865' title='bbox 2528 4349 2538 4362; x_wconf 78' lang='grc'><em>1</em></span> 
     </span>
    </p>
   </div>
   <div class='ocr_carea' id='block_1_119' title="bbox 1821 4345 3402 4416">
    <p class='ocr_par' dir='ltr' id='par_1_119' title="bbox 1821 4345 3402 4416">
     <span class='ocr_line' id='line_1_121' title="bbox 1821 4345 3402 4416; baseline -0.001 -13"><span class='ocrx_word' id='word_1_866' title='bbox 1821 4345 1907 4403; x_wconf 86' lang='lat' dir='ltr'><strong>leo</strong></span> <span class='ocrx_word' id='word_1_867' title='bbox 1941 4347 2146 4416; x_wconf 81' lang='lat' dir='ltr'><strong>peccati</strong></span> <span class='ocrx_word' id='word_1_868' title='bbox 2174 4365 2188 4413; x_wconf 87' lang='lat'><strong>;</strong></span> <span class='ocrx_word' id='word_1_869' title='bbox 2221 4350 2327 4414; x_wconf 89' lang='lat' dir='ltr'><strong>vel,</strong></span> <span class='ocrx_word' id='word_1_870' title='bbox 2356 4356 2409 4401; x_wconf 93' lang='lat' dir='ltr'><strong>ut</strong></span> <span class='ocrx_word' id='word_1_871' title='bbox 2437 4346 2493 4402; x_wconf 87' lang='lat' dir='ltr'><strong>S.</strong></span> <span class='ocrx_word' id='word_1_872' title='bbox 2528 4345 2762 4401; x_wconf 88' lang='lat' dir='ltr'><strong>Thomas</strong></span> <span class='ocrx_word' id='word_1_873' title='bbox 2792 4345 3036 4414; x_wconf 84' lang='lat' dir='ltr'><strong>exponit,</strong></span> <span class='ocrx_word' id='word_1_874' title='bbox 3067 4345 3269 4414; x_wconf 88' lang='lat' dir='ltr'><strong>absque</strong></span> <span class='ocrx_word' id='word_1_875' title='bbox 3300 4350 3402 4400; x_wconf 85' lang='lat' dir='ltr'><strong>ml-</strong></span> 
     </span>
    </p>
   </div>
   <div class='ocr_carea' id='block_1_120' title="bbox 1743 4416 3402 4505">
    <p class='ocr_par' dir='ltr' id='par_1_120' title="bbox 1743 4416 3402 4505">
     <span class='ocr_line' id='line_1_122' title="bbox 1743 4416 3402 4505; baseline -0.004 -31"><span class='ocrx_word' id='word_1_876' title='bbox 1743 4445 1795 4505; x_wconf 77' lang='lat' dir='ltr'><strong>D</strong></span> <span class='ocrx_word' id='word_1_877' title='bbox 1823 4421 1972 4505; x_wconf 51' lang='lat' dir='ltr'><strong>nimo.</strong></span> <span class='ocrx_word' id='word_1_878' title='bbox 1999 4430 2144 4502; x_wconf 82' lang='lat' dir='ltr'><strong>motu</strong></span> <span class='ocrx_word' id='word_1_879' title='bbox 2166 4421 2403 4502; x_wconf 44' lang='lat' dir='ltr'><strong>.pcccati.</strong></span> <span class='ocrx_word' id='word_1_880' title='bbox 2442 4418 2564 4505; x_wconf 80' lang='lat' dir='ltr'><strong>Non</strong></span> <span class='ocrx_word' id='word_1_881' title='bbox 2595 4420 2745 4505; x_wconf 41' lang='lat' dir='ltr'><strong>enim.</strong></span> <span class='ocrx_word' id='word_1_882' title='bbox 2776 4416 2951 4498; x_wconf 77' lang='lat' dir='ltr'><strong>habuit</strong></span> <span class='ocrx_word' id='word_1_883' title='bbox 2975 4416 3116 4467; x_wconf 88' lang='lat' dir='ltr'><strong>illam</strong></span> <span class='ocrx_word' id='word_1_884' title='bbox 3149 4416 3310 4505; x_wconf 78' lang='lat' dir='ltr'><strong>legem</strong></span> 
     </span>
    </p>
   </div>
   <div class='ocr_carea' id='block_1_121' title="bbox 1824 4487 3404 4561">
    <p class='ocr_par' dir='ltr' id='par_1_121' title="bbox 1824 4487 3404 4561">
     <span class='ocr_line' id='line_1_123' title="bbox 1824 4487 3404 4561; baseline -0.003 -18"><span class='ocrx_word' id='word_1_885' title='bbox 1824 4492 2058 4544; x_wconf 87' lang='lat' dir='ltr'><strong>membris</strong></span> <span class='ocrx_word' id='word_1_886' title='bbox 2095 4492 2203 4543; x_wconf 85' lang='lat' dir='ltr'><strong>suis</strong></span> <span class='ocrx_word' id='word_1_887' title='bbox 2233 4499 2600 4561; x_wconf 77' lang='lat' dir='ltr'><strong>repugnantem</strong></span> <span class='ocrx_word' id='word_1_888' title='bbox 2647 4487 2745 4558; x_wconf 77' lang='lat' dir='ltr'><strong>legi</strong></span> <span class='ocrx_word' id='word_1_889' title='bbox 2759 4489 2957 4561; x_wconf 72' lang='lat' dir='ltr'><strong>mentis</strong></span> <span class='ocrx_word' id='word_1_890' title='bbox 2998 4501 3130 4561; x_wconf 71' lang='lat' dir='ltr'><strong>sum,</strong></span> <span class='ocrx_word' id='word_1_891' title='bbox 3159 4499 3204 4539; x_wconf 92' lang='lat' dir='ltr'><strong>et</strong></span> <span class='ocrx_word' id='word_1_892' title='bbox 3243 4487 3404 4561; x_wconf 78' lang='lat' dir='ltr'><strong>capti-</strong></span> 
     </span>
    </p>
   </div>
   <div class='ocr_carea' id='block_1_122' title="bbox 1825 4557 3404 4630">
    <p class='ocr_par' dir='ltr' id='par_1_122' title="bbox 1825 4557 3404 4630">
     <span class='ocr_line' id='line_1_124' title="bbox 1825 4557 3404 4630; baseline -0.002 -16"><span class='ocrx_word' id='word_1_893' title='bbox 1825 4572 2022 4614; x_wconf 84' lang='lat' dir='ltr'><strong>vantem</strong></span> <span class='ocrx_word' id='word_1_894' title='bbox 2050 4562 2102 4612; x_wconf 86' lang='lat' dir='ltr'><strong>in</strong></span> <span class='ocrx_word' id='word_1_895' title='bbox 2134 4561 2242 4630; x_wconf 72' lang='lat' dir='ltr'><strong>lege</strong></span> <span class='ocrx_word' id='word_1_896' title='bbox 2274 4557 2465 4626; x_wconf 75' lang='lat' dir='ltr'><strong>peccati</strong></span> <span class='ocrx_word' id='word_1_897' title='bbox 2494 4559 2670 4630; x_wconf 78' lang='lat' dir='ltr'><strong>(Rom.</strong></span> <span class='ocrx_word' id='word_1_898' title='bbox 2699 4557 2796 4627; x_wconf 58' lang='lat' dir='ltr'><strong>Vt),</strong></span> <span class='ocrx_word' id='word_1_899' title='bbox 2826 4573 2982 4624; x_wconf 88' lang='lat' dir='ltr'><strong>quam</strong></span> <span class='ocrx_word' id='word_1_900' title='bbox 3015 4566 3069 4609; x_wconf 86' lang='lat' dir='ltr'><strong>et</strong></span> <span class='ocrx_word' id='word_1_901' title='bbox 3111 4559 3404 4626; x_wconf 80' lang='lat' dir='ltr'><strong>Apostolus</strong></span> 
     </span>
    </p>
   </div>
   <div class='ocr_carea' id='block_1_123' title="bbox 1824 4629 3404 4699">
    <p class='ocr_par' dir='ltr' id='par_1_123' title="bbox 1824 4629 3404 4699">
     <span class='ocr_line' id='line_1_125' title="bbox 1824 4629 3404 4699; baseline -0.003 -12"><span class='ocrx_word' id='word_1_902' title='bbox 1824 4632 2049 4687; x_wconf 84' lang='lat' dir='ltr'><strong>subinde</strong></span> <span class='ocrx_word' id='word_1_903' title='bbox 2077 4629 2231 4684; x_wconf 84' lang='lat' dir='ltr'><strong>vocat</strong></span> <span class='ocrx_word' id='word_1_904' title='bbox 2263 4639 2536 4699; x_wconf 81' lang='lat' dir='ltr'><strong>peccatum</strong></span> <span class='ocrx_word' id='word_1_905' title='bbox 2571 4629 2744 4698; x_wconf 84' lang='lat' dir='ltr'><strong>(Rom.</strong></span> <span class='ocrx_word' id='word_1_906' title='bbox 2778 4629 2893 4697; x_wconf 87' lang='lat' dir='ltr'><strong>vn),</strong></span> <span class='ocrx_word' id='word_1_907' title='bbox 2929 4631 3053 4696; x_wconf 88' lang='lat' dir='ltr'><strong>quia</strong></span> <span class='ocrx_word' id='word_1_908' title='bbox 3083 4643 3148 4680; x_wconf 80' lang='lat' dir='ltr'><strong>ex</strong></span> <span class='ocrx_word' id='word_1_909' title='bbox 3183 4639 3404 4694; x_wconf 76' lang='lat' dir='ltr'><strong>peccato</strong></span> 
     </span>
    </p>
   </div>
   <div class='ocr_carea' id='block_1_124' title="bbox 1825 4699 3404 4771">
    <p class='ocr_par' dir='ltr' id='par_1_124' title="bbox 1825 4699 3404 4771">
     <span class='ocr_line' id='line_1_126' title="bbox 1825 4699 3404 4771; baseline -0.001 -15"><span class='ocrx_word' id='word_1_910' title='bbox 1825 4709 1929 4767; x_wconf 84' lang='lat' dir='ltr'><strong>est,</strong></span> <span class='ocrx_word' id='word_1_911' title='bbox 1962 4712 2019 4757; x_wconf 89' lang='lat' dir='ltr'><strong>et</strong></span> <span class='ocrx_word' id='word_1_912' title='bbox 2059 4702 2124 4754; x_wconf 85' lang='lat' dir='ltr'><strong>ad</strong></span> <span class='ocrx_word' id='word_1_913' title='bbox 2158 4714 2433 4771; x_wconf 84' lang='lat' dir='ltr'><strong>peceatum</strong></span> <span class='ocrx_word' id='word_1_914' title='bbox 2468 4700 2708 4763; x_wconf 86' lang='lat' dir='ltr'><strong>inclinat,</strong></span> <span class='ocrx_word' id='word_1_915' title='bbox 2747 4707 2803 4771; x_wconf 79' lang='lat' dir='ltr'><strong>ut</strong></span> <span class='ocrx_word' id='word_1_916' title='bbox 2845 4699 3092 4765; x_wconf 84' lang='lat' dir='ltr'><strong>snperius</strong></span> <span class='ocrx_word' id='word_1_917' title='bbox 3124 4700 3404 4771; x_wconf 70' lang='grc' dir='ltr'><strong>(βοιιαι..4</strong></span> 
     </span>
    </p>
   </div>
   <div class='ocr_carea' id='block_1_125' title="bbox 1827 4769 3404 4840">
    <p class='ocr_par' dir='ltr' id='par_1_125' title="bbox 1827 4769 3404 4840">
     <span class='ocr_line' id='line_1_127' title="bbox 1827 4769 3404 4840; baseline -0.003 -14"><span class='ocrx_word' id='word_1_918' title='bbox 1827 4789 1943 4836; x_wconf 86' lang='lat' dir='ltr'><strong>cap.</strong></span> <span class='ocrx_word' id='word_1_919' title='bbox 1984 4774 2036 4840; x_wconf 92' lang='lat'><strong>7)</strong></span> <span class='ocrx_word' id='word_1_920' title='bbox 2084 4769 2416 4827; x_wconf 70' lang='lat' dir='ltr'><strong>exconcilio</strong></span> <span class='ocrx_word' id='word_1_921' title='bbox 2446 4771 2688 4824; x_wconf 85' lang='lat' dir='ltr'><strong>Trident.</strong></span> <span class='ocrx_word' id='word_1_922' title='bbox 2735 4769 2938 4823; x_wconf 87' lang='lat' dir='ltr'><strong>dictum</strong></span> <span class='ocrx_word' id='word_1_923' title='bbox 2985 4780 3089 4823; x_wconf 87' lang='lat' dir='ltr'><strong>est.</strong></span> <span class='ocrx_word' id='word_1_924' title='bbox 3120 4770 3404 4837; x_wconf 81' lang='lat' dir='ltr'><strong>Quomodo</strong></span> 
     </span>
    </p>
   </div>
   <div class='ocr_carea' id='block_1_126' title="bbox 1826 4841 3404 4912">
    <p class='ocr_par' dir='ltr' id='par_1_126' title="bbox 1826 4841 3404 4912">
     <span class='ocr_line' id='line_1_128' title="bbox 1826 4841 3404 4912; baseline -0.003 -14"><span class='ocrx_word' id='word_1_925' title='bbox 1826 4858 1976 4912; x_wconf 86' lang='lat' dir='ltr'><strong>ergo,</strong></span> <span class='ocrx_word' id='word_1_926' title='bbox 2022 4844 2253 4912; x_wconf 88' lang='lat' dir='ltr'><strong>inquies,</strong></span> <span class='ocrx_word' id='word_1_927' title='bbox 2303 4843 2498 4896; x_wconf 87' lang='lat' dir='ltr'><strong>dicitur</strong></span> <span class='ocrx_word' id='word_1_928' title='bbox 2525 4841 2772 4912; x_wconf 61' lang='lat' dir='ltr'><strong>Christus</strong></span> <span class='ocrx_word' id='word_1_929' title='bbox 2821 4847 3054 4894; x_wconf 87' lang='lat' dir='ltr'><strong>tentatus</strong></span> <span class='ocrx_word' id='word_1_930' title='bbox 3086 4857 3179 4912; x_wconf 85' lang='lat' dir='ltr'><strong>per</strong></span> <span class='ocrx_word' id='word_1_931' title='bbox 3224 4841 3404 4895; x_wconf 85' lang='lat' dir='ltr'><strong>omnia</strong></span> 
     </span>
    </p>
   </div>
   <div class='ocr_carea' id='block_1_127' title="bbox 1828 4910 3406 4978">
    <p class='ocr_par' dir='ltr' id='par_1_127' title="bbox 1828 4910 3406 4978">
     <span class='ocr_line' id='line_1_129' title="bbox 1828 4910 3406 4978; baseline -0.004 -10"><span class='ocrx_word' id='word_1_932' title='bbox 1828 4910 2327 4968; x_wconf 48' lang='lat' dir='ltr'><strong>ad&#39;similitudiuem</strong></span> <span class='ocrx_word' id='word_1_933' title='bbox 2361 4910 2568 4964; x_wconf 87' lang='lat' dir='ltr'><strong>nostri?</strong></span> <span class='ocrx_word' id='word_1_934' title='bbox 2595 4910 2781 4978; x_wconf 72' lang='lat' dir='ltr'><strong>Resp,</strong></span> <span class='ocrx_word' id='word_1_935' title='bbox 2821 4912 2905 4974; x_wconf 67' lang='lat' dir='ltr'><strong>l0,</strong></span> <span class='ocrx_word' id='word_1_936' title='bbox 2938 4911 3233 4966; x_wconf 82' lang='lat' dir='ltr'><strong>secundum</strong></span> <span class='ocrx_word' id='word_1_937' title='bbox 3268 4913 3406 4964; x_wconf 84' lang='lat' dir='ltr'><strong>mul-</strong></span> 
     </span>
    </p>
   </div>
   <div class='ocr_carea' id='block_1_128' title="bbox 1833 4981 3406 5049">
    <p class='ocr_par' dir='ltr' id='par_1_128' title="bbox 1833 4981 3406 5049">
     <span class='ocr_line' id='line_1_130' title="bbox 1833 4981 3406 5049; baseline -0.002 -12"><span class='ocrx_word' id='word_1_938' title='bbox 1833 4994 2004 5038; x_wconf 91' lang='lat' dir='ltr'><strong>torum</strong></span> <span class='ocrx_word' id='word_1_939' title='bbox 2055 4984 2468 5049; x_wconf 88' lang='lat' dir='ltr'><strong>expositionem,</strong></span> <span class='ocrx_word' id='word_1_940' title='bbox 2515 4981 2787 5034; x_wconf 83' lang='lat' dir='ltr'><strong>Christum</strong></span> <span class='ocrx_word' id='word_1_941' title='bbox 2837 4982 2941 5035; x_wconf 86' lang='lat' dir='ltr'><strong>dici</strong></span> <span class='ocrx_word' id='word_1_942' title='bbox 2993 4991 3254 5036; x_wconf 87' lang='lat' dir='ltr'><strong>tentatum</strong></span> <span class='ocrx_word' id='word_1_943' title='bbox 3311 4995 3406 5048; x_wconf 90' lang='lat' dir='ltr'><strong>per</strong></span> 
     </span>
    </p>
   </div>
   <div class='ocr_carea' id='block_1_129' title="bbox 1831 5051 3406 5118">
    <p class='ocr_par' dir='ltr' id='par_1_129' title="bbox 1831 5051 3406 5118">
     <span class='ocr_line' id='line_1_131' title="bbox 1831 5051 3406 5118; baseline -0.003 -10"><span class='ocrx_word' id='word_1_944' title='bbox 1831 5055 2031 5117; x_wconf 85' lang='lat' dir='ltr'><strong>omnia,</strong></span> <span class='ocrx_word' id='word_1_945' title='bbox 2066 5052 2118 5106; x_wconf 91' lang='lat' dir='ltr'><strong>id</strong></span> <span class='ocrx_word' id='word_1_946' title='bbox 2147 5065 2251 5113; x_wconf 72' lang='lat' dir='ltr'><strong>est,</strong></span> <span class='ocrx_word' id='word_1_947' title='bbox 2301 5053 2474 5105; x_wconf 90' lang='lat' dir='ltr'><strong>modis</strong></span> <span class='ocrx_word' id='word_1_948' title='bbox 2505 5051 2752 5105; x_wconf 88' lang='lat' dir='ltr'><strong>omnibus</strong></span> <span class='ocrx_word' id='word_1_949' title='bbox 2797 5051 3055 5105; x_wconf 85' lang='lat' dir='ltr'><strong>afflictum</strong></span> <span class='ocrx_word' id='word_1_950' title='bbox 3085 5051 3276 5118; x_wconf 87' lang='lat' dir='ltr'><strong>quibus</strong></span> <span class='ocrx_word' id='word_1_951' title='bbox 3306 5065 3406 5104; x_wconf 87' lang='lat' dir='ltr'><strong>nos</strong></span> 
     </span>
    </p>
   </div>
   <div class='ocr_carea' id='block_1_130' title="bbox 1833 5121 3408 5192">
    <p class='ocr_par' dir='ltr' id='par_1_130' title="bbox 1833 5121 3408 5192">
     <span class='ocr_line' id='line_1_132' title="bbox 1833 5121 3408 5192; baseline -0.002 -14"><span class='ocrx_word' id='word_1_952' title='bbox 1833 5125 2076 5179; x_wconf 83' lang='lat' dir='ltr'><strong>homines</strong></span> <span class='ocrx_word' id='word_1_953' title='bbox 2108 5122 2267 5192; x_wconf 84' lang='lat' dir='ltr'><strong>affligi</strong></span> <span class='ocrx_word' id='word_1_954' title='bbox 2299 5123 2556 5175; x_wconf 76' lang='lat' dir='ltr'><strong>solemus.</strong></span> <span class='ocrx_word' id='word_1_955' title='bbox 2591 5122 2840 5176; x_wconf 84' lang='lat' dir='ltr'><strong>Tentatio</strong></span> <span class='ocrx_word' id='word_1_956' title='bbox 2867 5123 3006 5175; x_wconf 87' lang='lat' dir='ltr'><strong>enim</strong></span> <span class='ocrx_word' id='word_1_957' title='bbox 3041 5122 3094 5175; x_wconf 92' lang='lat' dir='ltr'><strong>in</strong></span> <span class='ocrx_word' id='word_1_958' title='bbox 3128 5121 3408 5192; x_wconf 76' lang='lat' dir='ltr'><strong>scriptura</strong></span> 
     </span>
    </p>
   </div>
   <div class='ocr_carea' id='block_1_131' title="bbox 1831 5190 3400 5264">
    <p class='ocr_par' dir='ltr' id='par_1_131' title="bbox 1831 5190 3400 5264">
     <span class='ocr_line' id='line_1_133' title="bbox 1831 5190 3400 5264; baseline -0.004 -14"><span class='ocrx_word' id='word_1_959' title='bbox 1831 5210 1974 5264; x_wconf 69' lang='lat' dir='ltr'><strong>saepe</strong></span> <span class='ocrx_word' id='word_1_960' title='bbox 2006 5190 2264 5260; x_wconf 77' lang='lat' dir='ltr'><strong>accipitur</strong></span> <span class='ocrx_word' id='word_1_961' title='bbox 2299 5209 2394 5262; x_wconf 83' lang='lat' dir='ltr'><strong>pro</strong></span> <span class='ocrx_word' id='word_1_962' title='bbox 2422 5195 2768 5261; x_wconf 86' lang='lat' dir='ltr'><strong>perpessione</strong></span> <span class='ocrx_word' id='word_1_963' title='bbox 2791 5192 3048 5264; x_wconf 77' lang='lat' dir='ltr'><strong>ntal0ru_m</strong></span> <span class='ocrx_word' id='word_1_964' title='bbox 3082 5191 3274 5264; x_wconf 82' lang='lat' dir='ltr'><strong>quibus</strong></span> <span class='ocrx_word' id='word_1_965' title='bbox 3303 5190 3400 5244; x_wconf 83' lang='lat' dir='ltr'><strong>lto-</strong></span> 
     </span>
    </p>
   </div>
   <div class='ocr_carea' id='block_1_132' title="bbox 1835 5261 3403 5332">
    <p class='ocr_par' dir='ltr' id='par_1_132' title="bbox 1835 5261 3403 5332">
     <span class='ocr_line' id='line_1_134' title="bbox 1835 5261 3403 5332; baseline -0.004 -12"><span class='ocrx_word' id='word_1_966' title='bbox 1835 5261 1991 5320; x_wconf 82' lang='lat' dir='ltr'><strong>minis</strong></span> <span class='ocrx_word' id='word_1_967' title='bbox 2009 5261 2310 5319; x_wconf 79' lang='lat' dir='ltr'><strong>constantia</strong></span> <span class='ocrx_word' id='word_1_968' title='bbox 2329 5273 2384 5318; x_wconf 89' lang='lat' dir='ltr'><strong>et</strong></span> <span class='ocrx_word' id='word_1_969' title='bbox 2407 5265 2658 5332; x_wconf 85' lang='lat' dir='ltr'><strong>patientia</strong></span> <span class='ocrx_word' id='word_1_970' title='bbox 2684 5264 2957 5328; x_wconf 79' lang='lat' dir='ltr'><strong>probatur.</strong></span> <span class='ocrx_word' id='word_1_971' title='bbox 2980 5261 3186 5332; x_wconf 66' lang='lat' dir='ltr'><strong>Ect-IeS.</strong></span> <span class='ocrx_word' id='word_1_972' title='bbox 3203 5276 3403 5314; x_wconf 78' lang='lat' dir='ltr'><strong>xxxiv:</strong></span> 
     </span>
    </p>
   </div>
   <div class='ocr_carea' id='block_1_133' title="bbox 1837 5329 3408 5406">
    <p class='ocr_par' dir='ltr' id='par_1_133' title="bbox 1837 5329 3408 5406">
     <span class='ocr_line' id='line_1_135' title="bbox 1837 5329 3408 5406; baseline -0.003 -17"><span class='ocrx_word' id='word_1_973' title='bbox 1837 5337 1938 5402; x_wconf 87' lang='lat' dir='ltr'><strong>Qui</strong></span> <span class='ocrx_word' id='word_1_974' title='bbox 1971 5353 2071 5390; x_wconf 91' lang='lat' dir='ltr'><strong>non</strong></span> <span class='ocrx_word' id='word_1_975' title='bbox 2098 5344 2172 5390; x_wconf 87' lang='lat' dir='ltr'><strong>est</strong></span> <span class='ocrx_word' id='word_1_976' title='bbox 2205 5329 2443 5398; x_wconf 78' lang='lat' dir='ltr'><strong>tentatus,</strong></span> <span class='ocrx_word' id='word_1_977' title='bbox 2471 5337 2595 5406; x_wconf 88' lang='lat' dir='ltr'><strong>quid</strong></span> <span class='ocrx_word' id='word_1_978' title='bbox 2625 5335 2754 5388; x_wconf 81' lang='lat' dir='ltr'><strong>scit?</strong></span> <span class='ocrx_word' id='word_1_979' title='bbox 2778 5333 2967 5389; x_wconf 79' lang='lat' dir='ltr'><strong>Jacob.</strong></span> <span class='ocrx_word' id='word_1_980' title='bbox 3002 5346 3018 5386; x_wconf 83' lang='grc' dir='ltr'>ι</span> <span class='ocrx_word' id='word_1_981' title='bbox 3052 5349 3064 5384; x_wconf 92' lang='lat'>:</span> <span class='ocrx_word' id='word_1_982' title='bbox 3097 5329 3260 5406; x_wconf 80' lang='lat' dir='ltr'><strong>Omne</strong></span> <span class='ocrx_word' id='word_1_983' title='bbox 3283 5346 3408 5406; x_wconf 69' lang='lat' dir='ltr'><strong>gauc</strong></span> 
     </span>
    </p>
   </div>
   <div class='ocr_carea' id='block_1_134' title="bbox 1835 5401 3409 5476">
    <p class='ocr_par' dir='ltr' id='par_1_134' title="bbox 1835 5401 3409 5476">
     <span class='ocr_line' id='line_1_136' title="bbox 1835 5401 3409 5476; baseline -0.003 -16"><span class='ocrx_word' id='word_1_984' title='bbox 1835 5401 1972 5460; x_wconf 84' lang='lat' dir='ltr'><strong>dium</strong></span> <span class='ocrx_word' id='word_1_985' title='bbox 2004 5408 2306 5470; x_wconf 69' lang='lat' dir='ltr'><strong>existimate,</strong></span> <span class='ocrx_word' id='word_1_986' title='bbox 2343 5401 2547 5476; x_wconf 80' lang='lat' dir='ltr'><strong>fratres,</strong></span> <span class='ocrx_word' id='word_1_987' title='bbox 2580 5424 2695 5459; x_wconf 88' lang='lat' dir='ltr'><strong>cum</strong></span> <span class='ocrx_word' id='word_1_988' title='bbox 2720 5407 2773 5458; x_wconf 89' lang='lat' dir='ltr'><strong>in</strong></span> <span class='ocrx_word' id='word_1_989' title='bbox 2804 5406 2969 5457; x_wconf 86' lang='lat' dir='ltr'><strong>varias</strong></span> <span class='ocrx_word' id='word_1_990' title='bbox 2995 5403 3295 5476; x_wconf 60' lang='lat' dir='ltr'><strong>tentatipnes</strong></span> <span class='ocrx_word' id='word_1_991' title='bbox 3323 5401 3409 5456; x_wconf 83' lang='lat' dir='ltr'><strong>in-</strong></span> 
     </span>
    </p>
   </div>
   <div class='ocr_carea' id='block_1_135' title="bbox 1835 5471 3410 5546">
    <p class='ocr_par' dir='ltr' id='par_1_135' title="bbox 1835 5471 3410 5546">
     <span class='ocr_line' id='line_1_137' title="bbox 1835 5471 3410 5546; baseline -0.003 -14"><span class='ocrx_word' id='word_1_992' title='bbox 1835 5482 2081 5544; x_wconf 85' lang='lat' dir='ltr'><strong>cideritis,</strong></span> <span class='ocrx_word' id='word_1_993' title='bbox 2115 5493 2218 5533; x_wconf 90' lang='lat' dir='ltr'><strong>etc.</strong></span> <span class='ocrx_word' id='word_1_994' title='bbox 2257 5480 2322 5532; x_wconf 85' lang='lat' dir='ltr'><strong>Et</strong></span> <span class='ocrx_word' id='word_1_995' title='bbox 2343 5471 2560 5531; x_wconf 76' lang='lat' dir='ltr'><strong>rursum</strong></span> <span class='ocrx_word' id='word_1_996' title='bbox 2590 5495 2602 5529; x_wconf 90' lang='lat'>:</span> <span class='ocrx_word' id='word_1_997' title='bbox 2632 5477 2818 5529; x_wconf 75' lang='lat' dir='ltr'><strong>Beatus</strong></span> <span class='ocrx_word' id='word_1_998' title='bbox 2856 5477 2930 5528; x_wconf 81' lang='lat' dir='ltr'><strong>vir</strong></span> <span class='ocrx_word' id='word_1_999' title='bbox 2955 5476 3040 5546; x_wconf 82' lang='lat' dir='ltr'><strong>qui</strong></span> <span class='ocrx_word' id='word_1_1000' title='bbox 3084 5471 3410 5546; x_wconf 57' lang='lat' dir='ltr'><strong>stt/fcrtula-</strong></span> 
     </span>
    </p>
   </div>
   <div class='ocr_carea' id='block_1_136' title="bbox 1839 5541 3411 5618">
    <p class='ocr_par' dir='ltr' id='par_1_136' title="bbox 1839 5541 3411 5618">
     <span class='ocr_line' id='line_1_138' title="bbox 1839 5541 3411 5618; baseline -0.003 -16"><span class='ocrx_word' id='word_1_1001' title='bbox 1839 5541 2102 5616; x_wconf 80' lang='lat' dir='ltr'><strong>tationent,</strong></span> <span class='ocrx_word' id='word_1_1002' title='bbox 2129 5553 2373 5618; x_wconf 87' lang='lat' dir='ltr'><strong>quoniam</strong></span> <span class='ocrx_word' id='word_1_1003' title='bbox 2404 5565 2520 5601; x_wconf 90' lang='lat' dir='ltr'><strong>cum</strong></span> <span class='ocrx_word' id='word_1_1004' title='bbox 2555 5549 2794 5618; x_wconf 86' lang='lat' dir='ltr'><strong>probatus</strong></span> <span class='ocrx_word' id='word_1_1005' title='bbox 2823 5541 2998 5615; x_wconf 79' lang='lat' dir='ltr'><strong>fuerit,</strong></span> <span class='ocrx_word' id='word_1_1006' title='bbox 3030 5541 3411 5618; x_wconf 77' lang='lat' dir='ltr'><strong>etc._CI_iristu_s</strong></span> 
     </span>
    </p>
   </div>
   <div class='ocr_carea' id='block_1_137' title="bbox 1839 5613 3412 5690">
    <p class='ocr_par' dir='ltr' id='par_1_137' title="bbox 1839 5613 3412 5690">
     <span class='ocr_line' id='line_1_139' title="bbox 1839 5613 3412 5690; baseline -0.004 -14"><span class='ocrx_word' id='word_1_1007' title='bbox 1839 5637 1966 5690; x_wconf 87' lang='lat' dir='ltr'><strong>ergo</strong></span> <span class='ocrx_word' id='word_1_1008' title='bbox 1997 5613 2230 5676; x_wconf 78' lang='lat' dir='ltr'><strong>tentatus</strong></span> <span class='ocrx_word' id='word_1_1009' title='bbox 2263 5637 2357 5690; x_wconf 91' lang='lat' dir='ltr'><strong>per</strong></span> <span class='ocrx_word' id='word_1_1010' title='bbox 2387 5613 2587 5683; x_wconf 79' lang='lat' dir='ltr'><strong>omnia,</strong></span> <span class='ocrx_word' id='word_1_1011' title='bbox 2614 5622 2733 5687; x_wconf 83' lang='lat' dir='ltr'><strong>quia</strong></span> <span class='ocrx_word' id='word_1_1012' title='bbox 2764 5613 2940 5690; x_wconf 83' lang='lat' dir='ltr'><strong>omnia</strong></span> <span class='ocrx_word' id='word_1_1013' title='bbox 2975 5616 3110 5671; x_wconf 89' lang='lat' dir='ltr'><strong>mala</strong></span> <span class='ocrx_word' id='word_1_1014' title='bbox 3147 5613 3305 5690; x_wconf 82' lang='lat' dir='ltr'><strong>hujus</strong></span> <span class='ocrx_word' id='word_1_1015' title='bbox 3335 5613 3412 5670; x_wconf 81' lang='lat' dir='ltr'><strong>vi-</strong></span> 
     </span>
    </p>
   </div>
   <div class='ocr_carea' id='block_1_138' title="bbox 1842 5687 3415 5762">
    <p class='ocr_par' dir='ltr' id='par_1_138' title="bbox 1842 5687 3415 5762">
     <span class='ocr_line' id='line_1_140' title="bbox 1842 5687 3415 5762; baseline -0.001 -20"><span class='ocrx_word' id='word_1_1016' title='bbox 1842 5687 2214 5762; x_wconf 41' lang='lat' dir='ltr'><strong>tae-expertus,</strong></span> <span class='ocrx_word' id='word_1_1017' title='bbox 2245 5687 2363 5762; x_wconf 78' lang='lat' dir='ltr'><strong>qua:</strong></span> <span class='ocrx_word' id='word_1_1018' title='bbox 2391 5693 2594 5750; x_wconf 89' lang='lat' dir='ltr'><strong>scilicet</strong></span> <span class='ocrx_word' id='word_1_1019' title='bbox 2626 5691 2721 5746; x_wconf 91' lang='lat' dir='ltr'><strong>toti</strong></span> <span class='ocrx_word' id='word_1_1020' title='bbox 2764 5688 3038 5744; x_wconf 87' lang='lat' dir='ltr'><strong>hominum</strong></span> <span class='ocrx_word' id='word_1_1021' title='bbox 3067 5687 3251 5753; x_wconf 75' lang='lat' dir='ltr'><strong>generi</strong></span> <span class='ocrx_word' id='word_1_1022' title='bbox 3287 5694 3415 5746; x_wconf 83' lang='lat' dir='ltr'><strong>sunt</strong></span> 
     </span>
    </p>
   </div>
  </div>
