4026 6204
577 275 673 338 613

1626 253 1903 321 JOANNIS
1942 259 2253 321 CASSIANI
2292 255 2786 315 COLLATIONES.

3742 252 3869 314 616

579 394 749 451 siunis
777 402 1052 460 cmxtagiu,
1084 396 1426 456 nequaquam
1463 380 1672 437 scilicet
1699 380 1920 435 aculeos
1948 391 2152 433 concu-
2178 387 2232 445 Α
2257 376 2391 428 sicut
2428 373 2534 439 dii,
2563 382 2775 425 scientes
2802 370 2991 423 bonum
3016 378 3064 423 et
3087 370 3283 423 malum
3327 366 3499 439 (Gen.
3526 369 3645 437 ιιι).
3672 366 3732 423 In
3768 368 3862 425 his

580 484 860 556 piscentiae
890 479 1126 535 carnalis
1158 482 1436 546 expertus,
1470 470 1664 543 quibus
1697 486 1794 526 nos
1824 485 2046 526 necesse
2072 478 2157 525 est

581 578 743 632 etiam
769 574 1081 644 ignorantes
1114 569 1421 635 invitusque
1460 565 1788 635 compungi;
1835 564 2034 633 quippe
2065 561 2155 617 eui

581 668 726 723 nulla
758 668 931 720 inerat
965 660 1261 718 similitudo
1303 657 1678 713 seminationis
1704 655 1785 710 vel
1835 654 2154 719 conceptio-

581 763 663 814 nis
694 759 959 821 humanae,
986 755 1057 808 ita
1080 754 1342 806 rationem
1368 757 1664 816 conceptus
1686 746 1801 814 ejus
1831 744 2155 812 archangelo

580 852 862 905 nuntiante
892 864 905 900 :
937 844 1172 914 Spiritus
1201 851 1407 896 sanctus
1435 838 1756 907 superveniet
1792 837 1845 888 in
1872 845 1938 899 te,
1977 844 2024 887 et
2054 835 2156 886 vir-

578 955 658 996 tus
689 938 938 992 Altissimi
969 932 1286 989 obumbrabit
1328 930 1439 983 tibi.
1485 927 1708 993 Ideoque
1735 936 1781 979 et
1807 924 1944 995 quod
1978 939 2155 977 nasce-

578 1043 659 1084 tur
690 1046 751 1084 ea:
778 1040 823 1082 te
851 1038 1104 1090 sanctum,
1133 1022 1393 1078 vocabitur
1421 1017 1468 1070 F
1472 1019 1591 1073 ilius
1620 1017 1716 1072 Dei
1749 1016 1900 1089 (Luc.
1924 1019 1991 1085 ι).

1192 1132 1418 1189 CAPUT
1457 1131 1538 1185 VI.

655 1233 723 1284 ')e
758 1231 957 1284 ratione
991 1226 1283 1348 tentationli;
1318 1240 1419 1305 qua
1449 1239 1481 1275 a
1513 1219 1721 1275 diabolo
1752 1228 1974 1273 tentatus
2010 1226 2085 1271 est

1276 1311 1496 1348 ominus.

1276 1311 1496 1348 οηιιηιιδ.

645 1405 669 1432 ο
702 1396 758 1448 lu
792 1393 898 1447 illis
928 1393 1071 1446 enim
1115 1386 1461 1458 passionibus
1488 1385 1651 1439 etiam
1687 1386 1803 1454 ipse
1841 1380 2034 1438 tentari
2064 1379 2156 1435 de-

573 1486 711 1549 buit,
756 1487 1130 1550 incorruptam
1173 1478 1461 1546 imaginem
1509 1475 1605 1530 Dei
1640 1490 1701 1529 ac
1748 1472 2155 1528 similitudinem

575 1578 880 1648 possidens,
932 1575 983 1627 in
1036 1572 1231 1641 quibus
1280 1578 1334 1624 et
1385 1568 1552 1622 Adam
1606 1577 1838 1622 tentatus
1885 1576 1986 1629 est,
2031 1579 2154 1618 cum

530 1716 535 1719 ς
577 1671 753 1725 adhuc
782 1669 834 1721 in
868 1666 963 1719 illa
992 1663 1246 1717 inviolata
1286 1660 1519 1729 imagine
1558 1658 1654 1712 Dei
1687 1656 2020 1725 perduraret,
2055 1654 2157 1708 hoc

2257 480 2388 535 ergo
2410 465 2582 518 tribus
2600 463 2748 517 vitiis
2770 462 2932 516 etiam
2957 461 3243 516 Dominum
3265 462 3594 515 salvatorem
3620 460 3859 531 legimus

2255 558 2427 612 fuisse
2464 564 2750 611 tentatum.
2781 553 3194 621 Gastrimargia,
3222 568 3347 607 cum
3378 551 3582 607 dicitur
3607 551 3656 605 ei
3685 568 3714 604 a
3736 551 3859 607 dia-

2255 648 2403 713 bolo,
2437 648 2534 701 Dic
2558 658 2614 701 ut
2651 646 2854 711 lapides
2890 646 2976 698 isti
3015 660 3175 715 panes
3209 644 3371 712 ﬁant;
3410 642 3747 709 cenodoxia,
3793 644 3859 698 Si

2257 740 2430 794 Filius
2455 738 2554 793 Dei
2576 757 2647 807 es,
2679 741 2824 792 mitte
2857 749 2904 791 te
2926 738 3205 802 deorsum;
3228 737 3508 805 superbia,
3539 753 3656 790 cum
3686 748 3859 790 osten-

2256 836 2381 889 dens
2410 834 2490 887 illi
2522 833 2695 886 omnia
2714 847 2873 902 regna
2901 831 3080 883 mundi
3113 840 3163 883 et
3198 845 3376 883 eorum
3412 828 3660 899 gloriam,
3687 831 3859 883 dicit:

2260 926 2387 981 Htec
2414 926 2587 979 omnia
2620 923 2711 976 tibi
2733 923 2890 989 dabo,
2914 923 2960 975 si
2982 922 3170 975 cadens
3195 921 3491 974 adoraveris
3521 937 3600 973 me
3634 919 3858 991 (Matth.

2256 1018 2364 1087 iv);
2394 1026 2451 1071 ut
2478 1015 2671 1071 iisdem
2710 1014 2907 1083 quibus
2939 1013 3030 1067 ille
3062 1013 3422 1067 tentationum
3458 1011 3619 1065 lineis
3646 1021 3733 1067 est
3762 1028 3863 1080 ap-

2268 1106 2490 1177 petitus,
2526 1120 2621 1159 nos
2650 1120 2864 1173 quoque
2892 1102 3344 1173 quemadmodum
3375 1110 3707 1157 tentatorem
3738 1104 3863 1155 vin-

2257 1214 2385 1255 cere
2405 1198 2748 1262 deberemus,
2778 1210 2878 1250 suo
2913 1196 3138 1249 doceret
3171 1195 3434 1264 exemplo
3467 1193 3632 1264 (Vide
3671 1194 3857 1247 cotlat.

2256 1290 2329 1344 24
2353 1308 2400 1344 c.
2431 1289 2545 1361 17).
2576 1290 2810 1358 Ideoque
2835 1299 2889 1343 et
2914 1288 3007 1342 ille
3032 1287 3205 1342 Adam
3229 1288 3449 1353 dicitur,
3475 1294 3531 1341 et
3552 1287 3656 1341 iste
3684 1288 3857 1340 Adam

2260 1386 2307 1457 (l
2349 1384 2474 1439 Cor.
2512 1384 2625 1454 xv).
2657 1384 2754 1439 Ille
2794 1384 3000 1453 primus
3027 1383 3093 1437 ad
3128 1384 3341 1436 ruinam
3378 1391 3433 1437 et
3465 1394 3725 1447 mortem,
3770 1384 3861 1437 hic

2262 1480 2466 1550 primus
2489 1480 2555 1533 ad
2582 1478 3041 1534 resurrectionem
3069 1488 3123 1533 et
3149 1478 3334 1532 vitam.
3370 1477 3475 1531 Per
3508 1478 3662 1531 illum
3693 1492 3863 1532 omne

2261 1586 2431 1643 genus
2460 1571 2736 1626 hominum
2778 1570 3191 1634 condemnatur,
3222 1583 3318 1637 per
3351 1554 3720 1623 istumiomne
3758 1585 3863 1638 ge-

2262 1677 2366 1716 nus
2398 1662 2675 1716 hominum
2718 1660 2999 1715 liberatur.
3034 1660 3127 1714 Ille
3168 1661 3235 1713 de
3282 1658 3401 1713 rudi
3448 1668 3613 1729 atque
3649 1660 3861 1714 intacta

574 1749 1859 1829 estgastrimargia,cenodoxia,superbia,non
1890 1748 1941 1800 in
1963 1745 2485 1822 quibusBﬁngitur
2540 1764 2703 1819 terra,
2759 1752 2847 1805 hic
2900 1751 2967 1807 de
3018 1752 3182 1805 Maria
3237 1750 3445 1820 virgine
3502 1763 3853 1819 procreatur,

574 1864 696 1926 post
718 1848 1214 1921 praevaricationem
1239 1844 1500 1909 mandati,
1527 1843 1760 1911 imagine
1790 1842 1879 1895 Dei
1911 1856 1972 1895 ac
2000 1839 2150 1893 simi-

574 1945 802 2001 litudine
830 1942 1056 2005 violata,
1085 1953 1183 1992 suo
1217 1936 1326 2006 jam
1355 1935 1491 1989 vitio
1518 1934 1802 1989 devolutus
1837 1932 2151 1987 involvitur.

574 2033 970 2105 Gastrimargia
1000 2045 1231 2099 namque
1272 2036 1373 2088 est,
1413 2042 1516 2095 qua
1552 2025 1823 2080 interdicti
1855 2025 1986 2093 ligni
2017 2037 2157 2092 pra:-

574 2132 739 2188 sumit
776 2128 1049 2191 edulium;
1099 2124 1423 2187 cenodoxia,
1468 2136 1570 2190 qua
1601 2120 1819 2184 dicitur,
1850 2120 2159 2189 Aperientur

575 2225 711 2280 oculi
732 2222 885 2277 vestri
915 2219 1120 2291 (Genes.
1155 2216 1269 2287 tu);
1302 2214 1577 2283 superbia,
1609 2227 1711 2284 qua
1744 2210 1961 2276 dicitur,
1995 2209 2157 2265 Erilis

2259 1845 2287 1884 δ
2316 1846 2486 1914 Hujus
2516 1860 2647 1914 ergo
2678 1854 2735 1898 ιιι
2762 1845 3041 1912 suscipere
3069 1859 3191 1898 eum
3226 1844 3550 1896 tentationes
3580 1845 3855 1911 oportuit,

2254 1937 2331 1992 ita
2376 1936 2642 1991 excedere
2680 1937 3045 1991 necessarium
3092 1951 3199 1988 non
3244 1935 3362 1989 fuit.
3412 1934 3520 1989 Nec
3561 1936 3711 1989 enim
3763 1938 3857 2006 qui

2256 2030 2690 2099 gastrimargiam
2722 2029 2947 2095 vicerat,
2977 2038 3190 2099 poterat
3232 2028 3592 2083 fornicatione
3623 2031 3854 2095 tentari,

2259 2137 2379 2190 quae
2407 2137 2473 2176 ex
2502 2121 2647 2175 illius
2674 2120 3003 2176 abundantia
3036 2136 3101 2175 ac
3129 2120 3310 2175 radice
3340 2121 3608 2189 procedit,
3639 2134 3749 2189 qua
3786 2136 3857 2175 ne

2260 2213 2353 2267 ille
2379 2212 2598 2282 quidem
2643 2214 2849 2282 primus
2893 2211 3063 2267 Adam
3110 2212 3301 2267 fuisset
3338 2213 3525 2277 elisus,
3570 2212 3673 2265 nisi
3720 2222 3858 2267 ante

1631 2324 1886 2379 ALARDI
1928 2324 2158 2380 GAZIEI
2193 2326 2759 2383 COMMENTARIUS.

575 2424 899 2486 communia,
946 2429 1007 2474 ut
1054 2426 1179 2472 sunt
1215 2417 1403 2481 fames,
1455 2415 1595 2479 sitis,
1640 2414 1921 2486 lassitudo,
1966 2415 2144 2481 dolor,

577 2498 812 2557 tristitia,
845 2504 1019 2546 metus
1048 2488 1262 2551 mortis,
1315 2497 1366 2539 et
1400 2501 1545 2539 mors
1576 2486 1711 2557 ipsa.
1756 2485 1813 2537 9°
1841 2485 1909 2540 Ut
1953 2489 2145 2540 tentari

575 2569 649 2623 sit
678 2556 815 2620 idem
846 2562 985 2631 quod
1006 2560 1082 2631 ad
1118 2568 1390 2631 peccatum
1420 2556 1722 2631 sollicitari,
1757 2566 1812 2609 ut
1854 2558 1938 2611 hic
1969 2558 2147 2631 abbas

576 2637 824 2703 intelligit
864 2627 947 2687 'de
992 2628 1190 2684 Christi
1248 2627 1638 2703 tentationibus
1688 2642 1889 2694 agens;
1950 2628 2145 2682 dicitur

577 2698 821 2763 Christus
850 2710 1081 2758 tentatus
1124 2714 1218 2769 per
1245 2698 1446 2763 omnia,
1481 2701 1732 2766 quoniam
1776 2709 2033 2766 expertus
2063 2710 2145 2753 est

577 2777 833 2850 quidquid
875 2773 1107 2850 experiri
1136 2769 1332 2850 putuit,
1380 2770 1565 2850 idest,
1590 2769 1739 2850 quod
1780 2785 2058 2850 personam
2092 2780 2145 2824 et

580 2839 1079 2911 conditionem—ejus
1097 2857 1200 2896 non
1223 2839 1538 2911 dedecebat,
1552 2846 1606 2891 et
1621 2840 1706 2911 lini
1726 2855 1881 2907 quem
1902 2840 2001 2894 sibi
2021 2856 2144 2907 pro-

580 2926 853 2990 posuerat,
886 2917 951 2990 id_
982 2910 1087 2979 est,
1132 2910 1482 2979 redemptiuni
1514 2910 1812 2990 hominum,
1859 2923 2144 2990 consenta-

579 2980 737 3046 neum
769 2980 905 3042 erit.
937 2987 1115 3049 Itaque
1138 2991 1372 3036 tentatus
1403 2991 1483 3034 est
1514 2997 1541 3033 a
1574 2980 1790 3035 diabolo
1825 2997 1915 3047 per
1938 2984 2139 3046 omnia,

580 3064 629 3116 id
661 3071 763 3125 est,
796 3058 967 3111 modis
998 3054 1247 3107 omnibus
1272 3054 1463 3121 quibus
1488 3061 1699 3121 poterat
1728 3062 1782 3105 et
1812 3054 2143 3125 congruebat

579 3149 699 3187 eum
731 3124 946 3190 tentari,
978 3125 1070 3179 sed
1110 3139 1204 3191 per
1242 3124 1560 3176 exteriorem
1592 3131 1797 3175 tantum
1845 3124 2143 3190 suggestio-

579 3219 722 3258 nem.
774 3200 875 3253 Per
921 3196 1229 3250 interiorem
1276 3194 1418 3245 enim
1472 3207 1569 3245 nec
1616 3207 1644 3243 a
1694 3193 1925 3255 diabolo,
1971 3207 2068 3247 nec
2112 3209 2142 3248 a

580 3289 764 3335 carne,
797 3284 897 3324 nec
923 3284 951 3320 a
980 3265 1177 3319 mundo
1210 3263 1399 3317 tentari
1432 3263 1621 3335 potuit.
1655 3261 1786 3314 Nam
1822 3264 2041 3316 tentatio
2066 3266 2144 3317 in-

582 3332 760 3399 teriur'
779 3356 887 3397 non
916 3339 975 3393 tit
1018 3338 1134 3389 sine
1160 3336 1333 3401 aliqua
1366 3332 1722 3386 delectatione
1751 3342 1805 3385 et
1845 3343 1988 3386 mutu
2017 3349 2145 3387 con-

580 3414 946 3483 cupiscentim,
980 3423 1098 3475 qua:
1145 3420 1252 3458 non
1288 3414 1371 3457 est
1416 3403 1519 3483 nisi
1551 3404 1600 3454 in
1632 3417 1795 3483 carne
1821 3404 2141 3471 peccatrice,

581 3487 633 3541 id
654 3473 773 3547 'est,
828 3473 942 3551 peri
971 3473 1255 3551 peccatum
1300 3473 1694 3551 sauciata,_nec
1742 3474 1898 3539 plene
1938 3487 2142 3530 sanata.

582 3557 697 3611 Non
726 3544 1157 3610 decebatautem
1198 3544 1471 3599 Christum
1515 3545 1675 3597 talem
1706 3553 1949 3597 naturam
1987 3560 2144 3601 assu—

586 3643 755 3687 mere,
791 3625 882 3679 sed
910 3621 977 3675 ab
1002 3620 1147 3674 omni
1180 3616 1425 3685 contagio
1455 3617 1655 3686 peccati
1697 3617 1916 3668 liberam
1961 3625 2014 3669 et
2044 3617 2146 3671 im-

584 3712 821 3759 munem,
856 3709 925 3748 ne
970 3703 1020 3745 et
1060 3691 1176 3759 ipse
1216 3688 1507 3759 secundum
1540 3694 1871 3759 assumptam
1904 3695 2143 3742 naturam

584 3756 930 3836 redemptore
949 3771 1007 3836 et
1031 3756 1319 3836 liberatore
1360 3758 1638 3836 indigeret.
1675 3756 1819 3836 Hanc
1843 3757 2144 3836 doctrinam

583 3828 785 3893 diserte
823 3834 985 3888 tradit
1028 3842 1083 3885 et
1124 3831 1362 3898 explicat
1404 3829 1462 3882 D.
1514 3828 1802 3898 Gregorius
1848 3831 1930 3883 his
1969 3831 2146 3884 verbis

584 3910 768 3979 (Hom.
802 3907 867 3960 l6
895 3900 1249 3979 in_Erang.):
1282 3900 1581 3979 Sciendum,
1621 3901 1809 3979 inquit,
1840 3902 1959 3979 quia
1988 3901 2148 3954 tribus

582 3970 749 4033 modis
798 3975 1008 4030 tentatio
1057 3970 1263 4041 agitur,
1312 3970 1669 4041 suggestione,
1721 3970 2054 4041 delectatione
2101 3980 2147 4024 et

584 4065 851 4103 consensu.
890 4045 951 4097 Et
974 4060 1064 4095 nos
1086 4039 1199 4092 cum
1226 4050 1497 4102 tentamur,
1534 4039 1824 4106 plerumque
1849 4040 1902 4090 in
1930 4041 2151 4093 delecta-

582 4124 770 4173 tionem
793 4126 884 4169 aut
914 4116 1061 4167 etiam
1084 4112 1135 4163 in
1164 4126 1465 4163 consensum
1494 4109 1731 4171 labimur,
1752 4110 1873 4177 quia
1895 4110 1957 4163 de
1980 4112 2148 4165 carnis

585 4199 791 4258 peccato
829 4183 1096 4258 propagati
1139 4183 1192 4232 in
1224 4180 1493 4258 ngbisipsis
1531 4178 1688 4258 etiam
1718 4180 1981 4258 gerimus,
2013 4182 2149 4258 unde

587 4248 871 4312 certamina
911 4248 1205 4307 toleramus.
1242 4250 1378 4303 Deus
1402 4265 1537 4311 vero,
1558 4249 1644 4315 qui
1672 4249 1722 4300 in
1745 4258 1888 4301 utero
1921 4248 2147 4320 Virginis

586 4330 912 4386 incarnatus,
950 4326 1003 4376 in
1052 4321 1303 4375 mundum
1346 4322 1456 4371 sine
1497 4326 1702 4386 peccato
1751 4328 1971 4383 venerat,
2021 4323 2149 4375 nihil

589 4396 1016 4452 contradictionis
1056 4394 1110 4445 in
1156 4392 1423 4460 semetipso
1471 4388 1740 4442 tolerabat.
1781 4389 1993 4444 Tentari
2029 4409 2150 4461 ergo

587 4486 675 4540 per
691 4468 1065 4540 suggestionem
1087 4462 1272 4540 potuit,
1299 4460 1385 4512 sed
1415 4461 1525 4540 ejus
1556 4469 1770 4540 mentem
1793 4464 1987 4540 peccqti
2013 4460 2151 4540 dete-

585 4531 864 4593 ctatioiion
900 4531 1206 4595 momordit;
1243 4540 1394 4600 atque
1421 4532 1534 4582 ideo
1579 4531 1742 4583 omnis
1772 4532 2027 4585 diabolica
2056 4532 2151 4587 illa

2249 2434 2344 2474 seu
2389 2420 2630 2488 appetitu
2674 2420 3020 2477 sublimitatis
3067 2436 3355 2491 usurpans,
3390 2420 3483 2490 qui
3514 2420 3648 2475 nihil
3690 2421 3846 2475 aliud

2250 2500 2333 2543 est
2363 2506 2521 2556 quam
2570 2492 2851 2558 superbia,
2892 2495 2975 2546 cui
3026 2502 3209 2547 tamen
3245 2508 3349 2546 non
3380 2503 3635 2560 repugnat
3672 2493 3851 2546 etiam

2249 2564 2495 2634 avaritia:
2541 2577 2636 2615 seu
2689 2563 3031 2634 philargyrize
3087 2564 3439 2617 tentationem
3495 2563 3655 2617 fuisse
3703 2578 3856 2617 con-

2244 2632 2519 2699 junctam,
2572 2643 2628 2685 ut
2680 2634 2816 2687 infra
2864 2632 3097 2695 dicetur,
3147 2645 3201 2688 et
3230 2635 3289 2688 S.
3323 2634 3556 2688 Thomas
3598 2634 3852 2689 admittit

2247 2702 2331 2824 Sili
2361 2711 2520 2771 part.,
2541 2721 2591 2773 q.
2621 2704 2713 2768 41,
2744 2721 2795 2756 a.
2831 2707 2907 2775 4).
2929 2705 3020 2759 Sic
3050 2721 3177 2757 vero
3200 2705 3495 2773 Gregorius
3522 2722 3535 2756 :
3570 2706 3833 2772 Antiquus

2264 2776 2411 2824 tostis
2454 2784 2634 2824 contra
2680 2780 2903 2824 primum
2933 2776 3194 2824 hominem
3236 2785 3499 2824 mirantem
3531 2788 3763 2824 nostrum
3793 2779 3833 2824 is

2264 2776 2411 2827 ’tostis
2454 2784 2634 2827 contra
2680 2780 2903 2841 primum
2933 2776 3194 2829 hominem
3236 2785 3499 2846 parentem
3531 2788 3763 2827 nostrum
3793 2779 3847 2829 in

2248 2846 2409 2897 tribus
2438 2862 2491 2898 se
2520 2847 2887 2899 tentationibus
2910 2848 3089 2904 erexit.
3116 2848 3236 2915 quia
3263 2849 3397 2899 hunc
3420 2848 3660 2899 videlicet
3689 2846 3843 2915 gula,

2245 2930 2377 2968 vana
2402 2914 2571 2985 gloria
2610 2926 2659 2969 et
2693 2918 2911 2970 avaritia
2942 2914 3192 2982 tentavit;
3226 2918 3315 2971 sed
3347 2917 3596 2969 tentando
3625 2914 3849 2986 supera-

2246 2987 2338 3051 vit,
2370 2988 2490 3054 quia
2530 2988 2625 3039 sibi
2662 3004 2777 3040 eum
2819 3005 2908 3055 per
2949 3005 3252 3041 consensum
3296 2990 3548 3042 subdidit.
3591 2986 3675 3040 Ex
3717 2990 3847 3055 gula

2247 3059 2432 3127 quippe
2462 3058 2693 3122 tentavit,
2728 3075 2839 3111 cum
2881 3059 3045 3111 cibum
3080 3059 3209 3127 ligni
3233 3061 3371 3111 vetiti
3408 3059 3655 3119 ostendit,
3686 3071 3840 3128 atque

2249 3129 2316 3179 ad
2337 3130 2704 3199 comedendum
2735 3132 2917 3182 suasit.
2948 3129 3027 3183 Ea:
3050 3147 3179 3183 vana
3208 3140 3374 3182 autem
3401 3128 3573 3199 gloria
3602 3135 3839 3194 tentavit,

2248 3215 2361 3250 cum
2386 3198 2617 3253 diceret:
2650 3198 2809 3252 Erilis
2846 3203 2974 3253 sicut
3006 3201 3100 3253 dii.
3137 3200 3203 3253 Et
3236 3216 3297 3253 ex
3328 3198 3575 3266 provectu
3605 3202 3843 3253 avaritia

2250 3271 2479 3333 tentavit,
2506 3286 2619 3322 cum
2643 3270 2833 3324 diceret
2860 3288 2878 3325 :
2912 3272 3139 3325 Scientes
3169 3272 3354 3324 bonum
3385 3282 3430 3323 et
3461 3270 3677 3323 malum.
3705 3272 3846 3322 Ava-

2247 3340 2367 3412 r_itia
2389 3341 2521 3392 enim
2544 3357 2641 3393 non
2662 3342 2831 3394 solum
2852 3343 3081 3412 pecunia:
3102 3353 3194 3407 est,
3220 3343 3310 3395 sed
3334 3343 3485 3394 etiam
3512 3342 3839 3412 altitudinis.

2249 3408 2405 3463 Recte
2433 3412 2566 3463 enim
2597 3414 2815 3464 avaritia
2846 3408 3056 3479 dicitur,
3088 3430 3203 3465 cum
3232 3430 3390 3475 supra
3420 3414 3629 3465 modum
3668 3410 3849 3462 subli-

2249 3484 2397 3533 mitas
2426 3482 2666 3535 ambitur.
2700 3481 2760 3537 Si
2790 3485 2925 3536 enim
2963 3501 3063 3536 non
3104 3487 3171 3536 ad
3201 3485 3470 3537 avaritiam
3499 3481 3703 3534 honoris
3742 3497 3845 3532 ra-

2248 3554 2372 3622 pina
2401 3554 2698 3622 pertineret,
2729 3570 3045 3622 nequaquam
3081 3554 3280 3608 Paulus
3331 3556 3392 3606 de
3435 3554 3693 3622 unigenito
3744 3552 3847 3604 Dei

2251 3621 2408 3674 Filio
2440 3623 2675 3695 diceret:
2713 3621 2831 3695 Non
2885 3625 3121 3695 rapinam
3170 3626 3449 3678 arbitratus
3498 3621 3571 3676 est
3624 3638 3679 3695 se
3729 3639 3847 3695 esse

2249 3694 2498 3753 aequalem
2546 3694 2658 3747 Deo
2698 3693 3064 3763 (PhilipJu).
3115 3695 3179 3749 In
3218 3697 3313 3748 hoc
3359 3706 3529 3748 autem
3573 3693 3844 3745 diabolum

2251 3772 2514 3833 parentem
2557 3775 2786 3818 nostrum
2820 3766 2888 3817 ad
2918 3767 3210 3830 superbiam
3256 3768 3437 3829 traxit,
3468 3780 3571 3833 quo
3617 3779 3727 3816 eum
3770 3765 3844 3814 ad

2250 3836 2524 3888 avaritiam
2574 3836 2906 3888 sublimitatis
2957 3838 3219 3889 excitavit.
3275 3837 3381 3890 Sed
3430 3834 3616 3905 quibus
3671 3834 3844 3884 modis

2252 3907 2474 3973 primum
2515 3905 2769 3960 hominem
2804 3908 3004 3971 stravit,
3038 3909 3227 3959 eisdem
3269 3907 3433 3959 modis
3472 3905 3697 3959 secundo
3741 3905 3844 3955 lto-

2250 3976 2375 4028 mini
2406 3984 2625 4047 tentator
2645 3979 2929 4029 succubuit.
2961 3976 3064 4030 Per
3087 3979 3258 4047 gulam
3289 3978 3484 4047 quippe
3509 3984 3694 4038 tentat,
3721 3990 3842 4047 cum

2252 4048 2421 4099 dicit:
2454 4046 2549 4097 Dic
2580 4057 2633 4098 ut
2666 4047 2863 4114 lapides
2891 4048 2975 4100 isti
3007 4044 3163 4114 panes
3195 4044 3342 4116 ﬁant.
3379 4046 3482 4100 Per
3504 4061 3687 4099 vanam
3715 4044 3842 4114 glu-

2250 4119 2379 4169 riam
2408 4124 2585 4178 tentat,
2616 4133 2727 4169 cum
2760 4119 2925 4170 dicit:
2958 4118 3017 4173 Si
3047 4117 3185 4184 [ilius
3218 4117 3309 4169 Dei
3339 4134 3412 4178 es,
3436 4117 3581 4168 mitte
3611 4126 3657 4167 te
3682 4116 3843 4166 deor-

2251 4203 2385 4240 sum.
2435 4186 2539 4239 Per
2586 4188 2913 4241 sublimitatis
2959 4190 3229 4241 avaritiam
3273 4197 3461 4250 tentat,
3513 4202 3629 4238 cum
3678 4201 3843 4252 regna

2252 4258 2421 4309 omnia
2464 4259 2645 4310 mundi
2685 4260 2904 4312 ostendit
2931 4261 3140 4312 dicens:
3172 4257 3298 4311 Παῖς
3333 4258 3507 4310 omnia
3547 4256 3638 4308 tibi
3671 4255 3839 4319 dabo,

2249 4329 2293 4379 si
2327 4330 2597 4393 procidens
2641 4330 2933 4383 adoraveris
2966 4345 3063 4381 me.
3102 4328 3205 4384 Sed
3249 4329 3435 4380 eisdem
3479 4326 3647 4379 modis
3686 4342 3717 4377 a
3750 4341 3842 4379 se-

2251 4398 2423 4451 cundo
2453 4400 2657 4451 homine
2697 4401 2934 4465 vincitur,
2984 4399 3163 4468 quibus
3215 4401 3432 4467 primunt
3481 4398 3739 4468 hominem
3790 4413 3847 4448 se

2251 4468 2429 4521 vicisse
2472 4470 2813 4538 gloriabatur,
2844 4478 2898 4522 ut
2940 4487 2971 4523 a
2998 4467 3198 4523 nostris
3243 4468 3473 4522 cordibus
3513 4467 3847 4538 ipso__attitu

2254 4549 2432 4609 captus
2460 4533 2601 4592 cacat
2629 4556 2727 4609 quo
2756 4557 2847 4593 nos
2878 4541 3024 4594 aditu
3054 4540 3369 4593 intromissus
3395 4535 3610 4590 tenebat.
3639 4533 3851 4609 llactc-

585 4610 802 4665 tentatio
837 4608 998 4680 foris,
1034 4620 1134 4680 non
1165 4605 1340 4680 intus,
1384 4600 1759 4680 [ιιίιλΛεοίριιει⁵
1788 4600 2150 4680 Damascenus
2176 4619 2230 4679 D
2254 4600 2357 4663 nn's
2384 4600 2691 4679 Gregorius.
2722 4612 2897 4680 Atque
2924 4611 3173 4665 eumdem
3201 4611 3439 4665 ordinem
3466 4606 3839 4680 tentationum

586 4683 682 4736 lib.
712 4696 770 4734 ιιι
806 4669 874 4733 de
906 4669 1037 4731 Fide
1068 4673 1291 4729 Ortbod.
1338 4688 1458 4741 cap.
1488 4670 1557 4725 20
1585 4689 1597 4723 :
1626 4669 1912 4740 Malignus,
1951 4674 2146 4743 inquit,

587 4754 650 4806 de
678 4747 1145 4823 forissuggerebat,
1187 4761 1285 4823 non
1314 4760 1406 4823 per
1431 4744 1779 4823 cogitationes,
1815 4752 1917 4797 etc.
1956 4748 2153 4801 Audie-

591 4813 687 4878 bai
702 4813 1194 4891 quidenVChristus
1221 4813 1492 4891 diabolum
1516 4814 1616 4867 sibi
1649 4823 2029 4891 prouonentem
2050 4831 2152 4885 gu-

590 4896 678 4959 lae,
710 4884 1026 4947 cenudoxiae
1058 4884 1393 4959 etsuperbiie
1422 4893 1665 4959 peccata,
1691 4895 1744 4938 et
1767 4884 1977 4959 illorum
2008 4884 2153 4940 cum-

594 4955 773 5027 muda,
806 4977 907 5015 nec
946 4974 1080 5028 opus
1110 4967 1191 5011 est
1225 4956 1444 5011 credere
1472 4956 1605 5009 nihil
1650 4970 1774 5028 eum
1805 4955 1872 5009 de
1904 4958 1984 5010 his
2012 4959 2158 5026 cogi-

589 5026 1020 5098 tasse,,iattame_n
1063 5029 1239 5082 nullus
1281 5030 1333 5080 in
1365 5042 1429 5080 eo
1468 5028 1550 5081 vel
1598 5026 1851 5080 minimus
1889 5030 2155 5097 appetitus

587 5107 653 5159 ad
685 5121 745 5158 ea
788 5104 1051 5157 excitatus
1079 5108 1194 5154 est:
1226 5113 1345 5152 cum
1379 5098 1603 5151 innubis
1633 5113 1918 5165 numquam
1954 5106 2045 5151 aut
2072 5113 2158 5151 ra-

588 5179 802 5230 rissime
831 5174 946 5227 hinc
983 5181 1326 5241 separentur,
1356 5179 1415 5223 ut
1443 5169 1561 5223 sine
1587 5168 1780 5223 ali'ectu
1808 5169 1989 5237 aliquo
2016 5169 2161 5238 cogi-

588 5257 783 5302 ICIDUS.

658 5326 681 5353 α
727 5316 865 5369 Infra
899 5314 1030 5368 dicit
1056 5330 1071 5367 :
1103 5311 1170 5365 In
1197 5312 1274 5363 his
1306 5311 1467 5363 tribus
1497 5310 1654 5369 vitiis,
1686 5309 2159 5380 gulascilicet,ice-

585 5387 814 5441 nodoxia
832 5428 843 5448 ,
869 5386 923 5439 id
951 5394 1049 5448 est,
1068 5399 1199 5437 vana
1231 5382 1417 5448 gloria,
1446 5390 1492 5433 et
1525 5378 1786 5443 superbia.
1820 5378 2023 5432 Eodem
2051 5379 2163 5433 fere

587 5460 749 5512 modo
780 5458 839 5512 D.
871 5456 1165 5523 Gregorius
1191 5448 1420 5523 (Homil.
1456 5452 1523 5505 16
1551 5452 1603 5501 in
1632 5448 1863 5520 Evang.)
1897 5449 2159 5523 triplicem

584 5528 787 5582 Christi
831 5520 1210 5582 tentaiionem'
1235 5523 1481 5589 exponit,
1515 5529 1568 5575 et
1605 5536 1726 5574 cum
1775 5520 2160 5573 tentatiunibus

592 5599 777 5653 Adami
808 5598 1040 5660 confert,
1089 5594 1196 5648 nisi
1240 5593 1382 5661 quod
1434 5608 1533 5663 pro
1579 5591 1829 5663 superbia
1874 5591 2159 5645 avaritiam

591 5671 753 5719 tertio
785 5669 900 5720 loco
948 5667 1125 5733 ponit;
1160 5666 1252 5715 sed
1303 5661 1594 5731 imprbprie
1633 5672 1688 5715 et
1728 5661 1951 5715 abusive
1988 5662 2067 5733 (ut
2095 5678 2164 5717 ex

592 5737 872 5801 ipsiusmet
907 5732 1063 5790 dictis
1101 5734 1396 5803 colligitur)
1428 5733 1709 5787 avaritiam
1748 5748 1845 5804 pro
1874 5732 2167 5807 cupiditate

2254 4675 2581 4749 sequitur'et
2608 4675 2860 4745 explanat
2880 4680 2938 4736 S.
2962 4681 3197 4735 Thomas
3228 4697 3288 4734 ιιι
3313 4687 3488 4749 parte,
3522 4675 3841 4749 qumst._4l,

2251 4746 2491 4873 inicqu
2530 4750 2584 4803 4.
2628 4751 2798 4805 Aliter
2840 4763 3012 4806 tamen
3056 4750 3115 4805 S.
3158 4746 3495 4821 Augustinus
3528 4758 3687 4802 tract.
3719 4746 3755 4798 2
3789 4749 3844 4799 in

2279 4824 2431 4873 ‘oist.
2498 4835 2621 4873 oan.

2255 4824 2431 4891 Epist.
2467 4824 2621 4874 Joan.

2328 4892 2355 4930 ³³
2379 4891 2522 4945 Loco
2550 4893 2704 4961 hujus
2732 4894 2911 4962 legunt
2932 4893 3020 4947 alii
3045 4893 3364 4963 hujusmodi,
3387 4900 3442 4945 et
3466 4898 3593 4958 pulo
3616 4897 3843 4963 rectius,

2256 4971 2318 5017 ut
2346 4959 2627 5016 Christum
2652 4959 2935 5032 reSpicizit;
2969 4964 3012 5016 si
3041 4959 3183 5016 enim
3218 4964 3483 5016 Adamum
3519 4959 3843 5032 respiceret,

2259 5032 2541 5086 dicendum
2572 5028 2765 5087 luissei
2804 5033 2966 5099 illius,
3002 5048 3105 5087 non
3138 5034 3318 5102 hujus,
3359 5045 3481 5102 cum
3513 5029 3580 5083 de
3626 5028 3849 5102 CbriSto

2261 5106 2503 5172 proxime
2548 5115 2601 5156 et
2649 5105 2955 5159 immediate
2986 5099 3384 5157 locutus'esset.
3434 5100 3641 5153 Sensus
3683 5099 3851 5172 igitur

2262 5168 2342 5227 est
2368 5192 2379 5225 :
2411 5174 2874 5242 Quemadmodum
2905 5176 3139 5241 oportuit
3168 5174 3241 5240 (id
3281 5182 3382 5237 est,
3414 5184 3712 5242 congruum
3741 5168 3851 5242 luit

2264 5254 2317 5297 et
2354 5237 2550 5314 rationi
2597 5237 3127 5314 consentaneum-ut
3164 5237 3414 5297 Christus
3456 5237 3629 5294 novus
3674 5237 3851 5314 Adam

2263 5313 2479 5367 easdem
2513 5315 2632 5368 illas
2675 5310 3200 5382 tentationes'supra
3247 5320 3597 5382 memoratas,
3636 5310 3854 5361 scilicet

2264 5384 2423 5452 gulae,
2455 5400 2609 5438 vanae
2640 5385 2822 5453 gloriae
2851 5394 2904 5438 et
2933 5380 3220 5451 superbiae,
3250 5385 3301 5436 in
3347 5397 3407 5453 se
3437 5380 3745 5453 susciperet
3790 5394 3854 5431 ac

2264 5448 2578 5524 sustineret,
2599 5448 2791 5524 quibus
2814 5448 3021 5524 primus
3042 5454 3210 5507 Adam
3238 5452 3506 5519 appetitus
3530 5459 3586 5505 et
3607 5448 3855 5524 dejectus

2266 5523 2469 5578 fuerat:
2514 5530 2583 5578 ita
2618 5520 2732 5578 'non
2776 5520 3126 5578 ftiit'necesse
3154 5533 3209 5575 ut
3249 5524 3408 5575 aliam
3462 5520 3852 5582 tentationem,

2268 5596 2448 5650 carnis
2472 5596 2589 5649 scil.
2611 5610 2704 5649 seu
2739 5595 2983 5659 luxuriae,
3017 5592 3377 5663 experiretur,
3412 5604 3711 5663 quamnec
3738 5590 3857 5658 pri-

2271 5681 2390 5721 mus
2418 5666 2588 5721 Adam
2621 5668 2671 5720 in
2700 5675 2840 5719 statu
2871 5661 3195 5723 innocentiae
3224 5661 3741 5732 expertusfuisset.
