4036 6216
179 334 275 401 617

942 338 1281 398 COLLATIO
1323 342 1387 397 ν.
1417 372 1488 383 -
1521 331 1615 397 DE
1653 342 1836 399 OCTO
1876 332 2401 402 DRINCIPALIBUS
2438 344 2659 403 VITIIS.

3338 354 3445 415 618

178 452 555 525 generatricem
582 450 700 521 ejus
728 450 1036 519 passionem
1065 452 1323 523 deceptus
1344 452 1616 508 illecebris
1638 453 1750 508 dia.
1776 458 1829 517 Α
1855 454 2063 523 Sperari
2091 453 2257 525 [Lips.
2296 456 2349 508 in
2388 462 2552 526 marg.
2590 457 2834 531 sperare]
2863 460 2931 517 ab
2957 475 3025 516 eo
3050 461 3285 520 fructum
3316 481 3446 536 pec-

178 545 279 599 boli
308 544 622 613 recepisset.
652 543 721 598 Et
745 544 814 599 ob
838 545 938 599 hoc
968 543 1136 599 Filius
1160 544 1255 599 Dei
1286 559 1392 598 non
1421 545 1668 600 absolute
1696 545 1753 599 in

176 650 329 691 carne
358 635 565 706 peccati
590 634 808 691 venisse
829 634 1048 701 dicitur,
1071 635 1164 691 sed
1193 637 1247 689 in
1273 636 1616 690 similitudine
1637 652 1755 690 car-

172 730 246 783 nis
288 729 479 799 peccati
518 728 696 802 (Rom.
730 731 849 798 vtu)
876 747 891 785 :
922 730 1048 800 quia
1078 745 1200 785 cum
1246 740 1393 787 esset
1417 731 1474 785 in
1517 746 1584 787 eo
1620 747 1751 787 vera

170 837 315 888 caro,
347 822 680 877 manducans
708 823 944 888 scilicet,
981 832 1039 877 et
1084 822 1297 887 bibens,
1347 834 1402 879 et
1452 824 1748 892 dormiens,

165 916 435 970 clavorum
463 931 677 986 quoque
703 916 1067 971 conlisionem
1092 918 1145 971 in
1169 917 1401 972 veritate
1422 918 1747 986 suscipiens,

167 1015 440 1075 peccatum
500 1006 642 1075 ejus,
697 1008 837 1077 quod
894 1010 1398 1078 prmvaricationem
1453 1011 1744 1078 contraxit,

165 1111 348 1152 verum
399 1112 504 1152 non
554 1097 775 1163 habuit,
827 1100 923 1155 sed
973 1100 1375 1172 imaginarium.
1434 1102 1554 1157 Non
1601 1104 1745 1159 enim

165 1188 361 1258 ignitos
417 1190 637 1245 aculeos
693 1193 1149 1261 concupiscentiae
1199 1195 1436 1249 carnalis
1491 1206 1748 1267 expertus

158 1291 273 1346 est,
306 1282 395 1351 qui
442 1284 601 1337 etiam
634 1285 939 1340 nolentibus
980 1288 1135 1341 nobis
1176 1297 1372 1342 natura
1409 1288 1522 1357 jam
1568 1290 1745 1344 admi-

156 1369 426 1428 nistrante
465 1385 823 1444 consurgunt,
856 1376 953 1432 sed
979 1377 1139 1446 hujus
1166 1379 1458 1448 quamdam
1489 1380 1745 1436 similitu-

154 1458 360 1527 dinem,
406 1473 656 1517 naturam
704 1465 1081 1535 participando
1128 1467 1391 1540 suscepit.
1442 1469 1573 1526 Nam
1620 1487 1739 1527 cum

151 1551 334 1607 omnia
361 1569 480 1623 quae
510 1556 674 1610 officii
708 1557 885 1611 nostri
915 1566 1045 1612 sunt
1070 1559 1123 1613 in
1154 1561 1382 1616 veritate
1412 1563 1736 1631 compleret,

148 1652 201 1697 et
232 1652 258 1680 τι
283 1646 572 1703 universas
612 1649 955 1705 infirmitates
999 1660 1242 1721 gestaret
1284 1653 1571 1722 humanas,
1608 1672 1742 1712 con-

144 1746 442 1806 sequenter
469 1738 596 1794 huic
643 1755 859 1811 quoque
890 1743 1128 1811 passioni
1180 1755 1395 1815 putatus
1425 1756 1510 1802 est
1552 1750 1737 1820 subja-

1858 545 1987 606 cati,
2021 544 2177 615 cujus
2205 560 2328 601 eum
2357 545 2568 601 semina
2597 547 2682 603 vel
2709 548 2921 606 radices
2950 553 3099 607 nullo
3143 556 3307 610 modo
3354 572 3441 614 re-

1855 638 2068 706 cepisse
2119 637 2397 693 cernebat.
2443 636 2597 692 Licet
2654 640 2952 695 secundum
3005 653 3027 681 ε
3072 642 3298 712 Lucam,
3346 649 3440 718 qui

1856 738 2187 796 postremam
2232 730 2586 786 tentationem
2618 730 2765 785 illam
2800 733 2954 800 ponit
2978 748 3080 803 qua
3107 735 3343 793 dicitur:
3379 739 3443 796 Si

1853 816 2026 874 Filius
2065 818 2165 873 Dei
2194 835 2270 885 es,
2302 821 2446 875 mitte
2475 830 2521 875 te
2554 821 2790 875 deorsum
2813 822 2963 892 (Luc.
2988 824 3083 893 ιν),
3107 825 3223 881 haec
3252 842 3444 895 super-

1850 912 1958 968 hia:
1992 914 2173 983 passio
2205 915 2373 983 possit
2410 914 2662 984 intelligi,
2696 916 2767 969 ita
2791 923 2852 970 ut
2876 916 2965 971 illa
2992 919 3247 987 superior
3276 935 3440 990 quam

1851 1005 2133 1061 Matthaeus
2176 1007 2388 1072 tertiam
2436 1006 2616 1075 ponit,
2665 1008 2717 1061 in
2766 1023 2871 1077 qua
2915 1009 3067 1077 juxta
3118 1011 3440 1080 praedictum

1849 1100 2051 1155 Lucam
2077 1100 2463 1171 evangelistam
2482 1101 2662 1155 omnia
2685 1100 2735 1155 ei
2762 1116 2925 1171 regna
2950 1102 3133 1158 mundi
3161 1104 3213 1159 in
3240 1118 3444 1175 puncto

1851 1192 2108 1261 temporis
2142 1191 2433 1247 ostendens
2469 1192 2722 1246 diabolus
2759 1193 3111 1262 repromittit,
3140 1198 3441 1267 accipiatur

1848 1284 2028 1351 passio
2066 1283 2432 1355 philargyriae,
2464 1284 2606 1352 quod
2639 1284 2850 1340 scilicet
2889 1295 3011 1355 post
3038 1290 3441 1361 gastrimargim

1846 1375 2129 1429 victoriam
2172 1374 2535 1430 fornicatione
2573 1390 2697 1430 eum
2746 1384 2953 1432 tentare
2992 1392 3099 1433 non
3132 1382 3437 1449 praevalens

1844 1466 1911 1520 ad
1945 1465 2329 1536 philargyriam
2371 1465 2663 1532 transierit,
2693 1482 2855 1537 quam
2886 1469 3122 1525 radicem
3165 1473 3434 1530 malorum

1847 1561 2089 1614 omnium
2122 1570 2368 1625 noverat,
2413 1562 2465 1615 in
2496 1576 2600 1630 qua
2632 1560 2830 1617 iterum
2863 1576 3170 1634 superatus,
3219 1569 3433 1625 nullum

1842 1650 1891 1705 ei
1920 1650 2112 1704 vitium
2135 1664 2203 1704 ex
2226 1650 2312 1704 his
2335 1665 2454 1720 quae
2479 1650 2848 1720 sequebantur
2862 1653 2973 1722 jam
2995 1669 3159 1711 ausus
3181 1657 3434 1728 ingerere

1842 1741 2061 1813 (quippe
2093 1756 2212 1811 quae
2243 1750 2471 1797 noverat
2500 1742 2568 1796 de
2594 1742 2710 1811 ejus
2735 1743 2918 1800 radice
2943 1760 3007 1800 ac
3030 1746 3221 1803 fomite
3252 1750 3431 1818 pullu-

140 1841 297 1894 cere,
325 1838 381 1883 ut
402 1844 499 1898 per
521 1831 617 1887 has
642 1832 986 1889 infirmitates
1006 1837 1166 1890 etiam
1190 1838 1552 1894 conditionem
1575 1840 1739 1908 hujus
1769 1847 1814 1908 Β
1842 1834 1995 1905 lare).
2036 1834 2103 1888 ad
2145 1843 2442 1889 extremam
2485 1834 2757 1903 superbis:
2788 1837 3061 1893 transierit
3090 1841 3427 1910 passionem,

140 1934 371 1989 quoque
415 1921 533 1976 vitii
582 1933 747 1992 atque
796 1928 1001 1994 peccati
1049 1928 1323 1983 videretur
1351 1930 1404 1983 in
1436 1944 1529 1983 sua
1572 1945 1735 1987 carne

134 2021 381 2079 portare.
418 2014 664 2087 Denique
697 2018 748 2071 in
780 2018 863 2073 his
894 2035 1016 2075 eum
1046 2023 1420 2077 tantummodo
1448 2023 1593 2079 vitiis
1617 2024 1733 2079 dia-

136 2106 303 2159 bolus
334 2115 530 2174 tentat,
574 2110 628 2163 in
667 2110 867 2179 quibus
897 2121 950 2167 et
981 2111 1128 2167 illum
1156 2113 1387 2183 primum
1419 2115 1728 2185 deceperat,

135 2198 442 2266 conjiciens
489 2199 632 2255 hunc
682 2217 894 2273 quoque
922 2204 1065 2258 velut
1101 2203 1373 2260 hominem
1401 2206 1650 2263 similiter
1677 2208 1730 2264 in

132 2291 360 2344 caeteris
390 2291 747 2359 illudendum,
779 2296 823 2349 si
855 2310 976 2350 eum
1020 2296 1074 2351 in
1119 2298 1226 2353 illis
1264 2299 1459 2369 quibus
1495 2302 1728 2370 priorem

134 2383 421 2453 dejecerat
485 2388 742 2442 sensisset
798 2388 1015 2445 elisum.
1071 2391 1270 2446 Verum
1330 2393 1379 2447 ei
1432 2395 1730 2449 secundum

134 2477 240 2545 iam
287 2478 544 2533 morbum
570 2477 619 2543 δ,
648 2480 737 2548 qui
766 2479 835 2536 de
862 2482 1045 2537 radice
1076 2483 1393 2554 principalis
1413 2486 1528 2540 vitii
1554 2486 1734 2555 pullu-

135 2568 291 2635 larat,
345 2570 523 2638 primo
562 2574 869 2629 certamine
908 2574 1222 2632 confutatus
1267 2577 1470 2633 inferre
1496 2594 1602 2633 non
1634 2594 1731 2648 po-

134 2661 256 2715 tuit.
299 2660 531 2717 Videbat
558 2662 704 2718 enim
733 2664 1041 2722 nullatenus
1069 2681 1190 2723 eum
1226 2668 1487 2723 initialem
1509 2685 1727 2725 causam

134 2753 479 2822 aegritudinis
521 2754 681 2825 hujus
729 2758 1067 2827 suscepisse,
1119 2768 1345 2830 eratque
1391 2761 1725 2830 superﬂuum

1839 1943 1943 1998 qua
1974 1936 2202 1983 noverat
2229 1926 2391 1983 etiam
2419 1927 2692 1997 perfectos
2717 1944 2966 2001 quosque
2992 1932 3223 1989 devictis
3246 1936 3429 1990 omni-

1838 2020 1939 2075 bus
1970 2019 2114 2074 vitiis
2136 2033 2295 2088 posse
2322 2018 2562 2088 pulsari;
2592 2034 2697 2089 qua
2736 2021 2898 2075 etiam
2927 2022 3008 2077 vel
3039 2026 3277 2093 seipsum
3301 2041 3426 2082 cum

1837 2124 1982 2169 esset
2025 2112 2264 2180 Lucifer,
2297 2113 2383 2167 vel
2418 2115 2726 2181 complures
2761 2114 2919 2180 alios,
2946 2117 3151 2185 absque
3185 2116 3211 2155 ἀ
3235 2119 3428 2175 incita-

1835 2217 2017 2263 mento
2050 2204 2477 2275 praecedentium
2509 2204 2850 2272 passionum,
2872 2205 2942 2261 de
2966 2207 3285 2265 ctelestibus
3310 2225 3429 2266 meo

1837 2299 2072 2354 minerat
2127 2296 2420 2351 corruisse.
2474 2294 2631 2350 Juxta
2688 2294 2828 2349 hunc
2878 2311 3009 2367 ergo
3062 2313 3222 2367 quem
3280 2316 3422 2371 pm-

1837 2392 2075 2448 diximus
2103 2390 2377 2455 ordinem,
2404 2388 2496 2459 qui
2520 2388 2589 2444 ab
2627 2389 2956 2459 evangelista
2987 2390 3132 2446 Luca
3161 2392 3425 2450 describi-

1835 2495 1944 2553 tur,
1972 2484 2138 2539 etiam
2164 2484 2279 2553 ipsa
2311 2482 2405 2537 illa
2450 2481 2715 2536 illicitatio
2754 2495 2807 2536 et
2832 2482 2999 2553 figura
3035 2486 3419 2556 tentationum,

1833 2577 2032 2646 quibus
2052 2576 2141 2631 vel
2163 2575 2316 2630 illum
2340 2576 2601 2644 primum,
2627 2573 2707 2628 vel
2730 2573 2897 2627 istum
2927 2576 3226 2631 secundum
3250 2578 3421 2635 Adam

1833 2671 2219 2727 callidissimus
2241 2668 2556 2739 aggreditur
2576 2666 2846 2729 inimicus.
2872 2669 3271 2739 elegantissime
3290 2687 3423 2728 con-

1833 2764 1993 2834 gruit.
2030 2761 2112 2816 illi
2141 2774 2375 2829 namque
2403 2758 2535 2814 dicit
2553 2774 2566 2809 :
2584 2756 2898 2825 Aperientur
2923 2760 3060 2814 oculi
3086 2762 3238 2815 uestri
3253 2779 3275 2829 ;
3297 2762 3422 2820 huic

1208 2873 1470 2929 ALARDI
1509 2874 1745 2931 GAZIEI
1784 2872 2349 2932 COMMENTARIUS.

198 2973 225 3000 ³
267 2962 567 3018 Naturales
606 2962 816 3019 scilicet
856 2973 911 3019 et
952 2963 1223 3019 innoxias.
1271 2964 1410 3020 Sunt
1450 2967 1593 3021 enim
1641 2967 1735 3020 hu-

129 3048 305 3089 manae
355 3034 706 3089 infirmitates
746 3034 994 3103 quaedam
1043 3035 1337 3100 naturales,
1370 3052 1491 3104 quae
1518 3036 1645 3090 licet
1670 3053 1738 3093 ex

129 3107 285 3173 culpa
314 3115 374 3161 et
410 3105 850 3173 transgressione
881 3109 1176 3174 primorum
1226 3116 1508 3174 parentum
1557 3117 1732 3162 ortum

130 3175 405 3241 habeant,
442 3190 549 3229 non
580 3184 761 3247 tamen
791 3190 859 3230 ex
888 3192 946 3230 se
976 3176 1041 3230 ad
1069 3177 1284 3246 culpam
1327 3177 1612 3247 impellunt
1641 3188 1734 3233 aut

128 3247 494 3315 pertrahunt,
519 3246 612 3316 sed
631 3246 816 3315 potius
838 3248 1120 3301 materiam
1146 3248 1385 3316 praebent
1408 3246 1733 3304 exercenda:

129 3314 370 3384 virtutis,
416 3327 478 3371 ut
523 3314 716 3387 fames,
760 3316 903 3381 sitis,
948 3314 1280 3387 defatigatio,
1312 3318 1632 3373 mortalitas.
1669 3320 1732 3374 Et

126 3390 243 3457 ejus
301 3377 531 3459 generis
587 3377 930 3442 infirmitates
985 3377 1172 3443 revera
1229 3377 1488 3445 innocuas
1544 3377 1804 3445 decuitC

128 3460 415 3514 Christum
450 3471 761 3511 assumere:
794 3459 934 3530 unde
957 3461 1165 3525 esuriit,
1196 3460 1385 3521 sitivit,
1409 3460 1730 3530 defatigatus

126 3540 227 3595 est,
281 3539 547 3585 mortuus
588 3537 672 3582 est
702 3543 799 3596 pro
835 3529 1010 3595 nobis,
1045 3539 1103 3583 ut
1141 3544 1309 3585 sacras
1358 3531 1553 3586 litterm
1585 3529 1733 3587 atte-

126 3610 365 3656 stantur.
406 3598 548 3671 Alite
567 3612 700 3652 vero
727 3609 853 3653 sunt
877 3602 1177 3671 passiones,
1209 3600 1484 3656 naturales
1511 3604 1728 3671 quidem

127 3671 169 3723 si
202 3683 478 3727 naturam
508 3669 713 3737 lapsam
753 3670 1102 3737 attendimus,
1152 3671 1486 3726 innaturales
1526 3669 1657 3727 vero
1684 3675 1730 3727 si

127 3743 535 3797 rectitudinem
564 3739 685 3807 ejus
715 3750 769 3794 et
800 3741 1026 3808 primam
1051 3741 1449 3795 institutionem
1478 3743 1729 3797 conside-

126 3827 340 3879 ramus,
370 3827 487 3882 non
514 3818 724 3865 tantum
751 3826 815 3865 ex
847 3812 1002 3881 culpa
1041 3811 1371 3882 prodeuntes
1398 3819 1453 3865 et
1481 3813 1734 3879 praevari-

128 3885 350 3938 catione
401 3881 703 3952 primorum
748 3881 1058 3951 parentum,
1084 3897 1268 3935 verum
1309 3882 1476 3935 etiam
1518 3884 1585 3936 ad
1617 3883 1734 3936 cul-

125 3967 249 4021 pam
283 3952 645 4009 occasionem
676 3960 731 4005 et
758 3954 896 4006 viam
939 3954 1263 4022 praebentes,
1303 3963 1396 4006 aut
1438 3953 1609 4022 culpae
1638 3967 1735 4007 an-

126 4039 311 4091 nexm,
348 4032 415 4078 ut.
444 4031 574 4076 sunt
603 4023 914 4092 proclivitas
943 4024 1011 4076 ad
1043 4024 1265 4088 malum,
1301 4023 1522 4077 tarditas
1548 4023 1612 4077 ad
1642 4024 1735 4077 bo-

125 4110 280 4161 num,
307 4092 652 4164 ignorantia,
682 4092 854 4147 fomes
878 4094 1107 4162 peccati,
1133 4095 1250 4148 sive
1272 4094 1731 4164 concupiscentia,

122 4181 185 4220 ac
213 4162 584 4220 senéualitas.
622 4162 756 4217 istas
792 4175 971 4219 autem
1003 4179 1108 4218 non
1137 4164 1318 4219 decuit
1345 4162 1621 4220 Christum
1651 4179 1736 4219 as-

123 4251 361 4316 sumere
388 4232 734 4316 (Damascen.
758 4235 940 4316 tib.‘m
970 4252 1087 4316 cap.
1107 4235 1199 4301 20,
1221 4235 1288 4316 ἀς
1308 4235 1440 4290 Fide
1463 4236 1733 4316 ori-Item).

120 4306 263 4362 Nam
314 4306 418 4375 qui
458 4314 686 4377 peccata
727 4307 873 4377 venit
916 4307 1127 4373 tollere,
1162 4306 1406 4377 profecto
1433 4307 1568 4361 nulli
1603 4308 1734 4375 labi,

122 4388 217 4432 aut
274 4375 522 4447 maculae
563 4378 798 4445 peccati,
848 4375 1192 4446 fomentoque
1240 4378 1308 4432 ad
1346 4377 1557 4447 culpam
1614 4393 1737 4446 pro-

124 4448 353 4502 vocanti
414 4445 603 4499 debuit
654 4460 775 4502 esse
825 4445 1121 4514 obnoxius,
1160 4462 1261 4502 nec
1317 4445 1495 4502 solum
1549 4445 1735 4502 natura

122 4520 532 4591 ᾆναμάρτητρς,
582 4518 635 4571 id
682 4527 777 4591 est
813 4518 1196 4591 impeccabilis,
1219 4528 1286 4591 _ut
1328 4518 1492 4591 Deus,
1539 4517 1633 4572 sed
1682 4527 1739 4573 ut

124 4588 312 4644 homo'
330 4588 633 4648 mediator.
664 4596 719 4641 et
748 4588 1096 4657 Redemptor,
1125 4599 1180 4643 et
1209 4588 1479 4658 Pontifex,
1507 4597 1734 4654 sanctus,

124 4660 414 4721 innocens,
463 4657 792 4730 impollutus,
838 4668 1140 4730 segregatus
1180 4676 1211 4711 a
1254 4657 1629 4730 peccatoribus,
1680 4668 1739 4712 ut

122 4731 197 4783 ait
240 4727 565 4812 miostolus
608 4727 771 4812 llebr.
802 4745 874 4812 χιι
894 4727 1007 4812 .né
1032 4740 1083 4784 et
1112 4730 1212 4812 ipsi
1246 4727 1733 4812 ineritotobjicere-
1761 4753 1813 4812 Β

124 4809 213 4870 tur
249 4800 402 4855 illud
449 4797 757 4870 vulgatum,
793 4799 1011 4868 Mediae,
1042 4797 1165 4853 cura
1196 4801 1417 4869 teipsum
1444 4798 1598 4870 (Luc.
1632 4801 1731 4869 tv).

124 4868 303 4927 Porro
350 4868 648 4941 passiones
694 4870 1144 4942 primigeneris,
1181 4868 1301 4942 quas
1342 4868 1471 4925 licet
1516 4870 1623 4942 sint
1669 4868 1735 4926 ex

124 4944 316 5011 culpa,
354 4940 501 5011 non
553 4949 734 4994 tamen
776 4941 1038 4995 inclinant
1082 4940 1150 4995 ad
1194 4940 1438 5009 culpam,
1496 4941 1737 5010 duplices

124 5010 292 5067 sunt:
327 5010 597 5082 qumdam
647 5012 790 5065 enim
834 5025 1151 5066 communes
1196 5020 1316 5067 sunt
1360 5012 1459 5066 toti
1499 5011 1737 5066 humano

123 5084 346 5152 generi,
384 5095 521 5153 quae
564 5090 728 5135 totam
770 5092 1015 5153 naturam
1061 5083 1347 5137 humanam
1390 5097 1734 5153 consequun-

124 5163 241 5219 tur;
259 5152 534 5224 quwdam
554 5166 685 5206 vero
705 5152 1017 5220 personales
1033 5163 1089 5206 et
1104 5154 1472 5223 particulares,
1491 5152 1607 5220 qua:
1632 5167 1738 5224 non

125 5222 301 5278 totam
351 5224 662 5277 humanam
700 5230 970 5287 naturam,
1010 5222 1119 5277 sed
1142 5224 1443 5293 singulares
1480 5222 1738 5293 quasdam

122 5308 408 5361 personas
445 5293 768 5361 reSpiciunt,
800 5304 853 5346 et
884 5293 1143 5360 afficiunt,
1174 5291 1251 5347 ut'
1266 5302 1392 5347 sunt
1421 5291 1569 5345 varia
1598 5307 1743 5347 mor-

125 5366 332 5419 [mrum
387 5377 632 5433 genera,
685 5364 930 5425 czecitas,
980 5365 1245 5429 surditas,
1288 5362 1637 5433 deformitas,
1688 5373 1744 5418 et

124 5432 487 5506 ltujusmodi.
523 5433 788 5500 Quoniam
822 5442 999 5490 autem
1032 5434 1280 5489 Christus
1306 5442 1528 5486 venerat
1555 5432 1743 5514 huma-

124 5522 249 5561 nam
299 5515 576 5561 naturam
622 5519 897 5573 reparare.
925 5519 989 5559 ac
1029 5515 1335 5559 restaurare
1363 5512 1742 5571 communiter,

123 5585 179 5628 et
214 5579 348 5631 sine
390 5588 759 5645 personarum
787 5573 1153 5638 distinctione,
1186 5589 1283 5645 par
1311 5573 1412 5627 fuit
1438 5575 1609 5645 ipsum
1641 5589 1740 5628 na-

128 5649 343 5702 turales
374 5644 680 5716 duntaxat,
709 5654 765 5701 et
802 5661 908 5699 non
938 5644 1277 5716 personales,
1320 5644 1656 5716 inﬁrmitates
1686 5645 1738 5697 in

124 5734 186 5773 se
212 5718 551 5786 suscipere.
578 5715 730 5771 Unde
756 5731 857 5771 nec
884 5713 1102 5771 morbos
1122 5719 1409 5783 contraxit,
1435 5729 1533 5770 nec
1561 5713 1741 5770 defor-

124 5791 364 5848 mitates
396 5787 680 5855 corporis,
710 5800 829 5856 qua:
857 5787 1174 5856 plerumque
1202 5787 1509 5843 hominibus
1539 5786 1608 5843 ob
1641 5786 1739 5843 im-

614 5880 887 5941 PATROL.
935 5878 1179 5960 X‘LlX.‘

1842 2965 2208 3036 pedimentum
2236 2960 2450 3036 aliquod
2494 2968 2703 3036 natura:
2745 2959 3419 3036 aut_fortu_itogaccidunt.

1911 3035 1937 3073 b
1979 3035 2201 3092 Scilicet
2240 3030 2489 3105 luxuriae,
2522 3030 2613 3105 qui
2648 3030 2714 3105 de
2742 3030 2926 3105 radice
2961 3032 3274 3105 principalis
3302 3040 3419 3095 vitii

1837 3107 2069 3179 (scilicet
2091 3104 2254 3177 gulae)
2283 3102 2648 3179 pull_ularat_in
2664 3101 3056 3179 _homine,_etc.

1913 3188 1934 3216 ε
1977 3171 2150 3232 Lucas
2176 3171 2505 3245 evangelista
2528 3171 2721 3242 (Ibid)
2755 3173 3101 3245 tentationem
3124 3179 3420 3235 secundam

1834 3264 1863 3302 a
1904 3249 2154 3304 Mattltmo
2190 3244 2437 3311 relatam,
2474 3259 2580 3298 non
2610 3244 2873 3308 secundo,
2919 3246 3014 3299 sed
3059 3246 3249 3303 ultimo
3298 3250 3422 3305 loco

1836 3322 2007 3388 ponit.
2059 3319 2213 3376 Unde
2260 3325 2508 3387 quaerunt
2558 3315 2884 3384 interpretes
2927 3324 3046 3371 uter
3091 3321 3421 3390 evangelista

1834 3392 2078 3446 ordinem
2108 3405 2287 3445 rerum
2322 3396 2597 3458 gestarum
2639 3401 2704 3458 ac
2747 3396 3058 3458 temporum
3092 3394 3416 3446 servaverit.

1833 3461 2018 3532 Neque
2064 3461 2206 3515 enim
2251 3457 2621 3532 evangelista,
2665 3457 2803 3532 sicut
2849 3470 2949 3510 nec
2993 3457 3082 3512 alii
3123 3462 3419 3528 scriptores

1833 3527 1995 3597 sacri,
2028 3534 2080 3586 in
2116 3529 2424 3585 narratione
2454 3543 2633 3581 rerum
2664 3527 2910 3581 ordinem
2940 3527 3248 3597 temporum
3276 3546 3422 3586 sem-

1833 3615 1930 3671 per
1969 3596 2286 3671 Observant.
2334 3598 2405 3652 At
2451 3597 2692 3671 plerique
2726 3596 3418 3671 consentiuntifatthaeum

1833 3665 1899 3727 eo
1940 3686 2050 3741 quo
2090 3670 2404 3741 acciderunt
2440 3665 2628 3720 Ordine
2659 3665 2998 3741 _tentationes
3036 3665 3237 3741 Christi
3266 3683 3416 3725 com-

1834 3734 2201 3803 memorasse;
2233 3739 2431 3793 Lucam
2460 3750 2592 3791 vero
2622 3737 2739 3803 ejus
2768 3734 2975 3789 ordinis
3014 3738 3276 3793 rationem
3308 3754 3415 3795 non

1835 3811 2112 3875 habuisse,
2144 3809 2287 3879 quod
2334 3823 2405 3862 ex
2454 3815 2599 3879 textu
2634 3804 2957 3879 evangelica
2995 3806 3138 3879 haud
3187 3808 3420 3866 obscure

1835 3882 2126 3952 colligitur.
2163 3875 2582 3952 'Pritnumqnia
2628 3875 2684 3931 S.
2735 3875 2928 3942 Lucas,
2977 3878 3067 3952 ait;
3100 3878 3416 3952 Cajetanns,

1838 3946 1991 4007 licet'
2007 3952 2217 4006 tertiam
2260 3949 2398 4018 apud
2439 3946 2748 4018 Matthteum
2785 3949 3024 4002 secundo
3054 3946 3185 4005 loco'
3200 3946 3413 4018 recitet,

1836 4035 1891 4078 et
1927 4022 2221 4078 secundam
2268 4016 2456 4073 ultimo
2504 4018 2628 4073 loco
2664 4016 2882 4084 referat,
2924 4034 3031 4074 non
3067 4020 3197 4074 dicit
3234 4016 3415 4077 tamen

1837 4110 1955 4161 qum
1986 4094 2199 4148 illarum
2230 4090 2380 4161 prior
2412 4088 2600 4154 fuerit;
2632 4099 2684 4144 et
2706 4099 2996 4161 propterea
3023 4105 3089 4161 ex
3116 4089 3260 4145 Luca
3289 4094 3418 4147 nul-

1840 4158 1922 4221 lus
1974 4166 2195 4219 istarum
2232 4158 2589 4216 tentationem
2644 4158 2778 4213 ordo
2831 4160 3091 4226 temporis
3146 4162 3417 4230 habetur;

1836 4235 2116 4291 Matthteus
2143 4243 2321 4288 autem
2345 4245 2605 4300 expresse
2633 4244 2817 4284 earum
2846 4230 3090 4285 ordinem
3118 4232 3415 4290 secundum

1839 4319 2054 4373 tempus
2104 4305 2356 4374 explicat,
2405 4301 2493 4355 ubi
2526 4300 2694 4374 dicit:
2726 4300 2926 4374 lterum
2962 4304 3252 4374 assumpsit
3297 4320 3419 4357 eum

1838 4368 2076 4431 diabolus
2096 4376 2152 4428 in
2175 4368 2395 4428 montem
2413 4370 2693 4426 excelsum.
2727 4368 2858 4425 Cum
2888 4372 3029 4425 enim
3058 4368 3223 4427 semel
3247 4374 3419 4427 dixis-

1840 4458 1964 4504 set:
1994 4446 2139 4500 Tunc
2174 4445 2835 4515 (scilicet,_consummata
2876 4442 3048 4515 prima
3096 4444 3416 4515 tentatione)

1839 4519 2118 4584 assumpsit
2141 4513 2256 4584 eum
2278 4513 2516 4567 diabolus
2538 4513 2588 4563 in
2610 4522 2837 4584 sanctam
2856 4513 3137 4577 civitatem,
3158 4522 3213 4567 et
3233 4513 3420 4584 postea

1838 4582 2078 4645 subdidit
2110 4604 2122 4638 :
2154 4583 2352 4639 Iterum
2399 4582 2677 4650 assumpsit
2731 4598 2845 4634 cum
2893 4584 2948 4635 in
2997 4582 3247 4648 montem,
3286 4595 3419 4651 etc.,

1839 4668 2039 4734 aperte
2053 4656 2371 4734 monstravit
2400 4669 2494 4723 per
2526 4652 2654 4733 illud
2682 4651 2868 4734 iterum
2895 4654 3037 4721 quod
3064 4654 3305 4711 secundo
3333 4670 3424 4734 as-

1839 4730 2069 4797 sumpsit
2124 4728 2175 4781 in
2210 4734 2509 4797 imonlem_,
2567 4727 2671 4797 q‘ui
2712 4727 2888 4792 primo
2921 4736 3309 4797 _assumpserat
3364 4727 3423 4782 in

1840 4793 2083 4855 sanctam
2120 4796 2411 4851 civitatem.
2463 4793 2541 4847 ita
2580 4793 2887 4861 Cajetanus:
2920 4793 3018 4847 Est
3067 4803 3124 4849 et
3161 4795 3303 4850 aliud
3331 4811 3420 4850 ar-

1840 4880 2177 4941 gumentum.
2202 4866 2334 4941 Cum
2368 4864 2509 4918 enim
2531 4878 2560 4917 a
2583 4861 2801 4941 Christo
2829 4864 3041 4941 _dict_um
3088 4864 3424 4941 fui_sset_dia-

1844 4934 1968 4995 bolo
2006 4957 2018 4991 :
2054 4938 2222 5002 Vade,
2271 4936 2492 4997 Satona,
2538 4944 2668 4996 etc.,
2706 4934 2891 4989 subdit
2936 4936 3195 4999 Evangel.
3230 4955 3241 4987 :
3278 4936 3425 4989 Tunc

1840 5010 2048 5080 reliquit
2073 5006 2454 5080 eumgdia‘bolus
2470 5022 2488 5071 ;
2513 5015 2597 5080 est
2622 5006 2764 5080 enim
2789 5005 3253 5080 verosimillimum
3300 5005 3422 5080 dia-

1844 5076 2026 5137 bolum
2056 5078 2164 5133 illis
2192 5076 2392 5132 ChriSIi
2415 5076 2595 5130 verbis
2626 5078 2869 5130 territum
2896 5078 3207 5145 victumque
3235 5076 3419 5130 statim

1845 5151 2197 5219 abscessisse,
2224 5164 2347 5217 qua:
2379 5147 2593 5219 quidem
2633 5147 2797 5219 verba
2829 5147 2881 5199 in
2921 5155 3122 5211 monte,
3160 5158 3265 5199 non
3293 5145 3425 5219 alibi

1845 5224 1987 5277 dicta
2026 5216 2191 5275 suntf
2215 5216 2562 5288 Porroquod
2591 5216 2657 5269 ad
2689 5230 2867 5271 mores
2900 5226 2957 5288 e_t
2995 5216 3427 5288 prtesentennlos

1847 5308 1970 5348 cum
2011 5292 2225 5354 attinet,
2259 5290 2360 5344 hoc
2400 5284 2677 5342 annotavit
2710 5288 2869 5341 etiam
2921 5284 3267 5354 DJThomas
3299 5284 3428 5353 (Ubi

1846 5378 2009 5433 supra
2055 5362 2123 5415 ad
2154 5359 2235 5431 5),
2278 5359 2420 5429 quod
2470 5359 2721 5433 videntur
2767 5356 3112 5433 evangelistae
3151 5353 3427 5433 diversum

1848 5424 2095 5489 ordinem
2143 5424 2405 5493 tenuisse,
2436 5428 2563 5496 quia
2608 5424 2925 5497 quandoque
2964 5441 3033 5479 ex
3068 5424 3213 5479 inani
3251 5425 3429 5495 gloria

1844 5503 2061 5577 venitur
2115 5501 2182 5556 ad
2244 5493 2589 5577 cupiditatem
2610 5493 2639 5563 ,’
2680 5493 3005 5577 quandoque
3058 5511 3091 5551 e
3138 5493 3431 5565 converso,

1845 5574 1992 5645 quod
2021 5582 2211 5628 nostro
2239 5572 2407 5623 textui
2435 5577 2558 5635 apte
2580 5572 2860 5620 consonat.

1919 5641 1946 5681 ἀ
1987 5644 2066 5698 En
2104 5642 2557 5707 illicitamentum,
2590 5646 2646 5692 et
2683 5633 2840 5707 paulo
2870 5645 2994 5705 post
3031 5635 3324 5705 illicitatio,
3363 5634 3434 5690 do

1846 5716 2040 5785 quibus
2087 5726 2246 5782 supra
2302 5705 2475 5779 (Cap.
2526 5708 2631 5780 ti),
2684 5705 2881 5779 quibus
2936 5722 3300 5781 synonymum
3350 5714 3436 5771 est

1846 5786 2089 5841 illicium.
