4036 6216
544 766 586 848 ’ς

605 268 714 328 619

1665 261 1953 320 JOANNIS
1990 261 2309 321 CASSIANI
2346 260 2845 319 COLLATIONES.

3773 265 3853 327 620

608 379 832 437 ostendit
871 377 1045 431 omnia
1082 391 1244 449 regna
1291 374 1470 428 mundi
1514 380 1562 428 et
1606 374 1831 445 gloriam
1876 390 2085 441 eorum;
2128 373 2203 427 ibi
2230 375 2285 435 Α
2308 378 2623 428 causantur.
2658 370 2815 437 Quod
2841 376 2998 425 extra
3023 374 3272 425 naturam
3301 369 3373 424 sit
3400 367 3740 444 philargyria,
3760 373 3855 430 hinc

607 476 769 531 dicit:
788 472 954 527 Eritis
979 473 1112 528 sicut
1127 470 1203 525 dii
1217 485 1236 536 ι
1261 468 1351 523 hic
1370 511 1385 537 ,
1407 467 1468 525 Si
1490 466 1665 524 Filius
1684 468 1783 524 Dei
1804 483 1859 523 es
1874 466 2086 539 (Cenes.
2114 482 2207 536 tu;

612 564 815 622 Hum.
844 563 941 634 ﬂ).
1206 650 1448 708 CAPUT
1490 649 1605 705 νιι.

684 749 761 803 Ds
804 744 1249 803 consummatione
1290 741 1596 796 cenodocia
1639 750 1688 796 et
1741 740 1996 813 superbia:
2032 740 2143 794 sine

1108 814 1396 873 ministerio
1424 813 1712 883 corporali.

680 932 750 987 Et
766 938 829 985 ut
847 929 917 985 de
933 926 1250 985 efﬁciendis
1272 936 1298 965 ⁸
1319 933 1642 981 emtorarum
1661 938 1877 995 quoque
1901 924 2213 992 passionum

611 1026 862 1095 (quarum
903 1023 1278 1079 narrationem
1310 1017 1642 1073 intercidere
1678 1031 1779 1072 nos
1811 1017 2082 1086 expositio
2116 1030 2215 1085 ga—

608 1115 936 1186 strimargiae
954 1116 1042 1170 vel
1064 1112 1366 1169 Dominicis
1390 1109 1707 1166 tentatioais
1735 1109 2045 1165 necessario
2066 1122 2217 1162 como

612 1209 771 1280 pulit)
802 1208 995 1265 eodem
1019 1222 1130 1277 quo
1156 1218 1614 1275 proposueramus
1639 1204 1833 1259 ordine
1858 1203 2214 1269 disseramus,

606 1302 910 1358 cenodoxia
953 1310 1119 1371 atque
1160 1297 1423 1369 superbia
1452 1299 1617 1354 etiam
1645 1298 1762 1353 sine
1802 1297 1917 1351 ullo
1961 1309 2218 1352 consum-

610 1397 749 1451 mari
768 1395 944 1452 solent
964 1392 1274 1449 ministerio
1298 1392 1574 1461 corporali
1595 1390 1646 1445 δ.
1672 1390 1730 1445 lu
1752 1404 1862 1460 quo
1883 1390 2031 1445 enim
2054 1396 2219 1459 egent

609 1488 824 1543 actione
847 1486 1073 1553 carnali,
1097 1500 1239 1555 quae,
1265 1500 1367 1555 pro
1387 1484 1729 1540 eobibitione
1750 1492 1807 1539 et
1825 1483 2220 1552 concupiscen-

612 1580 708 1644 tia,
743 1578 1031 1632 voluntate
1076 1578 1191 1631 sola
1236 1576 1623 1646 conquirendae
1670 1573 1843 1629 laudis
1882 1581 1939 1628 et
1970 1572 2218 1628 humana:

607 1671 801 1741 gloria:
819 1670 1228 1741 consequendte
1256 1669 1470 1725 abunde
1496 1670 1708 1725 ruinam
1732 1676 1992 1738 generant
2020 1665 2219 1721 anima:

2314 465 2522 536 liquido
2554 464 3051 535 pervidetur,quia
3084 476 3187 518 nec
3229 462 3497 533 originale
3541 463 3781 533 probatur
3816 467 3857 521 in

2312 558 2477 614 nobis
2498 557 2701 613 habere
2734 555 3086 626 principium,
3113 569 3213 610 nec
3240 554 3311 611 de
3332 557 3557 611 materia
3578 559 3856 629 concipitur,

2315 667 2437 723 qua:
2464 651 2727 722 pertingit
2762 650 2833 705 ad
2862 650 3059 705 anima:
3084 651 3170 704 vel
3199 650 3379 705 carnis
3410 650 3855 722 participationem,

2315 747 2553 815 vitaeque
2584 746 2970 801 substantiam.
3003 742 3146 799 Nihil
3193 746 3339 799 enim
3386 744 3453 799 ad
3480 761 3641 801 usum
3672 746 3751 801 vel
3786 761 3860 801 ne-
3903 739 3908 747 ’

2314 838 2633 895 cessitatem
2667 847 2879 893 natura:
2916 835 3230 892 communis
3263 844 3461 906 praeter
3503 852 3680 893 escam
3722 838 3862 907 quoti-
3904 897 3909 918 ι

2316 930 2536 987 dianam
2580 945 2645 985 ac
2692 939 2878 1000 potum
2929 937 3141 984 certum
3184 936 3273 983 est
3321 932 3642 997 pervenire;
3687 929 3865 998 reliqua
3906 928 3911 991 ἶ

2316 1037 2449 1079 vero
2491 1022 2762 1077 universa
2810 1022 3092 1089 materiae,
3141 1019 3483 1090 quantolibet
3525 1020 3703 1075 studio
3745 1030 3868 1087 atque

2319 1130 2509 1171 amore
2533 1123 2842 1182 serventur,
2877 1113 3070 1168 alienae
3098 1121 3280 1167 tamen
3306 1112 3374 1167 ab
3404 1111 3639 1166 humana
3670 1111 3870 1181 indigen-

2320 1208 2396 1265 tia
2414 1207 2581 1264 etiam
2606 1221 2707 1262 usu
2740 1207 2865 1261 vita:
2896 1204 3067 1275 ipsius
3092 1202 3492 1274 approbantur,
3528 1203 3745 1273 ideoque
3771 1201 3869 1266 huc,

2320 1301 2471 1356 velut
2500 1308 2524 1337 °
2556 1306 2709 1355 extra
2752 1307 3000 1352 naturam
3042 1295 3307 1361 existens,
3340 1308 3447 1349 non
3478 1294 3583 1349 nisi
3618 1293 3807 1364 tepidos
3828 1304 3873 1345 ac

2322 1394 2462 1449 male
2489 1392 2744 1448 fundatus
2774 1389 3075 1445 monachos
3101 1388 3299 1458 pulsat.
3326 1386 3459 1454 Quae
3487 1395 3667 1443 autem
3697 1394 3874 1441 natura-

2321 1488 2396 1543 lia
2414 1494 2545 1543 sunt
2563 1486 2726 1541 etiam
2752 1481 3170 1553 probatissimos
3186 1480 3606 1547 monachorum,
3628 1491 3678 1535 et
3700 1477 3875 1549 quidem

2321 1583 2380 1638 in
2409 1580 2706 1637 solitudine
2746 1585 3176 1646 commorantes,
3205 1584 3477 1631 attentare
3510 1588 3622 1629 non
3645 1573 3877 1629 desinunt.

2322 1675 2393 1729 Et
2439 1676 2492 1730 in
2547 1680 2755 1728 tantum
2808 1672 2909 1725 hoc
2959 1667 3302 1725 verissimum
3352 1667 3763 1738 comprobatur,
3796 1662 3881 1718 rut

607 1765 945 1834 captivatmi
994 1772 1090 1818 aut
1137 1779 1298 1833 quem
1343 1763 1597 1819 edoctum
1645 1762 1833 1817 habuit
1875 1761 2221 1831 corporalem
2252 1768 2300 1828 B
2328 1768 2491 1823 etiam
2528 1776 2718 1836 gentes
2749 1762 3038 1818 nonnullas
3066 1760 3135 1816 ab
3164 1760 3266 1816 hac
3296 1760 3576 1830 passione,
3608 1760 3657 1814 id
3687 1766 3764 1814 est
3788 1756 3882 1827 phi-

608 1854 865 1926 prmdicti
894 1854 1133 1911 Luciferi
1163 1855 1311 1909 illius
1336 1854 1557 1924 antiqua
1583 1854 1839 1923 superbia
1866 1864 1915 1918 ε,
1948 1852 2050 1906 nisi
2075 1852 2219 1923 quod

610 1962 735 2005 eam
764 1947 1149 2003 tantummodo
1180 1948 1363 2002 animo
1395 1955 1450 2002 et
1476 1946 1813 2017 cogitatione
1842 1946 2112 2015 concepit,
2146 1944 2221 2001 ita

613 2040 877 2112 propheta
905 2049 1375 2096 commemorante
1403 2037 1707 2111 (Isai.x1v)
1735 2056 1747 2091 :
1787 2038 1889 2105 Qui
1926 2037 2131 2092 dicebas
2166 2037 2221 2091 in

612 2132 769 2187 corde
794 2142 880 2186 tuo
901 2150 921 2187 :
947 2132 1015 2185 In
1042 2131 1227 2187 coelum
1260 2132 1623 2195 conscendam,
1648 2147 1803 2202 super
1830 2139 1971 2183 astra
1999 2127 2099 2182 Dei
2129 2146 2224 2199 po-

610 2240 733 2278 nam
776 2226 963 2279 solium
998 2241 1187 2280 meum.
1224 2226 1517 2280 Ascendam
1555 2241 1711 2296 super
1756 2223 2088 2278 altitudinem
2128 2239 2225 2277 nu-

611 2316 773 2383 bium,
805 2334 893 2371 ero
930 2318 1115 2372 similis
1144 2317 1447 2372 Altissimo?
1466 2316 1569 2385 Qui
1599 2317 1741 2372 sicut
1765 2316 1928 2384 hujus
1953 2314 2224 2384 superbire

611 2408 887 2463 neminem
913 2408 1102 2463 habuit
1122 2408 1490 2475 incentorem,
1514 2408 1590 2463 ita
1614 2409 1665 2463 ei
1693 2407 2223 2463 consummationem

610 2502 858 2557 criminis
888 2503 1170 2573 ruinaeque
1198 2510 1483 2574 perpetua:
1514 2502 1769 2573 cogitatio
1811 2501 1926 2556 sola
1974 2499 2220 2571 perfecit,

610 2602 667 2649 et
709 2596 930 2666 quidem
981 2610 1105 2651 cum
1156 2595 1423 2652 allectata:
1468 2595 1777 2668 tyrannidis
1820 2595 1969 2651 nulla
2021 2593 2227 2650 fuerint

614 2701 781 2757 opera
814 2687 1133 2745 subsecuta.

1211 2778 1442 2836 CAPUT
1486 2778 1618 2834 Vlll.

614 2868 695 2923 De
714 2870 1065 2943 philargyria,
1091 2872 1232 2942 quod
1260 2881 1406 2926 extra
1428 2880 1670 2943 naturam
1693 2872 1778 2935 sit,
1802 2879 1853 2925 et
1872 2871 2001 2943 quid
2020 2870 2226 2929 intersit

988 2943 1122 3001 inter
1149 2944 1319 3015 ipsam
1346 2952 1394 2999 et
1420 2942 1684 2999 naturalia
1708 2944 1852 2998 vitia.

688 3051 1036 3127 Pbilargyria
1083 3062 1141 3110 et
1181 3054 1285 3123 ira,
1319 3054 1452 3110 licet
1490 3071 1598 3110 non
1647 3056 1759 3111 sint
1802 3057 1968 3112 unius
2016 3064 2226 3111 natura:

2324 1858 2582 1930 largyria,
2624 1857 2826 1911 liberas
2871 1852 3202 1911 omnimodis
3244 1865 3629 1922 agnoscamus,
3673 1849 3785 1919 quia
3810 1861 3883 1902 ne-

2322 1966 2589 2023 quaquam
2630 1950 2748 2004 vitii
2802 1949 2962 2019 hujus
3007 1946 3385 2017 mgritudinem
3418 1959 3515 1999 usu
3545 1952 3607 2000 et
3630 1952 3883 1999 consuetu-

2324 2046 2452 2102 dine
2483 2052 2830 2114 receperunt.
2861 2041 3018 2096 lllum
3064 2054 3283 2110 quoque
3308 2048 3335 2086 ε
3366 2037 3609 2108 priorem
3639 2034 3882 2098 mundum,

2324 2138 2419 2209 qui
2463 2146 2587 2193 ante
2636 2135 2896 2191 diluvium
2939 2133 3066 2200 fuit,
3116 2132 3427 2187 diutissime
3468 2126 3886 2199 concupiscentia

2326 2230 2491 2301 hujus
2513 2228 2718 2284 rabiem
2751 2225 3026 2281 credimus
3055 2225 3353 2294 ignorasse.
3378 2222 3513 2288 Quae
3538 2223 3703 2276 etiam
3728 2221 3773 2273 in
3800 2228 3887 2271 uno

2326 2335 2541 2392 quoque
2563 2329 2808 2375 nostrum
2831 2326 2980 2373 recte
3001 2315 3425 2371 abrenuntiante
3448 2314 3573 2369 sine
3606 2312 3713 2368 ullo
3736 2310 3887 2366 labore

2326 2415 2591 2487 probatur
2639 2413 2938 2483 exstingui,
2970 2427 3093 2468 cum
3138 2410 3348 2466 scilicet
3376 2408 3649 2464 universis
3679 2406 3789 2477 quis
3826 2403 3888 2456 la-

2326 2508 2615 2564 cultatibus
2646 2506 2895 2577 abiectis,
2946 2506 3019 2560 ita
3064 2504 3357 2574 expetierit
3399 2502 3642 2559 emnobii
3683 2496 3888 2566 discipli-

2326 2615 2475 2666 nam,
2506 2607 2567 2653 ut
2605 2613 2671 2653 ex
2702 2599 2773 2653 iis
2815 2612 2888 2653 ne
2930 2612 3096 2652 unum
3129 2596 3349 2667 quidem
3380 2594 3667 2651 denarium
3709 2590 3890 2647 sibimet

2326 2705 2615 2762 superesse
2646 2691 2904 2761 patiatur.
2930 2688 3098 2759 Cujus
3127 2689 3208 2745 rei
3242 2697 3409 2745 testes
3440 2689 3616 2744 multa
3643 2687 3888 2743 hominum

2325 2783 2498 2840 millia
2543 2797 2835 2854 possumus
2878 2782 3148 2849 invenire,
3193 2782 3285 2853 qui
3325 2797 3448 2837 cum
3499 2781 3609 2837 sub
3647 2784 3889 2837 momento

2325 2876 2652 2934 brevissimo
2677 2875 2944 2946 dispersis
2965 2875 3219 2930 omnibus
3242 2874 3563 2930 substantiis
3592 2876 3702 2930 suis
3727 2874 3773 2927 in
3797 2880 3891 2925 tan-

2328 2977 2443 3025 tum
2484 2969 2626 3024 hanc
2664 2967 3091 3024 eradicavorunt
3122 2967 3451 3035 passionem,
3490 2974 3551 3022 ut
3592 2982 3665 3023 ne
3699 2965 3890 3021 tenuiter

2326 3062 2545 3135 quidem
2594 3061 2663 3116 ab
2708 3076 2771 3116 ea
2819 3059 3103 3130 pulsentur
3152 3059 3405 3114 ulterius.
3452 3061 3523 3113 At
3571 3055 3893 3115 nihilominus

612 3149 779 3222 (nam
803 3149 959 3220 prior
987 3158 1145 3207 extra
1175 3158 1425 3231 naturam
1458 3158 1547 3205 est
1568 3190 1585 3218 ,
1622 3163 1862 3220 sequens
1898 3164 2032 3209 vero
2057 3148 2225 3220 origi-
2248 3160 2294 3223 ο
2327 3156 2475 3213 omni
2507 3162 2754 3225 tempore
2782 3162 2972 3211 contra
2998 3151 3431 3224 gastrimargiam
3462 3163 3782 3225 pugnantes,
3809 3144 3893 3203 nisi

612 3244 739 3298 nale
764 3242 982 3299 videtur
1012 3243 1067 3298 in
1092 3242 1255 3301 nobis
1278 3244 1637 3299 seminarium
1656 3240 1683 3283 (ι
1702 3244 2032 3315 possidere),
2057 3243 2225 3301 simili

612 3345 794 3392 tamen
821 3337 1086 3392 oriuntur
1116 3336 1318 3392 modo:
1352 3336 1701 3393 extrinsecus
1727 3337 1996 3409 siquidem
2032 3351 2225 3393 causas

613 3429 1005 3495 commotiouis
1058 3430 1382 3505 plerumque
1439 3432 1777 3503 concipiunt.
1834 3430 2051 3489 Etenim
2107 3432 2219 3488 ire-

611 3529 842 3592 quonter
870 3521 925 3578 bi
970 3523 1067 3595 qui
1108 3523 1293 3580 adhuc
1339 3522 1674 3579 inﬁrmiores
1715 3532 1863 3590 sunt,
1913 3522 2001 3579 vel
2043 3522 2223 3580 irrita-

616 3615 790 3685 tione,
818 3616 908 3671 vel
934 3616 1196 3672 instinctu
1215 3617 1605 3689 quorumdam,
1630 3617 1683 3677 in
1710 3617 1831 3672 haec
1857 3631 1917 3672 se
1946 3615 2222 3671 corruisse

616 3709 750 3765 vitia
783 3718 1219 3782 conqueruntur,
1267 3725 1333 3773 ac
1372 3710 1743 3785 przecipitatos
1786 3724 1846 3765 se
1876 3709 1965 3766 vel
1996 3707 2063 3769 ad
2107 3708 2218 3763 ira-

612 3800 898 3868 cundiam,
926 3801 1105 3861 velad
1132 3803 1551 3876 phiiargyriam,
1572 3803 1804 3863 aliorum
1825 3802 2222 3873 provocatione

2325 3246 2535 3318 ingenti
2561 3245 3056 3318 circumspectione
3078 3245 3262 3302 cordis
3283 3254 3340 3301 et
3363 3245 3694 3307 abstinentia
3731 3256 3894 3315 corpo-

2326 3341 2404 3396 ris
2432 3339 2841 3408 dimicaverint,
2871 3340 3047 3395 securi
3072 3353 3198 3395 esse
3228 3354 3334 3395 non
3363 3349 3617 3409 possunt.

2932 3450 3163 3510 CAPUT
3201 3452 3298 3509 IX.

2330 3545 2482 3613 Quod
2510 3544 2725 3601 tristitia
2749 3554 2798 3600 et
2821 3545 3002 3599 acedia
3022 3544 3171 3599 nulla
3199 3546 3569 3617 provocatione
3596 3547 3887 3603 extrinsecus

2722 3625 3055 3688 generentur,
3089 3615 3221 3669 sicut
3249 3615 3359 3671 alia
3385 3618 3534 3673 vitia.

2402 3708 2432 3747 ιι
2465 3710 2713 3769 Tristitia
2752 3720 2807 3767 et
2834 3710 3020 3767 acedia
3051 3711 3197 3766 nulla
3218 3756 3232 3781 ,
3271 3712 3730 3784 quemadmodum
3756 3723 3897 3783 supra

2329 3803 2564 3861 diximus
2582 3846 2595 3871 ,
2631 3803 2930 3861 accedente
2956 3803 3304 3888 extrinsecus
3336 3806 3728 3874 provocatione
3752 3818 3897 3875 gene-

1688 3939 1947 3999 ALARDI
1985 3935 2225 3995 GAZIEI
2263 3935 2830 4001 COMMENTARIUS.

686 4074 712 4102 ιι
750 4062 807 4121 id
838 4068 940 4133 est,
972 4057 1349 4126 exsecutione,
1382 4056 1856 4119 consummatione
1886 4063 2213 4109 caelerorum

614 4134 891 4195 vitiorum,
926 4137 985 4184 ut
1011 4144 1198 4200 supra.

682 4206 711 4243 ι’
736 4200 1049 4259 Cenodoxia
1072 4195 1127 4255 et
1151 4197 1405 4268 superbia
1427 4197 1559 4252 vitia
1588 4207 1717 4253 sunt
1746 4195 2216 4268 spiritualia,_non

613 4274 871 4339 carnalia,
905 4272 1031 4343 quia
1064 4286 1173 4324 non
1201 4265 1361 4343 egent
1391 4269 1608 4343 actione
1638 4265 1909 4343 corporali
1942 4284 1953 4317 :
1987 4265 2129 4343 unde
2160 4276 2216 4319 et

616 4344 836 4403 diabolo
861 4337 1107 4397 maxime
1142 4337 1381 4410 propria,
1413 4339 1553 4395 sicut
1575 4350 1630 4396 et
1659 4338 1894 4404 invidia;
1926 4352 2029 4409 qua
2057 4337 2125 4392 de
2156 4351 2217 4391 re

614 4417 681 4473 Ι).
706 4413 1039 4481 Augusﬁnus
1062 4409 1435 4481 stvdeCivit.
1471 4425 1592 4481 cap.
1624 4414 1678 4467 5.

692 4498 715 4526 ε
762 4476 842 4541 σε
868 4499 971 4555 qua
998 4484 1127 4538 satis
1150 4480 1269 4541 luse
1296 4482 1516 4555 egimus
1532 4476 1628 4538 lib.
1651 4498 1726 4537 xu
1756 4496 1878 4555 cap.
1909 4481 1942 4555 ii
1969 4488 2024 4555 ct
2046 4476 2106 4555 ῥυ.

592 4586 595 4589 ι
690 4557 718 4595 ά
746 4550 953 4624 Nempe
979 4554 1277 4625 appetitum
1302 4550 1655 4625 irascibilem,
1683 4554 1774 4624 qui
1797 4550 2005 4625 homini
2027 4551 2211 4625 datus,

618 4639 682 4685 ut
708 4620 932 4684 satelles
975 4620 1202 4687 rationis
1233 4632 1293 4681 et
1343 4623 1541 4679 vindex
1593 4620 2051 4693 concupiscentiae
2078 4665 2092 4690 ,
2143 4620 2219 4674 ait

621 4701 996 4757 Damascenus
1026 4696 1122 4751 lib.
1167 4712 1207 4752 ιι
1235 4694 1304 4751 de
1328 4694 1464 4750 Fide
1488 4695 1720 4751 Orthod.
1754 4711 1873 4764 cap.
1909 4696 1999 4750 l6.

698 4782 722 4809 °
751 4770 890 4838 Quia
914 4767 1137 4835 reSpicit
1162 4770 1362 4823 bonum
1384 4776 1702 4822 extraneum
1724 4763 1929 4821 natura:
1952 4763 2210 4832 hominis,

616 4844 833 4901 scilicet
864 4840 1114 4910 divitias,
1164 4838 1362 4910 quibus
1393 4839 1662 4895 excitatur
1712 4849 1766 4894 et
1813 4848 2212 4910 commovetur.

618 4914 761 4972 Vide
793 4912 887 4968 lib.
924 4927 995 4967 vu
1042 4908 1224 4967 lustin.
1259 4909 1294 4965 Ξ
1324 4920 1379 4965 et
1405 4910 1475 4977 5,
1522 4910 1609 4983 ubi
1663 4910 1989 4983 peregrinum
2027 4908 2217 4983 bellum

618 4987 833 5052 dicitur,
861 4991 909 5039 et
930 4992 1076 5039 extra
1107 4990 1343 5038 naturam
1361 5020 1375 5047 ,
1408 4997 1499 5035 nec
1518 4981 1731 5035 aliunde
1759 4981 1814 5036 in
1842 4981 2094 5035 monacho
2121 4997 2216 5034 su-

616 5074 761 5114 mens
790 5054 1130 5128 principium,
1158 5070 1315 5128 quam
1343 5052 1410 5128 de
1434 5062 1689 5128 corrupta:
1715 5070 1776 5128 ac
1814 5055 2216 5128 tepidarutentis

615 5123 861 5200 ignavia,
897 5124 1268 5200 etplcrurnque
1293 5124 1442 5179 initio
1489 5123 1947 5200 abrenuntiationis
1975 5123 2056 5200 (id
2104 5134 2211 5193 est,

616 5194 1012 5264 conversionis)
1036 5194 1167 5268 male
1186 5194 1489 5268 arrepto,_et
1512 5211 1632 5268 erga
1658 5196 1820 5251 Deum
1844 5194 2018 5268 tepido
2039 5211 2215 5254 amore

616 5270 837 5340 fundato
861 5310 876 5335 ,
918 5265 1372 5341 quemadmodum
1420 5265 1510 5322 hic
1538 5265 1738 5323 dicitur
1770 5265 1913 5327 male
1956 5266 2211 5329 fundatus

616 5339 928 5410 monachos
943 5339 1181 5410 pulsare.

696 5410 713 5450 ί
766 5408 1033 5485 Lepidam
1062 5409 1372 5485 _bu_jus-rei
1426 5408 1735 5485 exemplum
1786 5408 1961 5485 refert
2012 5408 2211 5485 Caelius

617 5476 962 5557 llrliodigi'nus
1012 5476 1397 5557 (Antiq._Lec_t.
1458 5478 1549 5557 lib.
1587 5476 1657 5535 'xx
1706 5494 1753 5536 c.
1785 5476 1879 5557 _25)
1929 5493 2095 5557 agens
2130 5482 2211 5557 de

615 5549 987 5610 Themistocle
1004 5549 1461 5619 ,‘Athéniensium
1503 5550 1677 5619 duce,
1710 5550 1803 5623 qui
1832 5549 1959 5623 dum
2003 5551 2211 5623 insulas

614 5627 811 5684 ditioni
857 5623 1136 5697 subiectas
1160 5624 1558 5697 perlustraret,
1583 5620 1869 5694 pecuniam
1903 5620 2035 5697 hinc
2070 5621 2208 5697 inde

621 5692 973 5767 corrogabat.
1020 5692 1175 5767 Adiit
1192 5703 1244 5749 et
1275 5692 1531 5767 Andrios,
1561 5692 1871 5767 urgensque
1901 5693 2153 5767 infestius
2190 5712 2204 5750 :

620 5761 1022 5832 Duosfinquit,
1050 5764 1120 5818 ad
1148 5776 1248 5819 vos
1274 5761 1443 5819 adero
1474 5761 1862 5832 deos,'vim,'et
1898 5765 2202 5824 suadelam.

2323 4054 2394 4109 At
2419 4054 2519 4120 illi,
2570 4070 2673 4109 nec
2704 4054 2882 4110 minus
2912 4053 3151 4126 ies1ive_:
3176 4051 3326 4126 Duos
3352 4068 3576 4126 quoque
3610 4055 3752 4125 apud
3777 4068 3833 4108 se
3857 4061 3901 4105 et

2325 4141 2552 4195 magnos
2580 4126 2797 4195 quidem
2825 4126 3068 4180 residere
3095 4124 3227 4178 deos
3258 4124 3514 4193 intulere,
3545 4135 3903 4195 paupertatem

2325 4206 2379 4252 et
2401 4194 2933 4266 impossmilitatem,
2978 4196 3067 4267 qui
3101 4210 3350 4250 nummos
3378 4196 3453 4250 illi
3485 4194 3702 4267 erbgari
3734 4194 3903 4265 prohi-

2325 4267 2539 4323 berent.
2576 4270 2781 4322 Auctor
2809 4269 2971 4323 etiam
3002 4266 3358 4331 Plutarchus,
3401 4283 3525 4323 cum
3560 4266 3798 4337 pecuniae
3824 4280 3904 4321 es-

2323 4347 2450 4408 sent
2477 4339 2528 4392 in
2558 4338 3091 4395 Lacedaemoniorum
3121 4337 3394 4407 regionem
3422 4340 3685 4406 invectas,
3714 4340 3802 4408 qui
3826 4350 3908 4390 eas

2325 4407 2691 4479 importaruut
2719 4420 2897 4465 morte
2928 4408 3221 4463 mulctatos
3250 4408 3434 4473 luisse;
3461 4407 3740 4479 siquidem
3764 4410 3911 4479 Alca-

2242 4452 2299 4514 D
2327 4452 2472 4550 moliti
2500 4452 2564 4536 a2
2591 4452 2947 4550 Tlibbporiipo
2970 4478 3191 4550 regibus
3217 4478 3316 4532 hoc
3342 4452 3767 4550 oracul'unterat
3796 4477 3911 4550 redf

2321 4548 2495 4606 ditum
2529 4570 2544 4607 :
2567 4545 2917 4606 Pecuniarum
2938 4545 3083 4604 amor
3114 4549 3361 4620 Spartam
3384 4548 3577 4620 perdet.
3596 4545 3753 4620 illuc
3776 4548 3912 4618 apud

2320 4630 2535 4678 veteres
2581 4622 2795 4676 laudata
2844 4620 3109 4677 Laconica
3143 4617 3231 4675 illa
3266 4629 3322 4675 ut
3367 4617 3418 4674 iu
3459 4618 3640 4675 verbis
3672 4617 3911 4675 brevitas

2322 4692 2401 4747 si'c
2431 4697 2483 4748 in
2524 4694 2687 4749 rebus
2719 4694 3077 4762 parcitnonia,
3111 4700 3261 4746 tanta
3292 4692 3535 4761 quidem,
3565 4700 3618 4743 ut
3651 4692 3913 4761 quingen-

2324 4763 2393 4834 tis
2429 4776 2485 4820 et
2520 4766 2753 4834 amplius
2785 4764 2942 4818 annis
2969 4764 3174 4834 absque
3206 4764 3450 4833 pecunia:
3481 4777 3578 4817 usu
3612 4762 3705 4816 illa
3732 4777 3916 4833 respu-

2322 4833 2462 4890 blica
2489 4833 2735 4891 steterit:
2778 4844 2831 4889 et
2864 4833 3098 4906 pessime
3128 4835 3269 4903 apud
3290 4849 3432 4906 suos
3461 4833 3722 4906 audierit,
3753 4848 3816 4888 ac
3852 4834 3913 4887 de

2319 4907 2435 5030 isuis
2458 4908 2721 4991 meruerit
2752 4903 3035 4978 Agesilaus
3064 4922 3181 4975 rex,
3208 4904 3299 4979 qui
3330 4907 3570 4975 primum
3608 4903 3733 4976 ejus
3762 4918 3911 4961 usum

2343 4988 2546 5030 IIVBXII.

2343 4980 2546 5036 nvexit.

2395 5060 2419 5097 8
2445 5050 2498 5106 Id
2523 5059 2642 5116 est,
2688 5050 2919 5119 primam
2947 5048 3093 5102 illam
3125 5046 3312 5101 mundi
3356 5056 3571 5119 {etatem
3601 5045 3673 5100 ab
3718 5047 3914 5104 Adamn

2323 5136 2495 5190 usque
2526 5121 2591 5175 ad
2639 5118 2925 5189 diluvium,
2960 5134 3063 5189 qua
3112 5127 3272 5172 relate
3323 5118 3568 5190 plerique
3617 5130 3782 5177 erant
3834 5126 3915 5190 aut

2322 5188 2576 5261 agricola:
2599 5236 2612 5261 ,
2638 5201 2731 5248 aut
2759 5188 3027 5263 pastoritii
3048 5206 3062 5253 ;
3083 5204 3327 5263 quorum
3348 5188 3605 5263 pecudes
3639 5192 3816 5244 unica:
3845 5188 3916 5263 di-

2321 5259 2466 5336 vitiae
2488 5305 2502 5330 ,
2528 5259 2772 5336 quarum’
2802 5259 3203 5336 permutatiOne
3233 5260 3559 5336 vietitahant
3590 5278 3600 5314 :
3636 5264 3783 5317 unde
3827 5259 3916 5336 de-

2320 5328 2496 5389 duCIa'
2526 5328 2774 5405 pecuniae
2802 5328 3581 5405 appellatio.Pecunia__enim
3618 5346 3651 5389 a
3702 5328 3916 5405 pecudis

2322 5417 2473 5488 tergo
2502 5400 2797 5488 nominata
2820 5400 2865 5470 ,⁷
2898 5402 2971 5459 ait
3002 5402 3362 5459 Cassiodorus
3391 5400 3633 5473 (Verior.
3692 5400 3784 5458 lib.
3818 5414 3912 5462 vit.

2319 5475 2711 5621 ερῗιρδὲὶ)’ρβτ
2738 5544 3100 5621 ῑιὶδιῇιίᾳηιμει
3129 5542 3372 5621 acediarn
3404 5542 3683 5621 intellig?!
3713 5542 3915 5621 cui???

2319 5609 2763 5760 nusz'videri‘dpm
2792 5618 2905 5675 suis
2927 5616 3069 5677 locis
3085 5624 3139 5675 et
3161 5613 3401 5688 propriis
3426 5609 3760 5681 tractatibus
3784 5609 3913 5679 (Lit.

2319 5706 2424 5747 ixe
2475 5707 2508 5747 x
2568 5706 2628 5749 ns
2654 5706 2711 5743 I.
2749 5726 2762 5743 .

2318 5706 2375 5747 ιι
2397 5699 2443 5746 et
2475 5707 2508 5747 x
2532 5697 2762 5749 lusum.
