4026 6204
1078 209 1425 271 COLLA’HO
1466 211 1536 268 V.
1560 239 1636 258 -ι
1661 209 1754 270 DE
1794 206 1977 272 OC’I'O
2011 209 2541 275 'PRlNCiPALlBUS
2582 211 2808 275 VlTllS.

3483 223 3600 288 622

306 329 418 388 rari
447 327 649 386 solent.
679 327 818 386 Nam
859 338 890 369 ι
920 328 1191 386 solitarios
1232 343 1476 400 quosque
1511 334 1570 385 et
1611 329 1666 384 ln
1711 343 1898 386 eremo
1922 333 1976 393 Α
2000 330 2150 387 diam
2167 345 2394 389 necesse
2410 338 2495 388 est
2517 332 2808 402 pullulare,
2832 329 3064 402 ideoque
3079 332 3243 392 simili
3261 348 3452 398 contra
3471 339 3596 400 haec

307 421 640 479 constitutos
659 465 674 491 ,
704 421 947 494 nullique
968 421 1204 478 humano
1243 422 1569 479 commixtos
1597 422 1900 492 consortio,

311 512 629 585 frequenter
672 520 838 584 atque
892 513 1238 570 amarissime
1291 528 1489 571 vexare
1531 524 1831 571 noscuntur
1883 555 1900 584 ,

310 603 464 677 quod
487 619 612 662 esse
633 604 981 663 verissimum
1019 606 1254 677 quisque
1286 620 1410 661 cum
1435 606 1602 664 fuerit
1621 608 1678 663 in
1703 607 1901 664 solitu-

239 732 260 744 ο
313 695 445 753 dine
469 707 838 756 commoratus
861 737 878 765 ,
905 707 961 754 et
989 711 1198 769 pugnas
1228 697 1467 754 hominis
1494 700 1770 756 interioris
1795 715 1896 757 ex-

317 798 527 860 pertus,
560 788 692 861 ipsis
718 790 1111 862 experimentis
1141 789 1404 861 perfacile
1432 792 1827 864 comprobabit.

931 940 1161 1004 CAPUT
1197 941 1265 1000 Χ.
1323 1001 1332 1015 ,

321 1055 398 1113 De
414 1070 505 1114 sea:
524 1055 769 1113 vitiorum
795 1055 1103 1139 concordia,
1134 1056 1436 1139 etduorum
1457 1062 1524 1114 ab
1544 1059 1624 1114 eis
1647 1058 1907 1116 dissiden-

861 1135 994 1181 tium
1017 1135 1342 1198 cognatione.

393 1262 523 1318 Haec
547 1260 710 1332 igitur
734 1269 863 1318 octo
889 1261 1041 1330 vitia,
1072 1261 1203 1320 licet
1229 1262 1481 1319 diversos
1512 1273 1666 1320 ortus
1694 1279 1758 1321 ac
1794 1265 1907 1322 dis-

318 1353 526 1412 similes
568 1352 891 1412 eflicieutias
920 1352 1195 1423 habeant,
1228 1370 1330 1414 sex
1361 1365 1541 1416 tamen
1587 1358 1803 1428 priora,
1851 1357 1906 1414 id

317 1457 420 1518 est,
469 1448 884 1523 gastrimargia,
915 1449 1226 1516 foruicatio,
1261 1451 1614 1522 pullargyria,
1651 1451 1747 1520 ira,
1782 1452 1910 1508 tris-

315 1542 454 1609 titia,
481 1541 692 1606 acedla,
721 1542 960 1611 quadam
989 1541 1132 1596 inter
1161 1557 1222 1598 se
1252 1543 1594 1613 cognatione,
1617 1551 1700 1612 et,
1741 1550 1802 1598 ut
1832 1543 1905 1598 ita

314 1631 548 1689 dixerim
577 1673 592 1698 ,
643 1632 1100 1688 concatenatione
1153 1646 1404 1689 connexa
1447 1642 1610 1701 sunt,
1665 1631 1799 1689 ita”
1846 1643 1908 1690 ut

2002 422 2169 480 modo
2185 429 2348 493 atque
2357 423 2548 479 eadem
2561 423 2777 479 ratione
2788 425 3198 494 repugnandum
3213 438 3318 496 est,
3342 438 3395 484 et
3411 446 3442 486 a
3457 448 3594 501 prae-

2002 515 2326 573 cedentibus
2363 529 2583 586 semper
2610 515 2877 573 adversus
2913 527 3207 586 sequentes
3229 530 3454 589 oportet
3493 538 3595 580 nos

2005 608 2147 665 inire
2158 608 2479 665 certamina.
2494 606 2731 664 Facilius
2741 608 2887 666 enim
2899 609 3194 680 cujuslibet
3206 612 3420 673 arboris
3430 615 3596 672 noxia

2003 700 2236 758 latitudo
2291 715 2356 757 ac
2401 700 2713 771 proceritas
2742 701 3054 768 exarescit,
3095 701 3142 758 si
3171 711 3333 762 antea
3381 703 3595 761 radices

2005 795 2150 866 ejus,
2180 795 2378 866 quibus
2407 793 2679 861 innititur,
2711 794 2798 849 vel
2821 794 3040 852 nudam
3067 794 3271 854 luerim
3293 836 3309 863 ,
3345 798 3434 856 vel
3461 814 3594 856 suc-

2005 887 2158 943 cisae.
2190 885 2260 942 Et
2283 885 2605 942 infestantes
2626 885 2882 945 humores
2904 901 3171 957 aquarum
3197 890 3458 949 continuo
3486 893 3595 948 sic-

2004 980 2297 1048 cabuntur,
2327 993 2452 1036 eum
2471 987 2768 1050 generator
2785 992 2976 1036 earum
3005 978 3130 1038 fons
3166 995 3229 1040 ac
3259 982 3595 1051 profluentes

2007 1085 2161 1128 vente
2181 1069 2373 1127 solerti
2395 1069 2662 1126 industria
2680 1068 2887 1128 fuerint
2911 1070 3202 1130 obturatas.
3227 1071 3595 1140 Quamobrem

2009 1175 2066 1221 ut
2112 1165 2299 1221 acedia
2329 1165 2600 1230 vincatur,
2648 1173 2778 1222 ante
2803 1163 3024 1223 tristitia
3045 1166 3353 1236 superanda
3387 1177 3503 1235 est;
3535 1177 3597 1225 ut

2008 1257 2227 1315 tristitia
2270 1257 2629 1328 propellatur,
2679 1257 2761 1314 ira
2808 1258 2959 1326 prius
2987 1264 3074 1316 est
3113 1259 3488 1328 extrudenda;
3535 1270 3596 1316 ut

2007 1356 2387 1422 exstinguatur
2414 1351 2515 1417 ira,
2547 1349 2881 1421 pliiiargyria
2917 1350 3175 1407 calcanda
3202 1361 3316 1416 est;
3352 1362 3410 1411 ut
3442 1355 3596 1412 evel-

2007 1445 2152 1500 latur
2204 1441 2535 1516 pbiiargyria
2561 1483 2576 1509 ,
2627 1441 2916 1498 fornicatio
2957 1444 3352 1512 compescenda
3381 1454 3498 1511 est;
3535 1455 3597 1502 ut

2009 1538 2293 1594 fornicatio
2322 1537 2633 1601 subruatur,
2659 1534 3053 1608 gastrimargite
3077 1535 3268 1594 vitium
3309 1546 3395 1596 est
3427 1540 3596 1596 casti-

2007 1632 2265 1705 gandum;
2319 1631 2560 1688 Residua
2611 1645 2747 1687 vero
2773 1631 2922 1698 duo,
2963 1631 3017 1689 id
3038 1641 3156 1702 est,
3199 1634 3498 1692 cenodoxia
3543 1645 3599 1692 et

317 1726 520 1796 prioris
548 1724 906 1780 exuberantia
928 1725 1172 1795 sequenti
1197 1725 1366 1798 [Lips.
1391 1729 1444 1784 in
1469 1743 1634 1802 marg.
1666 1741 1904 1799 sequen-
1933 1713 1983 1774 B
2010 1724 2305 1796 superbia,
2340 1725 2444 1779 sibi
2474 1725 2692 1795 quidem
2725 1723 2978 1780 similiter
3000 1724 3091 1780 illa
3119 1741 3224 1797 qua
3251 1730 3321 1784 de
3347 1732 3597 1800 superio-

318 1818 415 1893 tis]
443 1818 710 1876 efﬁciatur
739 1818 1044 1874 exordium.
1083 1816 1212 1873 Nam
1244 1819 1311 1874 de
1333 1818 1661 1875 abundantia
1700 1819 1899 1889 gastri-

319 1912 544 1982 margite
558 1910 994 1978 fornicationem,
1009 1911 1076 1966 de
1096 1909 1458 1967 fornicatione
1485 1910 1898 1983 pliilargyriam,

316 2006 387 2064 de
400 2005 728 2078 pbilargyria
758 2005 914 2071 iram,
939 2005 1006 2062 de
1026 2003 1103 2062 ira
1128 2004 1425 2075 tristitiam,
1452 2005 1519 2063 de
1537 2005 1758 2064 tristitia
1782 2020 1908 2063 ace-

2012 1817 2162 1873 ribus
2192 1815 2338 1871 vitiis
2367 1815 2601 1872 diximus
2625 1857 2638 1882 ,
2672 1815 2882 1872 ratione
2922 1816 3246 1888 junguntur,
3301 1820 3374 1876 ita
3412 1831 3471 1877 ut
3519 1824 3600 1879 in-

2014 1919 2351 1968 crementum
2382 1910 2581 1980 prioris
2616 1917 2771 1966 ortus
2807 1910 3078 1967 efficiatur
3106 1911 3352 1972 alterius.

2030 2032 2034 2035 -
2093 2013 2115 2041 ο
2143 2000 2472 2059 Cenodoxiae
2500 2000 2643 2058 enim
2672 1999 3025 2058 exuberantia
3055 2005 3323 2074 superbiae
3353 2005 3598 2066 fomitem

1371 2139 1633 2200 ALARDI
1670 2139 1905 2201 GAZEI
1944 2135 2516 2198 COMMENTARIUS.

390 2244 417 2274 ιι
445 2233 537 2291 Sic
565 2233 857 2290 Cassianus
881 2233 996 2304 ipse
1051 2233 1144 2289 lib.
1182 2249 1238 2298 x,
1285 2248 1336 2290 c.
1370 2234 1397 2288 t
1431 2251 1445 2288 :
1485 2233 1678 2304 Afﬁnis
1721 2236 1904 2292 acedia

319 2307 542 2362 tristitia
569 2314 678 2372 est,
726 2314 772 2358 et
796 2305 935 2375 vagis
958 2305 1291 2376 aesolitariis
1317 2305 1484 2376 magis
1510 2315 1738 2376 experta,
1771 2317 1818 2362 et
1849 2307 1902 2361 in

318 2393 486 2432 eremo
507 2376 926 2430 commorantibus
954 2375 1192 2444 infestior
1219 2375 1378 2432 hostis
1402 2392 1463 2430 ac
1495 2375 1755 2444 frequens.

389 2446 418 2486 δ
438 2447 705 2517 lntellige,
730 2454 789 2500 ut
816 2445 1138 2515 plurimum;
1172 2460 1320 2517 stupe
1348 2455 1535 2517 tamen
1563 2446 1722 2504 aliter
1751 2448 1901 2504 acci-

312 2518 395 2576 dit
416 2559 432 2585 ,
475 2529 531 2572 et
559 2516 840 2587 quideme
874 2531 1165 2576 converso.
1205 2516 1322 2583 Qua
1351 2516 1420 2574 de
1449 2531 1510 2571 re
1537 2517 1902 2586 pulcherrima

311 2596 496 2646 exstat
518 2586 750 2644 leannis
771 2586 996 2658 Climaci
1027 2587 1344 2658 disputatio,
1370 2601 1531 2658 quam
1560 2588 1648 2642 hic
1671 2589 1902 2658 omnino

312 2659 725 2717 describendam
748 2658 878 2714 duxi
910 2676 924 2712 :
954 2656 1314 2727 Remﬁnquii
1340 2656 1549 2727 (Gradu
1577 2660 1640 2714 5t
1691 2659 1756 2714 de
1776 2657 1904 2714 Dis-

310 2730 578 2801 cretioue),
613 2729 828 2800 quidam
859 2744 941 2783 me
972 2729 1418 2800 interrogaverunt
1457 2729 1526 2801 ad
1547 2728 1903 2801 judicandum

311 2797 586 2872 difﬁcilem
603 2797 694 2869 ,et
727 2814 843 2870 quin
865 2797 1237 2872 omneawtalis
1265 2807 1457 2872 nostris
1474 2797 1708 2856 homines
1734 2811 1906 2856 trans-

310 2869 497 2926 cendat
515 2913 531 2936 ,
559 2873 613 2926 in
638 2869 885 2935 nulloque
923 2885 987 2925 ea:
1006 2870 1086 2925 his
1114 2869 1260 2925 libris
1285 2870 1382 2940 qui
1404 2871 1458 2923 in
1488 2887 1671 2925 manus
1701 2881 1905 2931 nostras

312 2951 564 2996 venerunt
593 2941 946 3013 contineatur.
969 2941 1184 2995 Aiebant
1205 2942 1342 2998 enim
1367 2956 1384 2994 :
1417 2941 1671 3013 Quisnam
1693 2943 1908 3013 propria

315 3023 436 3066 sunt
465 3011 830 3084 principalium
854 3020 972 3084 octo
999 3013 1238 3084 vitiorum
1261 3012 1495 3080 germina
1507 3011 1651 3084 [aut
1676 3011 1813 3083 quod
1841 3029 1909 3068 ea:

311 3080 480 3138 tribus
525 3080 750 3138 manime
787 3082 1165 3152 pr‘incipglibus
1202 3084 1422 3151 quinque
1450 3080 1766 3150 reliquorum
1805 3085 1908 3138 ini-

311 3155 446 3209 tium
465 3164 513 3210 et
539 3169 770 3225 propago
789 3153 958 3208 esset?
975 3151 1090 3225 Ego
1107 3153 1162 3206 in
1185 3168 1240 3208 re
1259 3161 1368 3225 tam
1397 3153 1637 3225 anibigua
1659 3155 1906 3225 ignoran-

311 3227 442 3297 tiam
483 3223 656 3297 meum
683 3225 908 3297 ingenue
926 3223 1221 3297 confessus,
1244 3224 1342 3297 hoc
1375 3238 1410 3278 a
1432 3223 1754 3297 \beatissimis
1782 3227 1906 3285 viris

313 3295 491 3367 audivi
515 3310 532 3348 :
557 3294 726 3367 Mater
743 3293 955 3367 quidem
979 3293 1340 3367 [arnicationis
1367 3293 1452 3367 est
1467 3295 1603 3366 gula:
1627 3299 1904 3367 concupis-

311 3366 484 3420 centia
501 3382 521 3432 ;
540 3365 737 3420 aceditz
758 3362 902 3428 vero,
929 3362 1106 3420 inanis
1136 3365 1328 3435 gloria.
1360 3362 1484 3435 Ego'
1502 3382 1683 3422 rursus
1706 3384 1740 3423 a
1767 3362 1902 3426 sem-

311 3383 484 3420 centra
501 3383 521 3432 ;
540 3383 737 3420 aceauz
761 3383 902 3428 vero,
929 3383 1106 3420 inanis
1172 3383 1328 3420 torta.
1360 3383 1473 3435 ago
1502 3383 1683 3422 rursus
1706 3384 1740 3423 a
1767 3384 1902 3426 sem-

311 3437 516 3510 piterno
555 3435 902 3493 memorandis
938 3436 1046 3492 illis
1075 3383 1341 3510 adlliscere
1389 3436 1598 3492 orabam
1621 3477 1635 3500 ,
1663 3453 1903 3507 quanam

313 3507 382 3580 ea;
409 3507 494 3564 his
537 3516 652 3580 octo
680 3514 1050 3580 nascqrentur,
1067 3514 1115 3560 et
1141 3507 1279 3580 quod
1299 3521 1487 3580 ecqua
1514 3510 1755 3580 progenie
1797 3511 1905 3566 ονί-

310 3578 489 3652 ginem
533 3575 905 3652 traheretallli
943 3575 1058 3652 vero
1093 3575 1173 3652 me
1219 3575 1406 3634 blande
1446 3575 1904 3652 ac_placidissime

312 3647 509 3717 absque
544 3647 652 3706 ullo
681 3647 919 3705 elationis
959 3648 1081 3702 vitio
1107 3647 1398 3711 odorantes.
1434 3647 1666 3710 alebant,
1699 3651 1903 3706 nullum

311 3719 551 3776 ordinem
578 3729 669 3774 aut
689 3719 977 3791 prudentia:
1004 3720 1255 3776 rationem
1280 3719 1444 3774 inesse
1462 3719 1514 3791 in
1538 3719 1688 3774 rebus
1703 3718 1902 3791 stultis,

312 3791 410 3845 sed
431 3806 635 3845 omnem
661 3789 875 3860 prorsus
899 3791 1273 3860 perversionem
1299 3798 1451 3860 atque
1476 3789 1903 3860 inconstantiam;

315 3869 474 3927 atque
489 3862 546 3915 id
565 3858 689 3916 mihi
708 3861 842 3916 veris
861 3859 1132 3929 eaemplis,
1151 3869 1202 3918 et
1224 3858 1509 3916 rationibus
1526 3859 1905 3928 persuadebunt

313 3933 454 3987 beati
479 3933 584 3997 illi,
620 3931 847 3999 plurima
876 3931 1184 3990 documenta
1209 3929 1520 3986 adducentes
1559 3930 1611 3983 in
1641 3930 1902 3996 medium,

315 4018 381 4057 ea:
395 4004 580 4072 quibus
588 4003 774 4084 aliqua
795 4001 914 4083 huic
926 4002 1070 4084 operi
1091 4002 1425 4081 inseruimus,
1439 4007 1493 4054 ut
1510 4015 1572 4055 ea:
1584 4000 1650 4055 iis
1663 3999 1779 4084 iam
1795 4001 1903 4060 alia

312 4071 520 4146 quoque
544 4071 844 4146 planissime
862 4071 1147 4146 intelligere
1169 4071 1422 4146 possimus
1444 4087 1463 4124 :
1491 4072 1712 4146 euempli
1726 4087 1904 4146 causa,

315 4142 712 4214 intempestivus
735 4145 872 4200 risus
893 4142 1180 4214 aliquando
1198 4142 1426 4214 quidem
1439 4158 1504 4198 ea:
1529 4143 1871 4212 fornicatione
1884 4184 1900 4209 ,

318 4213 604 4282 aliquando
632 4229 750 4271 vero
774 4229 839 4269 eis
875 4213 1032 4285 inani
1072 4213 1245 4285 gloria
1284 4213 1536 4282 nascitur,
1570 4229 1687 4285 cum
1711 4214 1905 4272 scilicet

321 4285 465 4351 apud
505 4286 726 4355 seipsum
754 4283 1328 4352 intrinsecus'turpiter
1364 4285 1578 4355 quisque
1617 4283 1904 4354 gloriatur;

321 4353 708 4427 nonnumquam
730 4370 858 4427 vero
874 4370 940 4411 ea:
965 4355 1175 4427 deliciis
1189 4355 1441 4427 gignitur.
1473 4353 1675 4414 Multus
1693 4372 1904 4414 somnus

317 4423 909 4500 aliquandoemdeliciis,
926 4423 1282 4500 aliquandoeo;
1293 4427 1500 4500 jejunio
1516 4427 1772 4500 nascitur,
1786 4443 1906 4486 cum
1933 4438 1990 4500 ι)
2014 4423 2187 4500 Porro
2208 4443 2328 4500 cum
2349 4429 2524 4482 animo
2545 4425 2613 4500 ad
2641 4442 2667 4484 e

316 4497 518 4553 scilicet
540 4497 621 4552 illi
639 4497 731 4566 qui
741 4498 986 4567 jejunum
1026 4496 1370 4567 extolluntur,-
1396 4496 1676 4565 oliquando
1702 4513 1818 4554 vero
1840 4512 1909 4553 ea:

315 4569 522 4650 aeedta,
543 4563 829 4650 aliquando
851 4583 917 4650 es;
953 4563 1369 4650 nat_ura.1§tiam
1402 4563 1792 4650 multiloquium
1802 4568 1906 4650 ali~

315 4634 527 4710 quando
537 4634 1261 4710 ubinanigloria,oliquando
1277 4634 1685 4710 ngastrimargia
1699 4639 1907 4696 initium

318 4707 562 4782 sumpsit.
574 4709 769 4782 Acedia
778 4707 898 4782 vero
908 4708 1194 4782 aliquando
1202 4722 1268 4782 ea:
1278 4707 1502 4782 deliciis,
1516 4717 1568 4782 et_
1575 4707 1639 4782 ei:
1647 4718 1907 4782 contemp-

259 4778 278 4789 '
318 4779 490 4862 lapsi
504 4780 702 4837 timoris
713 4780 900 4838 oritur.
915 4777 1247 4850 Blasphemia
1262 4779 1470 4862 proprie
1479 4779 1686 4862 quidem
1696 4789 1772 4836 est
1784 4777 1907 4862 sup-

316 4849 475 4907 erbia:
497 4865 728 4921 germen;
754 4849 1144 4920 nonnumquam
1157 4849 1275 4906 vero
1296 4849 1445 4904 etiam
1457 4850 1829 4921 ezjudicando
1845 4849 1909 4906 in

316 4922 498 4992 eadem
523 4935 584 4978 re
602 4921 917 4992 proximum,
947 4922 1052 4978 sive
1079 4921 1236 4992 etiam
1265 4937 1329 4977 ea:
1349 4921 1584 4991 improba
1611 4921 1905 4980 demonum

317 4991 516 5047 invidia
545 4989 794 5049 nascitur.
840 4989 1054 5046 Duritia
1081 4991 1254 5048 cordis
1290 4989 1552 5048 interdum
1577 5009 1610 5045 a
1645 4993 1904 5059 satietate,

315 5076 456 5134 saepe
483 5076 615 5134 vero,
639 5063 792 5134 etiam
820 5062 884 5134 ab
927 5061 1322 5134 insensibilitate
1349 5073 1506 5134 atque
1534 5063 1603 5134 ab,
1631 5062 1906 5131 affectione

315 5131 503 5188 vitiosa
539 5133 791 5202 originem
818 5133 980 5187 ducit.
1027 5131 1157 5188 Haec
1178 5149 1292 5189 vero
1317 5131 1495 5190 rursus
1524 5132 1762 5202 affectio,
1789 5144 1838 5190 et
1875 5150 1910 5188 a

319 5201 689 5275 fornicatione,
709 5211 761 5261 et
780 5205 847 5275 ab
871 5203 1015 5258 inani
1039 5201 1208 5275 gloria
1223 5243 1250 5275 ,7
1266 5203 1394 5275 etab
1421 5206 1660 5272 avaritia,
1693 5213 1848 5275 atque
1876 5221 1911 5258 a

319 5273 688 5346 gastrimargia
704 5315 723 5346 ,ν
750 5272 871 5332 aliis
894 5272 1093 5344 quoque
1115 5274 1350 5346 plurimis
1371 5275 1515 5346 rimis
1537 5277 1724 5346 oritur.
1748 5272 1911 5330 Mali-

320 5345 608 5419 tia_rursus
633 5362 666 5419 ᾳ
686 5345 872 5419 timore
903 5360 965 5419 ac
984 5345 1270 5419 iracundia
1305 5345 1556 5419 nascitur3
1602 5345 1916 5419 ngocrisis

318 5414 447 5472 inde
471 5417 798 5490 potissimum
834 5415 1047 5488 incipit,
1091 5416 1136 5469 si
1162 5416 1280 5490 quin
1303 5416 1400 5490 sibi
1429 5415 1644 5490 nimium
1661 5414 1907 5490 placeat,

320 5486 479 5556 usque
522 5487 634 5556 ipse
668 5486 990 5553 moderetur,
1037 5503 1202 5556 neque
1228 5486 1440 5542 alterius
1491 5487 1625 5542 vivat
1670 5486 1909 5546 arbitrio.

322 5554 496 5628 Porro
526 5554 609 5612 his
651 5559 915 5614 contraria
938 5573 972 5611 a
1000 5554 1272 5614 cont—rariis
1310 5559 1610 5628 gignuntur.
1641 5557 1770 5618 ﬂzec
1799 5559 1910 5616 ille.

321 5625 532 5694 Quibus
555 5629 758 5688 addere
772 5629 907 5686 libet
925 5628 1086 5684 etiam
1110 5627 1252 5688 istud
1269 5625 1653 5684 documentum
1676 5629 1742 5686 Ι).
1772 5629 1915 5688 Tito-

323 5710 430 5756 ωε
458 5699 600 5770 (1-2,
629 5718 684 5771 q.
717 5701 808 5766 i8.
829 5708 933 5759 art.
961 5699 1020 5772 ὅ)
1047 5699 1118 5760 ad
1149 5700 1290 5760 hanc
1316 5701 1601 5760 materiam
1629 5708 1909 5772 spectans,

1936 3050 1983 3114 C

2010 2235 2079 2292 de
2101 2234 2291 2291 ordine
2317 2243 2372 2288 et
2414 2231 2823 2306 comparatione
2855 2233 3143 2306 vitiorum:
3174 2235 3488 2306 Peccatum,
3521 2242 3601 2294 in-

2009 2307 2148 2374 quit,
2177 2313 2316 2359 caret
2359 2303 2547 2374 ordine
2577 2319 2638 2358 ea:
2663 2311 2808 2374 parte
2843 2305 3122 2360 eversionis
3142 2348 3157 2372 ,
3186 2308 3375 2362 scilicet
3416 2327 3446 2362 a
3475 2303 3600 2366 'Dco

2009 2371 2141 2432 bona
2160 2372 2570 2445 incommutabili
2591 2390 2611 2441 ,'
2633 2389 2696 2429 ea:
2716 2371 2814 2428 hac
2840 2375 2973 2428 enim
2996 2371 3319 2445 partehabet
3344 2381 3600 2435 rationem

2009 2447 2178 2501 mali:
2215 2444 2412 2517 malum
2443 2455 2616 2517 autem
2664 2445 2973 2517 (secundum
2998 2444 3350 2517 Augustinum
3396 2452 3486 2504 lib.
3534 2453 3603 2506 de

2011 2517 2224 2574 Natura
2250 2513 2390 2587 boni)
2415 2526 2489 2572 est
2511 2514 2732 2587 privatio
2757 2516 2920 2582 modi,
2951 2513 3140 2586 speciei
3166 2529 3212 2573 et
3243 2521 3459 2575 ordinis.
3491 2522 3600 2577 Sed

2005 2605 2072 2643 ea:
2099 2599 2248 2664 marte
2283 2586 2894 2664 conversionis.scilicet
2923 2587 2993 2640 ad
3028 2599 3347 2664 creaturam,
3395 2595 3603 2664 respicit

2007 2656 2268 2726 quoddam
2296 2657 2485 2728 bonum
2509 2673 2527 2723 ;
2553 2667 2599 2711 et
2629 2657 2745 2728 ideo
2766 2673 2838 2728 ea:
2873 2656 2971 2714 hac
3007 2669 3156 2728 parte
3195 2661 3388 2716 dicitur
3415 2656 3603 2720 habere

2008 2729 2242 2806 ordinem
2268 2727 2440 2806 (Ife-in.
2471 2743 2543 2784 vt.
2569 2743 2615 2806 c_.
2644 2727 2726 2806 tl).
2760 2727 2966 2806 Hunos.
2992 2727 3259 2806 Thomas,
3284 2732 3603 2806 significans

2009 2800 2256 2876 quaedam
2277 2797 2412 2876 vitiat
2435 2813 2556 2876 eum
2579 2797 2789 2876 habere
2815 2800 3065 2876 ordinem
3095 2797 3424 2858 etrationem
3451 2807 3602 2876 prin-

2009 2870 2134 2938 cipii
2162 2867 2447 2944 ergaalia
2496 2868 2622 2944 vitia
2650 2911 2673 2944 ,_
2719 2869 3072 2944 quambabet
3099 2881 3261 2944 caput
3301 2877 3366 2928 ad
3404 2867 3603 2933 caétera

2013 2938 2278 3013 membra,
2300 2939 2540 3013 ideoque
2569 2938 2973 3013 dicicapitalia,
3009 2943 3124 3000 sive
3159 2938 3500 3013 principalia.

2089 3021 2111 3049 ο
2141 3010 2405 3066 Eamdem
2464 3010 2788 3065 sententiam
2819 3012 3105 3073 conlirmat
3151 3010 3292 3072 idem
3328 3010 3604 3075 Climacus

2053 3081 2262 3137 laribus
2285 3080 2337 3136 iu
2365 3080 2521 3138 locis.
2553 3088 2608 3136 et
2627 3087 2777 3136 certe
2803 3092 2992 3137 uolatu
3025 3083 3225 3155 dignis.
3259 3086 3440 3144 Gradu
3483 3088 3550 3144 2i
3583 3107 3599 3144 :

2011 3096 2214 3212 golent.
2241 3152 2436 3212 inquit.
2468 3151 2715 3212 plerique.
2750 3154 2872 3209 dum
2900 3155 2964 3210 de
2986 3155 3122 3211 vitiis
3153 3158 3421 3212 disputant
3441 3201 3456 3212 .
3490 3161 3599 3212 ina-

2058 3153 2214 3226 olent,
2241 3152 2436 3226 inquit,
2468 3151 2872 3226 ple_riqu_e,_dum
2900 3155 2964 3210 de
2986 3151 3122 3211 vitiis
3153 3158 3456 3226 disputant,
3490 3161 3604 3216 ina-

2010 3240 2124 3281 nem
2153 3222 2376 3298 gloriapt
2399 3222 2612 3298 seorsim
2639 3223 2857 3298 deﬁnire
2886 3242 2918 3279 a
2948 3228 3203 3298 superbia,
3234 3222 3370 3282 unde
3396 3222 3451 3284 et
3488 3241 3602 3286 octo

2007 3312 2116 3353 esse
2159 3296 2479 3386 principalia
2526 3296 3038 3386 stripritnariamitia'
3077 3299 3275 3353 dicunt.
3307 3299 3603 3386 TheOIOgus

2008 3381 2128 3426 vero
2166 3363 2472 3442 Gregorius,
2524 3363 2717 3435 aliique
2742 3368 2956 3442 plurimi
3002 3369 3234 3426 doctores
3266 3382 3456 3442 septem
3501 3363 3605 3427 ista

2005 3453 2120 3496 esse
2154 3439 2509 3503 tradiderunt,
2539 3453 2665 3508 quos
2703 3454 2795 3506 ego
2817 3441 3038 3496 maxime
3062 3457 3264 3507 sequor.
3311 3439 3438 3509 Quis
3464 3445 3601 3497 enim

2008 3508 2218 3584 inanem
2240 3508 2464 3584 gloriam
2487 3508 2702 3584 devicit,
2728 3511 3063 3584 ‘et_superbus
3109 3513 3246 3584 fuit?
3277 3508 3358 3566 Ea
3387 3531 3504 3568 vero
3529 3523 3605 3569 est

2008 3577 2281 3652 amborum
2316 3579 2395 3652 ad
2439 3579 2658 3652 invicem
2685 3577 3020 3652 Ad‘iﬂ'erentia,
3042 3577 3158 3652 qua,
3182 3591 3256 3638 est
3294 3587 3604 3639 naturaliter

2007 3649 2155 3726 pueri
2178 3649 2249 3702 ad
2277 3648 2445 3726 virum
2463 3687 2483 3726 ,_
2501 3658 2550 3726 et
2587 3648 2748 3726 tritici
2770 3648 3090 3726 ad‘panem',‘
3119 3651 3215 3704 hoc
3246 3655 3380 3726 enim
3407 3656 3602 3726 princi-

2009 3716 2296 3794 piumnest,
2333 3717 2483 3794 illud
2510 3716 2652 3794 ﬁnis.
2678 3717 2766 3772 Sic
2807 3716 2898 3772 ille
2921 3761 2934 3783 ,
2959 3716 3161 3794 quibus
3196 3723 3372 3776 verbis
3407 3716 3604 3794 aperte

2013 3785 2282 3855 Signiﬁcat
2331 3787 2404 3843 ita
2461 3785 2523 3843 se
2552 3785 2757 3842 habere
2801 3785 3159 3846 cenodoxinm
3192 3831 3207 3856 ,
3257 3807 3351 3845 seu
3402 3785 3601 3853 vanam

2009 3857 2237 3936 gloriam
2260 3856 2327 3912 ad
2350 3856 2682 3936 superbiam,
2707 3857 2850 3936 sicut
2873 3873 3011 3927 puer
3036 3875 3108 3936 se,
3120 3859 3281 3936 habet
3305 3862 3372 3936 ad
3397 3864 3595 3936 virum,

2009 3927 2065 3985 et
2094 3927 2333 3984 triticum
2360 3927 2432 3998 ad
2473 3941 2700 3998 panem;
2762 3927 2867 3984 hoc
2912 3939 3030 3996 est,
3066 3931 3207 3985 sicut
3243 3934 3458 3988 initium
3486 3927 3604 3993 sive

2011 3997 2437 4077 principiumﬁad
2469 3997 2807 4077 linem_,_nam
2838 4015 2902 4056 ex
2939 4001 3194 4077 pucro_lit
3220 4003 3326 4071 vir,
3361 4016 3414 4077 et
3445 4009 3602 4077 panis

2011 4068 2078 4128 ex
2109 4070 2310 4145 tritico.
2332 4069 2542 4145 Rursus
2564 4068 2762 4145 ibidem
2783 4082 2913 4145 post
2928 4068 3291 4128 narrationem
3314 4068 3600 4145 cujusdam

2008 4143 2180 4214 senis,
2226 4143 2280 4198 in
2308 4158 2414 4212 qua
2444 4141 2667 4214 spiritus
2686 4143 2966 4214 superbire
2997 4154 3223 4199 matrem
3251 4141 3404 4200 suam
3432 4161 3600 4201 ceno-

2008 4211 2227 4272 doxiam
2264 4211 2588 4286 vacaverat,
2615 4212 2852 4286 subdit:
2884 4212 3139 4286 Eumdem
3181 4231 3271 4286 ego
3301 4233 3418 4270 cum
3445 4219 3603 4273 inter-

2011 4300 2270 4357 rogassent
2295 4285 2550 4357 quomodo
2572 4285 2742 4357 inanis
2765 4285 2930 4357 gloria
2957 4285 3020 4340 sit
3042 4287 3296 4352 superbire
3318 4298 3501 4353 mater,
3528 4290 3603 4344 ita

2011 4355 2278 4428 respondit
2308 4355 2329 4410 ζ·
2357 4355 2578 4423 Laudes,
2611 4355 2664 4409 in
2703 4355 2807 4422 uil,
2832 4355 3062 4412 animum
3093 4357 3288 4412 elevant
3314 4369 3358 4411 et
3390 4359 3599 4428 inﬂant.

2014 4423 2182 4480 Porro
2210 4443 2328 4480 cum
2349 4429 2524 4480 animo
2545 4425 2613 4480 ad
2641 4373 2911 4480 elationem
2933 4427 3142 4480 venerit.
3169 4429 3274 4480 iam
3301 4437 3421 4480 tunc
3451 4430 3599 4480 illam

2691 4427 2911 4498 ationem
2933 4427 3142 4492 venerit,
3158 4429 3274 4498 jam
3301 4437 3421 4484 tunc
3445 4427 3602 4483 illam

2012 4497 2254 4568 superbia
2273 4513 2538 4552 assumens
2563 4497 2617 4554 in
2653 4497 2834 4554 ctutum
2857 4513 3013 4568 usque
3032 4497 3239 4563 attollit,
3274 4511 3319 4552 et
3349 4516 3507 4568 usque
3531 4500 3600 4553 ad

2013 4567 2225 4642 abyssos
2256 4568 2454 4642 dejicit.
2482 4568 2546 4622 Et
2574 4568 2626 4622 in
2679 4569 2784 4642 line
2828 4567 3071 4642 ejusdem
3083 4569 3319 4642 capitis
3347 4587 3361 4642 _:
3400 4567 3602 4625 Vermis

2013 4637 2333 4709 plerumque,
2366 4639 2490 4694 dum
2520 4638 2824 4704 excreuerit,
2858 4637 2992 4692 natis
3018 4639 3118 4693 alis
3147 4637 3199 4694 in
3240 4640 3454 4695 sublime
3483 4643 3605 4696 sub-

2014 4718 2192 4782 vectus,
2214 4718 2327 4775 est;
2353 4710 2425 4768 ita
2455 4718 2508 4782 et
2531 4717 2886 4782 consummata
2914 4710 3086 4782 inanis
3110 4711 3277 4781 gloria
3306 4713 3602 4782 superbiam

2017 4780 2381 4855 peperit,‘qu¢e
2403 4779 2657 4855 m_alorum
2692 4780 3059 4855 omniun‘tAdux
3077 4824 3090 4849 ,
3113 4779 3436 4855 princepset
3481 4800 3606 4837 con-

2015 4848 2292 4922 sunnnatio
2315 4859 2408 4907 est.
2433 4848 2642 4922 Rursus
2671 4849 2840 4922 gradu
2885 4849 2957 4904 22
2978 4848 3247 4922 egregiam
3279 4848 3419 4908 lianc
3441 4869 3607 4910 ceno-

2015 4921 2190 4996 doxia:
2231 4929 2288 4996 et
2313 4919 2834 4996 superbiaa_inducit
2870 4919 3362 4996 prosopopoeiamr:
3408 4925 3607 4996 Depre-

2013 4990 2202 5063 hendi,
2257 4991 2461 5060 inquit,
2513 4990 3444 5063 Aseductricemhanc—(superbiam)
3487 4990 3607 5050 sine

2015 5062 2407 5136 capitemecum
2453 5061 2714 5136 advenisse
2738 5063 2916 5136 matris
2960 5061 3476 5136 sumlcénodoxim)
3506 5063 3608 5117 hu-

2018 5132 2171 5204 meris
2183 5133 2456 5204 invectam;
2469 5133 2744 5204 ambaeque
2757 5133 3058 5204 obedientia:
3069 5132 3271 5188 vinculo
3285 5132 3600 5204 illaqueans,

2016 5201 2550 5276 vilitatisqueﬂagello
2577 5201 2868 5276 verberans,
2897 5201 3122 5271 qualiter
3146 5205 3200 5255 in
3229 5220 3306 5257 nte
3335 5201 3498 5258 essent
3523 5207 3606 5260 in-

2018 5288 2248 5357 gressio,
2252 5344 2268 5357 '
2281 5273 2450 5332 dicere
2477 5273 2737 5357 regebam.
2778 5273 2963 5357 taque
2986 5289 3103 5327 cum
3142 5285 3463 5357 cogerentur,
3493 5278 3607 5331 aie-

2021 5343 2145 5400 bant
2173 5361 2190 5399 :
2214 5344 2328 5401 Nos
2358 5361 2520 5416 neque
2541 5343 2748 5399 initium
2773 5343 3038 5412 habemus,
3063 5343 3227 5416 neque
3251 5347 3572 5402 nativitatem
3588 5388 3606 5412 ,

2019 5417 2280 5489 principes
2328 5417 2463 5471 enim
2503 5424 2550 5470 et
2574 5417 2841 5489 genitrices
2867 5431 3044 5471 sumus
3061 5416 3606 5489 omniumhvitiorum.

2025 5486 2525 5561 Oppugnatiautem
2559 5486 2756 5543 modice
2789 5502 2892 5561 nos,
2905 5487 3144 5561 contritio
3167 5558 3175 5561 _
3196 5486 3368 5561 cordis
3395 5504 3459 5543 ea:
3487 5487 3611 5561 sub-

2009 5557 2463 5634 jectioneinitium
2491 5574 2736 5634 sumens;
2762 5557 3208 5634 nulliusimperio
3247 5557 3434 5628 subiici
3471 5559 3612 5634 pati-

2021 5627 2162 5700 mur,
2202 5629 2318 5688 ideo
2360 5628 2414 5683 in
2454 5630 2592 5700 caelis
2633 5645 2828 5700 quoque
2869 5629 3142 5684 seditiones
3168 5645 3444 5686 movemus.
3471 5627 3613 5686 'Nos

2024 5700 2105 5774 (ut
2143 5710 2306 5764 totum
2333 5699 2490 5762 simul
2526 5699 2995 5774 audias)’omnium
3028 5716 3146 5775 qua
3190 5709 3310 5760 sunt
3343 5701 3617 5780 contraria.
