4036 6216
560 186 672 249 623

1622 178 1902 236 JOANNIS
1940 177 2255 236 CASSIANI
2291 176 2784 237 COLLATIONES.

3723 189 3815 247 82b

564 304 727 376 parit.
774 299 880 356 Sed
903 298 971 353 ab
1003 298 1111 354 illis
1136 311 1232 353 sex
1270 296 1543 367 prioribus
1572 293 1719 350 vitiis
1744 297 1959 364 penitus
1986 295 2147 351 dissi-
2180 301 2227 358 Α
2256 296 2329 351 ita
2352 311 2569 366 semper
2591 296 2860 365 prioribus
2890 297 3161 366 superatis
3184 338 3199 363 ,
3233 300 3519 366 sequentia
3554 305 3815 375 conquies-

563 399 725 463 dent,
768 409 869 449 nec
896 392 1059 447 simili
1099 407 1219 445 cum
1271 390 1351 444 eis
1386 389 1648 443 societate
1680 388 2037 444 foederantur.
2071 389 2157 444 Si-

459 514 475 543 .-
560 490 783 562 quidem
831 502 940 542 non
989 485 1163 542 solum
1213 482 1415 537 nullam
1445 496 1508 535 ex
1540 481 1644 535 illis
1670 482 2154 536 occasionemsum

558 582 929 657 generationis
983 577 1288 647 accipiunt,
1323 574 1418 630 sed
1466 574 1628 630 etiam
1669 573 1942 629 contrario
1988 574 2154 629 modo

558 688 724 748 atque
753 675 944 730 ordine
980 668 1334 724 suscitantur.
1364 665 1497 720 Nam
1528 665 1636 719 illis
1678 664 1883 719 evulsis
1909 664 2028 719 haec
2059 679 2153 719 ve-

557 768 870 825 hementius
924 763 1286 825 fructiticant,
1339 766 1393 813 et
1446 758 1664 813 illorum
1695 766 1872 811 morte
1908 756 2150 811 vivacius

554 862 825 933 pullulant
875 868 1039 927 atque
1089 860 1465 909 snccrescunt.
1516 851 1669 907 Unde
1715 851 1879 906 etiam
1925 851 2147 906 diverso

554 954 719 1010 modo
762 951 830 1006 ab
877 950 962 1004 bis
986 946 1198 1002 duobus
1222 944 1373 1000 vitiis
1412 945 1817 1013 impugnamur.
1848 943 1905 998 In
1953 958 2147 997 unum-

551 1045 806 1116 quodque
831 1042 976 1097 enim
1008 1040 1229 1095 illorum
1249 1052 1345 1092 sex
1374 1036 1628 1090 vitiorum
1667 1045 1793 1089 tunc
1833 1035 2142 1102 incidimus,

550 1154 673 1194 cum
698 1153 729 1191 a
760 1133 1194 1206 praecedentibus
1218 1145 1407 1186 eorum
1438 1128 1701 1184 fuerimus
1735 1128 1887 1193 elisi;
1922 1129 1975 1182 in
2026 1128 2143 1183 huic

547 1245 681 1286 vero
706 1230 815 1284 duo
841 1229 1077 1282 victores
1104 1236 1158 1280 et
1181 1224 1264 1278 vel
1292 1223 1529 1277 maxime
1553 1230 1676 1290 post
1705 1219 2011 1289 triumphos
2042 1234 2137 1289 pe-

548 1323 850 1378 riclitamur
879 1318 1184 1374 incurrere.
1215 1314 1407 1370 Omnia
1439 1314 1603 1383 igitur
1632 1313 1762 1367 vitia
1785 1311 2141 1382 quemadmo-

548 1415 675 1467 dum
706 1413 1045 1467 incremento
1066 1404 1493 1477 praecedentium
1521 1414 1873 1473 generantur,
1913 1404 1986 1457 ita
2016 1402 2140 1458 illo-

544 1522 666 1559 rum
715 1504 1072 1559 diminutione
1116 1510 1439 1570 purgantur.
1472 1498 1542 1552 Et
1583 1499 1681 1552 hac
1715 1498 1925 1551 ratione
1952 1505 2013 1550 ut
2049 1511 2141 1551 su-

546 1598 735 1664 perbia
778 1597 954 1667 possit
976 1593 1215 1658 excludi,
1245 1591 1545 1647 cenodoxia
1572 1600 1655 1646 est
1678 1589 2043 1660 praefocanda.
2072 1589 2140 1645 Et

2261 401 2421 459 cent,
2453 398 2508 444 et
2558 390 2921 445 exstinctione
2965 391 3389 460 praecedentium
3428 396 3655 451 residua:
3704 412 3812 468 pas-

2257 482 2439 537 siones
2467 481 2673 551 absque
2699 481 2884 537 labore
2915 493 3276 540 marcescent.
3306 487 3373 540 Et
3402 487 3529 543 licet
3556 488 3684 556 haec,
3714 506 3815 561 quas

2256 574 2629 644 praediximus,
2660 580 2785 629 octo
2814 574 2947 630 vitia
2978 575 3068 630 illa
3098 591 3261 647 quam
3298 582 3815 638 commemoravimus

2256 668 2466 722 ratione
2497 667 2735 722 invicem
2765 667 2870 723 sibi
2900 682 3151 724 connexa
3182 680 3345 740 atque
3394 674 3656 741 permixta
3695 676 3813 739 sint,

2254 758 2541 829 specialius
2563 767 2749 813 tamen
2776 759 2828 813 in
2852 769 3086 829 quatuor
3108 761 3521 833 coniugationes
3544 774 3598 820 et
3623 768 3814 836 copulas

2253 851 2604 918 dividuntur;
2633 854 3031 925 gastrimargiae
3078 870 3313 923 namque
3352 857 3643 914 fornicatio
3673 875 3814 930 peca-

2249 946 2376 1002 liari
2412 947 2739 1001 commercio
2776 946 3103 1013 fmderatur,
3139 948 3486 1023 philargyrite
3513 953 3626 1020 ira,
3676 954 3817 1009 tristi-

2250 1040 2339 1093 tiae
2383 1038 2573 1095 acedia
2598 1078 2615 1106 ,
2652 1038 2968 1095 cenodoxite
3019 1040 3275 1111 superbia
3327 1043 3661 1101 familiariter
3702 1060 3815 1103 con-

2241 1131 2499 1203 jungitur.

2853 1245 3083 1303 CAPUT
3121 1246 3225 1303 XI.

2418 1359 2501 1415 De
2526 1360 2728 1432 origine
2749 1368 2801 1415 et
2828 1361 3077 1431 qualitate
3096 1362 3504 1435 uniuscujusque
3532 1364 3664 1418 vitii.

2315 1495 2383 1551 Et
2411 1504 2471 1551 ut
2499 1496 2776 1567 sigillatitn
2804 1510 2948 1552 nunc
2973 1496 3044 1553 de
3068 1497 3502 1568 uniuscujusque
3531 1499 3651 1554 vitii
3677 1514 3816 1570 gene-

2244 1588 2397 1644 ribus
2418 1588 2778 1660 disputemus.
2804 1597 2831 1627 α
2852 1588 3255 1661 Gastrimargiae
3284 1605 3484 1662 genera
3515 1601 3649 1648 sunt
3683 1592 3774 1647 tria
3802 1606 3812 1643 :

1616 1745 1871 1800 ALARDI
1914 1743 2151 1800 GAZAEI
2186 1744 2749 1803 COMMENTARIUS.

538 1873 825 1927 humilitati
856 1870 1122 1944 genitrices
1149 1883 1396 1944 ,ωηιξη-ς
1435 1873 1619 1919 cuncta

541 1934 903 2014 suffragantin
927 1941 1069 2014 nobis
1093 1938 1611 2014 aduetbtssimasunt.
1645 1934 1698 1987 Ν
1703 1950 1759 2014 os
1784 1934 2099 2014 ignominias
2118 1976 2133 2000 ,

540 2006 901 2080 obedientiam,
933 2010 1342 2069 inirascentiam,
1380 2008 1686 2080 oblivionem
1726 2006 2046 2080 iniuriarum
2089 2014 2138 2058 et

539 2075 899 2141 ministerium
934 2083 1075 2153 sequi
1119 2097 1253 2149 stupe
1285 2079 1670 2153 consuevimus.
1728 2075 1898 2153 farra
1953 2077 2135 2153 stirpes

540 2167 731 2211 nostra:
755 2165 874 2209 sunt
900 2146 1246 2221 spiritualium
1276 2150 1487 2220 lapsus,
1521 2146 1833 2221 iracundia,“
1862 2148 2132 2221 detractio,

540 2229 867 2290 amaritudo,
925 2217 1143 2287 clamor,
1193 2217 1360 2293 furor,
1413 2217 2129 2293 blasphemia,_hypocrisis,

540 2300 739 2367 odium,
774 2299 985 2357 invidia,
1032 2290 1406 2367 contradictio,
1440 2290 1535 2345 suo
1558 2307 1711 2361 quant
1738 2290 1951 2367 alterius
1982 2290 2136 2367 malle

537 2372 647 2442 regi
695 2359 1062 2423 moderamine.
1120 2365 1420 2442 Qb‘edientia
1474 2359 1637 2415 unum
1666 2359 1925 2442 et‘salum
1961 2370 2041 2442 est
2078 2360 2132 2413 in

537 2428 638 2508 quva
664 2453 876 2494 conatus
905 2453 1079 2491 omnes
1108 2436 1295 2508 virium
1314 2445 1615 2508 nostrarum
1649 2432 1915 2508 deficiunt.
1950 2428 2132 2508 Itaque

538 2502 629 2563 tibi
658 2521 849 2564 coactae
872 2510 1092 2562 dicimus
1135 2521 1151 2557 :
1178 2507 1220 2557 si
1258 2506 1477 2569 teipsum
1506 2518 1681 2556 coram
1713 2502 1933 2555 Domino
1962 2518 2024 2555 ex
2050 2502 2131 2554 in-

537 2582 665 2633 timo
690 2582 857 2634 cordis
878 2579 1067 2647 affectu
1087 2592 1285 2644 semper
1305 2591 1533 2642 accuses,
1561 2590 1653 2627 nos
1677 2582 1733 2627 ut
1761 2588 1980 2625 araneas
2008 2588 2132 2625 con-

536 2660 748 2705 temnas.
776 2650 939 2715 Nam,
961 2657 1017 2700 ut
1042 2647 1202 2710 vides,
1230 2647 1471 2715 superbia
1495 2655 1565 2698 est
1596 2661 1779 2709 equus,
1805 2658 1955 2713 quem
1981 2659 2131 2696 ceno-

534 2721 696 2774 (toria
725 2720 1052 2782 conscendit;
1097 2720 1186 2770 sed
1217 2726 1395 2770 sancta
1425 2716 1693 2769 humilitas
1716 2756 1730 2778 ,
1762 2725 1807 2768 et
1851 2716 1931 2767 sui
1960 2715 2129 2783 ipsius

527 2793 673 2860 jugis
700 2791 981 2854 accusatio,
1012 2789 1247 2843 ridebunt
1275 2798 1320 2843 et
1346 2804 1550 2858 equum,
1575 2796 1621 2839 et
1644 2801 1967 2860 ascensorem
1991 2788 2124 2855 ejus,

537 2856 946 2934 triuittphaleqtte
972 2877 1179 2913 carmen
1207 2856 1510 2934 suauissime
1531 2866 1791 2934 canentes,
1814 2856 2123 2934 Qantemus,

535 2930 782 2999 inquiunt
817 2974 833 3000 ,
862 2930 1145 2997 'Damino;
1196 2932 1416 3001 gloriose
1466 2930 1627 3001 enim,
1651 2930 2012 3001 magniﬁcatus
2052 2936 2126 3001 est

532 3004 731 3074 (Exod.
756 2999 873 3072 xv),
899 3012 1005 3057 etc.
1032 2999 1303 3074 Hactenus
1330 3002 1567 3074 Joannes
1591 3000 1885 3074 Climacus,
1916 3000 1996 3053 vir
2030 2999 2128 3074 ad-

532 3071 752 3131 modum
784 3074 1083 3145 Spiritualis
1110 3114 1124 3137 ,
1174 3082 1228 3126 et
1256 3073 1309 3125 in
1339 3071 1657 3145 huiusmodi
1700 3071 1863 3145 rebus
1906 3072 2126 3145 egregie

530 3141 899 3201 versaturszt
927 3161 957 3200 e
977 3145 1192 3199 diverso
1222 3151 1329 3196 stat
1354 3142 1599 3195 doctrina
1629 3141 1693 3194 Ι).
1728 3141 2006 3209 Gregorii,
2031 3142 2122 3209 qui

529 3215 1134 3301 superbiammmnium
1169 3215 1692 3305 .vitiorumlmlatrem
1716 3252 1730 3275 ,
1778 3222 1832 3293 et
1875 3212 2119 3305 reginam
2148 3240 2194 3305 C

528 3281 765 3357 statuit,
826 3287 1056 3357 ejusque
1100 3282 1624 3357 primamgsnbolgnt
1667 3281 1923 3357 nominat
1952 3296 2121 3357 ceno-

528 3350 780 3425 doxinmr,
834 3350 929 3413 seu
969 3350 1193 3411 inanem
1224 3355 1495 3425 gloriam;
1530 3352 1741 3425 Prima,
1778 3353 1951 3425 inquit
1979 3350 2117 3425 (Lib.

528 3446 654 3485 xxxr
680 3423 817 3484 Mor.
848 3446 893 3483 c.
924 3429 1040 3494 51),
1062 3426 1317 3496 superbia:
1338 3424 1554 3489 soboles,
1576 3423 1747 3496 inanis
1768 3423 1956 3494 gloria,
1983 3423 2115 3496 ἐξω..

526 3503 612 3555 cui
646 3515 700 3557 et
746 3501 1024 3570 Scriptura
1057 3493 1208 3570 S.'et
1241 3498 1420 3570 ratio,
1460 3505 1515 3570 et
1539 3493 2117 3570 auctoritas-omnium

524 3574 692 3628 tlteol.
727 3563 1091 3641 suifragantur
1120 3569 1208 3641 (S.
1235 3567 1420 3641 (Thom,
1471 3564 1591 3626 2-2,
1624 3582 1677 3636 q.
1714 3564 1852 3641 152,
1885 3573 1987 3619 art.

526 3654 585 3697 ut
612 3645 741 3701 alibi
769 3637 1104 3698 ostendimus
1131 3637 1273 3711 (Lib.
1304 3656 1353 3692 ν.
1382 3637 1517 3692 Inst.
1548 3654 1595 3690 c.
1626 3641 1681 3703 i,
1708 3638 1937 3711 et_l.x1t.
1967 3653 2012 3689 c.
2038 3637 2113 3706 ί).

523 3715 711 3786 Itaque
738 3714 1035 3786 videndum
1062 3708 1165 3786 qua
1198 3712 1423 3786 ratione
1441 3714 1556 3762 tunc
1582 3708 1872 3786 conciliari
1890 3718 2113 3786 queant.

520 3779 812 3855 Cajetanus
857 3785 951 3851 (ad
1000 3779 1305 3850 S.’Thom.,
1338 3780 1657 3855 ubi_supra)
1693 3779 1967 3855 subtiliter
1993 3779 2117 3855 qui-

520 3850 643 3911 dem
676 3868 730 3913 et
779 3850 1137 3919 subobscure,
1165 3864 1224 3907 ut
1249 3856 1408 3913 solet.
1444 3850 1586 3906 hunc
1623 3851 1822 3905 nodum
1867 3850 2029 3905 solvit
2059 3852 2113 3905 in

518 3926 664 3983 hunc
695 3929 912 3982 modum
943 3943 955 3977 :
989 3924 1317 3989 Notandum,
1350 3924 1543 3992 inquit,
1574 3921 1720 3991 quod
1753 3922 1877 3991 quia
1902 3921 2025 3992 linis
2056 3930 2113 3975 et

519 4000 755 4053 medium
780 3998 846 4051 ad
875 3999 1032 4051 linem
1058 3995 1213 4047 aliter
1234 4010 1293 4047 se
1317 3991 1515 4047 habent
1535 3992 1836 4046 secundum
1860 3991 2109 4046 ordinem

515 4069 837 4124 intentionis
857 4108 870 4133 ,
902 4076 958 4121 et
989 4065 1149 4119 aliter
1180 4064 1478 4117 secundum
1511 4062 1758 4115 ordinem
1801 4061 2110 4133 exsecutio-

514 4142 621 4206 nis,
648 4139 797 4207 prius
824 4131 969 4193 enim
994 4146 1075 4189 est
1101 4134 1155 4187 in
1179 4133 1479 4207 intentione
1505 4133 1709 4207 sanitas
1741 4147 1897 4197 quam
1931 4131 2107 4207 medi-

515 4201 662 4273 cina,
689 4210 743 4261 in
773 4207 1121 4262 exsecutione
1146 4213 1324 4258 autem
1358 4205 1503 4271 prius
1530 4201 1815 4256 adhibetur
1838 4201 2104 4258 medicina

513 4295 675 4346 quam
705 4281 1019 4343 acquiratur
1050 4276 1292 4339 sanitas;
1324 4274 1447 4346 ideo
1467 4288 1595 4346 cum
1623 4273 1878 4340 superbia
1913 4283 1967 4327 et
1992 4275 2106 4328 ina-

514 4344 603 4403 nis
630 4350 803 4419 gloria
836 4364 894 4403 se
921 4347 1157 4419 habeant
1178 4355 1237 4399 ut
1260 4345 1380 4399 linis
1403 4344 1738 4419 et‘medium,
1762 4346 1915 4419 prior
1942 4347 2099 4400 estin

512 4414 812 4475 intentione
836 4417 1157 4474 excellentia
1188 4432 1307 4485 qua:
1339 4425 1423 4470 est
1447 4414 1569 4468 finis
1595 4415 1896 4483 superbire,
1939 4430 2098 4483 quam

510 4491 827 4561 apparentia
876 4490 949 4561 (id
1005 4497 1125 4561 est,
1171 4486 1538 4561 manifestatio
1580 4485 1917 4561 excellentia:
1959 4488 2098 4561 apud

508 4556 670 4632 alios)
719 4577 840 4630 qum
868 4556 948 4615 est
992 4559 1119 4614 ﬁnis
1169 4558 1345 4632 inanis
1377 4559 1581 4632 glorite.
1636 4556 1743 4612 Sed
1799 4559 2095 4613 secundum

1705 1864 1856 1933 uippe
1889 1879 2003 1933 qua:
2054 1862 2136 1917 illi
2166 1867 2214 1926 B
2241 1863 2518 1933 loquendo
2566 1863 2742 1917 inanis
2768 1862 2938 1934 gloria
2966 1871 3023 1917 et
3044 1861 3296 1931 superbia
3328 1872 3441 1929 est,
3473 1866 3724 1934 quamvis
3761 1880 3815 1921 ex

2243 1946 2395 2007 parte
2424 1932 2893 2007 nostriisuperbia
2938 1932 3622 2007 nonnqmquamiexihani
3666 1937 3815 2007 gloria

2241 2006 2467 2059 oriatur.
2502 2004 2575 2058 Ita
2610 2006 2722 2059 fere
2751 2004 3068 2076 Ciajetanus.
3104 2004 3183 2058 Ex
3213 2021 3319 2073 quo
3347 2004 3698 2076 intelligimus
3738 2022 3816 2061 su-

2240 2076 2480 2146 perbiam
2504 2076 2607 2129 dici
2634 2075 2954 2146 cenodoxite
2982 2086 3208 2130 matrem
3228 2116 3243 2140 ,
3277 2084 3332 2129 et
3358 2086 3549 2131 contra
3576 2120 3595 2143 ,
3636 2079 3723 2134 sed
3746 2078 3814 2133 di-

2238 2144 2397 2201 versa
2454 2146 2685 2200 ratione.
2735 2144 2869 2201 Cum
2918 2146 3061 2200 enim
3118 2146 3389 2216 objectum
3435 2150 3707 2215 superbia:
3753 2150 3815 2203 sit

2237 2217 2455 2287 propria
2488 2218 2834 2281 excellentia,
2864 2217 3137 2286 objectum
3171 2227 3351 2272 autem
3382 2232 3479 2272 seu
3513 2219 3641 2274 linis
3660 2236 3811 2276 ceno-

2238 2289 2414 2342 doxim
2445 2289 2812 2343 manilestatio
2834 2289 2992 2344 istius
3019 2288 3382 2355 excellentia,
3420 2292 3719 2346 secundum
3742 2292 3812 2347 rei

2237 2370 2487 2414 naturam
2531 2360 2680 2430 prius
2701 2368 2785 2414 est
2810 2367 3069 2429 appetere
3090 2360 3473 2415 excellentiam
3494 2402 3511 2424 ,
3554 2364 3700 2431 quod
3742 2373 3812 2417 est

2234 2431 2548 2499 superbiae,
2605 2446 2765 2501 quam
2813 2439 3073 2501 appetere
3121 2430 3623 2488 tnanifestationem
3689 2434 3810 2489 illius

2235 2502 2611 2569 excellentiae,
2645 2501 2788 2569 quod
2839 2512 2923 2556 est
2974 2505 3253 2571 proprium
3305 2501 3651 2559 cenodoxiaz.
3693 2506 3810 2573 Quia

2234 2582 2414 2629 tamen
2445 2589 2513 2627 ex
2542 2574 2979 2645 manifestatione
3006 2582 3219 2645 nostra;
3250 2574 3595 2629 excellentia:
3633 2586 3683 2631 et
3704 2591 3812 2645 per-

2232 2646 2480 2698 fectionis
2508 2644 2775 2716 contingit
2805 2658 2904 2699 nus
2934 2643 3169 2716 subinde
3200 2645 3375 2716 magis
3420 2643 3735 2716 superbire,
3764 2656 3812 2701 et

2233 2730 2328 2782 per
2360 2720 2499 2770 hanc
2522 2715 2813 2784 dignitates
2842 2726 2895 2769 et
2924 2715 3106 2769 ofﬁcia
3136 2715 3374 2776 ambire;
3408 2716 3532 2769 ideo
3553 2734 3666 2774 non
3689 2715 3809 2772 male

2231 2789 2395 2859 etiam
2437 2786 2636 2841 dicitur
2659 2786 2957 2859 cenodoxia
2987 2797 3162 2859 mater
3193 2794 3248 2841 et
3275 2788 3431 2853 origo
3461 2802 3591 2859 esse
3636 2804 3808 2859 super-

2231 2854 2358 2927 biaz,
2417 2873 2525 2923 quo
2552 2858 2713 2912 modo
2736 2858 2932 2925 exponi
2969 2856 3171 2913 debent
3198 2873 3319 2927 quae
3348 2858 3487 2926 apud
3527 2854 3808 2915 Climaeum

2230 2926 2499 2997 leguntur.
2528 2928 2618 2984 Sic
2649 2931 2794 2984 enim
2821 2927 3112 2997 Cajetanus
3142 2926 3605 2998 ad’objectionem
3630 2948 3691 2988 ex
3721 2932 3809 2985 hoc

2231 2998 2350 3053 loco
2372 3000 2471 3055 sibi
2499 2999 2692 3054 factam
2726 3000 3040 3070 respondet.

2300 3078 2327 3106 ⁸
2352 3071 2645 3125 Cassianus
2668 3071 2765 3126 lib.
2796 3087 2829 3125 v
2880 3070 3114 3124 Institut.
3164 3084 3285 3138 cap.
3334 3070 3406 3124 25
3437 3088 3449 3122 :
3478 3070 3697 3138 Triplex
3724 3089 3808 3126 na-

2229 3147 2348 3213 tura
2379 3150 2453 3195 est
2484 3142 2885 3213 gastrimargite,
2919 3158 3024 3194 una
3052 3156 3168 3212 qua:
3188 3141 3491 3194 canonicam
3525 3145 3806 3211 refectionis

2226 3208 2411 3264 harant
2464 3208 2740 3285 prterenire
2768 3208 3093 3285 'contpellit';
3140 3214 3247 3265 alia
3299 3228 3416 3285 qua:
3463 3208 3807 3268 tantummodo

2226 3285 2418 3336 ventris
2448 3284 2676 3353 ingluvie
2717 3294 2766 3337 et
2796 3284 3063 3337 saturitate
3089 3284 3432 3354 quarumlibet
3457 3289 3653 3353 gaudet
3678 3302 3808 3338 esca-

2225 3366 2381 3416 rum;
2409 3355 2580 3418 tertia,
2610 3370 2723 3421 qua:
2740 3354 3150 3408 accuratiaribus
3173 3354 3297 3407 cibis
3319 3364 3366 3407 et
3389 3354 3805 3410 esculentioribus

2225 3423 2550 3496 delectatum
2578 3423 2707 3480 Haec
2759 3426 2851 3479 ibi.
2908 3424 3081 3479 Porro
3118 3425 3271 3496 Hugo
3310 3440 3339 3478 a
3371 3425 3432 3479 S.
3467 3425 3680 3481 Victore
3722 3427 3804 3495 (de

2223 3490 2466 3549 Institut.
2498 3493 2764 3551 Novitior.
2808 3512 2925 3568 cap.
2960 3496 3048 3566 19)
3074 3504 3184 3551 tres
3205 3490 3393 3550 itidem
3422 3490 3800 3568 gastrimarg'ia;

2221 3578 2318 3619 seu
2362 3568 2506 3637 gulze
2552 3568 2766 3637 species
2808 3567 3081 3631 insinuat,
3127 3577 3183 3621 et
3240 3575 3430 3621 contra
3478 3583 3571 3622 eas
3613 3567 3803 3637 triplici

2222 3638 2480 3692 utendum
2503 3639 2756 3695 cautione
2774 3640 2887 3694 sive
2900 3638 3279 3694 observatione
3294 3639 3511 3709 egregie
3533 3639 3799 3703 admonet,

2220 3718 2273 3760 et
2302 3710 2598 3764 monachos
2642 3711 2781 3777 gula:
2822 3709 2969 3765 vitiis
3000 3709 3214 3763 deditos
3254 3709 3448 3762 mirum
3490 3711 3544 3764 in
3590 3710 3796 3765 modum

2220 3777 2462 3851 depingit
2493 3782 2577 3835 his
2608 3783 2828 3843 verbis‘:
2856 3780 3087 3851 Triplex,
3115 3780 3310 3849 inquit,
3342 3780 3630 3835 observatio
3650 3783 3801 3836 disci-

2217 3848 2378 3919 ptime
2388 3848 2444 3906 in
2456 3854 2567 3907 cibo
2584 3868 2603 3906 :
2628 3857 2683 3907 i0
2704 3848 2990 3906 observatio
3004 3853 3061 3906 in
3072 3868 3129 3905 eo
3140 3848 3264 3921 quid
3281 3862 3485 3918 sumat;
3502 3852 3563 3905 2°
3576 3855 3800 3906 observa—

2220 3920 2290 3973 tio
2307 3922 2360 3975 in
2379 3940 2436 3975 ea
2450 3933 2702 3993 quantum
2719 3931 2888 3977 sumat
2908 3922 2996 3987 ;5°
3009 3920 3292 3977 observatio
3307 3923 3357 3975 in
3375 3938 3433 3975 eo
3445 3925 3701 3986 quomodo
3716 3940 3797 3977 stt-

2215 4003 2339 4045 mat.
2370 3993 2668 4049 Observatio
2689 3996 2816 4047 ineo
2842 3995 2963 4064 quid
2984 3993 3241 4057 sumat,id
3266 4005 3362 4058 est,
3390 4002 3446 4045 ut
3470 4010 3634 4063 neque
3654 3995 3799 4049 nimis

2216 4065 2443 4128 pretiosa
2475 4077 2520 4118 et
2560 4066 2785 4117 delicata
2817 4074 3050 4135 expetat,
3075 4080 3168 4117 nec
3196 4065 3352 4117 nimis
3381 4080 3507 4118 rara
3531 4077 3577 4119 et
3597 4066 3796 4118 insolita

2214 4136 2468 4201 requirat,
2497 4153 2592 4188 nec
2618 4136 2771 4188 nimis
2794 4136 2937 4189 laute
2963 4145 3009 4189 et
3026 4143 3267 4188 accurate
3294 4147 3588 4204 praeparata
3614 4153 3799 4190 conru-

2212 4204 2395 4277 piscat.
2431 4204 2497 4259 In
2530 4207 2695 4275 prima
2718 4209 2854 4260 enim
2887 4208 3041 4261 luxus
3064 4207 3302 4277 arguitur
3323 4246 3337 4270 ,
3366 4206 3438 4277 in,
3459 4209 3682 4261 secunda
3708 4224 3796 4260 cu-

2209 4274 2456 4347 riositas,
2504 4274 2557 4329 in
2596 4278 2745 4331 tertio
2782 4279 3079 4344 superstitio
3127 4274 3359 4329 natatur.
3405 4276 3542 4330 Sunt
3584 4294 3795 4347 namque

2208 4346 2421 4412 quidam
2440 4388 2456 4412 ,
2485 4363 2703 4417 quorum
2732 4351 2908 4419 fauces
2929 4350 3053 4403 satis
3068 4346 3294 4402 ridicula
3307 4347 3607 4419 inﬁrmitate
3626 4364 3792 4417 aegro-

2209 4425 2342 4482 tant,
2374 4434 2492 4491 qua:
2521 4419 2623 4472 nisi
2652 4418 2867 4491 pinguia
2907 4430 2953 4473 et
2994 4419 3214 4474 delicata
3245 4418 3499 4491 deglutire
3520 4434 3620 4491 non
3663 4434 3790 4491 posf

2206 4498 2347 4562 sunt.
2392 4488 2463 4542 Et
2510 4492 2556 4543 si
2579 4488 2786 4559 quando
2816 4493 2888 4545 eis
2915 4493 3059 4562 parci
3100 4500 3189 4543 aut
3233 4488 3459 4562 frugales
3491 4488 3585 4539 cibi
3627 4490 3792 4541 oblati

2170 4612 2175 4627 ,
2208 4559 2419 4626 fuerint,
2450 4562 2623 4615 statim
2654 4570 2743 4615 aut
2766 4559 3160 4628 indigestianem
3181 4559 3429 4615 stomachi
3447 4602 3461 4626 ,
3491 4566 3575 4613 aut
3601 4567 3787 4628 pecto-

507 4628 754 4686 urdinem
788 4632 1156 4687 exsecutionis
1190 4630 1364 4697 primo
1386 4628 1689 4702 (qumrimus
1718 4642 2003 4697 apparere,
2040 4641 2098 4685 ut
2127 4630 2179 4687 1)
2201 4629 2276 4702 ris
2305 4632 2608 4699 siccitatem,
2636 4643 2726 4686 aut
2745 4628 3119 4702 oppilationem
3146 4632 3353 4702 capitis,
3376 4642 3465 4685 aut
3486 4632 3527 4685 si
3548 4646 3646 4702 qua
3668 4640 3791 4684 sunt

507 4704 780 4757 manifesti
819 4704 932 4777 jam
961 4710 1028 4777 _et
1074 4702 1206 4755 clari
1243 4700 1620 4777 excellentiam
1671 4713 2093 4777 conseqpamur.

506 4778 771 4839 Quaerunt
799 4770 1062 4843 siquidem
1092 4771 1311 4839 superbi
1340 4770 1683 4843 manifestare
1710 4785 1791 4836 se,
1812 4770 2092 4843 tamquam

504 4848 728 4908 virtute,
779 4840 875 4899 aut
904 4852 1198 4914 potestate,
1246 4849 1338 4895 aut
1364 4840 1630 4894 industria
1679 4840 1934 4914 pra-ditas
1964 4884 1977 4908 ,
2037 4852 2095 4897 ut

504 4917 775 4971 manifesti
822 4911 1075 4970 amentur
1121 4922 1176 4967 et
1229 4914 1596 4976 hortarentur;
1628 4911 1792 4965 amati
1824 4923 2001 4967 autem
2044 4922 2099 4968 et

502 4988 777 5053 honorati,
808 4986 940 5041 clari
966 4984 1288 5039 habeantur.
1312 4984 1409 5050 Qui
1437 4993 1614 5037 autem
1642 4982 1862 5052 gloriosi
1888 4982 2096 5039 haben-

502 5070 609 5122 tur,
646 5062 697 5113 in
732 5058 978 5130 proximo
1009 5056 1658 5130 sunt_nt_exa|tentur__ad
1712 5053 2000 5130 dignitates
2039 5065 2095 5110 et

500 5124 890 5195 (excellentias;
923 5136 979 5184 et
1009 5128 1088 5183 sic
1117 5126 1291 5196 gloria
1319 5135 1403 5181 est
1441 5124 1678 5180 medium
1719 5124 1786 5179 ad
1818 5127 2091 5182 excellen-

500 5201 629 5255 tiam
659 5200 1045 5270 acquirendam
1068 5240 1089 5270 ί,
1133 5206 1188 5251 et
1218 5213 1313 5270 per
1341 5197 1444 5251 hoc
1475 5198 1745 5270 oriturex
1797 5198 2052 5263 superbia
2072 5239 2086 5263 ,

496 5272 639 5326 sicut
668 5267 903 5327 medium
936 5285 999 5327 ex
1052 5269 1183 5324 ﬁne.
1214 5268 1399 5322 Oritur
1431 5267 1783 5321 nihilominus
1823 5270 1992 5337 gloria
2020 5284 2085 5323 ex

496 5343 855 5406 excellentia,
889 5352 1163 5410 tamquam
1191 5341 1374 5408 passio
1405 5355 1470 5392 ex
1501 5340 1777 5406 subjecto,
1814 5340 1941 5410 dum
1991 5354 2087 5393 ex-

494 5416 702 5469 cellere
748 5414 928 5469 minus
975 5414 1348 5477 restimamus,
1398 5409 1502 5465 nisi
1531 5410 1715 5464 veniat
1759 5410 1810 5462 in
1853 5409 2082 5463 aliorum

492 5486 774 5552 notitiam,
806 5484 956 5554 juxta
986 5482 1120 5554 illud
1167 5498 1181 5535 :
1217 5480 1365 5554 Scire
1412 5491 1557 5533 tuum
1589 5480 1719 5554 nihil
1750 5489 1859 5549 est,
1888 5481 2012 5554 nisi
2037 5490 2085 5534 te

491 5556 625 5609 scire
693 5550 962 5610 hoc'sciat
1013 5552 1162 5605 alter.
1200 5553 1386 5607 Ambae
1436 5561 1618 5606 autem
1658 5552 1815 5607 dicta:
1862 5550 2083 5620 propin-

490 5627 727 5694 quitates
749 5668 763 5690 ,
808 5624 1181 5694 connexiones
1210 5633 1262 5677 et
1289 5622 1668 5692 dependentize
1706 5636 1767 5677 se
1804 5631 1985 5694 tenent
2014 5637 2082 5677 ex

488 5691 649 5769 parte
668 5710 851 5753 rerum
880 5691 1177 5750 secundum
1198 5706 1280 5761 se,
1307 5701 1363 5748 et
1387 5702 1675 5763 propterea
1695 5692 1996 5751 secundum
2021 5707 2083 5757 se

2203 4701 2349 4767 talia,
2372 4706 2441 4756 ad
2462 4703 2679 4772 frivolas
2696 4705 3049 4758 excusationes
3068 4701 3420 4773 praetendunt.
3449 4701 3790 4757 Aliidelicias

2202 4782 2252 4845 et
2280 4774 2460 4827 luxum
2492 4776 2718 4828 ciborum
2751 4790 2941 4845 magna
2964 4776 3256 4828 constantia
3275 4784 3618 4842 aspernantur
3642 4815 3657 4838 ,
3700 4776 3792 4829 sed

2199 4842 2262 4894 ab
2292 4845 2364 4897 eis
2410 4846 2593 4899 iterum
2633 4862 2734 4899 non
2764 4842 2951 4899 minari
2996 4857 3085 4899 aut
3133 4844 3474 4899 tolerabiliori
3500 4847 3789 4915 petulantia

2198 4916 2550 4969 communium
2576 4916 2885 4971 cibariorum
2912 4933 3038 4970 usus
3072 4917 3279 4969 omnino
3309 4916 3610 4983 despicitur.
3639 4915 3789 4970 Noua

2199 4989 2434 5051 quiedam
2466 4996 2511 5040 et
2556 4988 2767 5041 insolita
2795 4987 3023 5041 ciborum
3066 5004 3252 5057 genera
3300 4989 3596 5058 exquirunt,
3630 4988 3706 5040 ita
3737 4997 3791 5040 ut

2196 5071 2333 5121 saepe
2353 5068 2564 5128 propter
2585 5059 2742 5112 unius
2769 5069 2991 5113 uentrem
3024 5059 3246 5111 hominis
3270 5073 3362 5128 per
3390 5074 3566 5112 omnes
3592 5059 3790 5111 circum

2200 5143 2359 5200 pagos
2383 5130 2537 5182 turba
2565 5130 2878 5200 famulorum
2906 5131 3166 5183 discurrat
3185 5171 3199 5191 .
3256 5139 3303 5182 et
3358 5131 3445 5184 vix
3476 5130 3683 5182 tandem
3713 5130 3790 5183 uel

2197 5198 2400 5273 ignotas
2431 5201 2505 5273 de
2524 5198 2736 5255 desertis
2763 5202 2944 5273 procul
2968 5201 3224 5273 montibus
3253 5200 3453 5273 radices
3483 5201 3747 5273 evellenda
3772 5239 3788 5264 ,

2195 5271 2274 5342 vel
2311 5271 2564 5342 pauculos
2606 5273 2670 5325 de
2699 5271 2814 5326 imis
2842 5271 3135 5341 gurgitibus
3181 5272 3451 5342 profunda
3476 5272 3792 5327 scrutatione

2195 5340 2471 5411 pisciculos
2501 5344 2772 5407 trahendo,
2804 5340 2907 5396 sive
2936 5340 3288 5411 intempestiva
3315 5343 3379 5395 de
3411 5344 3678 5396 arentibus
3702 5358 3793 5394 ru-

2195 5410 2318 5465 betis
2348 5414 2559 5467 arbusta
2590 5414 2878 5485 colligendo
2903 5455 2918 5479 ,
2950 5410 3105 5485 unius
3144 5414 3403 5485 appetitus
3444 5415 3790 5483 petulantiam

2193 5497 2509 5567 compescere
2537 5495 2710 5567 queat.
2735 5484 2804 5538 Et
2824 5501 2951 5564 sane
2980 5484 3106 5567 mihi
3128 5484 3233 5567 non
3257 5485 3385 5538 satis
3401 5495 3577 5567 patere
3596 5492 3786 5554 potest,

2189 5558 2327 5628 quod
2356 5556 2537 5628 vitium
2583 5556 2707 5610 istos
2753 5558 3004 5628 exagitet,
3037 5557 3137 5610 nisi
3164 5560 3297 5626 forte
3315 5556 3445 5628 quia
3482 5571 3571 5624 per
3601 5572 3789 5628 quam:

2187 5624 2322 5698 dam,
2339 5627 2501 5681 animi
2525 5624 3061 5681 insolentiam'multos
3083 5628 3135 5680 in
3161 5624 3255 5680 suo
3272 5626 3514 5698 obsequio
3530 5624 3785 5695 occupari

2185 5697 2445 5769 gaudent,
2471 5698 2575 5754 sive
2602 5699 2725 5770 quia
2769 5714 2859 5770 per
2892 5708 3143 5757 tumorem
3168 5697 3413 5756 elationis
3435 5698 3644 5754 steteris
3674 5712 3788 5753 om-
