4026 6204
212 362 313 420 625

999 358 1336 419 COLLATLO
1371 358 1441 417 ν.
1465 388 1536 406 --
1564 360 1658 418 DE
1697 358 1878 420 OCTO
1912 359 2429 420 PRINCIPAUBUS
2468 362 2691 421 VITIIS.

3373 370 3482 429 626

210 472 455 529 Primum
476 511 492 538 ,
523 470 672 543 quod
703 470 775 527 ad
807 470 1157 529 refectionem
1183 482 1437 544 pernrget
1463 472 1796 531 monachum
1817 477 1874 537 Α
1896 474 2057 545 adjici
2082 475 2383 545 poscimus,
2426 476 2545 531 aliis
2573 476 2862 547 displicere
2884 517 2900 546 ,
2931 485 2987 535 et
3010 478 3314 536 invenimur
3341 482 3481 553 inju-

214 572 341 618 ante
370 562 571 617 horam
598 570 858 618 statutam
878 576 943 619 ac
967 561 1260 633 legitimam
1283 562 1569 632 festinam;
1598 579 1800 621 secun-

214 654 342 709 dum
361 698 377 723 ,
422 654 569 725 quod
594 654 903 725 expletione
927 655 1141 711 ventris
1168 663 1223 710 et
1249 654 1611 726 quarumlibet
1643 670 1799 712 esca-

216 762 339 801 rum
372 746 671 801 voracitate
700 747 911 802 laetatur
936 763 953 812 ;
983 746 1232 813 tertium,
1260 746 1408 816 quod
1434 748 1799 804 accuratiores

217 854 282 894 ac
312 839 739 895 delicatissimos
759 838 1031 896 desiderat
1061 838 1234 895 cibos.
1268 838 1401 907 Quae
1429 840 1534 895 tria
1558 854 1668 896 non
1694 840 1800 896 levi

217 930 503 1000 dispendio
548 931 871 987 monachum
896 930 1119 999 feriunt,
1160 930 1266 986 nisi
1304 931 1375 986 ab
1405 932 1656 987 omnibus
1684 932 1801 989 istis

217 1023 334 1091 pari
363 1021 547 1078 studio
574 1032 736 1094 atque
756 1024 1100 1080 observantia
1148 1026 1504 1096 semetipsum
1544 1026 1802 1097 expedire

214 1115 575 1171 contenderit.
617 1116 749 1170 Nam
799 1115 1257 1186 quemadmodum
1305 1117 1579 1173 absolutio
1609 1116 1801 1187 jejunii

214 1217 343 1263 ante
369 1206 557 1262 horam
586 1207 899 1263 canonicam
931 1208 1239 1264 nullatenus
1266 1208 1645 1278 praesumenda
1676 1217 1759 1264 est
1780 1248 1798 1274 ,

215 1298 291 1354 ita
321 1306 377 1354 et
406 1299 605 1354 ventris
627 1299 898 1370 ingluvies
925 1308 981 1354 et
1000 1314 1253 1356 escarum
1278 1308 1597 1370 sumptuosa
1636 1308 1802 1369 atque

212 1389 479 1459 exquisita
524 1390 852 1459 praeparatio
888 1390 1143 1446 similiter
1185 1390 1534 1460 amputanda.
1581 1389 1663 1446 Ex
1717 1390 1801 1446 his

212 1482 355 1536 enim
385 1482 557 1538 tribus
586 1482 767 1538 causis
785 1483 1021 1538 diversae
1045 1496 1110 1537 ac
1131 1481 1386 1553 pessimae
1412 1490 1440 1520 ι
1471 1481 1801 1539 valetudines

210 1571 405 1627 animae
432 1584 812 1641 procreantur.
843 1572 978 1628 Nam
1000 1572 1069 1629 de
1085 1572 1259 1643 prima
1282 1572 1596 1628 monasterii
1619 1572 1800 1628 odium

208 1663 458 1732 gignitur
482 1704 496 1730 ,
536 1674 699 1734 atque
722 1664 921 1719 exinde
952 1663 1178 1731 horror,
1211 1675 1266 1721 et
1292 1663 1631 1719 intolerantia
1655 1663 1801 1734 ejus-

210 1755 343 1809 dem
400 1757 708 1811 concrescit
756 1755 1091 1822 habitaculi,
1134 1770 1291 1827 quam
1321 1755 1437 1811 sine
1459 1754 1625 1811 dubio
1670 1769 1799 1811 mox

1902 571 2041 623 riam
2066 568 2277 634 multis,
2308 566 2437 623 dum
2469 578 2672 625 nostra:
2698 570 2839 640 gula:
2865 584 2932 626 ac
2965 571 3239 628 desiderio
3264 574 3482 629 satisfa-
3586 566 3609 645 ,ί

1900 673 2027 716 cere
2050 660 2331 730 cupimus,
2365 659 2609 731 irrogare
2641 679 2657 717 :
2689 672 2915 732 propter
2955 664 3102 734 quod
3150 664 3481 720 omnimodis

1902 751 2020 808 haec
2037 751 2091 807 in
2113 751 2272 808 nobis
2298 762 2383 808 est
2411 753 2724 825 castiganda
2751 755 2996 812 libertas.
3030 767 3054 796 ⁸
3083 757 3482 814 Fornicationis
3579 788 3588 818 ς

1899 858 2101 915 genera
2122 852 2249 900 sunt
2276 844 2379 900 tria
2410 862 2424 897 :
2452 846 2684 915 primum
2702 888 2718 913 ,
2748 847 2892 916 quod
2920 862 3017 915 per
3039 849 3481 906 commixtionem

1900 950 2064 990 sexus
2089 935 2377 1006 utriusque
2405 936 2683 1005 perficitur
2707 952 2723 1003 ;
2750 937 3079 1005 secundum,
3110 940 3254 1007 quod
3275 941 3480 1011 absque
3508 951 3518 963 '
3566 940 3589 1006 ﬁ

1902 1024 2140 1081 femineo
2173 1034 2351 1093 tactu,
2377 1041 2477 1096 pro
2506 1042 2613 1097 quo
2640 1027 2793 1083 Onan
2817 1029 3142 1100 patriarchae
3165 1030 3315 1086 Juda‘.
3337 1032 3480 1087 filius

1901 1132 1934 1171 a
1982 1116 2213 1172 Domino
2266 1132 2559 1187 percussus
2607 1118 2832 1189 legitur,
2888 1120 3032 1191 quod
3088 1121 3141 1176 in
3188 1120 3481 1191 Scripturis

1901 1210 2108 1264 sanctis
2123 1209 2468 1265 immunditia
2496 1220 2840 1281 nuncupatur
2860 1211 3074 1283 (Genes.
3107 1214 3364 1283 xxxvm),
3393 1230 3481 1272 su-

1903 1315 2000 1368 per
2042 1314 2151 1370 quo
2200 1302 2496 1370 Apostolus
2528 1319 2541 1356 :
2571 1300 2703 1356 Dico
2739 1312 2911 1357 autem
2939 1305 3175 1375 innuptis
3191 1314 3242 1358 et
3268 1304 3439 1363 viduis
3462 1344 3479 1370 ,

1901 1392 2089 1447 bonum
2106 1400 2182 1449 est
2206 1392 2313 1449 illis
2343 1395 2391 1449 si
2418 1395 2493 1448 sic
2518 1397 2896 1464 permanserint
2916 1398 3049 1452 sicut
3078 1406 3127 1452 et
3151 1413 3243 1468 ego
3276 1396 3327 1467 (1
3358 1397 3480 1452 Cor.

1903 1482 1970 1552 7)
2002 1500 2016 1538 :
2044 1483 2180 1551 quod
2205 1484 2251 1538 si
2279 1500 2333 1539 se
2352 1500 2455 1539 non
2480 1485 2772 1556 continent,
2791 1487 3022 1554 nubant;
3044 1486 3229 1542 melius
3251 1495 3325 1541 est
3346 1488 3482 1541 enim

1902 1574 2093 1629 nubere
2125 1590 2278 1643 quam
2326 1575 2448 1643 uri;
2495 1576 2742 1645 tertium,
2784 1577 2930 1646 quod
2971 1579 3152 1633 animo
3201 1593 3266 1633 ac
3302 1589 3482 1632 mente

1901 1665 2222 1734 concipitur.
2258 1665 2333 1721 De
2351 1681 2459 1734 quo
2480 1666 2742 1722 Dominus
2767 1668 2821 1722 in
2844 1667 3144 1739 Evangelio
3160 1709 3175 1735 ,
3212 1668 3314 1735 Qui
3339 1668 3482 1721 uide-

1901 1755 1970 1809 rit
1994 1756 2259 1811 mulierem
2286 1757 2355 1810 ad
2385 1758 2858 1825 concupiscendum
2901 1775 3036 1824 eam,
3059 1761 3176 1832 jam
3202 1760 3482 1813 moechatus

209 1845 482 1901 discessio
509 1856 600 1901 aut
630 1847 753 1917 fuga
791 1848 1135 1904 velocissima
1180 1848 1560 1919 subsequetur.
1611 1848 1690 1903 De
1710 1862 1798 1905 se-
1824 1855 1874 1916 ];
1900 1858 1973 1902 est
2003 1864 2113 1902 eam
2142 1846 2197 1902 in
2218 1848 2373 1903 corde
2388 1865 2483 1903 suo
2509 1848 2723 1921 (Matth.
2749 1848 2827 1922 v).
2851 1850 2981 1919 Quae
3010 1851 3109 1907 tria
3130 1866 3325 1922 genera
3353 1852 3484 1907 bea—

208 1936 389 1992 cunda
424 1939 577 2008 igniti
608 1938 838 1995 luxuriat
867 1949 923 1996 et
949 1940 1185 1996 libidinis
1220 1940 1395 1997 aculei
1440 1939 1794 1996 suscitantur.

209 2028 395 2085 Tertia
421 2032 587 2086 etiam
624 2033 1027 2090 inextricabiles
1054 2033 1399 2105 pbilargyriae
1420 2034 1644 2105 laqueos
1670 2049 1797 2091 nec-

210 2124 274 2178 tit
300 2124 608 2180 cervicibus
636 2127 995 2197 captivorum,
1026 2142 1129 2183 nec
1153 2128 1445 2199 aliquando
1472 2126 1797 2183 monachum

208 2214 345 2268 sinit
376 2216 617 2283 perfecta
659 2215 856 2273 Christi
903 2217 1144 2274 nuditate
1179 2218 1413 2273 fundari.
1442 2218 1612 2288 Cujus
1640 2218 1797 2274 nobis

205 2308 483 2376 passionis
514 2308 692 2365 inesse
731 2310 951 2381 vestigia
986 2351 1002 2375 ,
1059 2313 1162 2367 isto
1183 2327 1399 2383 quoque
1427 2310 1795 2381 deprehendi-

204 2402 601 2468 musindicio,
648 2417 768 2458 cum
815 2402 955 2460 forte
982 2404 1051 2459 ad
1096 2404 1448 2460 refectionem
1479 2403 1686 2459 detenti
1726 2402 1796 2458 ab

202 2493 391 2563 aliquo
418 2493 643 2550 fratrum
669 2537 684 2562 ,
715 2497 956 2551 contenti
986 2510 1096 2551 non
1127 2511 1313 2552 sumus
1340 2511 1408 2551 eo
1428 2510 1622 2565 sapore
1641 2495 1797 2550 cibos

204 2600 568 2656 sumere,quo
594 2587 665 2642 ab
689 2587 993 2643 exhibente
1018 2587 1224 2643 conditi
1255 2597 1402 2653 sunt,
1424 2587 1520 2643 sed
1542 2586 1793 2657 quiddam

206 2677 525 2748 superfundi
564 2679 644 2733 eis
674 2680 761 2733 vel
792 2678 957 2748 adjici
984 2678 1295 2749 importuna
1328 2687 1489 2750 atque
1533 2677 1796 2734 effrenata

207 2770 483 2839 poscimus
511 2770 781 2826 libertate.
819 2771 974 2839 Quod
1004 2773 1123 2827 fieri
1156 2773 1373 2842 penitus
1397 2787 1506 2827 nou
1533 2779 1751 2842 oportet
1776 2811 1795 2840 ,

209 2864 386 2920 tribus
411 2866 478 2921 de
499 2867 682 2921 causis
712 2885 725 2919 :
758 2868 932 2937 primo
959 2867 1087 2937 quia
1118 2882 1271 2923 mens
1303 2867 1553 2923 monachi
1581 2879 1799 2935 semper

207 2955 377 3010 debet
396 2956 449 3011 in
473 2958 624 3012 omni
656 2957 958 3013 tolerantiae
987 2973 1051 3014 ac
1087 2959 1370 3028 parcitatis
1408 2957 1799 3014 exercitatione

208 3050 419 3104 versari
442 3057 518 3115 et,
540 3049 569 3088 ιι
591 3054 891 3106 secundum
914 3051 1239 3121 Apostolum
1266 3050 1438 3120 (Phil.
1466 3049 1565 3119 ιν),
1588 3050 1798 3105 discere

210 3142 270 3195 in
310 3142 509 3210 quibus
538 3151 645 3208 est,
675 3143 955 3199 sufficiens
983 3158 1106 3198 esse
1138 3161 1154 3200 :
1187 3144 1497 3199 nullatenus
1525 3145 1671 3199 enim
1701 3156 1800 3212 po-

1898 1947 1987 1994 tus
2016 1939 2311 2009 Apostolus
2348 1940 2464 2009 pari
2483 1941 2643 1996 modo
2670 1942 3059 2013 exstinguenda
3089 1944 3441 2012 pronuntians
3460 1984 3478 2011 ,

1899 2030 2237 2101 Mortiﬁcate,
2264 2032 2454 2103 inquit,
2478 2034 2707 2087 membra
2726 2045 2895 2089 vestra
2918 2051 3031 2105 qua:
3054 2044 3177 2090 sunt
3196 2054 3352 2106 super
3379 2047 3481 2092 ter-

1895 2139 2037 2189 ram,
2065 2123 2491 2193 fornicationem,
2518 2126 2917 2192 immunditiam,
2957 2127 3221 2182 libidinem
3254 2129 3481 2200 (Coloss.

1896 2216 2001 2289 ιιι),
2033 2226 2141 2273 etc.
2170 2219 2236 2273 Et
2266 2218 2460 2274 iterum
2493 2217 2563 2273 de
2601 2219 2812 2273 duobus
2850 2220 2915 2273 ad
2949 2218 3250 2289 Ephesios:
3283 2219 3481 2274 Forni-

1896 2313 2032 2368 cutio
2055 2322 2105 2367 et
2125 2313 2456 2367 immunditia
2482 2328 2577 2367 nec
2603 2314 2889 2367 nominetur
2912 2314 2967 2366 in
2994 2313 3133 2366 vobis
3155 2312 3371 2384 (Ephes.
3401 2311 3480 2383 v).

1898 2404 1967 2460 Et
1991 2404 2182 2460 iterum
2215 2422 2227 2457 :
2263 2403 2411 2459 Illud
2431 2413 2603 2458 autem
2622 2405 2821 2470 scitote,
2840 2405 2978 2474 quod
2992 2404 3154 2458 omnis
3170 2404 3481 2475 fornicator,

1897 2504 1988 2548 aut
2009 2495 2328 2559 immundus,
2356 2504 2444 2548 aut
2472 2511 2684 2561 auarus,
2704 2496 2841 2565 quod
2858 2505 2931 2550 est
2961 2494 3220 2548 idolorum
3245 2495 3481 2561 servitus,

1899 2604 2002 2641 non
2032 2587 2185 2641 habet
2213 2587 2565 2642 htcreditatem
2592 2589 2646 2641 in
2674 2604 2833 2659 regno
2861 2586 3054 2643 Christi
3084 2594 3128 2641 et
3153 2586 3253 2641 Dei
3276 2586 3481 2658 (lbid.).

1898 2680 2027 2748 Quae
2060 2680 2160 2734 tria
2192 2688 2252 2733 ut
2278 2695 2309 2733 a
2340 2679 2498 2733 nobis
2520 2679 2635 2748 pari
2656 2678 3041 2734 observatione
3064 2688 3377 2745 caveantur,
3410 2678 3484 2733 si-

1899 2774 2043 2828 milis
2065 2788 2164 2828 nos
2185 2786 2376 2827 eorum
2407 2786 2437 2825 a
2463 2786 2630 2840 regno
2659 2769 2860 2826 Christi
2889 2780 3049 2840 atque
3091 2785 3196 2824 una
3243 2769 3485 2825 deterret

1898 2867 2159 2922 exclusio.
2193 2863 2221 2903 ά
2243 2866 2594 2936 Philargyriae
2614 2879 2812 2933 genera
2843 2875 2969 2918 sunt
3001 2864 3102 2917 tria
3138 2881 3153 2918 :
3205 2865 3432 2932 primum
3463 2904 3482 2930 ,

1899 2957 2046 3028 quod
2072 2957 2449 3012 renuntiantes
2471 2954 2680 3011 divitiis
2723 2968 2786 3008 ac
2815 2953 3158 3009 facultatibus
3201 2953 3313 3009 suis
3357 2967 3485 3023 spo-

1898 3049 2020 3104 liari
2050 3062 2159 3103 non
2185 3048 2351 3113 sinit;
2377 3047 2697 3111 secundum,
2729 3044 2873 3116 quod
2898 3060 2965 3101 ea
2992 3060 3110 3116 qua:
3139 3061 3170 3100 a
3208 3044 3365 3099 nobis
3397 3044 3484 3098 di-

1899 3158 2085 3214 spersa
2106 3149 2236 3198 sunt
2253 3142 2337 3197 vel
2360 3140 2724 3211 indigentibus
2743 3139 3055 3207 distributa,
3083 3152 3358 3194 resumere
3382 3152 3485 3192 nos

208 3234 372 3299 terit,
424 3234 510 3289 vel
550 3236 763 3291 occulta
786 3236 873 3291 vel
898 3235 1107 3306 majora
1144 3237 1394 3307 corporis
1418 3236 1686 3292 desideria
1712 3250 1795 3291 re-
1820 3241 1866 3303 α
1898 3235 2090 3306 majori
2118 3233 2418 3305 cupiditate
2440 3232 2762 3304 persuadet:
2790 3233 3042 3298 tertium,
3074 3231 3215 3302 quod
3243 3245 3330 3296 ea,
3359 3244 3480 3300 quae

211 3329 435 3383 frenare
461 3369 477 3395 ,
520 3328 765 3399 quisquis
796 3329 1173 3400 degustatione
1202 3330 1432 3385 modica:
1464 3331 1799 3387 insuavitatis

208 3420 455 3475 offensus
475 3461 492 3487 ,
524 3436 591 3475 ne
611 3421 678 3476 ad
711 3430 1042 3477 momentum
1067 3422 1287 3492 quidem
1317 3424 1543 3479 delicias
1564 3421 1800 3493 gutturis

208 3511 297 3565 sui
329 3511 565 3566 valuerit
609 3512 903 3582 castigare;
935 3512 1197 3578 secundo,
1225 3513 1365 3583 quod
1395 3528 1798 3584 nonnumquam

211 3607 405 3662 evenit
432 3615 492 3661 ut
515 3606 582 3661 ad
612 3607 802 3662 horam
824 3606 966 3662 desit
994 3607 1088 3662 illa
1113 3608 1323 3678 species
1352 3623 1474 3678 quae
1490 3607 1799 3677 postulatur

208 3716 240 3754 a
274 3699 466 3764 nobis,
518 3706 574 3753 et
622 3697 1010 3753 verecundiam
1040 3698 1353 3753 necessitati
1380 3698 1466 3753 vel
1505 3696 1797 3766 frugalitati

209 3790 564 3862 suscipientis
601 3789 924 3856 incutimus,
966 3789 1304 3859 publicantes
1332 3789 1543 3843 scilicet
1570 3800 1798 3855 pauper-

211 3890 379 3935 tatem
402 3880 519 3950 ejus
545 3895 707 3950 quam
738 3880 840 3934 soli
861 3880 973 3935 Deo
1003 3880 1271 3950 cognitam
1304 3893 1427 3934 esse
1452 3877 1796 3944 maluerunt;

212 3974 419 4041 tertio,
451 3970 597 4043 quod
626 3971 899 4028 interdum
946 3971 1091 4029 solet
1120 3986 1282 4042 sapor
1314 3971 1438 4038 ille,
1488 3983 1650 4039 quem
1697 3982 1798 4023 nos

1902 3345 1972 3386 ne
2000 3338 2157 3386 antea
2187 3328 2406 3400 quidem
2444 3325 2818 3398 possedimus,
2868 3324 3167 3381 desiderari
3211 3322 3486 3394 acquirive

1902 3421 2198 3492 compellit.
2238 3431 2261 3459 ο
2311 3421 2411 3477 [rte
2458 3433 2659 3491 genera
2713 3426 2842 3474 sunt
2894 3418 3045 3472 tria:
3082 3430 3287 3482 unum,
3342 3415 3486 3483 quod

1902 3516 2214 3572 exardescit
2247 3515 2579 3569 intrinsecus
2603 3556 2617 3581 ,
2648 3511 2791 3581 quod
2820 3509 3009 3565 Graece
3050 3510 3207 3580 θυμὸς
3246 3507 3482 3571 dicitur;

1901 3609 2069 3675 aliud,
2100 3606 2245 3678 quod
2276 3608 2330 3660 in
2346 3604 2575 3660 verbum
2606 3614 2661 3657 et
2691 3617 2828 3670 Opus
2849 3600 3213 3669 eﬂectumque
3237 3614 3486 3667 prorum-

1903 3702 2010 3769 pit,
2037 3698 2181 3769 quod
2206 3698 2331 3770 ὀργή
2360 3704 2719 3763 nuncupatur,
2751 3692 2821 3747 de
2842 3693 3039 3761 quibus
3063 3699 3117 3744 et
3157 3688 3446 3757 Apostolus
3465 3702 3500 3755 ,‘

1906 3791 2066 3846 Nunc
2095 3798 2267 3842 autem
2305 3785 2577 3857 deponite,
2606 3783 2815 3852 inquit,
2845 3790 2893 3836 et
2921 3798 3010 3836 vos
3044 3796 3244 3835 omnem
3279 3780 3409 3832 iram
3438 3789 3488 3834 et

1901 3880 2346 3952 indignationem;
2376 3874 2596 3930 tertium
2618 3915 2633 3941 ,
2683 3872 2827 3943 quod
2854 3887 2960 3927 non
2999 3880 3059 3926 ut
3093 3871 3182 3925 illa
3212 3870 3487 3925 ferventer

1906 3968 1974 4025 ad
2004 3969 2191 4023 horam
2224 3965 2518 4037 digeritur,
2550 3962 2645 4019 sed
2667 3977 2766 4034 per
2789 3962 2907 4019 dies
2949 3974 3003 4019 et
3042 3971 3282 4032 tempora
3313 3975 3487 4016 rescr-

1282 4108 1543 4166 ALARDI
1583 4108 1819 4165 GAZ‘EI
1854 4105 2420 4165 COMMENTARIUS.

209 4208 373 4263 nibus
404 4219 652 4277 quantum
678 4208 787 4262 cibo
806 4208 1081 4262 dissimiles
1101 4214 1244 4272 sunt,
1265 4214 1468 4260 tantum
1490 4204 1671 4277 merito
1694 4205 1802 4257 dis-

208 4276 425 4349 similes
444 4279 600 4349 cideri
628 4280 823 4334 colunt.
856 4278 962 4332 Alii
992 4277 1401 4349 superstitiosum
1423 4276 1577 4349 nimis
1596 4276 1649 4349 in
1670 4288 1804 4342 pra:-

208 4348 474 4421 parandis
516 4348 622 4404 Pillis
648 4349 876 4403 studium
895 4346 1166 4411 adhibent,
1195 4347 1402 4415 inﬁnita
1424 4346 1801 4421 decoctionum,

210 4417 266 4474 et
296 4419 639 4487 frinrarum,
659 4428 706 4473 et
737 4421 1181 4474 condimentorum
1200 4433 1389 4488 genera
1417 4417 1803 4488 excogitantes;

210 4485 375 4544 modo
404 4488 604 4556 mobia,
634 4488 786 4544 modo
814 4491 965 4555 dura,
999 4492 1150 4543 modo
1182 4485 1395 4555 frigida,
1420 4485 1575 4540 modo
1607 4485 1800 4549 calida,

214 4562 372 4614 modo
397 4558 561 4628 elisa,
607 4561 746 4615 nodo
791 4576 928 4628 assa,
972 4560 1124 4613 modo
1150 4558 1346 4629 pipere.
1368 4627 1375 4629 Α
1397 4557 1549 4610 modo
1577 4556 1800 4619 cumino,

1980 4211 2007 4239 λ
2039 4201 2139 4256 Hic
2180 4216 2369 4256 rursus
2391 4198 2646 4254 valetudo
2670 4214 2769 4268 pro
2794 4195 3263 4268 invaletudine,_ut
3289 4195 3490 4265 passim

1908 4274 2049 4340 apud
2079 4271 2423 4337 Cassianum,
2459 4280 2514 4323 et
2543 4265 2932 4326 Tertullianum
2963 4267 3059 4322 lib.
3094 4266 3162 4319 de
3187 4265 3487 4336 Baptismo,

1908 4343 2199 4414 quodalibi
2229 4342 2625 4414 annotavimus.

1980 4413 2005 4452 δ
2044 4413 2178 4483 Ego,
2213 4411 2723 4483 inquitApostolus,
2752 4408 2911 4462 didici
2932 4408 2996 4483 in_
3009 4405 3196 4479 quibus
3222 4422 3354 4470 sum,
3377 4406 3491 4474 suf-

1907 4478 2213 4552 ficiens'esse
2245 4478 2503 4552 (Philipp.
2538 4482 2637 4549 ιν),
2674 4479 2727 4534 id
2753 4478 2999 4552 est_novi
3055 4484 3344 4531 contentus
3372 4490 3492 4532 esse

1911 4548 2289 4624 praesentibus,
2320 4548 2470 4624 etiis
2497 4548 2618 4624 qua:
2650 4558 2775 4604 sunt
2799 4548 2865 4624 ad
2890 4564 3131 4624 manum.

216 4632 375 4685 modo
402 4632 511 4684 sui:
542 4615 754 4695 iandita,
786 4615 1067 4684 secundum
1094 4615 1515 4682 consuetudinem
1536 4615 1805 4696 prtegnan;
1829 4615 1886 4675 Ι)
1911 4615 1923 4624 ’
1984 4636 2005 4662 ο
2038 4615 2467 4696 Fornicationis,
2518 4615 2574 4675 id
2628 4629 2751 4685 est,
2809 4620 3068 4696 luxuriae,
3127 4618 3280 4696 cujus
3299 4619 3492 4696 plures

213 4706 352 4754 tium
403 4701 675 4756 mulierum
702 4700 1074 4755 desiderantes.
1110 4697 1215 4753 Hic
1246 4702 1471 4765 profecto
1494 4713 1595 4751 non
1636 4697 1806 4750 solum

214 4772 499 4842 arguendi,
528 4773 614 4826 sed
644 4772 798 4842 etiam
826 4771 1094 4842 deridendi
1120 4778 1278 4842 sunt,
1316 4769 1403 4839 qui
1429 4768 1580 4837 quasi
1608 4782 1807 4842 caupo-

216 4838 314 4895 nes
341 4844 410 4894 ad
438 4857 637 4897 cunmm
665 4839 990 4912 clepsydram
1020 4838 1255 4912 eliciendi
1296 4849 1472 4912 gustus
1519 4839 1687 4912 gratia
1714 4854 1809 4907 pa-

218 4912 391 4965 latum
415 4912 715 4966 eatendunt.
744 4910 919 4979 Igitur
956 4924 1136 4965 contra
1162 4910 1272 4964 htcc
1300 4910 1426 4963 uitia
1452 4910 1690 4965 sananda
1720 4924 1811 4963 ne-

217 4983 481 5036 cessarius
504 4992 578 5036 est
597 4983 740 5052 rigor
762 4982 1101 5053 disciplinae,
1122 4981 1209 5052 qui
1238 4982 1365 5035 istas
1394 4983 1530 5053 gula:
1569 4980 1807 5049 petulan-

216 5055 325 5107 tias
354 5052 493 5106 intra
533 5051 721 5108 sertum
749 5052 958 5106 limitem
988 5051 1220 5106 cohibeat
1243 5092 1256 5113 .
1292 5051 1545 5120 quatenus
1567 5067 1618 5103 se
1646 5064 1808 5120 neque

215 5126 293 5177 ad
323 5124 479 5177 immo
492 5122 683 5178 tentus
712 5121 943 5187 delicias,
969 5139 1131 5192 neque
1158 5122 1227 5177 ad
1254 5118 1537 5192 novitates,
1555 5135 1718 5192 neque
1737 5118 1807 5172 ad

216 5194 609 5257 superstitiosa;
633 5194 1033 5263 praeparationes
1047 5188 1277 5263 ciborum
1289 5190 1599 5260 appetendos
1616 5188 1811 5263 diffun-

220 5265 338 5318 dat.
364 5263 569 5318 Hacten
584 5260 641 5318 ιε’
659 5260 813 5333 Hugo
831 5263 1139 5333 Victorinus
1161 5280 1191 5318 a
1211 5261 1624 5333 Turrecremata
1648 5260 1809 5333 etiam

219 5337 279 5390 in
313 5334 415 5405 hoc
468 5330 789 5405 argumento
813 5335 1007 5389 citatus
1050 5334 1071 5405 (
1101 5330 1428 5405 Tract._l_0'5
1464 5330 1518 5383 in
1556 5330 1811 5405 Regulam

221 5406 291 5461 S.
344 5400 605 5473 Bencdf),
660 5404 845 5459 addito
901 5400 1122 5473 insuper
1173 5404 1236 5457 Ι).
1286 5400 1600 5473 Hieronymi
1637 5400 1813 5469 elogio

219 5476 405 5545 (epist.
438 5474 475 5525 2
500 5470 569 5527 ad
596 5474 894 5545 Nepotia.),
923 5470 1042 5541 quo
1060 5472 1271 5545 tertiam
1288 5472 1445 5545 illam
1466 5470 1604 5545 gula}
1633 5477 1688 5523 et
1716 5486 1811 5545 gu-

220 5539 471 5600 losorum
504 5539 740 5614 speciem
781 5539 862 5599 ita
879 5539 1195 5614 perstringit
1225 5562 1237 5596 :
1274 5542 1411 5614 Quid
1460 5539 1663 5610 prodest
1694 5539 1808 5614 oleo

218 5633 332 5670 non
362 5615 498 5669 vesci
518 5610 610 5684 ,ἐι
641 5610 899 5669 molestias
921 5610 1168 5684 quasdam
1204 5613 1641 5682 difﬁcultatesque
1666 5610 1806 5684 cibo-

216 5702 345 5741 rum
381 5682 630 5755 qutzrere,
681 5686 895 5751 caricas,
924 5682 1089 5754 piper,
1136 5684 1635 5755 nuces,_palmarum
1667 5682 1808 5755 [ruc-

218 5766 339 5819 ιω,
383 5750 638 5825 similam,
688 5755 805 5825 mel,
851 5750 1070 5825 pistacia
1093 5755 1117 5809 7
1142 5750 1275 5808 Tota
1307 5750 1575 5807 hortorum
1601 5751 1808 5805 culturd

216 5818 467 5887 creantur.
492 5830 548 5877 ut
576 5818 765 5877 cibaria
792 5818 898 5878 aen
924 5830 1185 5878 vescamur
1213 5831 1365 5889 pansa

1912 4706 2035 4751 sunt
2062 4696 2273 4765 species
2300 4732 2316 4757 ,
2354 4694 2509 4765 jnt_cr
2547 4706 2681 4765 quas
2704 4698 2793 4765 est
2818 4689 3385 4765 fornicatiousimplex
3437 4696 3494 4745 et

1913 4759 2130 4846 proprie
2151 4760 2291 4846 dicta
2314 4760 2610 4846 (S..Thom.
2638 4759 2755 4846 272,
2783 4778 2836 4831 q.
2860 4761 2990 4846 ιξι,
3014 4779 3069 4843 a._
3092 4759 3168 4846 ς).
3186 4763 3253 4815 At
3275 4762 3360 4814 hic
3391 4775 3491 4846 ge~

1912 4832 2045 4892 nera
2085 4832 2455 4890 fornicationis
2503 4832 2757 4887 dicuntur
2794 4832 2936 4885 modi
2983 4833 3197 4901 quidam
3247 4845 3494 4901 commu-

1913 4922 2012 4982 nes
2038 4920 2101 4959 ac
2128 4905 2429 4973 generales,
2454 4904 2651 4982 quibus
2674 4902 2905 4955 luxuria:
2934 4899 3217 4982 peccatum
3237 4899 3485 4957 commit-

1912 4980 2061 5040 titur,
2090 4971 2152 5029 ιιι
2175 4984 2319 5043 patet
2343 4971 2610 5043 exemplis
2640 4971 2692 5025 in
2720 4982 2874 5043 textu
2905 4971 3151 5043 signatis.

1981 5044 2008 5083 ἀ
2030 5039 2299 5099 Idem-lib.
2327 5058 2400 5096 vn
2430 5039 2549 5112 cap.
2578 5041 2613 5095 4
2638 5049 2693 5096 et
2720 5041 2814 5112 lib.
2845 5056 2920 5095 xu
2947 5039 3066 5112 cap.
3106 5039 3198 5094 26.

1985 5126 2006 5153 θ
2041 5115 2205 5168 Paulo
2234 5113 2392 5169 aliter
2404 5107 2695 5184 Gregorius
2715 5111 2971 5184 Nissenus
2986 5110 3099 5184 (lib.
3113 5124 3176 5184 ἓν
3193 5108 3255 5184 de
3274 5107 3490 5184 Yiribus

1910 5186 2107 5240 Anima:
2129 5201 2175 5239 c.
2204 5184 2292 5248 15)
2321 5192 2376 5239 et
2418 5176 2779 5237 Damascenus
2825 5180 2942 5247 (lib.
2965 5176 3005 5234 ιε’
3020 5181 3082 5233 de
3105 5177 3237 5231 Fide
3263 5176 3491 5234 Orthod.

1913 5274 1957 5310 c.
2002 5256 2114 5323 tu),
2147 5271 2282 5325 quos
2309 5255 2550 5325 sequitur
2604 5254 2667 5325 D.
2719 5252 2975 5325 Thomas,
3028 5262 3135 5304 tres
3169 5248 3496 5325 ira:_species

1913 5319 2265 5401 coiistituunt.
2319 5319 2556 5401 Primam
2596 5323 2672 5377 illi
2719 5330 2913 5401 vocant
2943 5323 3094 5395 ὀργὴν
3122 5329 3176 5373 et
3206 5320 3396 5401 χολὴν..
3428 5319 3493 5373 D.

1914 5398 2150 5453 Thomas
2192 5399 2323 5452 iram
2354 5396 2590 5461 felleam,
2616 5408 2712 5449 seu
2735 5393 3000 5456 biliosam,
3027 5406 3145 5459 qua:
3172 5393 3494 5461 principian

1918 5470 2096 5533 habet,
2124 5470 2342 5536 cithuc
2392 5458 2619 5530 transit;
2679 5461 2984 5536 secundam
3012 5458 3209 5515 vocant
3238 5468 3401 5532 μῆνιν,
3428 5458 3491 5512 D.

1917 5540 2151 5594 Thomas
2180 5533 2445 5600 maniam,
2475 5552 2633 5605 quam
2669 5535 2797 5589 dicit
2827 5546 2945 5605 esse
2972 5533 3104 5605 iram
3127 5546 3250 5605 quae
3278 5544 3493 5605 perma-

1917 5621 2009 5665 net
2049 5620 2104 5664 et
2136 5610 2185 5663 in
2218 5600 2539 5662 vetusuatein
2570 5606 2789 5660 devenit
2820 5622 2833 5656 :
2877 5603 2990 5657 haec
3022 5601 3215 5655 Latine
3250 5600 3493 5655 simultas

1915 5682 2130 5735 dicitur.
2151 5679 2384 5733 Tertiam
2409 5678 2687 5730 nominant
2708 5676 2883 5747 χόλον,
2904 5673 2961 5730 S.
2980 5672 3214 5747 Thomas
3233 5669 3491 5747 furorem,

1915 5766 2073 5815 quam
2103 5750 2232 5803 dicit
2251 5764 2372 5803 esse
2401 5749 2534 5801 iram
2562 5761 2682 5817 qua:
2708 5742 2935 5812 tempus
2964 5744 3216 5802 vindicta:
3241 5742 3494 5797 observat

1915 5819 1933 5883 (
1962 5815 2078 5881 9-3.
2104 5834 2153 5883 (ι.
2188 5818 2309 5883 ιειῖ,
2345 5836 2397 5871 tt.
2427 5816 2503 5883 ὅ).

1914 5819 1933 5885 (
1962 5818 2078 5881 9-3.
2104 5834 2153 5883 (ι.
2188 5818 2309 5883 ιειῖ,
2345 5836 2397 5871 tt.
2427 5818 2503 5883 ὅ).
