4026 6204
480 416 589 479 627

1538 402 1826 463 JOANNIS
1862 398 2171 460 CASSIANI
2209 393 2708 457 COLLATIONES.

3648 378 3758 443 828

480 542 665 595 vatur,
698 527 842 599 quod
887 535 911 564 κ
957 524 1083 589 iis:
1111 521 1213 596 (af.
1240 518 1406 595 μῆνις)
1449 520 1672 578 dicitur.
1706 520 1841 589 Quae
1888 518 2069 574 omnia
2093 522 2146 580 Α
2172 529 2329 586 quam
2360 511 2604 567 incidere
2627 509 2684 564 in
2714 502 3393 599 fornicationlsardorem,
3420 496 3571 555 unde
3591 510 3757 599 repa-

486 622 689 695 aaquali
724 628 850 675 sunt
876 633 908 673 a
934 617 1093 673 nobis
1136 615 1364 670 horrore
1399 613 1722 669 damnanda.
1753 610 1781 650 δ
1812 609 2069 666 Tristitia

484 730 688 787 genera
717 718 849 767 sunt
887 709 1040 765 duo:
1077 723 1271 775 unum,
1293 706 1438 778 quod
1475 706 1566 762 vel
1611 703 1890 759 iracundia
1928 701 2071 757 desi-

485 814 674 873 nente,
711 804 801 859 vel
826 802 899 858 de
931 801 1085 857 illato
1112 799 1313 855 damno
1342 814 1407 855 ac
1455 795 1728 853 desiderio
1775 794 2070 865 praepedito

486 889 816 965 cassamque
840 902 1163 965 generatur;
1213 891 1361 950 aliud
1383 930 1399 958 ,
1450 889 1595 960 quod
1622 889 1691 944 de
1717 887 2077 944 irrationabili

486 988 688 1043 mentis
710 987 988 1042 anxietate
1005 1001 1101 1042 seu
1121 985 1504 1055 desperatione
1521 982 1823 1039 descendit.
1856 981 2074 1039 Acedias

487 1094 691 1151 genera
716 1087 844 1135 sunt
872 1081 981 1134 duo
1013 1094 1031 1133 :
1063 1093 1253 1145 unum,
1278 1076 1422 1149 quod
1448 1076 1517 1133 ad
1543 1091 1794 1132 somnum
1817 1075 2072 1146 praecipi-

490 1179 570 1226 tat
589 1180 915 1237 :estuantes;
940 1169 1111 1239 aliud,
1134 1168 1278 1242 quod
1304 1168 1497 1225 cellam
1518 1168 1778 1225 deserere
1804 1183 1871 1226 ac
1889 1168 2077 1237 fugere

488 1263 829 1319 cohortatur.
858 1273 881 1303 °
907 1260 1228 1320 Cenodoxia
1248 1262 1379 1318 licet
1402 1262 1755 1318 multiformis
1782 1277 1846 1318 ac
1885 1262 2074 1317 multi-

488 1355 619 1426 plex
642 1357 735 1422 sit,
778 1358 916 1412 etin
942 1356 1190 1414 diversas
1238 1356 1451 1427 species
1502 1356 1776 1412 dividatur
1800 1396 1817 1422 ,
1875 1370 2077 1426 genera

489 1454 676 1505 tamen
705 1450 824 1520 eius
852 1460 978 1506 sunt
997 1450 1109 1507 duo
1140 1467 1154 1505 :
1194 1452 1430 1521 primum
1452 1487 1471 1517 ,
1506 1464 1614 1522 quo
1642 1465 1743 1520 pro
1767 1451 2079 1508 carnalibus

493 1556 561 1598 ac
588 1543 891 1599 manifestis
929 1545 1243 1601 extollimur
1269 1546 1465 1613 rebus;
1493 1545 1815 1613 secundum,
1841 1560 1950 1615 quo
1982 1556 2081 1614 pro

494 1634 834 1703 spiritalibus
854 1642 913 1691 et
932 1635 1166 1692 occule
1189 1636 1466 1694 desiderio
1489 1650 1642 1694 venui
1670 1637 1844 1694 laudis
1864 1635 2077 1693 inﬂam-

494 1739 727 1782 mamur.

1096 1799 1325 1857 CAPUT
1362 1800 1478 1857 XI].

894 1889 961 1944 In
986 1907 1086 1961 quo
1111 1892 1177 1946 sit
1205 1894 1343 1948 utilis
1366 1894 1675 1950 cenodoxia.

574 1976 691 2033 Una
719 1978 746 2015 α
778 1995 837 2035 re
858 1988 1036 2037 tamen
1058 1984 1363 2039 cenodoxia.
1379 1987 1586 2042 utiliter
1603 1985 1673 2040 ab
1700 1983 2085 2055 incipientibus

477 2070 819 2140 assumitur,
850 2074 918 2130 ab
946 2076 1029 2130 his
1049 2078 1333 2133 dumtaxat
1358 2078 1449 2148 qui
1486 2078 1666 2133 adhuc
1688 2077 1833 2132 vitiis
1855 2076 2087 2134 carnali-

499 2166 606 2224 bus
634 2168 979 2239 instigantur,
1012 2178 1093 2238 ut,
1117 2170 1267 2226 verbi
1288 2173 1480 2242 gratia,
1513 2172 1559 2226 si
1582 2171 1678 2226 illo
1706 2180 1953 2241 tempore
1976 2184 2083 2240 quo

476 2251 877 2343 Lfornicationis
899 2260 1089 2331 spiritu
1111 2275 1492 2333 perurgentur,
1519 2273 1699 2319 mente
1715 2267 2085 2333 conceperint,

476 2351 592 2425 i'vel
640 2354 996 2409 sacerdotalis
1041 2354 1206 2409 officii
1246 2354 1597 2425 dignitatem,
1641 2354 1727 2409 vel
1772 2355 2084 2424 opinionem

476 2421 482 2522 ξ
501 2452 851 2512 cunctorum,
872 2460 977 2515 qua
1001 2447 1173 2501 sancti
1195 2455 1250 2501 et
1263 2445 1593 2502 immaculati
1622 2461 1744 2503 esse
1767 2448 2085 2514 creduntur,

478 2537 561 2615 iet
586 2536 658 2592 ita
690 2537 1001 2593 immundos
1029 2538 1482 2608 concupiscentia:
1511 2541 1760 2596 stimulos
1788 2541 1940 2611 quasi
1972 2552 2087 2597 tur-

477 2630 602 2714 ;pes
622 2637 783 2698 atque
814 2629 1066 2700 indignos
1086 2670 1105 2699 ,
1152 2631 1239 2686 vel
1280 2631 1665 2688 existimationi
1697 2648 1811 2690 sua:
1835 2673 1851 2701 ,
1893 2635 1979 2690 vel
2009 2635 2089 2691 illi

478 2718 688 2803 :ordini
709 2721 1047 2791 iudicantes,
1083 2723 1185 2781 hac
1214 2726 1408 2782 saltem
1440 2727 1897 2799 contemplatione
1923 2728 2089 2784 decli-

479 2818 642 2867 ‘nent
657 2852 674 2880 ,
701 2823 723 2851 ο
748 2815 958 2873 minore
979 2818 1124 2874 malo
1150 2819 1202 2875 id
1224 2820 1368 2890 quod
1390 2821 1565 2892 majus
1583 2832 1690 2889 est,
1714 2822 2086 2880 retundentes.

484 2902 688 2985 ‘Satius
702 2907 847 2963 enim
868 2916 953 2964 est
966 2911 1280 2968 cenodoxia:
1294 2912 1429 2968 vitio
1439 2928 1838 2985 quemcumque
1858 2914 2086 2985 pulsari,

2176 608 2285 665 rari
2331 614 2426 661 aut
2477 620 2585 659 non
2631 601 2850 665 valeat,
2892 609 2986 654 aut
3017 599 3105 654 vix
3144 597 3325 651 valeat
3359 604 3482 664 post
3524 591 3760 649 ruinam.

2175 700 2348 768 Quem
2367 712 2591 755 sensum
2609 710 2681 751 ex
2702 708 2935 766 persona
2958 692 3053 748 Dei
3072 704 3213 747 unus
3238 687 3635 760 prophetarum
3654 687 3764 745 ele-

2177 801 2367 864 ganter
2409 790 2684 861 expressit
2724 787 2957 844 dicens:
2990 783 3217 857 Propter
3259 799 3339 837 me
3386 782 3537 854 longe
3576 781 3767 851 faciem

2175 886 2405 955 furorem
2432 898 2604 938 meum
2621 921 2638 950 ,
2662 890 2712 937 et
2731 880 2888 936 laude
2915 894 3029 934 mea
3055 875 3327 949 infrenabo
3354 884 3401 929 te
3424 890 3488 929 ne
3512 874 3772 941 intereas;

2176 978 2239 1035 id
2264 986 2371 1043 est,
2402 986 2465 1032 ut
2481 976 2611 1032 dum
2632 973 2950 1031 cenodoxia
2976 970 3229 1027 laudibus
3255 966 3770 1039 comprehenderis,

2176 1082 2519 1141 nequaquam
2560 1066 2628 1122 ad
2660 1066 2857 1122 inferni
2882 1063 3153 1135 profunda
3194 1075 3446 1132 proruas,
3475 1068 3536 1116 et
3563 1057 3773 1114 irrevo-

2179 1163 2425 1219 cabiliter
2486 1159 2797 1216 mortalium
2864 1164 3223 1229 peccatorum
3292 1154 3776 1213 consummatione

2179 1254 2463 1327 mergaris.
2486 1253 2601 1310 Nec
2643 1252 2841 1308 mirum
2883 1258 3093 1307 tantam
3137 1247 3379 1320 passioni
3420 1246 3547 1303 huic
3591 1247 3781 1302 inesse

2178 1348 2466 1415 virtutem,
2507 1354 2568 1401 ut
2602 1345 2905 1400 irruentem
2947 1340 3252 1412 quempiam
3296 1340 3353 1395 in
3397 1335 3782 1395 fornicationis

2179 1441 2355 1497 labem
2384 1438 2558 1494 valeat
2591 1437 2895 1502 refrenare,
2926 1449 3053 1491 cum
3098 1432 3168 1488 sit
3215 1430 3511 1489 multorum
3557 1430 3779 1500 experi-

2180 1532 2376 1591 mentis
2404 1530 2704 1601 sepissime
2724 1526 3157 1600 comprobatum,
3182 1522 3323 1595 quod
3348 1524 3424 1578 ita
3446 1537 3596 1588 eum,
3618 1535 3784 1593 quem

2183 1623 2353 1679 semel
2378 1621 2574 1682 veneni
2603 1621 2685 1676 sui
2707 1627 2857 1691 peste
2880 1616 3211 1687 corruperit,
3237 1614 3630 1687 infatigabilem
3654 1613 3786 1671 red-

2185 1716 2299 1782 dat,
2328 1722 2385 1771 ut
2413 1714 2575 1772 faciat
2602 1714 2761 1770 abeo
2786 1727 2857 1770 ne
2903 1711 3135 1768 biduana
3181 1709 3397 1780 quidem
3443 1706 3651 1779 ieiunia
3695 1708 3786 1765 vel

2185 1806 2430 1863 triduana
2459 1805 2668 1862 sentiri.
2696 1804 2849 1874 Quod
2879 1804 3043 1861 etiam
3070 1800 3367 1858 nonnullos
3393 1801 3448 1855 in
3470 1799 3574 1856 hac
3592 1815 3789 1858 eremo

2109 1905 2158 1965 Β
2183 1900 2495 1973 frequenter
2530 1901 2780 1956 novimus
2822 1898 2990 1955 fuisse
3025 1896 3328 1963 confessos,
3357 1909 3419 1951 se
3439 1897 3493 1951 in
3518 1894 3793 1952 moobiis

2191 1990 2362 2063 Syria:
2386 1990 2709 2047 constitutos
2735 1989 2915 2059 quinis
2938 1987 3131 2045 diebus
3154 1985 3513 2041 defectionem
3534 1984 3639 2043 cibi
3667 1986 3793 2041 sine

2188 2083 2374 2140 labore
2401 2082 2684 2149 tolerasse,
2711 2097 2856 2137 nunc
2884 2090 3063 2138 autem
3095 2089 3242 2134 tanta
3270 2093 3330 2134 se
3350 2076 3492 2133 fame
3519 2077 3687 2135 etiam
3714 2078 3793 2133 ab

2188 2179 2325 2235 liora
2373 2178 2531 2235 tertia
2578 2176 2851 2247 perurgeri
2878 2217 2894 2243 ,
2942 2185 2999 2230 ut
3036 2188 3207 2244 usque
3236 2186 3436 2228 nouam
3463 2172 3553 2227 vix
3581 2178 3792 2239 queant

2192 2269 2414 2328 differre
2458 2269 2665 2339 ieiunia
2716 2266 3049 2337 quotidiana.
3100 2265 3272 2334 Super
3316 2278 3421 2333 qua
3463 2277 3523 2318 re
3562 2260 3795 2332 pulchre

2191 2363 2363 2420 abbas
2387 2361 2408 2401 ί
2455 2360 2720 2419 Macarius
2762 2358 2973 2415 cuidam
3021 2355 3394 2428 percunctanti
3424 2370 3521 2411 cur
3550 2354 3691 2409 fame
3719 2354 3794 2411 ab

2194 2455 2329 2512 hora
2362 2455 2517 2511 tertia
2546 2453 2601 2510 in
2632 2467 2817 2509 eremo
2840 2450 3169 2521 pulsaretur,
3196 2447 3290 2519 qui
3309 2449 3362 2503 in
3384 2445 3636 2513 coenobio
3661 2445 3794 2503 beb-

2192 2545 2514 2604 domadibus
2552 2544 2778 2616 integris
2824 2541 3177 2601 refectionem
3223 2554 3370 2611 satpe
3408 2548 3787 2605 contemnens,

2194 2654 2302 2696 non
2330 2638 2595 2695 sensisset
2620 2638 2882 2701 esuriem,
2909 2634 3193 2705 respondit
3231 2651 3243 2686 :
3290 2633 3428 2701 Quia
3478 2631 3657 2687 nullus
3697 2630 3797 2687 hic

2194 2741 2278 2788 est
2303 2731 2493 2801 ieiunii
2522 2730 2598 2786 tui
2628 2730 2785 2786 testis
2810 2728 2899 2797 qui
2928 2736 2982 2784 te
3015 2727 3126 2784 suis
3160 2725 3413 2782 laudibus
3456 2723 3663 2780 nutriat
3708 2732 3798 2778 at-

2195 2837 2303 2894 que
2329 2829 2633 2888 sustentet;
2662 2819 2738 2877 ibi
2769 2828 2948 2876 autem
2978 2828 3033 2876 te
3056 2818 3257 2888 digitus
3286 2816 3565 2872 hominum
3613 2824 3669 2871 et
3702 2828 3797 2870 ee—

2199 2916 2448 2973 nodoxitu
2472 2914 2698 2971 refectio
2722 2912 3026 2984 saginabat.
3053 2910 3227 2982 Huius
3266 2916 3444 2968 autem
3483 2908 3561 2966 rei
3599 2907 3799 2979 figure.

1592 3068 1847 3124 ALARDI
1886 3064 2120 3125 GAZIEI
2156 3066 2725 3127 COMMENTARIUS.

580 3206 693 3261 Ilta
708 3202 978 3275 Cttyehius
997 3202 1375 3275 corrigendum
1395 3201 1903 3275 existimavitfnoc
1917 3205 2082 3270 enim,
2115 3205 2161 3269 C
2192 3205 2353 3260 ditata
2377 3205 2487 3260 alia
2513 3221 2619 3261 non
2642 3211 2880 3260 sanatur.
2916 3203 2981 3258 Et
3007 3202 3065 3275 ΔΑ

504 3273 980 3354 inquit_,_sigi_tiiicat
994 3273 1213 3327 multam
1231 3274 1512 3354 etlongam
1530 3274 1723 3354 meniis
1736 3276 2085 3354 anxietatem.

504 3292 980 3401 m3utt,stgn1ncat
994 3292 1213 3327 multam
1231 3292 1512 3354 euongam
1530 3292 1723 3327 mentis
1736 3292 2085 3330 anxietatem.

504 3348 566 3405 In
609 3364 639 3402 e
663 3346 964 3411 ἀλυσθαίνω,
1001 3359 1197 3413 angor,
1251 3359 1572 3409 exammor,
1621 3340 1942 3398 discrucior.
1972 3343 2088 3400 Non

504 3416 613 3474 erit
638 3421 798 3472 etiam
835 3416 1223 3469 inconveniens
1245 3455 1261 3481 ,
1292 3414 1339 3468 si
1367 3415 1607 3483 legamus
1630 3417 1810 3485 μανίαν
1840 3414 1981 3482 quod
2014 3418 2091 3470 vi-

503 3490 668 3544 detur
696 3488 896 3542 habere
918 3484 1323 3558 Pleminianum
1346 3484 1654 3552 exemplar,
1686 3499 1807 3539 nam
1836 3489 1993 3558 μανία
2014 3489 2089 3542 si-

505 3558 731 3631 gnificat
780 3558 1047 3612 insaniam
1105 3557 1253 3631 illam
1284 3571 1385 3626 qua
1411 3557 2002 3631 _mens‘trattquitlitate
2039 3567 2091 3612 et

505 3622 815 3687 constantia
847 3642 1013 3683 vacua
1042 3637 1145 3697 est.
1182 3622 1317 3682 Haec
1336 3627 1549 3697 quidem
1575 3622 1873 3697 Cuych’ius.
1898 3622 2090 3682 Ciztco-

503 3702 630 3760 nius
660 3715 787 3755 vero
818 3694 1100 3755 Vaticanis
1128 3712 1259 3753 usus
1307 3694 1709 3766 exemplaribus
1738 3698 1868 3769 legit
1904 3714 1914 3751 ε
1964 3700 2092 3766 Quae

506 3780 657 3844 μῆνις
678 3772 896 3826 dicitur.
926 3771 1080 3844 Quae
1099 3770 1259 3844 lectio
1291 3770 1713 3844 probabiliorpet
1742 3772 1952 3839 reliquo
1981 3779 2092 3844 tex-

506 3841 587 3899 tui
617 3843 1002 3911 congruentior
1035 3842 1267 3895 videtur.
1296 3841 1429 3896 Nam
1458 3850 1608 3912 μῆνις
1638 3842 1989 3897 Damasceno-
2015 3842 2096 3896 di-

506 3916 649 3970 citur
674 3916 819 3983 παρὰ
844 3913 903 3966 τὸ
936 3914 1115 3983 μένειν,
1135 3912 1194 3983 id
1222 3920 1414 3983 est,eo
1439 3912 1585 3982 quod
1608 3922 1788 3968 manet
1816 3923 1871 3967 et
1900 3928 2004 3966 non
2028 3913 2095 3967 ad

506 3985 699 4041 horam
728 3980 1016 4052 digeritur,
1053 3980 1403 4053 sediperAdies
1420 3980 1474 4036 et
1507 3990 1749 4053 tempora
1764 3990 2093 4045 reservatur,

504 4064 569 4129 ut
619 4055 709 4109 hic
763 4050 1013 4129 habetur.
1060 4051 1215 4106 Unde
1264 4050 1479 4115 Suidas,
1509 4050 1686 4129 μῆνές,
1720 4054 2098 4129 ἱιιῃιιιιομόργὴ

508 4128 751 4196 ὶμμενής,
781 4125 982 4196 idest,
1009 4135 1332 4196 permanens
1365 4132 1419 4176 et
1448 4122 1718 4196 pertinax.
1770 4122 1872 4196 Alii
1914 4122 2100 4196 dicunt

508 4189 667 4271 ὂρὶγήν
693 4192 1133 4264 πεπαλαιωμένην,
1162 4189 1268 4245 hoc
1296 4200 1382 4246 est
1412 4191 1619 4260 odium,
1655 4204 1747 4248 seu
1773 4192 1908 4247 iram
1951 4190 2098 4249 inve-

506 4270 764 4319 leralam.

582 4333 610 4372 b
654 4334 793 4387 Alibi
825 4332 1133 4387 distinctius
1162 4340 1395 4401 quatuor
1425 4336 1633 4403 species
1657 4332 1892 4389 tristitiae
1921 4348 1986 4389 ex
2017 4333 2098 4389 di-

508 4404 695 4529 versis4
722 4402 902 4529 ea???
941 4404 1328 4473 provenientes
1358 4402 1638 4460 enumerat
1696 4405 1822 4476 (lib.
1856 4422 1907 4460 ιι
1960 4405 2093 4460 Inst.

511 4492 631 4529 can.
723 4485 768 4529 et
898 4515 911 4527 .

511 4492 631 4529 can.
662 4477 695 4529 4
723 4485 768 4529 et
803 4477 911 4529 15).

579 4474 1016 4601 ξ’ϐθείὶἒῆξιὶιιε
1045 4543 1139 4617 lih_.
1172 4545 1407 4601 Institut.
1441 4560 1561 4617 cap.
1592 4544 1626 4603 5
1654 4557 1704 4600 ct
1734 4548 1786 4603 5.
1818 4547 2096 4617 Superbim

506 4630 709 4743 gener:
735 4619 979 4687 sequenti
1009 4614 1189 4684 capite
1218 4614 1523 4689 distinguit,
1551 4618 1697 4688 quod
1728 4618 1814 4671 ltlc
1839 4614 2097 4672 omissum

538 4700 666 4742 uera
701 4726 715 4740 .

538 4695 715 4742 uerat.

584 4756 611 4796 ά
642 4756 862 4829 Videtur
889 4756 991 4812 hoc
1019 4757 1229 4813 duobus
1259 4754 1431 4814 modis
1464 4754 1686 4829 intelligi
1710 4770 1889 4828 posse.
1920 4758 2100 4814 Primo

507 4837 571 4885 ut
598 4827 895 4900 cenodoxia
924 4830 1141 4898 proprie
1168 4839 1410 4885 sumatur
1436 4842 1535 4900 pro
1568 4827 1726 4885 vente
1752 4828 1960 4886 scilicet
1986 4829 2100 4900 εισι

507 4842 571 4885 ιιι
598 4842 895 4884 cenoaoxta
924 4842 1141 4898 proprie
1168 4842 1410 4885 sumatur
1409 4842 1535 4956 ἀρνο
1568 4842 1719 4885 vana;
1752 4842 1960 4886 scilicet
1986 4842 2100 4900 gtoo

507 4902 610 4957 τίω
638 4901 769 4954 vitio
796 4898 910 4982 sive
937 4910 1183 4984 peccato,
1209 4914 1405 4984 quomo
1446 4917 1478 4955 ο
1505 4906 1681 4973 potest
1707 4900 1826 4984 quis
1853 4900 2101 4957 tentatln-

509 4986 637 5026 nem
661 4972 839 5027 carnis
866 4984 961 5040 per
982 4971 1330 5042 cenodoxiam
1359 4986 1455 5026 seu
1478 4971 1669 5028 vanam
1693 4971 1915 5042 gloriam
1943 4983 2099 5041 supe-

507 5043 816 5126 rarehdum
847 5055 915 5096 ne
943 5040 1212 5126 infamiam
1244 5042 1595 5126 iocur-regunt
1622 5040 1825 5126 castus,
1851 5048 1904 5126 et
1929 5040 2103 5126 conti:

508 5127 645 5169 nens
672 5113 947 5180 habeatur,
977 5111 1206 5168 abstinet
1234 5122 1293 5168 se
1323 5130 1351 5167 a
1380 5110 1604 5184 flagitio,
1640 5112 1706 5168 ad
1731 5110 1871 5182 quod
1902 5113 2103 5183 alioqui

508 5184 863 5256 vehementer
894 5185 1353 5256 exstimulabatur.
1384 5183 1535 5256 Saépe
1565 5191 1721 5247 enim,
1749 5192 1806 5237 ut
1832 5194 2012 5239 monet
2037 5184 2097 5240 S.

510 5254 805 5323 Gregorius
850 5254 997 5307 hom.
1051 5254 1121 5309 Η
1161 5254 1213 5308 in
1263 5254 1634 5320 Ezechielem,
1680 5270 1784 5308 uno
1815 5264 2037 5321 tempore
2069 5272 2102 5307 a

508 5326 745 5397 pluribus
777 5326 1006 5378 hostibus
1040 5338 1436 5397 appngnamttr;
1467 5334 1513 5377 et
1545 5326 1667 5397 dum
1696 5338 1846 5397 unus
1868 5341 1898 5376 τι
1931 5324 2102 5397 frange

508 5392 565 5467 se
597 5396 766 5467 palam
799 5405 1049 5467 ostentat,
1070 5392 1203 5449 illius
1243 5412 1275 5448 a
1319 5405 1463 5467 tergo
1508 5394 1646 5467 clam
1691 5392 1986 5467 insidietur.
2036 5392 2101 5467 Et

510 5464 619 5519 hoc
666 5466 881 5535 quidem
932 5466 1092 5519 modo
1141 5467 1242 5520 dici
1278 5464 1453 5535 pcte'st
1477 5465 1772 5521 cenodoxia
1804 5464 2005 5518 utiliter
2034 5466 2101 5521 ab

509 5535 915 5604 incipientibus,
952 5536 1002 5588 id
1031 5544 1133 5601 est,
1164 5536 1411 5602 novitiis,
1447 5551 1541 5591 seu
1572 5536 1919 5603 imperfectis.
1950 5550 2101 5589 assu-

512 5606 610 5669 mi,
643 5615 909 5676 quatenus
940 5607 1113 5661 minus
1147 5609 1342 5661 malum
1372 5616 1455 5663 est
1481 5608 1796 5661 cenodoxia:
1819 5620 1977 5675 quam
2021 5605 2101 5660 lu-

512 5676 682 5727 Jturite
715 5676 995 5729 tentationi
1047 5678 1415 5733 succumbere.
1467 5677 1664 5732 Verum
1716 5681 1817 5731 hoc
1863 5690 1967 5730 non
2018 5684 2102 5732 est

513 5746 865 5817 mutationem
890 5744 1155 5817 dejicere,
1194 5746 1289 5799 sed
1316 5764 1359 5817 7a
1386 5750 1681 5802 tentatione
1706 5747 1865 5817 dejici
1893 5756 1944 5801 et
1976 5761 2098 5817 pro—

514 5814 711 5887 sterni.
748 5810 1162 5887 Carn‘afis‘ertim
1208 5816 1500 5884 cupiditas,
1545 5819 1633 5887 ait_
1663 5818 1725 5871 D.
1771 5810 2102 5887 August-inus

441 5904 447 5910 -
513 5876 660 5946 (Lib.
684 5891 736 5933 Iv
763 5881 832 5932 ad
852 5879 1184 5949 Bonifacium
1204 5876 1343 5937 cont.
1366 5887 1401 5938 2
1420 5876 1573 5956 epist.
1596 5885 1781 5957 Pelag.
1807 5876 1933 5959 σδλ)
1954 5892 2100 5961 cupi-

2123 4599 2180 4659 Ι)

3070 3202 3315 3271 postolus
3350 3200 3481 3257 dicit
3530 3218 3631 3256 non
3681 3220 3798 3259 esse

2194 3276 2436 3348 facienda
2460 3280 2624 3348 mala,
2649 3287 2705 3348 ut
2736 3275 2971 3348 eveniant
2991 3273 3129 3348 bona
3149 3272 3331 3345 (Rom.
3352 3274 3457 3342 ιιι).
3482 3273 3601 3327 Alio
3632 3275 3799 3348 modo

2195 3341 2254 3402 ut
2298 3346 2596 3403 cenodoxia
2646 3346 2939 3416 improprie
2990 3342 3077 3398 hic
3113 3341 3387 3416 sumatur,
3417 3341 3521 3398 non
3551 3358 3646 3416 pro
3671 3341 3796 3415 ipso

2193 3416 2324 3473 vitio
2369 3428 2463 3472 seu
2510 3414 2739 3485 peccato
2756 3462 2770 3485 ,
2824 3414 2919 3471 sed
2948 3426 3047 3484 pro
3073 3414 3191 3484 eius
3219 3414 3450 3485 quadam
3484 3415 3661 3485 specie
3692 3414 3795 3471 Seu

2194 3484 2544 3559 apparentia;
2569 3498 2630 3542 ut
2657 3500 2779 3543 cum
2804 3488 2925 3555 quis
2954 3497 3100 3542 metu
3130 3485 3367 3559 infamias
3392 3494 3445 3541 et
3482 3484 3793 3559 dedecoris,

2194 3555 2291 3616 aui.
2316 3559 2495 3614 habita
2522 3559 2954 3613 consideratione
2980 3572 3091 3612 sum
3112 3555 3392 3627 dignitatis
3416 3555 3795 3627 sacerdotalis,

2195 3641 2289 3701 aut
2311 3638 2482 3701 status
2506 3628 2765 3701 religiosi,
2795 3634 2885 3689 aut
2912 3638 3135 3701 propter
3160 3625 3371 3701 peccati
3399 3625 3788 3701 turpitudinem

2197 3706 2252 3757 et
2280 3694 2667 3772 indignitatem,
2698 3694 2931 3772 abstinet
2949 3714 2980 3772 a
3004 3694 3382 3772 fornicatione,
3405 3694 3545 3769 quOd
3572 3694 3791 3772 quidem

2197 3766 2578 3842 incipientibus
2604 3770 3012 3842 etimpert‘ectis
3042 3769 3312 3825 usuvenit.
3340 3766 3473 3824 Nam
3503 3766 3799 3842 perfectio~

2198 3840 2323 3910 res,
2340 3844 2385 3897 si
2416 3859 2522 3899 non
2552 3841 2798 3912 perfecti,
2822 3842 3047 3896 altiores
3077 3850 3133 3896 et
3158 3842 3506 3897 sublimiores
3529 3840 3795 3912 quasdam

2198 3917 2434 3969 rationes
2466 3910 2770 3976 attendunt,
2798 3922 2925 3980 puta
2978 3913 3070 3967 Dei
3115 3922 3232 3980 cpt.
3285 3927 3429 3967 max.
3477 3910 3745 3966 offensam
3774 3958 3791 3981 ,

2198 3984 2393 4039 divinae
2422 3986 2606 4053 gratiae
2631 3993 2686 4037 et
2714 3991 3039 4037 aeternorum
3071 3981 3335 4037 bonorum
3361 3982 3662 4051 iacturam,
3697 3982 3795 4038 Dei

2199 4056 2484 4121 beneficia,
2517 4054 2815 4125 praesertim
2850 4053 3237 4123 redemptionis
3251 4063 3318 4125 Aet
3341 4056 3609 4122 passionis
3634 4053 3795 4108 Chri-

2201 4124 2292 4190 sti,
2323 4122 2561 4179 amorem
2597 4124 2703 4178 Deo
2730 4123 2996 4189 debitum,
3030 4132 3087 4178 et
3116 4125 3221 4177 alia
3247 4122 3585 4193 huiusmodi.

2273 4204 2297 4233 ο
2328 4193 2445 4248 Etsi
2476 4206 2580 4249 non
2610 4204 2691 4249 est
2718 4204 2926 4263 magna:
2956 4194 3303 4263 perfectionis
3335 4194 3595 4249 indicium
3617 4238 3631 4262 ,
3664 4194 3792 4249 dum

2199 4266 2321 4335 quis
2352 4264 2720 4320 fornicationis
2749 4266 2995 4335 spiritum
3038 4274 3181 4320 metu
3232 4265 3467 4335 infamia»;
3516 4267 3791 4335 propellit,

2199 4334 2292 4392 aut
2342 4346 2522 4391 mente
2564 4336 2836 4406 concipit,
2863 4337 2947 4392 vel
2977 4334 3331 4391 sacerdotlls
3362 4335 3525 4391 ofﬁcii
3561 4337 3799 4404 dignita-

2202 4418 2333 4475 tem,
2362 4407 2445 4462 vel
2476 4408 2789 4476 opinionem
2817 4418 3157 4471 cunctorum,
3189 4415 3321 4472 etc...
3354 4418 3461 4461 non
3490 4416 3574 4460 est
3609 4415 3793 4461 tamen

2202 4478 2420 4549 proprie
2445 4480 2760 4533 cenodoxite
2791 4480 2977 4533 vitium
3002 4520 3016 4545 ,
3062 4493 3164 4534 nec
3206 4477 3367 4532 ullum
3416 4482 3695 4549 peceatum
3740 4479 3795 4549 si

2201 4545 2326 4621 quis
2355 4548 2456 4623 hac
2484 4551 2695 4623 ratione
2727 4564 2756 4604 ιι
2788 4551 3328 4623 peccato/abstineat
3351 4591 3366 4615 ,
3417 4545 3475 4623 u_t
3502 4554 3582 4623 _ex
3625 4545 3796 4623 dictis

2205 4615 2370 4704 patet.
2406 4617 2634 4704 Proinde
2655 4615 2947 4704 improprie
2973 4618 3235 4704 loquitur,
3258 4620 3384 4675 dum
3407 4615 3606 4672 sithoc
3622 4618 3796 4673 modo

2202 4692 2375 4801 mafius
2408 4692 2609 4775 malum
2643 4692 2853 4774 minore
2885 4693 3124 4747 retundl.

2329 4761 2554 4818 Cutnam
2584 4763 2820 4817 Macarto
2852 4762 2955 4818 hoc
2997 4762 3394 4833 apophtltegma
3440 4758 3787 4833 tribuendum

2201 4836 2291 4901 sit,
2314 4833 2490 4887 adhuc
2515 4836 2910 4904 incompertum
2932 4826 3129 4889 hab'eo'.
3154 4826 3327 4887 Porio
3346 4830 3525 4904 simile
3543 4840 3626 4904 est
3649 4830 3793 4901 quod

2200 4899 2340 4975 apud
2367 4899 2728 4975 Sophronium
2778 4905 2973 4975 legitur
3020 4904 3072 4959 in
3125 4903 3460 4975 htecverba
3503 4899 3600 4972 (In
3646 4899 3798 4975 prere

2202 4973 2393 5045 Spirit.
2424 4971 2471 5027 ὁ.
2504 4973 2665 5045 l55):
2708 4971 3066 5045 Duo'fratres
3108 4973 3402 5045 simulares
3446 4971 3612 5045 erant
3649 4971 3798 5027 Cott-

2199 5041 2569 5115 stantinopoli,
2608 5041 2849 5115 multum,
2872 5042 3132 5115 religiosi,
3169 5042 3506 5115 multumque
3534 5041 3793 5115 ieiunan-

2202 5125 2303 5172 tes.
2338 5112 2490 5171 Unus
2519 5116 2680 5186 igitur
2707 5130 2771 5186 ex
2804 5112 2887 5171 his
2912 5112 3137 5170 veniens
3180 5114 3255 5186 in,
3284 5112 3497 5186 Raytfhu
3524 5112 3548 5180 ,ἡ
3590 5112 3801 5186 smnio

2201 5183 2620 5251 abrenuntiavit,
2650 5193 2705 5242 et
2733 5185 2906 5242 factus
2936 5195 3019 5241 est
3046 5183 3376 5241 monachus.
3400 5185 3529 5239 Post
3551 5183 3801 5251 aliquan-

2200 5264 2313 5311 tum
2353 5271 2484 5313 vero
2522 5254 2785 5326 temporis
2826 5255 2980 5326 venit
3006 5262 3061 5311 et
3088 5255 3369 5311 stncularis
3400 5255 3572 5310 frater
3600 5255 3718 5326 eius
3744 5254 3800 5308 in

2202 5326 2414 5398 Raythtt
2438 5370 2454 5397 ,
2495 5336 2556 5383 ut
2593 5323 3064 5398 videretl'ratrem
3093 5340 3249 5381 suum
3279 5323 3641 5398 monachum.
3661 5323 3801 5379 Cum

2201 5395 2330 5468 ergo
2360 5395 2664 5455 moraretur
2691 5395 2832 5469 apud
2873 5410 2998 5469 eum
3026 5441 3040 5467 ,
3086 5397 3222 5452 vidit
3260 5398 3535 5452 surcularis
3574 5395 3801 5469 fratrem

2201 5466 2359 5522 suum
2392 5466 2807 5526 monachum'se
2833 5468 3165 5525 relicientem
3198 5469 3333 5522 liora
3366 5482 3528 5533 nona,
3564 5466 3796 5521 scanda-

2201 5538 2501 5608 lizatusque
2530 5541 2667 5596 dixit
2696 5540 2814 5595 illi:
2847 5536 3040 5594 Frater
3062 5582 3076 5604 ,
3121 5551 3245 5595 cum
3292 5550 3443 5608 esses
3486 5537 3801 5602 saecularis,

2203 5606 2494 5667 numquam
2522 5623 2647 5667 ante
2673 5612 2805 5665 solis
2834 5624 3087 5667 occasum
3115 5611 3369 5665 sumebas
3398 5606 3603 5664 cibum.
3650 5608 3807 5662 Tunc

2202 5680 2279 5733 ait
2309 5676 2389 5734 illi
2419 5684 2755 5738 monachus:
2788 5680 3060 5747 Profecto,
3095 5680 3284 5747 frater,
3317 5676 3533 5749 quando
3559 5688 3718 5749 eram
3746 5676 3806 5734 in

2202 5751 2425 5819 sazculo,
2454 5764 2612 5806 aures
2639 5767 2771 5808 meae
2798 5753 3106 5807 nutriebant
3134 5764 3240 5814 me,
3271 5747 3406 5804 vana
3432 5747 3579 5804 enim
3614 5748 3805 5819 homi-

2202 5836 2331 5875 num
2352 5818 2521 5890 glOria
2551 5832 2606 5876 et
2635 5824 2750 5878 laus
2781 5841 2888 5878 non
2920 5821 3269 5877 mediocriter
3307 5833 3395 5874 me
3435 5818 3809 5890 reficiebant,

2198 5887 2496 5961 ieiuniique
2524 5893 2767 5950 laborem
2797 5896 3063 5951 leniorem
3086 5891 3406 5949 reddebant.
3432 5888 3562 5946 Hac
3588 5887 3693 5946 ibi.
