4036 6216
496 289 606 355 651

1570 279 1854 338 JOANNIS
1892 274 2210 335 CASSIANI
2247 268 2748 331 COLLATIONES.

3682 267 3810 328 6'52

499 409 653 466 ribus
674 404 1108 469 succedentibus,
1145 400 1422 473 parabitur
1447 400 1600 455 nobis
1617 398 1822 468 absque
1852 395 1963 450 ullo
1988 394 2098 449 dis-
2124 396 2180 455 Α
2204 390 2583 453 bumilientur,
2624 385 2653 425 ιι
2692 385 2899 442 eisdem
2939 399 3154 441 rursum
3202 384 3350 440 vitils
3394 397 3516 455 qua:
3556 381 3808 440 vicerant

500 501 731 557 crimine
753 500 986 570 perlecta
1010 497 1255 553 victoria.
1281 496 1391 551 Nec
1423 503 1597 549 tamen
1637 490 1932 562 putandum
1960 487 2103 560 quod

500 592 873 664 principaliter
919 590 1037 661 quis
1083 600 1273 644 contra
1320 604 1484 643 unum
1515 587 1777 642 dimicans
1804 585 2016 651 vitium,
2049 592 2104 638 et

456 687 651 742 ‘velut
688 687 929 741 incautus
975 684 1203 738 aliorum
1252 683 1355 739 tela
1406 681 1778 752 prospiciens,
1830 679 2105 749 in0pinato

464 764 615 834 oictu
644 777 854 832 facilius
879 775 1053 831 valeat
1095 774 1364 842 sauciari,
1412 774 1554 845 quod
1604 787 1941 844 nequaquam
1987 770 2101 826 fiet.

456 872 462 877 ’
500 870 578 924 lm
589 870 845 939 possibile
865 882 1097 937 namque
1120 877 1205 922 est
1225 883 1350 923 eum
1372 866 1461 937 qui
1486 882 1581 937 pro
1602 866 1783 922 cordis
1805 866 1887 920 sui
1910 880 2102 920 emun-

501 962 723 1018 datione
751 960 1009 1017 sollicitus
1040 976 1166 1031 erga
1197 961 1653 1031 impugnationem
1677 960 1791 1015 vitii
1814 960 2105 1029 cujuslibet

432 1094 437 1098 .
480 1054 858 1110 intentionem
900 1067 1013 1108 sua:
1054 1055 1249 1108 mentis
1279 1054 1589 1120 armaverit,
1618 1052 1881 1109 adversus
1909 1062 2108 1108 caetera

505 1163 720 1219 quoque
745 1149 872 1204 vitia
894 1148 1202 1219 generalem
1226 1148 1513 1218 quemdam
1542 1148 1824 1204 horrorem
1848 1157 1904 1204 et
1923 1158 2107 1204 custo-

506 1242 653 1298 diam
697 1243 929 1299 similem
978 1258 1084 1299 non
1136 1242 1354 1299 habere.
1402 1242 1521 1310 Quo
1562 1243 1707 1298 enim
1741 1242 1904 1297 modo
1930 1242 2014 1298 vel
2038 1241 2107 1299 de

506 1335 622 1401 illa,
649 1351 751 1407 qua
781 1336 989 1393 absolvi
1016 1336 1314 1402 desiderat,
1350 1338 1601 1406 passione
1632 1337 1927 1391 merebitur
1961 1336 2105 1391 obti-

505 1448 641 1489 nere
673 1434 976 1503 victoriam,
1006 1432 1097 1503 qui
1125 1448 1185 1488 se
1213 1433 1487 1502 indignum
1519 1432 1853 1503 purgationis
1885 1434 2107 1502 praemio

508 1523 738 1579 aliorum
768 1525 894 1580 facit
920 1526 1167 1595 contagio
1192 1524 1487 1579 vitiorum?
1512 1524 1619 1580 Sed
1649 1539 1771 1579 cum
1802 1525 2108 1593 principalis

509 1615 692 1671 cordis
736 1615 906 1670 nostri
953 1614 1182 1670 intentio
1229 1615 1372 1671 velut
1410 1615 1703 1685 specialem
1743 1615 1848 1669 sibi
1879 1632 2105 1685 pugnam

511 1709 774 1764 adversus
805 1723 967 1762 unam
992 1710 1263 1777 exceperit
1288 1710 1615 1777 passionem,
1645 1723 1742 1777 pro
1774 1709 1888 1777 ipsa
1933 1709 2109 1764 orabit

2206 483 2365 539 tradi.
2387 481 2749 550 Quamobrem
2775 488 2957 536 certos
2978 494 3077 535 nos
3094 493 3217 535 esse
3236 478 3511 547 convenit,
3538 487 3645 533 tam
3671 479 3809 549 ipsis

2208 589 2390 632 rerum
2419 572 2826 644 experimentis,
2859 588 3020 641 quam
3051 570 3349 626 innumeris
3378 569 3673 639 Scriptura:
3718 580 3804 627 te-

2206 665 2477 723 stimoniis
2505 664 2770 730 eruditos,
2798 663 2995 718 nostris
3024 677 3123 718 nos
3151 662 3377 731 viribus,
3405 672 3429 701 ε
3462 663 3564 717 nisi
3590 661 3687 717 Dei
3713 677 3807 718 so-

2207 758 2309 814 lius
2356 756 2560 813 auxilio
2610 756 2926 821 fulciamur,
2974 765 3151 811 tantos
3204 756 3384 811 hostes
3412 770 3673 825 superare
3699 771 3808 813 non

2210 866 2391 922 posse,
2414 861 2469 906 et
2490 850 2559 904 ad
2585 851 2758 920 ipsum
2780 848 3023 919 quotidie
3047 864 3318 906 summam
3340 848 3583 908 victoria:
3604 857 3811 905 nostra

2208 944 2413 1001 referre
2456 943 2676 999 debere.
2726 943 2800 997 lta
2848 957 3014 1013 super
3062 942 3165 997 hoc
3210 957 3426 1013 quoque
3455 957 3553 1012 per
3580 942 3811 1014 Moysen

2208 1040 2438 1096 Domino
2462 1048 2844 1095 commonente
2868 1055 2883 1091 :
2915 1037 2998 1093 Ne
3018 1038 3160 1093 dicas
3188 1038 3243 1091 in
3273 1036 3425 1091 corde
3450 1046 3560 1102 tuo,
3584 1054 3708 1091 cum
3732 1038 3817 1093 de-

2208 1135 2384 1188 leverit
2410 1150 2495 1187 eas
2527 1132 2778 1188 Dominus
2807 1129 2947 1188 Deus
2974 1141 3095 1185 tuus
3124 1133 3178 1185 in
3208 1142 3482 1201 conspectu
3512 1141 3600 1186 tuo
3625 1148 3645 1185 :
3675 1132 3816 1187 Pro-

2210 1238 2320 1299 pter
2339 1228 2606 1302 justitiam
2632 1244 2797 1283 meam
2818 1227 3103 1281 introduxit
3130 1242 3209 1280 me
3236 1224 3512 1290 Dominus,
3537 1235 3593 1279 ut
3621 1237 3817 1281 terram

2211 1319 2345 1375 hanc
2368 1321 2701 1391 possiderem,
2734 1336 2851 1374 cum
2879 1329 3088 1391 propter
3112 1319 3397 1388 impietates
3426 1336 3547 1373 suas
3579 1320 3695 1374 ista:
3720 1321 3813 1373 de-

2209 1413 2324 1470 leta:
2369 1414 2474 1467 sint
2502 1414 2733 1467 nationes
2782 1411 3014 1483 (Deuter.
3066 1413 3167 1482 tx).
3199 1411 3385 1483 Neque
3412 1413 3555 1468 enim
3590 1425 3817 1483 propter

2206 1507 2445 1577 justitias
2475 1514 2595 1561 tuas
2620 1515 2678 1561 et
2701 1505 3008 1576 aequitatem
3038 1503 3219 1559 cordis
3251 1505 3323 1558 tui
3354 1514 3409 1558 tu
3451 1504 3815 1575 ingredieris,

2212 1608 2271 1653 ut
2297 1598 2572 1669 possideas
2604 1607 2777 1653 terras
2803 1612 3011 1663 earum,
3044 1596 3141 1652 sed
3166 1595 3293 1666 quia
3324 1595 3427 1650 illa:
3452 1606 3681 1667 egerunt
3713 1598 3823 1651 im-

2212 1692 2487 1761 pietatem,
2509 1701 2559 1747 te
2578 1692 2881 1747 introeunte
2897 1690 3087 1746 deleta:
3106 1699 3253 1745 sunt.
3274 1689 3419 1760 Rogo
3430 1688 3559 1759 quid
3578 1690 3827 1759 apertius

513 1801 794 1863 attentius,
826 1800 1080 1870 peculiari
1105 1800 1467 1855 sollicitudine
1487 1816 1551 1856 ac
1572 1800 1752 1855 studio
1774 1802 2104 1871 supplicans,

2222 1787 2382 1858 potuit
2401 1786 2506 1842 dici
2528 1795 2712 1842 contra
2738 1785 3094 1855 perniciosam
3116 1782 3422 1854 opinionem
3444 1783 3828 1853 praesumptio—

514 1898 575 1943 ut
599 1904 719 1945 eam
747 1889 1059 1960 diligentius
1097 1892 1423 1957 observare,
1472 1902 1526 1948 et
1574 1908 1671 1962 per
1715 1892 1831 1948 haec
1877 1894 2109 1949 celerem

515 1992 791 2038 mereatur
820 1982 1065 2038 obtinere
1091 1984 1390 2039 victoriam.
1421 1984 1574 2040 Hunc
1597 2001 1827 2055 namque
1850 2001 1946 2040 nos
1969 1988 2114 2040 ordi—

516 2089 642 2129 nem
674 2074 980 2143 prasliorum
1004 2090 1261 2132 exercere
1291 2077 1514 2145 debere,
1545 2094 1643 2135 nec
1686 2089 1866 2135 tamen
1903 2079 1973 2135 de
2014 2096 2113 2135 no-

517 2177 631 2221 stra
657 2168 855 2223 virtute
880 2169 1175 2239 conlidere,
1210 2170 1373 2225 etiam
1397 2172 1671 2242 legislator
1702 2173 1785 2227 his
1815 2172 1971 2228 docet
1997 2190 2116 2228 ver-

518 2262 603 2316 bis
628 2280 639 2315 :
675 2261 800 2317 Non
829 2264 1025 2318 timebis
1049 2280 1153 2329 eos,
1178 2265 1301 2334 quia
1330 2267 1587 2320 Dominus
1620 2265 1760 2321 Deus
1786 2276 1905 2320 tuus
1934 2267 1987 2320 in
2014 2283 2118 2320 me-

517 2354 607 2407 dio
634 2354 709 2407 tui
738 2363 833 2409 est.
863 2355 1003 2410 Deus
1043 2373 1262 2425 magnus
1290 2366 1338 2411 et
1372 2358 1613 2413 terribilis
1634 2402 1648 2426 ,
1694 2362 1808 2428 ipse
1857 2370 2116 2413 consumet

521 2450 754 2503 nationes
787 2449 878 2502 Itas
905 2451 959 2503 in
985 2461 1260 2521 conspectu
1289 2463 1374 2506 tuo
1398 2454 1656 2522 paulatim
1687 2462 1840 2523 atque
1872 2470 1961 2523 per
1997 2468 2117 2521 par-

523 2548 616 2593 tes.
651 2539 775 2594 Non
808 2541 995 2610 poteris
1024 2542 1196 2596 delere
1225 2560 1310 2597 eas
1338 2546 1554 2611 pariter,
1593 2561 1655 2598 nc
1694 2545 1828 2612 forte
1868 2545 2119 2615 multipli-

448 2694 451 2697 Α
520 2640 700 2687 centur
740 2643 921 2688 contra
968 2644 1015 2689 te
1057 2635 1229 2690 bestiae
1267 2647 1432 2689 terror.
1472 2634 1722 2706 Dabitque
1751 2652 1834 2689 eos
1867 2635 2116 2689 Dominus

520 2724 663 2779 Deus
692 2736 813 2780 tuus
838 2729 891 2780 in
920 2738 1194 2798 conspectu
1221 2738 1345 2795 tuo,
1389 2740 1438 2782 et
1479 2730 1751 2797 inter/Sciet
1796 2730 1915 2783 illos
1958 2729 2117 2782 donec

523 2820 729 2890 penitus
756 2821 1029 2876 deleantur
1057 2820 1295 2893 (Denter.
1330 2827 1449 2894 vn).

1130 2938 1360 2995 CAPUT
1398 2939 1511 2994 XV.

616 3030 771 3085 Nihil
802 3048 892 3087 nos
917 3049 1065 3103 posse
1092 3034 1366 3087 adversum
1395 3035 1518 3087 vitia
1545 3034 1656 3087 sine
1683 3033 1879 3087 auxilio
1908 3033 2028 3098 Dei,

718 3119 809 3158 nec
837 3106 1019 3158 debere
1047 3121 1137 3158 nos
1164 3106 1218 3158 in
1242 3121 1418 3159 eorum
1442 3106 1622 3159 extolli
1651 3105 1886 3158 victoria.

2214 1896 2444 1951 nemque
2485 1892 2748 1947 nostram,
2776 1893 2881 1950 qua
2913 1888 3082 1933 totum
3110 1878 3253 1948 quod
3282 1877 3487 1947 agimus
3531 1877 3615 1932 vel
3647 1878 3827 1933 libero

2213 1976 2436 2031 arbitrio
2461 1975 2547 2030 vel
2590 1984 2790 2030 nostra:
2815 1974 3059 2028 volumus
3090 1972 3369 2028 industriae
3397 1970 3661 2041 deputare
3682 1970 3707 2022 Ἰ
3739 1969 3830 2025 Ne

2216 2070 2382 2134 dicas,
2412 2066 2606 2137 inquit,
2639 2068 2692 2121 in
2720 2066 2876 2120 corde
2899 2076 3006 2131 tuo,
3032 2080 3149 2118 cum
3168 2062 3409 2118 deiecerit
3448 2078 3535 2116 eas
3561 2059 3833 2117 Dominus

2220 2161 2356 2216 Deus
2396 2168 2513 2215 tuus
2556 2162 2610 2214 in
2656 2170 2929 2229 conspectu
2974 2168 3099 2212 tuo:
3136 2166 3347 2229 prapter
3365 2156 3623 2229 justitiam
3649 2172 3833 2209 meam

2217 2253 2506 2308 introduxit
2532 2268 2613 2307 me
2639 2250 2931 2316 Dominus,
2973 2259 3030 2305 ut
3076 2258 3267 2304 terram
3309 2248 3443 2301 hanc
3481 2246 3825 2317 possiderem.

2217 2344 2406 2401 Nonne
2428 2344 2510 2400 bis
2535 2344 2624 2415 qui
2651 2343 2834 2398 oculos
2856 2343 3048 2396 anima:
3069 2351 3342 2397 reseratos
3363 2350 3418 2395 et
3438 2354 3595 2393 aures
3618 2338 3831 2394 habent

2218 2438 2283 2493 ad
2312 2437 2640 2493 audiendum
2682 2435 2966 2491 evidenter
3017 2433 3326 2503 expressit?
3374 2432 3508 2486 Cum
3552 2430 3647 2485 tibi
3695 2445 3830 2497 pro-

2219 2546 2376 2600 spere
2391 2530 2644 2583 vitiorum
2660 2526 2958 2582 carnalium
2974 2525 3114 2581 bella
3133 2524 3514 2589 successerint,
3538 2531 3592 2575 et
3616 2521 3830 2577 videris

2219 2631 2274 2680 te
2304 2623 2371 2679 de
2400 2624 2641 2692 ipsorum
2672 2634 2829 2676 coeno
2869 2628 2925 2674 et
2972 2617 3393 2673 conversatione
3432 2613 3615 2669 mundi
3661 2612 3831 2669 istius

2221 2718 2529 2780 liberatum,
2558 2729 2665 2769 non
2703 2721 2810 2767 tua:
2838 2711 2889 2766 id
2911 2710 3092 2765 virtuti
3114 2723 3213 2763 nec
3240 2706 3534 2777 sapientizr,
3554 2714 3830 2775 proventu

2222 2822 2414 2878 pugnae
2440 2816 2602 2875 atque
2630 2804 2872 2860 victoria:
2927 2802 3163 2867 inﬂatus,
3205 2798 3470 2866 ascribas,
3510 2797 3738 2853 credens
3770 2806 3831 2854 te

2223 2910 2442 2971 propter
2470 2899 2686 2953 labores
2722 2906 2778 2953 et
2806 2895 3041 2951 studium
3074 2905 3248 2959 tuum,
3275 2902 3331 2949 et
3355 2891 3562 2948 arbitrii
3602 2890 3829 2945 liberta-

2224 3001 2352 3058 tem,
2383 2992 2453 3047 de
2479 2991 2811 3061 spiritalibus
2836 2987 3089 3059 nequitiis
3117 2987 3204 3041 vel
3229 2984 3533 3042 carnalibus
3557 2983 3700 3037 vitiis
3725 2983 3826 3039 ob—

2223 3086 2451 3141 tinuisse
2472 3084 2776 3140 victoriam.
2806 3082 3015 3149 Quibus
3036 3077 3389 3151 proculdubio
3410 3076 3464 3132 in
3495 3076 3641 3131 nullo
3667 3077 3827 3145 peni-

594 3194 702 3250 Sed
729 3209 901 3265 neque
932 3193 1130 3249 debere
1157 3209 1256 3250 nos
1298 3196 1349 3249 in
1400 3210 1587 3249 eorum
1637 3195 1826 3249 extolli
1872 3193 2115 3260 victoria,
2144 3166 2191 3230 C
2225 3188 2311 3234 tus
2344 3181 2637 3249 praevalere
2666 3179 2961 3248 potuisses,
2993 3174 3098 3229 nisi
3140 3184 3196 3229 te
3233 3164 3445 3228 Domini
3485 3169 3825 3227 communis-

526 3288 776 3342 similiter
805 3286 1059 3341 admonet
1085 3305 1096 3337 :
1131 3285 1214 3341 Ne
1229 3296 1501 3358 postquam
1527 3286 1830 3349 comederis,
1853 3286 2047 3355 inquit,
2074 3296 2123 3342 et

527 3385 746 3437 satiatus
777 3383 955 3453 fueris,
989 3384 1168 3436 domos
1190 3382 1437 3453 pulchras
1463 3381 1821 3451 (edi/icaveris,
1851 3391 1899 3435 et
1923 3382 2125 3436 habita-

523 3478 657 3530 veris
685 3477 741 3530 in
769 3476 863 3543 eis,
896 3476 1233 3545 habuerisque
1260 3483 1494 3529 armenta
1521 3483 1568 3528 et
1595 3474 1762 3528 ovium
1783 3492 1979 3545 greges,
2004 3476 2126 3529 auri

525 3580 573 3623 et
604 3570 803 3641 argenti
830 3554 1233 3641 cunctarumque
1266 3585 1442 3622 rerum
1489 3570 1721 3638 copiam,
1772 3568 1994 3623 elevetur
2037 3585 2124 3624 cor

526 3670 693 3728 tuum,
724 3670 772 3715 et
800 3678 902 3716 non
926 3662 1271 3716 reminiscaris
1297 3658 1507 3715 Domini
1539 3660 1635 3715 Dei
1662 3660 1739 3713 tui
1764 3661 1851 3731 qui
1878 3659 2056 3715 eduxit
2078 3670 2126 3714 te

526 3754 589 3808 de
615 3762 753 3809 terra
780 3752 1027 3827 Aigypti,
1058 3754 1120 3807 de
1145 3754 1297 3808 domo
1335 3752 1593 3809 servitutis
1617 3794 1632 3817 ,
1684 3763 1733 3806 et
1780 3752 1962 3807 ductor
2006 3761 2125 3806 tuus

528 3848 628 3916 fuit
676 3848 729 3900 in
779 3848 1055 3901 solitudine
1086 3864 1271 3919 magna
1316 3859 1469 3918 atque
1507 3844 1723 3900 terribili
1752 3845 1991 3914 (Denter.
2024 3842 2122 3915 vt).

526 3938 787 3994 Salomon
818 3955 1034 4010 quoque
1064 3941 1114 3994 in
1147 3940 1483 3997 Proverbiis:
1519 3948 1543 3976 ⁸
1575 3938 1637 3995 Si
1670 3939 1906 3992 ceciderit
1953 3938 2127 3991 inimi-

528 4047 620 4085 cus
646 4042 780 4098 tuus,
809 4033 916 4087 noli
942 4032 1234 4103 gratulari;
1264 4033 1319 4085 in
1346 4033 1764 4103 supplantatione
1801 4040 1973 4083 autem
2013 4033 2124 4101 ejus

527 4126 637 4180 noli
679 4125 857 4180 extolli
881 4166 896 4189 ,
945 4140 1007 4177 ne
1054 4125 1224 4177 videat
1272 4123 1526 4176 Dominus
1556 4134 1602 4175 et
1630 4140 1732 4175 non
1758 4124 1957 4193 placeat
1984 4125 2050 4187 ei,
2079 4134 2127 4178 et

529 4226 722 4269 avertat
753 4218 886 4269 iram
913 4231 1063 4268 suam
1089 4216 1152 4268 ab
1178 4230 1239 4268 eo
1271 4212 1453 4284 (Prov.
1479 4213 1669 4284 xxiv):
1698 4213 1750 4268 id
1774 4223 1877 4279 est,
1907 4230 1973 4269 ne
2004 4230 2126 4283 per-

529 4311 766 4379 spiciens
795 4310 1080 4365 elationem
1110 4310 1288 4364 cordis
1337 4310 1436 4375 tui,
1465 4311 1532 4363 ab
1569 4309 1687 4378 ejus
1717 4309 2125 4378 impugnatione

530 4402 795 4467 discedat,
816 4408 871 4457 et
887 4401 1134 4470 incipias,
1154 4401 1443 4455 derelictus
1460 4401 1526 4454 ab
1540 4416 1626 4467 eo,
1646 4415 1831 4454 rursus
1855 4402 1944 4456 illa
1962 4416 2121 4472 quam

526 4508 628 4563 per
656 4494 749 4549 Dei
781 4491 1005 4562 gratiam
1045 4502 1171 4547 ante
1217 4507 1573 4561 superaveras
1622 4493 1874 4562 passione
1918 4496 2121 4549 vexari.

2223 3281 2307 3325 set
2337 3279 2427 3324 aut
2457 3271 2781 3339 protexisset
2807 3267 3088 3321 auxilium.

2824 3404 3053 3462 CAPUT
3085 3403 3225 3458 XVI.

2225 3504 2303 3560 De
2323 3502 2711 3574 signiﬁcatione
2732 3511 2920 3574 septem
2941 3497 3169 3570 gentium
3192 3488 3600 3574 quorum‘lsrael
3618 3503 3827 3574 accepit

2296 3561 2482 3699 aerias,
2514 3583 2560 3627 et
2584 3590 2743 3641 quare
2758 3561 2884 3625 alibi
2901 3561 3091 3640 septem
3112 3576 3159 3621 et
3181 3561 3308 3619 alibi
3327 3561 3501 3617 multa:
3518 3572 3685 3633 gentes
3710 3580 3828 3617 esse

2335 3649 2557 3700 icantur.

2295 3761 2323 3801 ἀ
2356 3764 2453 3818 lla:
2489 3772 2614 3817 sunt
2642 3768 2850 3828 septem
2881 3764 3074 3827 gentes
3110 3767 3337 3823 quarum
3374 3760 3553 3807 terras
3590 3749 3826 3819 egressis

2224 3872 2292 3913 ex
2323 3856 2557 3925 Egypto
2594 3853 2722 3906 liliis
2753 3848 2921 3904 Israel
2953 3847 3203 3902 daturum
3244 3859 3306 3899 se
3337 3843 3595 3897 Dominus
3642 3855 3827 3909 repro-

2225 3949 2411 4004 mittit.
2436 3948 2570 4013 Quae
2600 3943 2782 3998 omnia
2831 3938 3129 3995 secundum
3158 3935 3483 4006 Apostolum
3511 3948 3631 3988 cum
3667 3932 3717 3984 in
3761 3932 3827 3983 li-

2225 4060 2354 4115 gura
2390 4037 2718 4109 contigerint
2757 4035 2897 4101 illis,
2940 4032 3005 4087 ad
3052 4027 3295 4085 nostrain
3346 4026 3826 4083 commonitionem

2226 4136 2431 4203 scripta
2480 4132 2745 4185 debemus
2793 4125 3063 4193 accipere.
3109 4122 3184 4176 Ita
3235 4121 3382 4175 enim
3426 4119 3623 4173 dicitur
3653 4135 3665 4167 :
3698 4115 3825 4170 Cum

2224 4222 2570 4281 introduxerit
2607 4230 2655 4274 te
2699 4218 2958 4272 Dominus
3000 4214 3139 4268 Deus
3182 4224 3301 4267 tuus
3350 4212 3406 4265 in
3437 4220 3627 4264 terram
3668 4225 3826 4277 quam

2226 4328 2556 4386 possessurus
2584 4309 2911 4381 ingrediaris,
2961 4316 3005 4358 et
3035 4302 3273 4359 deleverit
3302 4309 3473 4371 gentes
3515 4297 3705 4351 multas
3736 4313 3826 4350 co-

2227 4422 2337 4459 ram
2383 4413 2464 4470 te,
2498 4399 2782 4456 Hethwum
2823 4408 2871 4451 et
2921 4396 3257 4466 Gergeza'um
3302 4404 3349 4446 et
3388 4390 3743 4445 Amorrhteum
3773 4399 3827 4443 et

2228 4495 2585 4553 Chananteum
2619 4503 2667 4548 et
2714 4490 3047 4545 Pherezteum
3096 4497 3144 4540 et
3190 4484 3399 4540 Esmun:
3425 4492 3471 4536 et
3496 4481 3825 4547 Ιεὺκδιευηι,

528 4586 648 4641 Non
676 4586 818 4642 enim
848 4594 1057 4640 orasset
1085 4584 1353 4656 Propheta
1384 4584 1570 4641 dicens
1596 4604 1609 4639 :
1651 4586 1734 4640 Ne
1761 4587 1933 4641 tradas
1959 4628 1974 4652 ,
2011 4588 2120 4642 Do-
2149 4555 2202 4615 Ι)
2226 4600 2418 4662 septem
2444 4596 2615 4660 gentes
2637 4584 2799 4637 multo
2828 4581 3045 4653 majoris
3074 4578 3272 4632 numeri
3291 4589 3443 4647 quam
3469 4580 3521 4625 tu
3546 4586 3623 4635 es,
3649 4580 3698 4622 et
3729 4587 3827 4624 ro-

529 4681 700 4743 mine,
731 4679 900 4734 bestiis
931 4680 1158 4734 animam
1185 4680 1504 4748 conﬁtentem
1532 4680 1625 4733 tibi
1654 4680 1877 4749 (Psalm.
1918 4683 2083 4751 Lxxv)
2106 4724 2120 4747 ,

529 4771 634 4828 nisi
660 4772 854 4828 scisset
890 4784 1109 4841 pr0pter
1137 4771 1470 4827 inﬂationem
1507 4771 1688 4827 cordis
1723 4775 1981 4842 quosdam
2007 4814 2023 4840 ,
2068 4782 2127 4827 nt

2231 4682 2481 4736 bustiores
2512 4688 2581 4745 te,
2612 4676 2989 4746 tradideritque
3028 4688 3115 4726 eas
3152 4669 3405 4724 Dominus
3432 4665 3541 4731 tibi,
3567 4663 3825 4732 percuties

2232 4792 2319 4829 eas
2350 4789 2509 4844 usque
2541 4772 2608 4825 ad
2652 4768 3050 4824 internecionem
3082 4763 3317 4835 (Deuter.
3350 4758 3470 4831 vit).
3500 4754 3653 4825 Quod
3692 4771 3826 4811 vero

1591 4906 1847 4962 ALARDI
1887 4906 2118 4963 GAZ/El
2155 4904 2726 4964 COMMENTARIUS.

602 5013 629 5041 ⁸
669 5004 899 5077 Vulgata
947 5005 1107 5062 lectio
1142 5024 1154 5058 :
1189 5003 1316 5060 Cum
1347 5002 1585 5077 ceciderit
1616 5002 1857 5055 inimicus
1891 5012 2025 5067 tuus,
2058 5018 2119 5057 ne

525 5076 853 5149 gautleas,’et
874 5080 927 5132 in
948 5079 1101 5131 ruina
1131 5081 1330 5149 ejusgne
1351 5076 1570 5149 exsultet
1591 5090 1683 5149 cor
1711 5084 1876 5149 tuum.

598 5149 625 5189 δ
657 5148 952 5221 Gregorius
983 5165 1069 5202 xix
1098 5144 1266 5221 Min-al
1288 5161 1405 5221 cap.
1440 5146 1549 5221 l7_:
1583 5144 1683 5209 Qui
1706 5145 1830 5197 vitia
1852 5154 2116 5212 superant,

526 5238 644 5275 cum
673 5222 737 5274 de
767 5215 976 5291 uictoria
1017 5219 1340 5291 superbiant,
1365 5215 1645 5291 ipsoltoste
1673 5232 1824 5291 super
1852 5232 1906 5269 se
1942 5227 2120 5291 ruente

523 5294 804 5346 intereunt.
820 5290 1045 5346 Eleazar
1059 5287 1277 5359 namque
1292 5290 1343 5343 in
1368 5289 1573 5355 praelia,
1589 5287 1908 5359 elephantem
1930 5287 2118 5359 feriens

524 5363 737 5430 stravit;
765 5363 855 5416 sed
892 5364 983 5417 sub
1012 5362 1141 5432 ipso,
1172 5356 1325 5432 quem
1351 5359 1615 5432 exstinxit,
1651 5357 1885 5409 occubuit
1916 5356 1974 5432 (_l
2002 5356 2117 5432 Mu-

525 5434 674 5488 chab.
703 5427 809 5504 vt).
851 5434 988 5498 Quos
1018 5427 1137 5503 ergo
1167 5427 1542 5504 istesigniﬁcnt
1562 5470 1574 5489 ,
1603 5444 1753 5491 quem
1782 5444 1876 5504 sua
1906 5427 2117 5504 pistoria

526 5498 806 5578 Oppressit,
834 5506 932 5578 nisi
970 5520 1055 5557 eos
1075 5498 1183 5578 'qui
1204 5503 1350 5578 ‘vitia
1396 5509 1674 5578 superant;
1703 5498 1926 5578 sendﬁsub
1946 5498 2113 5578 ipsis,

527 5568 642 5647 qtae
672 5575 972 5646 subjiciunt,
1006 5568 1350 5647 superbiendo
1389 5568 1765 5647 suecnmbun-t?
1794 5569 1956 5647 Quasi
1980 5568 2116 5620 enim

526 5639 620 5702 sub
646 5639 790 5701 hoste
818 5661 965 5708 quem
990 5639 1266 5712 prosternit
1296 5642 1532 5705 moritur,
1565 5642 1650 5708 qni
1678 5640 1740 5691 de
1771 5639 1925 5707 culpa
1963 5650 2118 5707 quam

432 5708 495 5787 ἔῃ
528 5726 751 5788 superat
767 5708 1016 5788 elevatur.

603 5772 859 5843 ssotius.
903 5772 1101 5847 inquit,
1157 5774 1251 5833 Dei
1298 5772 1493 5834 auxltlo
1521 5774 1820 5847 (uitiantur.
1863 5781 1925 5839 et,
1960 5785 2116 5844 vero;

2229 5016 2351 5055 nam
2381 5002 2481 5055 etsi
2523 4999 2750 5053 liberum
2779 4996 3061 5051 arbitrium
3090 4999 3377 5048 concurrat
3400 4986 3538 5059 (Dei
3562 4986 3694 5040 enim
3733 5001 3829 5037 su—

2227 5089 2340 5125 mus
2379 5072 2663 5141 adjutores,
2694 5079 2832 5141 teste
2864 5064 3120 5141 Apostolu
3151 5063 3194 5141 (Ι
3229 5062 3351 5115 Cor.
3385 5063 3607 5141 v),_.non
3635 5066 3821 5141 tanien

2226 5126 2460 5196 arbitrii;
2483 5126 2669 5195 nostro
2707 5126 2990 5200 fulcimur;
3023 5136 3125 5207 sed
3160 5126 3361 5202 ipsum,
3392 5147 3422 5185 e
3450 5130 3689 5207 diversp,
3721 5126 3821 5207 Dei

2226 5213 2427 5267 auxilio
2450 5211 2624 5265 fulciri
2660 5223 2939 5282 necessum
2967 5197 3069 5282 est:
3108 5197 3413 5282 Porro__non
3446 5214 3605 5282 posse
3637 5197 3820 5282 homi-

2227 5299 2350 5338 nem
2384 5283 2513 5336 solis
2541 5292 2746 5336 natura:
2777 5278 2980 5333 viribus
3018 5276 3225 5344 absque
3276 5272 3369 5326 Dei
3420 5269 3621 5344 auxilio
3651 5269 3819 5344 ullam

2228 5353 2581 5408 tentationem
2605 5365 2886 5421 superare,
2914 5339 3171 5421 constans
3198 5352 3284 5400 est
3307 5342 3700 5421 catholicorum
3713 5339 3825 5421 3d-

2223 5440 2412 5479 versus
2451 5409 2769 5492 Pelagianos
2815 5409 3102 5492 haereticos
3128 5414 3420 5492 sententia,
3441 5421 3499 5467 et
3522 5420 3683 5492 vetus
3713 5409 3821 5492 Eg-

2431 5472 2771 5562 tiidiu‘iii‘bé
2794 5472 2897 5557 qua
2923 5489 3049 5562 vide»
3069 5486 3326 5562 Bel-inrui,
3356 5472 3517 5562 lib._tt
3536 5480 3605 5535 de
3631 5472 3824 5562 Gratia

2222 5575 2275 5621 et
2296 5566 2490 5620 Libero
2517 5561 2754 5619 Arbitrio
2775 5552 2893 5629 cap.
2932 5561 2983 5613 7.
3014 5552 3824 5629 Eamdcmnloctrinamnrnultis

2220 5635 2515 5706 Scriptura:
2568 5622 2889 5706 testimoniis
2931 5629 3215 5706 con_tirma_t
3257 5626 3549 5706 Cassinnus
3593 5622 3689 5706 lib.
3742 5637 3825 5676 ιιι

2226 5693 2401 5763 lnstlt.
2427 5722 2544 5774 cep.
2580 5705 2645 5759 16
2670 5714 2721 5757 et
2756 5704 2818 5755 l7
2881 5711 2933 5755 et
2960 5701 3143 5755 collat.
3174 5697 3209 5751 ὃ
3234 5712 3295 5751 ca
3340 5728 3353 5749 ο
3389 5694 3453 5749 l7
3481 5703 3537 5749 et
3567 5693 3671 5763 ult,

2297 5768 2322 5815 ιι
2364 5771 2441 5820 De
2468 5779 2551 5820 tm
2582 5776 2733 5820 nlurn
2762 5737 2989 5820 lniorltts
3016 5766 3082 5820 Id
3102 5777 3226 5820 cun.
3255 5712 3343 5820 εξ.

2297 5758 2551 5832 il"itania
2580 5758 2733 5844 plura
2762 5758 2989 5828 intortus
3016 5766 3082 5825 ιιι
3102 5777 3226 5836 cap.
3255 5758 3343 5856 αξξ
