4026 6204
250 316 358 371 053

1038 320 1375 379 COLLATIO
1416 324 1482 379 V.
1510 354 1584 365 —
1612 322 1704 379 DE
1745 323 1925 381 OCTO
1963 326 2483 387 PRlNClPALlBUS
2524 330 2742 389 VlTllS.

3435 346 3544 398 ('54

254 432 428 485 multo
456 431 680 501 majoris
710 435 923 491 numeri
962 450 1083 492 esse
1118 437 1387 503 dicuntur,
1420 439 1534 494 haec
1564 449 1649 494 est
1682 440 1848 507 ratio,
1875 446 1928 504 Α
1955 442 2168 498 numeri
2189 459 2348 514 quam
2372 446 2616 513 virtutes,
2639 448 2871 505 devictis
2895 458 3074 508 tamen
3102 453 3216 509 illis
3241 465 3366 512 octo
3393 462 3543 527 prin-

249 523 382 594 quia
417 533 445 562 ι
473 526 630 595 plura
655 536 787 584 sunt
813 528 953 584 vitia
980 544 1139 600 quam
1166 531 1415 586 virtutes.
1436 532 1502 587 Et
1528 533 1653 588 ideo
1677 534 1731 588 in
1753 547 1849 589 ca-

251 616 442 687 talogo
487 616 706 688 quidem
764 618 1175 676 dinumerantur
1217 632 1422 692 septem
1464 625 1747 691 nationes,
1791 625 1849 681 in

248 712 661 781 expugnatione
700 726 836 767 vero
889 728 1074 768 earum
1111 714 1230 769 sine
1268 717 1479 771 numeri
1520 715 1847 785 ascriptione

250 812 557 871 ponuntur.
583 804 658 859 lta
683 804 829 860 enim
853 805 1054 860 dicitur
1075 822 1090 859 :
1116 804 1187 860 Et
1208 807 1447 861 deleverit
1465 817 1635 879 gentes
1655 808 1847 863 multas

248 908 432 947 coram
455 905 522 948 te.
550 892 578 932 ι’
600 894 957 950 Numerosior
976 896 1121 969 enim
1145 906 1418 968 estquam
1446 898 1636 964 Israel,
1659 914 1849 954 carna-

248 982 387 1039 lium
417 986 727 1055 passionum
756 987 1009 1057 populus,
1039 989 1133 1059 qui
1174 989 1244 1044 de
1273 990 1377 1047 hoc
1410 995 1720 1062 septenario
1760 991 1846 1047 fo-

248 1077 387 1133 mite
422 1079 676 1134 vitiorum
721 1095 783 1136 ac
808 1082 990 1137 radice
1014 1082 1278 1152 procedit.
1314 1083 1527 1140 Exinde
1558 1085 1699 1140 enim
1731 1086 1851 1155 pul-

248 1168 427 1223 lulant
454 1169 767 1234 homicidia,
797 1173 1198 1241 contentiones,
1233 1175 1492 1242 haereses,
1520 1176 1680 1245 furta,
1713 1177 1847 1235 falsa

248 1259 582 1330 testimonia,
609 1262 994 1333 blasphemiae,
1024 1267 1461 1322 comessationes
1480 1311 1495 1338 ,
1531 1268 1844 1336 ebrietates,

251 1354 638 1425 detractiones,
666 1357 899 1425 ludicra,
935 1358 1352 1429 turpiloquium,
1393 1360 1699 1430 mendacia,
1728 1377 1848 1426 per-

242 1449 412 1517 juria,
435 1450 794 1522 stultiloquia,
820 1452 1145 1519 scurrilitas,
1183 1453 1525 1525 inquietudo,
1556 1458 1842 1527 rapacitas,

247 1540 578 1609 amaritudo,
604 1543 835 1608 clamor,
862 1542 1182 1613 indignatio,
1217 1554 1579 1615 contemptus,
1607 1562 1847 1601 murmu—

249 1633 413 1700 ratio,
445 1635 699 1701 tentatio,
730 1635 1065 1704 desperatio,
1097 1636 1377 1707 multaque
1405 1637 1510 1692 alia
1538 1653 1656 1708 qua:
1695 1653 1845 1693 com-

239 1740 555 1781 memorare
595 1726 919 1797 perlongum
968 1735 1071 1782 est.
1102 1726 1235 1794 Quae
1276 1744 1396 1783 cum
1426 1742 1456 1782 a
1500 1728 1655 1783 nobis
1703 1730 1842 1785 levia

1950 534 2216 605 cipalibus
2247 537 2421 605 vitiis,
2458 553 2529 594 ex
2560 554 2788 608 quorum
2833 552 3023 598 natura
3066 559 3160 600 eas
3208 557 3417 601 certum
3458 561 3543 605 est

1949 642 2232 696 emanare,
2263 644 2453 686 omnes
2476 633 2727 701 protinus
2753 637 3166 705 conquiescunt,
3191 652 3255 693 ac
3279 651 3542 710 perpetua

1948 721 2159 789 pariter
2186 736 2307 776 cum
2344 721 2430 779 his
2470 724 2844 783 internecione
2885 728 3158 784 delentur.
3194 740 3216 769 ο
3242 730 3320 786 De
3347 733 3536 801 gastri-

1947 813 2154 883 margia
2187 828 2421 885 namque
2452 828 2750 876 nascuntur
2791 821 3249 888 comessationes,
3304 824 3542 879 ebrieta-

1949 912 2060 971 tes;
2088 904 2157 959 de
2181 904 2562 975 fornicatione,
2583 910 2935 980 turpiloquia,
2958 913 3281 981 scurrilitas,
3302 914 3537 983 ludicra,

1947 1011 2011 1052 ac
2038 997 2413 1068 stultiloquia;
2442 998 2511 1055 de
2542 1000 2897 1072 philargyria,
2929 1003 3290 1072 mendacium,
3322 1005 3540 1061 fraudu-

1947 1088 2049 1154 tio,
2082 1087 2245 1158 furta,
2280 1088 2539 1159 perjuria,
2570 1092 2742 1162 turpis
2783 1093 2916 1148 lucri
2962 1097 3262 1165 appetitus,
3294 1097 3425 1151 lalsa
3459 1106 3539 1153 te-

1944 1179 2224 1248 stimonia,
2239 1182 2519 1245 violentia,
2540 1182 2905 1241 inhumanitas
2926 1201 2989 1241 ac
3009 1189 3310 1258 rapacitas;
3334 1190 3401 1245 de
3432 1190 3536 1255 ira,

1946 1269 2326 1343 homicidium,
2360 1275 2565 1329 clamor
2593 1283 2648 1330 et
2678 1276 3008 1346 indignatio;
3040 1278 3111 1334 de
3142 1279 3381 1348 tristitia,
3414 1297 3536 1335 ran-

1946 1376 2063 1430 cor,
2094 1363 2536 1433 pusillanimitas,
2566 1367 2902 1435 amaritudo,
2930 1368 3273 1439 desperatio;
3313 1371 3381 1427 de
3414 1386 3536 1427 acc-

1945 1454 2055 1525 dia,
2075 1454 2348 1522 otiositas,
2369 1457 2745 1526 somnolentia,
2772 1460 3172 1531 importunitas,
3197 1462 3531 1533 inquietudo,

1946 1548 2276 1619 pervagatio,
2299 1548 2625 1605 instabilitas
2638 1552 2835 1607 mentis
2852 1553 3183 1623 etcorporis,
3198 1555 3498 1611 verbositas
3513 1598 3531 1624 ,

1944 1640 3533 1718 curiositas;decenodoxia,contentiones,haereses,jactan-

1945 1730 2040 1799 tia,
2062 1746 2125 1786 ac
2146 1736 2497 1802 praesumptio
2522 1736 2855 1802 novitatum;
2883 1737 2954 1793 de
2983 1738 3258 1809 superbia,
3281 1750 3530 1796 contem-

234 1816 581 1885 judicentur,
604 1818 732 1887 quid
755 1817 823 1873 de
850 1818 956 1872 illis
980 1819 1270 1888 Apostolus
1299 1821 1550 1889 senserit,
1572 1822 1654 1876 vel
1677 1838 1839 1893 quam
1870 1822 1919 1884 B
1948 1837 2091 1896 ptus,
2114 1825 2337 1892 invidia,
2356 1827 2748 1894 inobedientia,
2768 1829 3131 1899 blasphemia,
3149 1832 3530 1901 murmuratio,

234 1921 409 1976 super
434 1907 521 1963 his
547 1911 873 1965 sententiam
903 1909 1106 1979 tulerit,
1138 1912 1455 1967 audiamus:
1486 1912 1667 1984 Neque
1689 1932 1837 1969 mur-

233 2003 603 2068 muraueritis,
633 2003 844 2073 inquit,
871 2003 1001 2056 sicut
1035 2005 1247 2073 quidam
1288 2004 1501 2060 illorum
1544 2023 1838 2062 murmura.

233 2099 447 2161 verunt,
479 2103 526 2148 et
553 2094 619 2147 ab
668 2096 1064 2150 exterminatore
1100 2096 1358 2164 perierunt
1401 2096 1455 2167 (Ι
1482 2096 1602 2153 Cor.
1643 2115 1675 2153 ι
1699 2098 1740 2170 ).
1770 2098 1842 2155 Et

237 2186 310 2241 de
336 2187 673 2243 tentatioue:
692 2186 873 2259 Neque
894 2197 1143 2243 tentemus
1171 2186 1453 2256 Christum,
1473 2190 1605 2243 sicut
1628 2191 1841 2261 quidam

234 2279 455 2336 illorum
497 2291 844 2353 tentaverunt,
877 2295 924 2338 et
960 2300 991 2337 a
1026 2285 1355 2355 serpentibus
1403 2286 1658 2357 perierunt
1686 2282 1840 2355 (Ibi-

245 2372 413 2443 dem).
454 2373 533 2430 De
575 2375 952 2431 detractione:
995 2375 1125 2432 Noli
1167 2378 1385 2451 diligere
1430 2378 1727 2446 detrahere,
1778 2395 1842 2434 ne

235 2468 517 2524 eradiceris
536 2466 759 2540 (Eccles.
778 2470 952 2542 xvm).
980 2471 1048 2526 Et
1069 2470 1138 2527 de
1169 2471 1551 2542 desperatione
1580 2487 1594 2529 :
1630 2472 1730 2540 Qui
1752 2473 1841 2526 de-

236 2569 504 2627 sperantes
527 2527 824 2631 semetipsos
856 2527 1189 2619 trbdiderunt
1207 2527 1549 2632 im'p‘bdicitia:
1576 2566 1636 2619 in
1662 2582 1841 2638 opera-

237 2654 431 2707 tionem
474 2656 639 2711 omnis
684 2658 901 2725 erroris,
946 2658 1003 2712 in
1053 2658 1436 2713 immunditiam
1468 2659 1688 2732 (Ephes.
1738 2660 1836 2731 tv).

237 2746 392 2812 Quod
422 2762 557 2803 vero
584 2749 973 2818 clamor,sicut
994 2752 1077 2807 ira
1107 2759 1163 2808 et
1185 2754 1485 2824 indignatio
1505 2763 1560 2810 et
1588 2753 1844 2824 blasphe-

247 2838 358 2893 mia
385 2839 799 2909 condemnetur,
832 2842 1077 2913 ejusdem
1115 2846 1364 2915 Apostoli
1402 2847 1627 2902 vocibus
1671 2847 1844 2903 mani-

242 2929 542 2988 festissime
572 2934 937 3003 perdocemur
957 2936 1031 2989 ita
1056 2937 1419 3007 praecipientis
1446 2955 1460 2994 :
1489 2937 1671 2993 Omnis
1692 2955 1841 2993 ama-

238 3023 438 3090 ritudo,
466 3036 514 3080 et
535 3028 616 3081 ira
636 3068 652 3092 ,
684 3036 735 3081 et
760 3028 1054 3101 indignatio
1076 3071 1093 3098 ,
1122 3040 1173 3085 et
1207 3032 1421 3099 clamor,
1452 3043 1501 3087 et
1526 3033 1843 3106 blasphemia

239 3114 463 3169 tollatur
492 3134 526 3169 a
547 3117 709 3185 vobis,
731 3135 849 3173 cum
879 3122 1020 3174 omni
1041 3123 1240 3177 malitia
1262 3122 1483 3197 (Ephes.
1500 3123 1574 3195 tv)
1598 3125 1843 3194 ;aliaque

1940 1920 2227 1976 detractio.
2258 1919 2413 1988 Quod
2445 1930 2624 1977 autem
2670 1922 2753 1977 ha;
2784 1932 2964 1992 pestes
2993 1924 3155 1979 etiam
3190 1925 3532 1981 robustiores

1940 2013 2073 2078 sint,
2097 2012 2384 2066 manifeste
2405 2021 2614 2068 natura:
2637 2014 2804 2083 ipsius
2820 2014 3228 2085 impugnatione
3242 2016 3527 2071 sentimus.

1940 2103 2162 2160 Fortior
2188 2104 2334 2159 enim
2365 2104 2567 2159 militat
2604 2105 2657 2159 in
2699 2104 2954 2160 membris
3000 2106 3203 2160 nostris
3232 2106 3531 2163 oblectatio

1941 2195 2237 2251 carnalium
2268 2195 2581 2265 passionum
2611 2196 2695 2249 vel
2724 2196 3000 2259 vitiorum,
3032 2210 3193 2264 quam
3216 2196 3393 2250 studia
3421 2198 3532 2252 vir-

1942 2296 2150 2354 tutum,
2178 2302 2299 2357 qua:
2345 2302 2450 2341 non
2491 2285 2597 2341 nisi
2644 2300 2850 2340 summa
2898 2286 3225 2341 contritione
3264 2287 3445 2341 cordis
3475 2297 3533 2343 et

1940 2380 2187 2450 corporis
2203 2379 2576 2449 acquiruntur.
2599 2377 2654 2433 Si
2672 2386 2853 2433 autem
2883 2388 2937 2433 et
2958 2377 3081 2432 illas
3108 2376 3529 2433 innumerabiles

1943 2472 2181 2529 hostium
2230 2481 2479 2527 catervas
2523 2470 2855 2541 spiritalibus
2902 2469 3074 2525 oculis
3115 2469 3526 2539 contempleris,

1941 2580 2076 2636 quas
2111 2566 2301 2620 beatus
2330 2563 2623 2633 Apostolus
2667 2571 2953 2618 enumerat
2992 2561 3218 2617 dicens:
3246 2558 3273 2597 ἀ
3303 2560 3425 2616 Νοη
3455 2572 3530 2616 est

1942 2658 2086 2712 nobis
2131 2656 2431 2711 colluctatio
2472 2657 2721 2710 adversus
2758 2671 2963 2709 carnem
3003 2664 3050 2709 et
3086 2655 3417 2727 sanguinem,
3439 2656 3530 2710 sed

1941 2752 2188 2806 adversus
2243 2749 2599 2820 principatus,
2645 2747 2888 2803 adversus
2936 2756 3240 2817 potestates,
3286 2750 3530 2804 adversus

1941 2844 2123 2898 mundi
2163 2824 2751 2896 rectores'tenebrarum
2797 2840 3016 2907 harum,
3053 2851 3234 2897 contra
3271 2843 3531 2914 spiritalia

1943 2936 2183 3000 nequitia:
2202 2935 2255 2987 in
2282 2933 2569 2989 caelestibus
2603 2931 2839 3005 (Ephes.
2885 2948 2937 2988 vr
2956 2932 3012 3004 );
3043 2944 3098 2989 et
3129 2935 3257 2990 illud
3287 2935 3431 3005 quod
3461 2935 3531 2991 de

1944 3029 2062 3082 viro
2085 3027 2254 3096 justo,
2286 3024 2341 3080 in
2368 3024 2715 3094 nonagesimo
2739 3023 2936 3080 dicitur
2961 3025 3201 3094 psalmo:
3229 3035 3252 3063 ο
3280 3025 3473 3081 Cadent
3495 3044 3529 3081 a

1945 3124 2104 3178 latere
2125 3132 2213 3177 tuo
2235 3119 2397 3185 mille,
2427 3129 2478 3174 et
2501 3119 2673 3174 decem
2692 3116 2861 3173 millia
2886 3136 2917 3174 a
2938 3120 3132 3175 dextris
3154 3121 3291 3187 tuis;
3321 3120 3529 3191 liquido

237 3205 519 3276 complura
546 3207 630 3264 his
670 3209 890 3266 similia.
932 3211 1066 3279 Quae
1096 3227 1220 3269 cum
1250 3215 1361 3270 sint
1404 3215 1577 3272 multo
1606 3216 1830 3287 majoris
1858 3208 1903 3269 C
1936 3217 2269 3288 pervidebis,
2299 3214 2446 3287 quod
2476 3215 2648 3271 multo
2674 3213 2900 3285 majoris
2925 3214 3037 3271 sint
3073 3214 3307 3281 numeri,
3336 3223 3395 3271 et
3434 3229 3528 3271 va-

1300 3350 1558 3408 ALARDI
1596 3351 1833 3410 GAZIEI
1870 3351 2438 3411 COMMENTARIUS.

315 3482 435 3559 {In
482 3494 732 3554 promptu
774 3499 941 3559 causa
983 3495 1089 3551 est,
1122 3489 1243 3559 quia
1269 3487 1469 3543 bonum
1499 3497 1713 3546 constat
1751 3504 1823 3546 ex

241 3553 479 3630 perfecta
508 3553 701 3630 causa;
726 3557 923 3630 malum
946 3553 1218 3630 autemi'ex
1248 3560 1473 3630 singulis
1496 3560 1823 3627 defectibus,

240 3636 300 3679 ut
328 3626 468 3694 apud
491 3625 842 3701 philosophos
859 3629 1065 3701 tritum.
1088 3629 1165 3701 Et
1188 3630 1275 3683 uni
1306 3625 1487 3701 virtuti
1518 3632 1672 3701 plura
1697 3625 1828 3685 vitia

239 3706 626 3769 opponuntur;
670 3700 795 3766 quin
826 3710 881 3753 et
907 3699 1021 3769 ipsa
1051 3700 1176 3755 vitia
1208 3701 1312 3757 sibi
1340 3699 1569 3757 invicem
1599 3711 1826 3756 contra-

238 3766 635 3839 ria_nt_nr._Vide
663 3770 888 3839 August.
922 3766 1084 3839 epist.
1107 3772 1198 3827 29.

312 3837 339 3875 δ
368 3837 433 3891 Ι).
469 3837 771 3911 Gregorius
795 3840 889 3894 lib.
917 3837 1053 3895 1st
1096 3842 1284 3897 Moral.
1327 3856 1447 3911 cap.
1480 3843 1544 3898 ⁸51
1580 3841 1720 3896 hanc
1743 3840 1827 3895 vi-

237 3909 438 3963 tiorum
480 3918 543 3980 et
574 3909 893 3965 vitiosarum
950 3914 1254 3980 passionum
1303 3909 1745 3967 numerositatem
1776 3920 1830 3965 et

238 3979 643 4035 nmltitudinem
672 3982 774 4034 sub
799 3982 994 4036 ducum
1026 3992 1079 4037 et
1103 3983 1374 4038 exercitus
1412 3984 1629 4037 nomine
1666 3998 1729 4037 ac
1754 3981 1827 4036 si-

235 4050 544 4124 militudine
565 4051 990 4124 expende-udam
1015 4053 1233 4124 reliquit
1262 4072 1275 4106 :
1308 4053 1602 4119 Tentantia,
1630 4053 1827 4123 inquit,

236 4121 387 4187 uitia,
415 4137 529 4195 qum
558 4121 803 4195 inuisibili
846 4134 1023 4178 contra
1060 4121 1153 4179 nos
1197 4125 1378 4195 praelia
1400 4125 1636 4195 regnanti
1676 4121 1831 4194 super

235 4207 293 4244 se
320 4192 571 4266 superbia:
599 4192 843 4261 militant,
872 4196 978 4247 alia
1027 4205 1170 4266 more
1198 4192 1394 4249 ducum
1425 4192 1674 4266 praeeunt,
1722 4192 1831 4248 alia

236 4277 383 4338 more
404 4263 657 4315 exercitus
687 4267 1088 4334 subsequuntur.
1107 4264 1288 4336 Neque
1307 4263 1444 4320 enim
1466 4268 1634 4338 culpa:
1659 4282 1831 4320 omnes

238 4333 360 4399 pari
382 4347 702 4408 accessucor
730 4333 979 4403 occupant
1013 4337 1149 4408 :Ased
1180 4333 1304 4389 dum
1334 4333 1564 4408 majores
1586 4347 1633 4391 et
1657 4351 1832 4405 pauca:

237 4410 466 4475 mentem
494 4402 778 4473 neglectam
824 4402 1167 4475 prteveniunt,
1200 4402 1426 4460 minores
1454 4416 1501 4461 et
1548 4402 1833 4462 innumera:

237 4474 309 4525 ad
332 4472 478 4525 illam
513 4472 568 4526 se
595 4472 890 4528 catervatim
920 4472 1167 4544 fundunt.
1193 4476 1321 4545 Ipsa
1349 4495 1566 4545 namque
1587 4480 1831 4532 vitiorum

238 4546 421 4618 regina
454 4544 723 4618 superbia,
754 4562 869 4618 cum
887 4547 1157 4618 devictum
1192 4544 1343 4615 plane
1368 4564 1454 4601 cor
1480 4544 1690 4618 ceperit,
1714 4563 1833 4601 mox

239 4612 383 4689 illud
399 4612 597 4689 septem
635 4616 1011 4686 principalibus
1037 4612 1368 4689 vitiis,iquasi
1393 4612 1699 4689 quibusdam
1725 4620 1834 4672 suis

241 4685 457 4737 ducibus
519 4684 894 4739 devastandum
948 4690 1126 4742 tradit.
1185 4684 1325 4753 Quos
1382 4684 1614 4749 videlicet
1678 4689 1832 4742 duces

244 4755 497 4835 esercitus
524 4757 773 4847 sequitur,
817 4758 946 4839 quia.
968 4774 1031 4813 ea:
1055 4759 1126 4813 cis
1152 4759 1834 4847 proculdubioimp'ortun‘te
1857 4787 1912 4847 Β

244 4823 484 4897 uitiorum
496 4823 853 4880 multitudines
868 4828 1133 4884 oriuntur.
1152 4823 1277 4883 llzec
1294 4829 1338 4884 G
1348 4823 1608 4897 regorius.
1629 4829 1837 4886 Deinde

247 4895 484 4951 ostendit
524 4903 730 4969 septem
779 4897 942 4951 duces
984 4909 1190 4966 septem
1222 4914 1345 4955 esse
1389 4895 1515 4955 vitia
1561 4901 1831 4969 capitalia,

247 4981 473 5041 quorum
513 4966 723 5035 singula
752 4980 907 5020 suum
943 4971 1139 5024 habent
1166 4971 1497 5036 exercitum;
1537 4966 1681 5041 quod
1711 4987 1837 5026 mox

249 5035 617 5105 sulijiciemus.

319 5116 341 5143 ε
374 5105 905 5180 Gregoriusibidem
939 5107 1056 5180 fere
1094 5110 1312 5165 easdem
1339 5111 1593 5167 vitiorum
1624 5113 1836 5180 species

245 5190 306 5229 ac
333 5176 573 5241 soboles,
599 5177 698 5251 sed
720 5177 940 5251 inverso
965 5179 1177 5245 ordine,
1209 5190 1256 5234 et
1288 5184 1457 5236 multo
1489 5176 1669 5251 plures
1695 5199 1832 5236 enu-

248 5257 421 5300 merat
446 5287 460 5311 ,
488 5255 544 5302 et
572 5248 786 5302 videtur
810 5249 967 5315 plane
995 5250 1138 5306 hunc
1179 5251 1353 5305 locum
1383 5248 1619 5305 imitatus
1649 5268 1663 5305 :
1694 5251 1834 5305 Nam

246 5320 308 5369 de
340 5317 509 5391 inani,
556 5317 1159 5391 inquit,jinobedientia,
1196 5322 1452 5391 jactantia
1477 5366 1490 5385 ,
1522 5322 1832 5389 hypocrisis,

249 5387 623 5462 contentiones,
646 5389 964 5462 pertinacite,
990 5387 1292 5456 discordia,
1323 5401 1372 5462 et
1400 5387 1680 5443 novitatum
1701 5408 1838 5462 pra:-

251 5458 573 5527 sutnptiones
622 5458 878 5512 oriuntur.
912 5458 988 5513 De
1032 5462 1244 5526 invidia,
1292 5461 1487 5523 odium,
1528 5458 1833 5527 susurr'atio,

254 5529 529 5601 detractio,
555 5527 832 5601 exsultatio
858 5529 909 5581 in
931 5530 1157 5601 adversis
1177 5531 1420 5601 proximi,
1446 5530 1645 5599 a/jlictio
1667 5542 1839 5586 autem

253 5599 305 5649 in
350 5597 609 5671 prosperis
645 5600 904 5671 nascitur.
936 5598 1032 5671 _De
1060 5597 1327 5667 ira,'ria:tz
1351 5643 1373 5671 ,_
1399 5597 1574 5671 tumor
1617 5602 1832 5671 mentis,

251 5667 581 5741 contumelia,
609 5668 823 5741 clamor,
853 5666 1165 5741 indignatio,
1206 5666 1533 5741 blasphemiae
1564 5666 1833 5741 profernn;

254 5742 358 5789 tur.
388 5732 462 5807 De
490 5734 728 5804 tristitia,
761 5732 991 5807 malitia,
1017 5732 1233 5806 rancor,
1277 5732 1701 5807 punilanlmltai,
1750 5744 1837 5796 de.

255 5802 502 5872 mutila,
536 5802 721 5877 torpor
756 5802 892 5863 circa
922 5802 1447 5881 pracepta.'v‘agatla
1489 5804 1672 5866 matula
1717 5818 1838 5881 erga

1928 3489 2118 3545 illicita
2137 3492 2386 3544 nascitur.
2414 3487 2494 3543 De
2528 3489 2778 3554 avaritia,
2813 3489 3057 3556 proditio,
3089 3491 3252 3557 fraus,
3287 3489 3522 3559 fallacia,

1930 3563 2177 3631 perjuria,
2208 3560 2531 3631 inquietudo,
2556 3560 2831 3631 uiolentitg,
2852 3568 2897 3613 et
2914 3567 3095 3631 contra
3116 3561 3526 3631 misericordiam

1928 3628 2286 3685 indurationes
2308 3630 2479 3682 cordis
2499 3632 2758 3682 oriuntur.
2778 3628 2853 3681 De
2870 3628 3058 3682 ventris
3077 3628 3323 3696 ingluvie,
3348 3632 3524 3696 inepta

1929 3700 2140 3765 ltetitia,
2174 3698 2483 3762 scurrilitas,
2532 3698 2880 3761 immunditia,
2926 3697 3340 3765 multiloquium,
3373 3697 3524 3750 hebe-

1931 3771 2058 3824 tudo
2080 3764 2255 3822 sensus
2278 3768 2416 3819 circa
2441 3766 2836 3837 intelligentiam
2862 3764 3239 3837 propagantur.
3264 3764 3343 3819 De
3368 3767 3525 3820 luxu-

1930 3842 2032 3905 ria,
2060 3841 2259 3892 cwcitas
2288 3837 2496 3904 mentis,
2527 3836 2925 3907 inconsideratio
2945 3879 2959 3901 ,
2993 3837 3360 3901 inconstantia,
3390 3853 3524 3907 pra-

1931 3904 2184 3981 cipitatio,
2223 3922 2367 3961 amor
2389 3907 2502 3972 sui,
2531 3907 2710 3981 odium
2743 3904 2876 3981 Dei.‘
2893 3907 3115 3981 affectus
3134 3904 3401 3977 prtesentis
3426 3925 3524 3963 sa:-

1932 3978 2064 4045 culi,
2097 3978 2281 4033 horror
2310 3988 2481 4030 autem
2519 3979 2596 4031 vel
2625 3978 2909 4049 desperatio
2950 3978 3136 4049 futuri,
3187 3988 3519 4045 generantur.

1936 4052 2069 4117 Quia
2102 4066 2223 4119 ergo
2244 4061 2433 4118 septem
2465 4047 2854 4118 capitalia'vitia
2892 4047 3089 4103 tantam
3119 4049 3182 4101 de
3202 4065 3255 4101 se
3283 4050 3522 4105 vitiorum

1933 4121 2322 4175 multitudinem
2345 4120 2636 4191 proferunt,
2659 4137 2775 4174 cum
2792 4123 2862 4174 ad
2881 4136 2969 4174 cor
2990 4120 3218 4185 veniunt,
3234 4121 3381 4191 quasi
3403 4121 3523 4191 sub-

1932 4193 2186 4265 sequentis
2216 4189 2463 4247 easercitus
2480 4202 2708 4247 catervas
2732 4193 2969 4245 trahunt.
2996 4191 3275 4245 Hactenus
3301 4190 3363 4244 Ι).
3387 4189 3523 4247 Grc-

1969 4279 2136 4318 ortus.

1934 4280 2136 4335 gorius.

2007 4332 2034 4372 ἀ
2065 4334 2291 4402 Quidam
2319 4333 2650 4389 subaudiunt
2691 4332 3005 4401 particulam
3054 4338 3255 4385 tantum
3276 4372 3289 4394 .
3323 4341 3415 4387 aut
3439 4349 3523 4387 so-

1934 4405 2224 4482 lummodo,
2258 4413 2313 4459 ut
2356 4407 2426 4459 sit
2452 4420 2643 4459 sensus
2674 4421 2687 4455 :
2714 4403 2828 4482 Non
2869 4413 2953 4458 est
2981 4403 3138 4457 nobis
3179 4402 3520 4482 pugnandum

1934 4477 2195 4531 adversus
2218 4490 2435 4531 carnem
2467 4485 2522 4531 et
2544 4474 2858 4541 sanguinem
2884 4482 3114 4535 tantum,
3136 4488 3322 4526 verum
3357 4474 3521 4528 etiam

1935 4558 1988 4602 et
2019 4548 2312 4616 przecipue,
2341 4546 2603 4601 adversus
2626 4545 2923 4608 damones,
2952 4551 3059 4616 etc.
3090 4542 3195 4598 Alii
3231 4542 3362 4596 nihil
3394 4544 3523 4616 sub-

1936 4613 2159 4671 audiunt
2177 4613 2201 4680 ,’
2224 4626 2279 4672 et
2321 4618 2392 4671 ita
2443 4618 2875 4682 interpretantur
2915 4632 2927 4667 :
2962 4614 3142 4683 Pugna
3189 4627 3310 4683 quae
3365 4613 3523 4671 nobis

1935 4697 2019 4743 est
2040 4703 2163 4742 cum
2191 4702 2357 4743 carne
2401 4698 2455 4741 et
2500 4686 2783 4757 sanguine,
2818 4686 2947 4757 licet
2986 4687 3038 4739 in
3079 4698 3140 4740 se
3181 4684 3519 4740 considerata

1937 4759 2121 4828 gravis
2151 4760 2224 4813 sit
2249 4766 2305 4813 et
2325 4758 2574 4821 molesta,
2602 4768 2779 4811 tamen
2803 4756 3000 4828 collata
3023 4770 3144 4811 cum
3172 4770 3234 4828 ea
3262 4770 3364 4824 qua
3391 4770 3521 4828 con-

1938 4826 2018 4884 tra
2046 4828 2323 4884 daemones
2348 4828 2700 4892 dimicamns,
2734 4826 2924 4896 exigua
2964 4836 3047 4882 est
3075 4836 3130 4881 et
3174 4826 3288 4881 fere
3330 4826 3470 4879 nulla
3506 4844 3519 4880 :

1938 4908 2098 4953 tantm
2128 4908 2251 4952 sunt
2280 4899 2426 4953 vires
2455 4906 2510 4950 et
2540 4896 2759 4952 lraudes
2799 4896 3128 4953 daemonum.
3160 4896 3264 4951 Alii
3304 4896 3382 4950 sic
3429 4911 3525 4949 ex-

1936 4979 2165 5039 ponunt,
2197 4977 2254 5023 ut
2284 4967 2352 5023 sit
2378 4983 2559 5039 sermo
2589 4966 2658 5021 de
2685 4966 3133 5039 perfectioribus,
3161 4966 3357 5039 quibus
3377 5006 3390 5030 ,
3418 4965 3519 5019 do-

1936 5036 2065 5093 mita
2094 5054 2257 5093 carne
2281 5047 2335 5093 et
2366 5038 2644 5091 affectibus
2678 5039 2768 5090 ira:
2794 5050 2847 5091 et
2877 5036 3335 5105 concupiscentia:
3365 5051 3523 5103 supc-

1936 5113 2085 5172 ratis,
2114 5124 2306 5178 magna
2333 5116 2588 5183 superest
2616 5108 2753 5159 lucta
2785 5107 3044 5183 adversus
3060 5104 3527 5183 ’principesntenc-

1939 5181 2172 5244 brarum,
2190 5173 2295 5233 c‘tc.
2311 5173 2450 5232 Caro
2466 5180 2609 5231 enim
2629 5186 2684 5232 et
2698 5179 2914 5245 sanguis
2940 5173 3120 5230 hostes
3144 5173 3525 5230 imbecilliores

1938 5260 2097 5313 sunt;
2127 5251 2399 5303 daemones
2441 5258 2616 5303 autem
2648 5244 3036 5316 tanto’gravius
3066 5256 3119 5300 et
3146 5244 3394 5316 infestius
3423 5261 3522 5300 nos

1939 5329 2273 5390 Oppugnant,
2303 5329 2500 5395 tutante
2528 5314 2903 5395 sanctioreset
2931 5315 3194 5370 castitatis
3225 5314 3520 5395 observan-

1940 5388 2106 5444 tiores
2126 5406 2331 5445 sumus.
2363 5389 2605 5457 Denique
2634 5388 2721 5441 alii
2758 5402 2850 5454 per
2879 5401 3104 5457 carnem,
3125 5388 3520 5457 etsaIiguinctn

1938 5461 2241 5530 intelligunt
2284 5453 2535 5515 homines
2556 5453 2831 5512 mortales.
2865 5455 3145 5530 Quomodo
3171 5453 3421 5530 Christus
3449 5461 3521 5510 ait

1940 5525 2142 5600 Petro':
2174 5532 2305 5585 Caro
2326 5540 2375 5584 et
2405 5531 2617 5600 sanguis
2648 5545 2747 5581 non
2776 5527 3015 5582 reuelauit
3042 5526 3154 5591 tibi,
3192 5525 3241 5579 id
3267 5538 3372 5591 εει,
3399 5530 3517 5580 nul-

1939 5598 2021 5657 lus
2047 5603 2323 5657 hominum
2348 5598 2562 5671 (Matth.
2601 5603 2735 5665 xvi).

2018 5678 2040 5710 θ
2069 5674 2124 5727 ld
2147 5673 2305 5727 etiam
2330 5663 2397 5724 de
2429 5671 2674 5737 incilibus
2696 5663 3067 5737 Spirltttalibus
3092 5667 3523 5737 interpretantur

1943 5736 2006 5798 D.
2036 5738 2389 5812 Hieronymus
2420 5748 2470 5797 ct
2496 5731 2821 5795 Bernartius.
