4026 6204
504 367 611 426 6'55

1540 358 1821 421 JOANNIS
1859 351 2176 416 CASSIANI
2213 349 2705 410 COLLATIONES.

3673 340 3776 401 636

503 482 726 537 lidiores
754 492 913 551 quam
940 490 1040 537 nos
1062 521 1078 549 ,
1119 478 1364 536 carnales
1403 477 1611 534 scilicet
1652 487 1817 549 atque
1857 472 2091 540 terreni,
2122 472 2174 534 Α
2200 468 2400 525 mercio
2426 479 2765 537 nequaquam
2797 475 2987 521 carere
3013 461 3330 533 poterimus.
3383 455 3615 529 Semper
3634 459 3780 515 enim

503 573 707 643 quippe
737 586 858 628 cum
884 572 992 628 illis
1022 571 1298 642 spiritalis,
1321 580 1484 641 atque
1513 572 1656 625 aeria
1681 579 1939 625 concessa
1967 565 2093 622 sub-

504 665 703 720 stantia
729 665 801 720 sit
829 663 849 737 (
873 664 1004 719 Vide
1034 664 1208 719 cottat.
1246 663 1277 717 7
1305 669 1352 716 et
1379 660 1497 732 19.).

1080 775 1308 831 CAPUT
1349 773 1513 830 XVII.

508 870 858 941 Interrogatio
896 869 960 923 de
996 872 1377 953 comparatione
1419 879 1609 940 septem
1636 867 1866 939 gentium
1895 875 1942 919 et
1980 876 2095 919 octo

1173 942 1436 993 vitiorum.

579 1035 881 1091 Germanus
914 1049 930 1093 :
978 1034 1259 1103 Quomodo
1307 1033 1470 1103 igitur
1493 1040 1619 1087 octo
1663 1042 1791 1087 sunt
1819 1031 1947 1087 vitia
1976 1044 2098 1101 quae

508 1139 610 1180 nos
634 1124 973 1195 impugnant,
1000 1138 1121 1179 cum
1149 1138 1244 1193 per
1264 1123 1483 1194 Moysen
1508 1131 1713 1192 septem
1745 1122 2098 1177 dinumeratae

510 1220 619 1278 sint
641 1229 830 1291 gentes
847 1234 971 1290 quas
995 1219 1354 1274 adversantur
1374 1217 1576 1287 populo
1604 1215 1791 1281 Israel,
1810 1217 1890 1269 vel
1914 1228 2101 1285 quem-

510 1313 802 1369 admodum
857 1321 1034 1368 terras
1089 1312 1342 1365 vitiorum
1400 1308 1745 1365 commodum
1801 1307 1959 1363 nobis
2015 1312 2102 1362 cst

512 1404 828 1476 possidere?

1089 1493 1317 1550 CAPUT
1354 1490 1539 1547 XVIII.

514 1587 806 1658 Responsio
835 1585 1097 1657 quomodo
1127 1584 1552 1658 secundumocto
1580 1584 1703 1637 vitia
1744 1591 1853 1637 octo
1882 1581 2105 1653 gentium

1017 1672 1263 1711 numerus
1290 1656 1602 1725 'impleatur.

588 1774 851 1843 Serapion
883 1791 894 1825 :
942 1771 1074 1828 Octo
1120 1785 1247 1827 esse
1278 1770 1595 1842 principalia
1626 1770 1761 1825 vitia
1786 1784 1906 1838 qure
1931 1770 2111 1838 impu-

2194 565 2249 619 in
2301 559 2457 617 nobis
2489 561 2654 617 edulii
2684 566 2738 614 ct
2764 568 3008 614 escarum
3039 566 3095 612 ut
3131 552 3400 627 ingenitus
3428 566 3492 609 ac
3524 550 3781 609 naturalis

2193 656 2340 712 vivet
2368 650 2536 726 [Lips.
2561 652 2616 707 in
2637 666 2810 723 marg.
2858 646 3024 721 viget]
3052 648 3297 715 affectus,
3331 647 3458 703 licet
3502 654 3784 715 amputare

2195 748 2496 819 superfluos
2524 745 2639 815 ejus
2669 742 2942 813 appetitus
2990 754 3054 797 ac
3103 736 3376 796 desideria
3417 734 3739 793 festinemus
3770 756 3784 791 :

2196 856 2318 915 qua:
2356 842 2499 895 sicut
2529 850 2628 907 per
2657 837 2835 892 omnia
2857 834 3029 892 deleri
3057 844 3162 888 non
3197 833 3445 902 possunt,
3484 830 3559 884 ita
3588 826 3789 882 debent

2197 934 2427 1005 quadam
2457 929 2823 987 declinatione
2852 924 3032 981 vitari.
3059 924 3134 981 De
3162 923 3265 979 hac
3289 920 3435 979 enim
3458 920 3694 976 dicitur:
3721 917 3793 971 Et

2195 1028 2226 1068 ι)
2248 1030 2418 1083 carnis
2436 1041 2613 1080 curam
2633 1037 2697 1079 ne
2714 1020 2933 1094 feceritis
2956 1020 3007 1074 in
3028 1016 3295 1075 desideriis
3312 1008 3789 1089 (Rom.xut).Dum

2201 1119 2364 1188 hujus
2404 1132 2535 1188 ergo
2588 1128 2734 1171 curae
2771 1126 2933 1183 quam
2962 1108 3308 1182 prmcipimur
3337 1122 3445 1162 non
3477 1118 3572 1177 per
3607 1106 3793 1159 omnia

2204 1210 2548 1275 abscindere,
2578 1205 2674 1263 sed
2721 1206 2925 1274 absque
2948 1198 3237 1259 desideriis
3266 1199 3554 1263 exhibere,
3584 1198 3793 1252 retine-

2205 1319 2324 1360 mus
2358 1301 2631 1368 alfectum,
2684 1296 2964 1354 evidenter
2995 1294 3307 1365 Egyptian]
3356 1292 3633 1345 nationem
3684 1303 3796 1343 non

2203 1394 2615 1467 exstinguimus,
2640 1391 2734 1448 sed
2762 1392 2828 1446 ab
2863 1390 2980 1459 ipsa
3001 1388 3230 1459 quadam
3261 1384 3594 1440 discretiOne
3623 1392 3789 1451 sepa-

2205 1504 2410 1556 ramur,
2452 1502 2559 1542 non
2608 1484 2677 1540 de
2704 1482 2993 1554 superfluis
3021 1496 3116 1536 seu
3149 1476 3469 1534 lautioribus
3496 1475 3671 1546 epulis
3696 1490 3797 1531 co-

2206 1584 2456 1655 gitantes,
2481 1580 2598 1647 sed,
2617 1578 2913 1635 secundum
2933 1573 3276 1646 Apostolum,
3303 1570 3447 1627 victu
3475 1570 3796 1643 quotidiana

2209 1678 2630 1745 indumentoque
2661 1671 2902 1729 contenti
2926 1671 2969 1743 (I
2994 1667 3126 1724 Tim.
3170 1667 3266 1737 vt).
3300 1664 3456 1733 Quod
3488 1666 3562 1719 ita
3596 1664 3801 1735 figura-

2209 1770 2334 1824 liter
2356 1769 2518 1823 etiam
2547 1767 2600 1821 in
2631 1768 2751 1833 lege
2781 1763 3064 1818 mandatur
3094 1780 3107 1817 :
3137 1756 3261 1813 Non
3288 1756 3667 1813 abominaberis
3700 1753 3807 1811 £-

515 1874 685 1938 gnant
714 1866 1063 1933 monachum,
1096 1875 1411 1919 cunctorum
1433 1864 1680 1919 absoluta
1704 1863 1973 1919 sententia
2004 1871 2107 1919 est.
2139 1846 2190 1909 Β
2214 1861 2468 1934 gyptium,
2490 1860 2611 1927 quia
2634 1857 2778 1929 fuisti
2796 1853 2966 1910 incola
2987 1854 3039 1907 in
3064 1863 3200 1908 terra
3223 1853 3334 1924 ejus
3358 1848 3599 1922 (Denter.
3616 1846 3804 1918 nni).

515 1959 647 2025 Quae
680 1959 979 2029 ﬁguraliter
1007 1958 1106 2013 sub
1135 1960 1375 2028 gentium
1408 1956 1673 2013 vocabqu
1704 1956 1999 2022 nominata,
2030 1956 2111 2010 id-

521 2050 667 2107 circo
691 2066 833 2106 nunc
846 2049 1028 2105 omnia
1052 2065 1155 2104 non
1182 2058 1555 2119 ponuntur,eo
1582 2047 1723 2119 quod
1746 2048 1981 2118 egressis
1997 2047 2109 2117 jam

517 2142 587 2197 de
616 2141 855 2214 IEgypto
888 2152 942 2198 et
988 2136 1233 2197 liberatis
1278 2143 1346 2197 ab
1382 2157 1487 2195 una
1534 2149 1699 2210 gente
1750 2138 2108 2205 validissima,

518 2237 573 2293 id
595 2246 695 2303 est,
714 2236 1123 2309 IEgyptiorum,
1149 2234 1486 2306 Moyses,vel
1509 2248 1609 2303 per
1630 2232 1802 2301 ipsum
1832 2231 2109 2296 Dominus,

516 2330 574 2387 in
608 2329 1031 2385 Deuteronomio
1065 2328 1385 2399 loquebatur
1432 2326 1671 2395 (Denter.
1704 2322 1834 2394 vn).
1879 2323 2012 2391 Quae
2052 2321 2116 2376 ﬂ-

519 2435 652 2490 gura
674 2421 726 2474 in
746 2421 902 2475 nobis
926 2434 1140 2489 quoque
1161 2419 1464 2474 rectissime
1486 2425 1633 2471 stare
1660 2415 2111 2484 deprehenditur,

520 2513 608 2581 qui
642 2513 709 2565 de
735 2511 919 2566 saeculi
952 2511 1158 2579 laqueis
1190 2507 1449 2579 expediti,
1486 2508 1896 2578 gastrimargite,
1929 2506 1981 2561 id
2010 2514 2113 2573 est,

521 2602 730 2658 ventris
754 2603 838 2657 vel
868 2602 1005 2671 gula:
1029 2602 1161 2656 vitio
1185 2600 1427 2655 caruisse
1449 2601 1846 2670 cognoscimur.
1868 2600 1935 2655 Et
1956 2599 2117 2654 habe-

521 2712 642 2751 mus
665 2695 775 2764 jam
824 2702 1013 2748 contra
1065 2695 1162 2749 bas
1208 2693 1453 2749 residuas
1499 2703 1703 2761 septem
1741 2701 1929 2763 gentes
1955 2692 2118 2748 simili

522 2790 732 2846 ratione
780 2787 1115 2855 conﬂictum,
1148 2786 1327 2858 prima
1360 2786 1569 2841 scilicet
1600 2802 1719 2855 qua:
1752 2787 1861 2855 jam
1911 2785 2118 2840 devicta

524 2888 607 2938 est
630 2881 851 2936 minime
878 2889 1225 2951 computata;
1254 2880 1413 2950 cujus
1444 2881 1608 2936 etiam
1639 2891 1782 2935 terra
1820 2880 1874 2935 in
1900 2891 2120 2950 posses-

524 2975 732 3032 sionem
763 2974 951 3029 Israeli
980 2991 1087 3030 non
1117 2976 1295 3042 datur,
1327 2975 1421 3030 sed
1454 2981 1513 3030 ut
1532 2974 1749 3029 deserat
1775 2989 1893 3029 eam
1927 2985 2123 3042 perpe-

525 3076 641 3133 tuo,
671 3076 725 3122 et
750 3068 1059 3137 egrediatur
1087 3067 1155 3121 ab
1180 3082 1267 3136 ea,
1299 3066 1509 3121 Domini
1551 3066 1920 3135 praeceptione
1948 3064 2123 3118 sanci-

527 3169 638 3216 tur.
672 3160 737 3214 Et
772 3158 975 3214 idcirco
1004 3159 1077 3213 ita
1119 3169 1240 3214 sunt
1278 3158 1609 3213 moderanda
1634 3156 1838 3226 jejunia
1860 3198 1875 3222 ,
1904 3164 1967 3211 ut
2013 3170 2120 3209 non

529 3265 755 3307 necesse
801 3251 870 3305 sit
901 3265 999 3321 per
1046 3250 1557 3306 immoderationem
1600 3251 1972 3315 continentiae,
2004 3263 2124 3319 quae
2152 3229 2199 3294 (ἶ

532 3343 841 3399 defectione
863 3344 1044 3399 carnis
1057 3345 1141 3399 vel
1166 3344 1475 3399 infirmitate
1502 3354 1778 3400 contracta
1803 3353 1905 3408 est,
1925 3344 2125 3399 reverti

531 3450 718 3493 rursus
761 3437 827 3491 ad
859 3437 1243 3508 Egyptiorum
1298 3444 1533 3503 terram,
1577 3436 1629 3491 id
1678 3444 1792 3505 est,
1844 3422 2125 3507 pristinam

535 3528 674 3599 gula:
703 3536 757 3583 et
784 3530 964 3583 carnis
997 3529 1515 3599 concupiscentiam,
1540 3544 1730 3607 quam,
1770 3544 1893 3586 cum
1927 3527 2128 3585 mundo

534 3620 662 3677 huic
705 3622 1240 3692 abrenuntiaremus,
1274 3624 1592 3694 abjecimus.
1620 3624 1776 3692 Quod
1828 3623 2131 3694 ﬁguraliter

536 3718 613 3773 illi
638 3722 875 3790 perpessi
903 3729 1032 3776 sunt
1055 3721 1148 3791 qui
1169 3721 1375 3792 egressi
1400 3722 1453 3775 in
1480 3722 1828 3777 solitudinem
1851 3720 2125 3786 virtutum,

541 3817 567 3846 η
593 3824 783 3866 rursus
831 3811 1278 3868 desideraverunt
1318 3813 1455 3868 ollas
1501 3815 1743 3868 carnium
1794 3827 1959 3883 super
1998 3824 2132 3881 quas

541 3900 804 3956 sedebant
829 3903 880 3956 in
912 3902 1150 3975 [Egypto
1181 3902 1384 3977 (Nam.
1416 3918 1470 3958 ιι
1491 3905 1532 3974 ).

1130 4014 1360 4070 CAPUT
1401 4014 1543 4070 XIX.

545 4100 647 4156 Cur
674 4104 826 4157 unica
853 4101 1074 4175 Egypti
1106 4121 1229 4175 gens
1279 4105 1465 4186 deseri,
1496 4116 1687 4176 septem
1731 4121 1849 4158 vero
1883 4104 2134 4176 jubentur

1200 4188 1481 4246 exstingui.

616 4262 770 4329 Quod
801 4272 978 4319 autem
1025 4266 1114 4320 illa
1140 4280 1274 4336 gens
1302 4267 1355 4321 in
1383 4280 1484 4336 qua
1518 4267 1625 4321 nati
1659 4278 1785 4322 sunt
1810 4265 1910 4321 filii
1943 4266 2131 4333 Israel,

554 4366 663 4408 non
696 4356 908 4423 penitus
935 4358 1229 4429 exstingui,
1262 4358 1357 4413 sed
1412 4359 1784 4414 tantummodo
1805 4360 1984 4415 deseri
2015 4358 2133 4429 ejus

552 4455 694 4502 terra
719 4450 1048 4520 praecipitur,
1080 4450 1164 4507 Ine
1194 4467 1325 4508 vero
1353 4461 1562 4523 septem
1594 4469 1766 4524 usque
1794 4453 1859 4509 ad
1891 4455 2132 4510 interne-

551 4540 764 4596 cionem
800 4542 1061 4612 jubentur
1112 4547 1405 4617 exstingui,
1462 4545 1581 4601 hac
1633 4547 1774 4602 ratio
1814 4556 1899 4604 est
1938 4565 1952 4602 :
1997 4547 2139 4618 quod

2210 1953 2560 2012 Necessarius
2581 1952 2725 2006 enim
2746 1950 2922 2004 victus
2952 1946 3188 2017 corpori,
3217 1960 3323 1999 non
3367 1940 3486 1998 sine
3518 1936 3606 1997 vel
3636 1941 3808 2011 ipsius

2212 2044 2458 2119 pernicie
2485 2042 2572 2098 vel
2614 2042 2810 2097 animm
2849 2039 3060 2096 scelere
3086 2038 3406 2107 denegatur.
3429 2035 3651 2089 Illarum
3678 2047 3809 2088 vero

2214 2148 2421 2209 septem
2446 2132 3108 2205 perturbationum,velut
3136 2126 3467 2185 omnimodis
3495 2127 3809 2191 noxiarum,

2214 2234 2283 2290 de
2338 2230 2645 2288 recessibus
2696 2228 2894 2282 anima:
2945 2234 3145 2281 nostra:
3174 2223 3388 2293 penitus
3411 2214 3815 2276 exterminandi

2217 2334 2346 2384 sunt
2393 2334 2592 2380 motus.
2629 2322 2704 2377 De
2732 2320 2818 2375 his
2847 2318 2991 2374 enim
3026 2319 3099 2373 ita
3125 2315 3324 2371 dicitur
3356 2331 3373 2370 :
3409 2313 3594 2368 Omnis
3618 2311 3819 2365 amari-

2219 2422 2365 2487 tudo,
2390 2419 2494 2482 ira,
2524 2425 2572 2470 et
2592 2413 2903 2483 indignatio,
2930 2418 2975 2466 et
3000 2409 3218 2475 clamor,
3243 2410 3290 2461 et
3319 2402 3639 2475 blasphemia
3661 2403 3818 2457 tolla-

2220 2521 2304 2565 tur
2324 2528 2355 2564 a
2382 2509 2519 2563 vobis
2549 2523 2662 2561 cum
2693 2504 2830 2559 onmi
2854 2500 3055 2557 malitia
3087 2498 3312 2573 (Ephes.
3341 2498 3438 2567 tv).
3470 2495 3539 2551 Et
3566 2495 3769 2550 iterum
3798 2511 3812 2546 :

2221 2600 2521 2658 Fornicatio
2552 2606 2725 2653 autem
2755 2606 2802 2651 et
2832 2595 2998 2649 omnis
3042 2591 3373 2645 immnnditia
3401 2594 3451 2643 et
3476 2582 3690 2641 avaritia
3718 2602 3821 2641 nec

2221 2697 2511 2751 nominetur
2556 2694 2610 2745 in
2658 2689 2819 2753 vobis,
2862 2696 2952 2742 aut
2980 2682 3274 2753 turpitudo,
3305 2691 3394 2737 aut
3416 2678 3815 2751 stultiloquium,

2223 2797 2313 2843 aut
2344 2785 2632 2841 scurrilitas
2649 2781 2871 2852 (Ep/tes.
2894 2778 2974 2851 v).
3004 2779 3303 2834 Possumus
3324 2788 3456 2846 ergo
3478 2774 3671 2829 horum
3696 2786 3826 2843 qua:

2224 2888 2431 2938 naturae
2460 2873 2842 2947 superinducta
2870 2880 2996 2928 sunt
3026 2871 3241 2927 radices
3290 2862 3613 2924 abscindere
3654 2866 3819 2921 vitio-

2224 2988 2364 3040 rum,
2402 2982 2423 3010 ο
2458 2984 2610 3025 usum
2644 2982 2785 3023 vero
2815 2963 3209 3035 gastrimargim
3240 2972 3579 3032 nequaquam
3616 2956 3827 3015 valebi-

2225 3079 2346 3122 mus
2375 3070 2672 3131 amputare.
2725 3052 2843 3111 Non
2878 3055 3023 3110 enim
3056 3066 3367 3124 possumus,
3420 3044 3831 3121 quantumlibet

2226 3154 2644 3229 profecerimus,
2677 3150 2731 3206 id
2760 3165 2867 3205 non
2896 3162 3017 3204 esse
3045 3146 3189 3218 quod
3218 3145 3512 3201 nascimur.
3556 3141 3717 3210 Quod
3749 3141 3831 3197 ita

2229 3264 2352 3307 esse
2404 3256 2509 3301 tam
2556 3253 2760 3308 nostra,
2790 3240 2879 3312 qui
2932 3254 3119 3296 sumus
3157 3232 3361 3307 exigui,
3393 3246 3554 3306 quam
3577 3231 3828 3289 omnium

2230 3344 2590 3413 pertectorum
2636 3338 2746 3391 vita
2774 3344 2830 3390 et
2857 3331 3296 3399 conversatione,
3330 3335 3696 3392 monstratur;
3729 3325 3832 3395 qui

2230 3449 2351 3491 cum
2368 3432 2692 3501 reliquarum
2714 3427 3023 3497 passionum
3048 3422 3343 3479 reciderint
3364 3419 3626 3485 stimulos,
3650 3425 3825 3486 atque

2230 3537 2470 3579 eremum
2500 3530 2614 3577 toto
2635 3521 2833 3576 mentis
2851 3518 3059 3573 fervore
3083 3523 3139 3571 et
3166 3506 3415 3583 corporis
3436 3510 3680 3581 expetant
3712 3523 3831 3563 nu-

2232 3616 2422 3683 ditate,
2454 3614 2799 3670 nihilominus
2827 3608 3127 3682 quotidiani
3172 3606 3353 3661 vietus
3401 3599 3733 3673 providentia
3767 3607 3837 3655 et

2233 3711 2399 3769 annui
2425 3708 2577 3779 panis
2601 3704 2992 3776 praeparatione
3018 3705 3293 3769 nequeunt
3321 3695 3559 3751 liberari.

2843 3812 3070 3871 CAPUT
3109 3810 3231 3866 XX.

2235 3919 2315 3974 De
2342 3926 2534 3973 natura
2559 3909 2965 3985 gastrimargite,
2986 3906 3054 3959 ad
3080 3895 3677 3985 similitudinpmaquib
3689 3907 3838 3949 son-

2656 3970 2859 4051 paraté
2883 3970 2991 4051 [ΑΙ.
3018 3970 3435 4045 comparanda].

2312 4078 2338 4119 ἀ
2372 4080 2544 4149 Hujus
2577 4072 2847 4146 passionis
2880 4070 3069 4141 figura,
3101 4080 3204 4137 qua
3226 4070 3454 4120 necesse
3482 4068 3565 4118 est
3582 4056 3840 4131 quamvis

2235 4173 2534 4246 Spiritalem
2564 4178 2947 4234 summumque
2992 4158 3316 4215 monachum
3361 4150 3653 4217 coarctari,
3698 4161 3838 4219 pro-

2239 4245 2357 4337 prie
2383 4265 2513 4319 satis
2544 4259 2741 4330 aquila
2770 4253 3127 4311 similitudine
3155 4250 3489 4319 designatur;
3522 4245 3669 4337 Quae,
3702 4256 3842 4298 cum

2240 4336 2614 4419 excelsissimo
2643 4354 2823 4427 volatu
2872 4351 3011 4406 ultra
3043 4346 3271 4403 nubium
3298 4342 3461 4399 fuerit
3487 4336 3840 4394 altitudinem

2242 4453 2555 4515 sublimata,
2590 4459 2819 4515 seseque
2844 4443 2912 4497 ab
2943 4440 3115 4496 oculis
3145 4444 3465 4493 cunctorum
3519 4428 3841 4485 mortalium

2245 4561 2310 4602 ac
2341 4561 2369 4600 a
2401 4543 2538 4599 facie
2560 4551 2719 4597 terra:
2738 4537 2905 4592 totius
2926 4528 3295 4595 absconderit,
3318 4536 3498 4581 rursus
3521 4519 3586 4574 ad
3606 4517 3848 4574 vallium

552 4634 889 4703 quantolibet
919 4637 1112 4695 ardore
1132 4641 1355 4710 spiritus
1385 4642 1636 4697 succensi
1686 4656 1931 4697 eremum
1962 4608 2136 4697 virtu-
2164 4612 2219 4674 D
2246 4642 2351 4698 ima
2377 4634 2644 4702 submitti,
2678 4638 2733 4687 ct
2756 4630 2823 4685 ad
2851 4636 3065 4684 terrena
3093 4619 3541 4710 descendere,”
3578 4608 3848 4710 mortici-

552 4734 669 4783 tum
697 4725 956 4785 fuerimus
996 4732 1250 4803 ingressi,
1285 4734 1563 4791 vicinitate
1593 4748 1654 4789 ac
1680 4734 1992 4806 magisterio
2019 4750 2142 4805 gas-

554 4817 871 4891 trimargite,
922 4832 980 4880 et
1007 4825 1412 4896 quodammodo
1453 4827 1776 4899 quotidiano
1818 4826 1940 4897 ejus
1986 4842 2138 4882 eom-

2250 4735 2334 4790 nis
2356 4727 2710 4788 cadaveribus
2726 4720 3013 4793 implicari,
3035 4718 3238 4773 ventris
3255 4704 3579 4770 necessitate
3603 4703 3852 4774 compel-

2250 4828 2402 4882 litur.
2446 4821 2654 4889 Quibus
2700 4811 3149 4871 manifestissime
3192 4803 3579 4876 comprobatur
3624 4794 3850 4853 indiciis

1628 5006 1887 5065 ΑἰλΑῆὒί
1927 5007 2161 5066 ΟΑΖιλΕΙ
2200 4998 2773 5066 COMMENTARIUS.

628 5148 651 5177 ³
686 5141 749 5214 D_.
777 5139 1138 5214 Hieronymus
1163 5143 1256 5199 lib.
1284 5159 1321 5199 ιι
1348 5143 1604 5214 adversus
1645 5140 1994 5214 Iovinianum
2023 5155 2145 5214 cap.

557 5211 624 5294 ρο
651 5228 668 5294 _:
700 5210 942 5285 Ejectus,
978 5210 1186 5294 inquit,
1219 5214 1281 5294 de
1310 5213 1546 5294 {Egypto
1589 5213 1816 5294 populus
1868 5211 2149 5294 Israet,.et

555 5283 609 5335 in
640 5283 831 5337 terram
869 5283 1284 5355 repromissionis
1326 5283 1465 5340 lacte
1495 5294 1541 5339 et
1570 5283 1719 5338 melle
1755 5294 2052 5355 manantem
2074 5283 2154 5335 in-

561 5353 946 5429 troducendus;
976 5357 1255 5429 Egyptias
1298 5373 1514 5429 carnes,
1561 5364 1614 5429 et
1661 5370 1905 5429 pepones,
1951 5353 2160 5429 aliaque

556 5426 813 5497 desiderat
855 5424 1241 5497 (Exodl'xVI;
1287 5427 1449 5482 Nunt.
1488 5427 1601 5496 xl).
1659 5424 1897 5497 Utinam,
1955 5424 2155 5497 inquit].

563 5494 872 5551 obiissemns'
909 5501 1139 5569 percussi
1170 5516 1201 5551 a
1237 5498 1348 5552 Deo
1393 5500 1444 5551 in
1489 5494 1625 5569 terra
1658 5495 1922 5569 ῃῃριὶἈ
1946 5494 2160 5569 quando

560 5582 718 5635 super
744 5569 876 5623 ollas
909 5565 1147 5625 carnium
1178 5570 1504 5624 sedebamus.
1548 5568 1614 5623 Et
1647 5565 1854 5620 iterant.
1888 5565 2017 5631 Quis
2065 5581 2160 5617 nos

565 5649 738 5705 pascet
760 5642 1039 5696 carnibus?
1073 5642 1298 5696 Veniunt
1327 5644 1379 5694 in
1413 5649 1634 5695 mentem
1660 5639 1803 5691 nobis
1828 5638 2012 5710 pisces,
2035 5652 2162 5707 quos

563 5710 623 5761 in
651 5710 884 5781 rEgypto
912 5712 1305 5766 comedebamus
1345 5713 1527 5783 gratis,
1556 5722 1603 5765 et
1632 5724 1926 5783 cucumeres
1950 5749 1963 5771 ,
1996 5716 2042 5761 et
2074 5723 2162 5778 pe-

565 5793 746 5857 pones,
778 5784 1009 5857 etporri,
1029 5792 1086 5857 _et
1110 5798 1262 5849 cwpe,
1298 5781 1495 5857 et'allia
1519 5798 1536 5835 :
1561 5790 1613 5835 at
1625 5796 1764 5857 nunc
1787 5781 1962 5857 anima
1988 5790 2162 5832 nostra

568 5847 755 5911 arida;
784 5847 915 5903 nihit
941 5851 1040 5902 nisi
1069 5847 1261 5905 manna
1288 5850 1426 5904 oculi
1476 5851 1637 5905 nostri
1666 5851 2015 5916 conspiciunt.
2060 5851 2166 5903 An-

2249 5137 2481 5212 gelorum
2511 5132 2682 5187 cibum
2701 5132 3101 5192 contemnentes,
3131 5136 3316 5176 carnes
3349 5117 3637 5193 Egyptian
3676 5120 3855 5184 ωερε-

2254 5208 2460 5263 rabant.

2330 5258 2519 5331 bili/ide
2545 5273 2864 5327 Cassianum
2908 5267 3008 5322 lib.
3042 5280 3074 5319 ν
3103 5263 3345 5321 Institut.
3399 5270 3519 5332 cap.
3554 5258 3609 5328 8,
3643 5266 3699 5314 et
3731 5272 3864 5313 sen-

2261 5350 2486 5405 tentiam
2520 5346 2583 5399 D.
2616 5338 2961 5412 Gregoriiibi
2987 5336 3288 5412 recitatam.

2339 5401 2833 5485 eGastrimargi’am
2866 5411 2969 5465 hoc
2997 5410 3119 5463 loco
3172 5402 3490 5485 improprie,
3522 5402 3691 5485 imm?
3727 5401 3867 5483 abu-

2266 5473 2417 5555 sive,
2464 5489 2626 5542 sumit
2669 5473 2829 5541 eiiam
2865 5473 3295 5555 pro_ne_cessaria
3320 5473 3566 5555 corporis
3600 5473 3866 5555 alimonia

2265 5543 2500 5623 cit-cura,
2531 5569 2590 5611 ut
2617 5571 2779 5625 supra
2803 5543 3157 5625 cenodoxiam
3187 5562 3285 5625 pro
3315 5547 3712 5625 cujuscumque
3741 5543 3861 5613 glo-

2264 5616 2363 5688 riae
2391 5616 2660 5695 humanm,
2686 5616 2851 5680 etiam
2878 5624 3025 5695 licito
3048 5630 3103 5695 et
3126 5616 3439 5695 rationabili
3462 5617 3732 5695 appetitu.

2336 5682 2361 5740 δ
2390 5682 2675 5772 ὗῐὸῐιῖδίίιὲ
2718 5698 2807 5772 sic
2830 5693 3128 5772 simplicius
3162 5708 3176 5743 :
3207 5688 3409 5763 Figura
3430 5682 3592 5772 gntae,
3625 5693 3736 5772 et_c.
3772 5682 3872 5772 Pe

2266 5756 2695 5845 aquilze‘natura,
2725 5769 2907 5845 volatu
2936 5756 3203 5845 altissimg
3225 5756 3626 5825 ct'voracitate,
3658 5756 3734 5812 de
3763 5769 3870 5826 qua

2268 5833 2378 5913 hic,
2400 5843 2521 5899 vide
2553 5840 2786 5895 Plinium
2820 5837 2915 5895 lib.
2948 5849 2981 5890 ι
3012 5847 3131 5900 cap.
3163 5833 3218 5886 5.
