4036 6216
58 5692 89 5735 ἰ

193 296 289 356 637

945 295 1285 355 COLLATIO
1320 292 1388 352 ν.
1424 322 1493 339 --
1522 290 1614 352 DE
1652 288 1835 353 OCTO
1872 292 2395 358 PRINCIPALIBUS
2433 299 2654 361 VlTIlS.

3339 302 3444 361 658

196 412 611 487 igastrimargite
639 414 887 487 spiritum
915 424 1253 485 nequaquam
1273 420 1455 481 pesse,
1474 419 1533 465 ut
1562 416 1761 466 ctetera
1790 410 1837 473 Α
1867 412 1948 466 eis
1969 424 2086 466 sum
2112 412 2436 469 omnimodis
2458 412 2768 481 absolutus;
2788 414 3176 488 gastrimargizc
3197 432 3329 474 vero
3349 421 3443 475 sti-

190 510 327 575 vitia,
355 506 610 575 resecari,
642 506 726 564 vel
758 518 853 578 per
866 506 1042 561 omnia
1066 505 1317 561 similiter
1345 502 1635 573 exstingui,
1662 499 1758 559 sed

194 601 397 657 aculeos
417 598 536 670 ejus
568 610 632 656 ac
660 596 963 670 superﬂuos
989 594 1258 668 appetitus
1277 594 1649 651 virtuteanimi
1672 604 1758 650 re-

194 694 331 749 tundi
363 702 567 749 tantum
596 703 755 765 atque
776 690 1042 749 cohiberi.

757 821 985 883 CAPUT
1022 822 1164 881 XXI.

192 941 266 996 De
293 941 666 1013 perseverantia
715 940 1091 1064 gastdrimazgite
1131 938 1374 993 adversus
1423 934 1761 1009 philosophos

851 1028 967 1064 tsau
992 1028 1024 1063 a
1046 1027 1095 1063 a.

851 1027 1095 1081 tsputata.

254 1145 388 1201 Nam
416 1143 577 1216 hujus
604 1144 981 1199 vitiinaturam
1000 1141 1260 1213 bquidam
1281 1154 1474 1197 senum
1496 1155 1618 1197 cum
1641 1142 1763 1212 phi-

186 1237 426 1305 iosophis
462 1236 757 1306 disputans,
806 1236 897 1305 qui
950 1248 1073 1289 eum
1105 1246 1203 1305 pro
1224 1233 1572 1303 simplicitate
1595 1233 1758 1288 Chri-

186 1329 355 1383 stiana
381 1328 526 1383 velut
557 1327 815 1382 rusticum
843 1325 1131 1382 crederent
1154 1324 1504 1396 fatigandum,
1535 1325 1639 1379 sub
1662 1324 1762 1380 hoc

185 1419 532 1489 problematis
549 1418 783 1488 ﬁgurans
808 1418 991 1473 colore
1013 1417 1292 1487 eleganter
1311 1418 1578 1486 expressit
1598 1433 1612 1469 :
1635 1418 1767 1472 Mul-

187 1511 273 1576 tis,
328 1510 525 1581 inquit,
582 1506 946 1565 creditoribus
992 1517 1144 1579 pater
1171 1522 1325 1563 meus
1366 1522 1452 1563 me
1479 1507 1766 1578 dereliquit

183 1600 512 1665 obnoxium;
545 1600 766 1655 caeteris
788 1598 856 1653 ad
904 1600 1173 1669 integrum
1203 1599 1443 1666 solvens,
1496 1599 1565 1654 ab
1615 1600 1763 1654 omni

182 1691 556 1748 conventionis
583 1706 771 1747 eorum
802 1691 1050 1747 molestia
1080 1692 1339 1747 liberatus
1365 1706 1505 1759 sum,
1540 1692 1631 1747 uni
1674 1706 1763 1747 sa-

1862 502 2022 557 mulis
2055 502 2202 559 nullo
2230 506 2389 560 modo
2417 519 2606 561 carere
2635 507 2908 576 prtevalui.
2937 506 3044 565 Nec
3082 509 3223 565 enim
3252 526 3438 582 qnam-

1859 596 1943 651 vis
1968 596 2155 652 eamIn
2186 611 2407 667 parvum
2440 596 2657 654 modum
2685 599 3104 672 vilissimamque
3134 602 3437 675 redegerint

1861 689 2243 757 quantitatem,
2302 692 2409 744 vim
2435 687 2765 759 quatidianae
2813 691 3200 762 compulsionis
3247 696 3437 768 evado,

1861 780 1957 834 sed
2003 794 2228 836 necesse
2256 789 2339 836 est
2381 794 2469 837 me
2518 782 2789 852 perpetuis
2836 783 2953 854 ejus
2999 786 3441 843 conventionibus

1863 870 2166 943 perurgeri,
2201 882 2255 927 et
2284 873 2739 929 interminabilem
2798 874 3084 943 quamdam
3115 873 3440 933 solutionem

1856 966 1970 1038 jugi
2004 968 2281 1023 iunctione
2321 966 2664 1038 dependere,
2699 978 2857 1038 atque
2886 980 2908 1009 ε
2946 967 3269 1039 inexplebile
3311 972 3447 1025 indi-

1862 1060 2131 1115 ctionibus
2162 1059 2279 1128 ejus
2302 1058 2502 1115 inferre
2532 1061 2778 1131 vectigal.
2810 1058 2945 1116 Tum
2997 1060 3073 1115 illi
3116 1060 3259 1117 hunc
3287 1078 3442 1132 quem

1863 1150 2013 1206 velut
2036 1150 2257 1205 idiotam
2286 1164 2349 1207 ac
2374 1150 2635 1206 rusticum
2659 1158 2783 1206 ante
2807 1152 3191 1221 despexeram,
3208 1168 3445 1222 pronun-

1865 1243 2143 1297 tiaverunt
2174 1244 2374 1312 primas
2401 1242 2755 1311 phllOSOpltim
2784 1250 2985 1312 partes,
3010 1243 3060 1297 id
3092 1252 3195 1308 est,
3216 1242 3444 1296 ethicam

1864 1333 2206 1404 disciplinam
2232 1334 2473 1404 apprime
2512 1332 3019 1405 comprehendisse;
3057 1334 3234 1389 mirati
3266 1334 3447 1387 admo-

1866 1424 1993 1479 dum
2028 1426 2265 1494 potuisse
2292 1442 2412 1479 eum
2440 1426 2758 1480 naturaliter
2785 1425 3018 1494 assequi,
3052 1425 3195 1494 quod
3227 1426 3367 1479 nulla
3398 1425 3447 1477 ei

1866 1515 2146 1571 saecularis
2173 1515 2404 1571 eruditio
2426 1518 2762 1583 contulisset,
2790 1530 2909 1572 cum
2936 1515 3033 1585 ipsi
3065 1515 3259 1569 sudore
3282 1515 3449 1569 multo

1867 1610 2133 1679 longaque
2172 1608 2416 1663 doctrina
2471 1610 2538 1663 ita
2598 1610 2712 1664 hate
2759 1609 3020 1677 attingere
3058 1605 3447 1675 nequivissent.

1868 1702 1995 1757 Hinc
2046 1702 2355 1770 Specialiter
2397 1701 2465 1755 de
2509 1698 2883 1770 gastrimargia
2933 1683 3135 1752 dixisse
3170 1686 3445 1752 ’sul‘liciat.

181 1785 438 1840 tisi‘acere
456 1784 701 1854 quotidie
728 1784 994 1840 solvendo
1025 1797 1132 1839 non
1155 1798 1395 1855 possum.
1412 1786 1650 1853 Cumque
1678 1784 1757 1839 illi

1876 1790 2013 1848 Nunc
2034 1799 2371 1848 revertamur
2395 1790 2461 1845 ad
2488 1790 2905 1861 disputationem
2926 1800 3086 1860 quam
3115 1787 3183 1844 de
3208 1790 3444 1859 generati

179 1876 494 1947 ignorantes
531 1876 641 1931 vim
670 1878 960 1947 propositae
986 1876 1333 1947 quaestionis,
1361 1876 1757 1933 absolutionem

178 1970 304 2040 ejus
333 1972 581 2042 precario
618 1972 956 2041 postularent
986 1987 999 2023 :
1033 1970 1234 2035 Multis,
1264 1970 1356 2038 ait,
1389 1971 1532 2025 vitiis
1562 1969 1637 2025 fui
1667 1984 1761 2025 na-

178 2061 344 2117 turali
364 2063 676 2119 conditione
701 2064 1060 2125 constrictus;
1085 2061 1181 2117 sed
1206 2062 1501 2131 inspirante
1527 2061 1761 2118 Domino

177 2154 518 2211 desiderium
547 2156 832 2223 libertatis,
881 2156 1087 2209 cunctis
1116 2154 1222 2209 illis
1252 2166 1523 2223 tamquam
1564 2156 1763 2211 moles-

176 2247 413 2304 tissimis
454 2248 827 2315 creditoribus,
882 2247 1200 2302 renuntiatis
1260 2244 1385 2303 huic
1432 2248 1654 2316 mundo,
1707 2258 1763 2303 et

174 2355 402 2398 omnem
422 2342 776 2397 substantiam
804 2352 926 2410 qua:
955 2339 1085 2394 mihi
1106 2340 1452 2396 successione
1476 2342 1643 2410 patris
1667 2342 1763 2398 ob-

177 2442 429 2502 venerat,
456 2449 484 2490 a
518 2448 603 2489 me
632 2435 835 2504 pariter
863 2426 1169 2504 abjiciens,‘
1196 2433 1458 2500 satisfeci,
1504 2444 1663 2506 atque
1694 2437 1763 2492 ab

1867 1886 2119 1940 vitiorum
2156 1883 2457 1953 cognitione
2484 1880 2649 1953 [Lips.
2699 1886 2751 1934 in
2778 1896 2946 1951 marg.
2971 1877 3316 1951 cognatione]
3339 1892 3449 1933 ca:-

1867 1988 2119 2049 peramus
2136 1988 2427 2045 exponere.

2447 2063 2677 2121 CAPUT
2717 2063 2880 2121 XXII.

1869 2162 1973 2218 Cur
1998 2162 2219 2217 Abrahte
2246 2159 2547 2230 prtedt’aterit
2578 2158 2717 2213 Deus
2739 2160 2911 2230 decem
2935 2164 3119 2230 gentes
3150 2170 3449 2225 expugnan-

2368 2232 2462 2283 das
2487 2246 2518 2282 a
2546 2231 2741 2301 papula
2771 2229 2961 2282 Israel.

1938 2349 2075 2405 Cum
2106 2348 2174 2403 ad
2198 2348 2469 2403 Abraham
2496 2346 2753 2402 Dominus
2784 2342 2851 2399 de
2887 2340 3079 2397 futuris
3113 2340 3446 2409 loqueretur,

1868 2443 2011 2512 quod
2061 2455 2156 2496 vos
2199 2440 2421 2496 minime
2469 2437 2793 2510 requisistis,
2830 2448 2936 2489 non
2962 2429 2989 2471 ά
3018 2441 3230 2503 septem
3260 2439 3453 2502 gentes

1253 2570 1510 2626 ALARDI
1550 2571 1778 2630 GAZ/El
1816 2574 2382 2633 COMMENTARIUS.

249 2694 274 2721 ι
308 2682 386 2737 De
436 2682 848 2752 gastrimargiaz,
902 2682 1018 2736 sive
1072 2681 1214 2751 gula:
1239 2680 1390 2747 vitio,
1415 2682 1637 2752 ejusque
1666 2685 1765 2738 im-

179 2754 513 2823 portunitate
536 2762 590 2806 et
610 2752 867 2807 violentia
902 2767 1010 2823 prae
1041 2754 1255 2823 caeteris
1278 2753 1443 2818 vitiis,
1477 2766 1764 2809 consenta-

178 2820 279 2880 nee
310 2824 501 2880 scribit
526 2822 590 2878 Ι).
621 2822 913 2892 Gregorius
942 2822 995 2875 in
1049 2822 1065 2874 ι
1096 2820 1227 2891 Reg.
1266 2836 1386 2888 cap.
1415 2838 1465 2875 χι
1497 2840 1508 2876 :
1537 2822 1614 2876 De
1657 2836 1764 2878 ser—

178 2904 355 2964 pente,
386 2894 578 2964 inquit,
603 2894 655 2947 in
678 2891 865 2948 Genesi
886 2894 1079 2947 dicitur
1099 2894 1219 2960 quia
1239 2891 1478 2947 callidior
1506 2904 1619 2946 erat
1641 2910 1765 2947 cun-

178 2968 272 3021 ctis
301 2964 684 3021 animantibus.
721 2964 886 3036 Cujus
919 2964 1159 3036 profecto
1199 2965 1450 3034 serpentis
1468 2965 1764 3036 similitudo

178 3039 222 3091 si
244 3039 297 3092 in
328 3037 474 3118 vitiis
498 3036 767 3118 quae-ritur,
792 3034 925 3118 quid
948 3034 1341 3117 similiusquatn
1371 3035 1646 3118 violentum
1673 3054 1762 3118 ga-

176 3102 521 3177 strimargiaa,
555 3107 608 3158 id
629 3115 724 3177 est,
755 3102 911 3177 gulae.
941 3118 1134 3158 malum
1159 3102 1489 3159 invenimus?
1522 3102 1769 3159 Luxuria:
1796 3102 1840 3165 C

180 3176 413 3246 quidern’
428 3184 617 3241 motus,
635 3176 761 3246 furti
783 3176 995 3237 crimen.
1019 3177 1187 3243 turpis
1210 3177 1344 3229 lucri
1371 3178 1647 3245 appetitus,
1677 3178 1771 3231 ira)

180 3251 430 3321 impetus,
461 3248 1041 3321 emaritudogsascularis
1059 3248 1302 3321 tristitiae,
1329 3247 1527 3300 desidia
1553 3252 1769 3321 decdite,

178 3316 447 3387 appetitus
474 3333 617 3372 vana:
641 3316 841 3389 glorite,
874 3326 1044 3370 tumor
1068 3318 1321 3387 superbia:
1344 3327 1515 3389 aperte
1545 3318 1767 3372 detesta-

179 3336 447 3387 appetttus
474 3336 617 3372 vana:
641 3336 841 3389 gtome,
874 3336 1044 3370 tumor
1068 3336 1321 3387 superata:
1344 3336 1374 3369 a
1416 3336 1515 3371 crte
1545 3336 1767 3372 detesta-

179 3390 293 3445 bilis
316 3400 435 3461 est;
454 3390 592 3461 gula:
612 3404 725 3442 vero
738 3390 919 3442 vitium
936 3397 1077 3441 tanto
1094 3399 1165 3441 est
1180 3336 1562 3457 fraudulimlius
1580 3400 1770 3459 quanto

180 3472 227 3515 et
253 3460 518 3515 occultius
542 3461 698 3524 :quia
722 3469 768 3513 et
795 3460 943 3529 quasi
980 3460 1324 3512 necessarium
1349 3461 1576 3529 suggerit
1604 3461 1771 3515 cibum

180 3478 227 3515 et
253 3478 518 3515 occultius
542 3478 560 3514 :
578 3478 698 3524 quia
722 3478 768 3513 el
795 3478 941 3529 quast
980 3478 1324 3512 necessarium
1349 3478 1409 3512 su
1449 3478 1576 3527 gem
1604 3478 1771 3515 ctoum

179 3534 391 3603 Corpori
423 3547 441 3594 ;
486 3531 572 3584 sed
602 3531 722 3583 dum
751 3528 1069 3603 abundanter
1096 3544 1299 3603 carnem
1331 3478 1517 3603 rcﬁqcit,
1552 3530 1772 3585 luxnria:

180 3598 428 3671 gladium
455 3603 508 3655 in
532 3608 749 3654 mentem
771 3599 970 3670 mergit.
998 3598 1197 3654 Suadet
1226 3601 1363 3669 quod
1385 3610 1771 3671 peccatumnon

178 3670 285 3738 est;
320 3671 424 3726 sed
445 3672 580 3725 unde
625 3672 862 3724 contestlo
890 3671 1040 3740 quasi
1071 3687 1188 3740 non;
1212 3679 1473 3740 peccatum
1500 3670 1768 3740 recipitur,

178 3744 301 3797 inde
337 3752 579 3827 peccato
628 3742 849 3827 tuguriis
888 3738 1085 3827 anlima’
1108 3738 1419 3827 subiugatur
1442 3757 1458 3827 ξ
1484 3738 1619 3791 unde
1644 3749 1692 3794 et
1721 3741 1773 3794 in

180 3808 439 3882 paradiso
482 3814 549 3865 ad
577 3811 843 3882 mulierem
870 3810 1010 3882 gula:
1037 3808 1158 3863 uitio
1187 3808 1539 3882 decipiendam
1562 3825 1773 3882 serpens

178 3879 385 3940 uenisse
418 3883 727 3949 ostenditur,
752 3881 840 3950 qui
867 3879 1013 3953 aliud
1048 3889 1357 3953 suggereret,
1388 3881 1533 3933 aliud
1585 3879 1776 3934 obtine-

178 3964 254 4008 ret
281 3971 295 4007 :
327 3963 391 4008 ut
448 3954 567 4007 dum
603 3952 915 4023 comedenda
951 3956 1257 4014 ostenderet,
1288 3953 1611 4023 improvisum
1641 3967 1776 4023 mor-

183 4034 283 4078 tem
314 4025 646 4094 prapinaret.
673 4022 893 4091 Serpens
922 4037 1042 4093 ergo
1068 4023 1162 4077 iste
1184 4025 1319 4092 gulte
1350 4020 1581 4092 designat
1611 4020 1775 4094 avidi-

180 4091 365 4163 tatem,
394 4091 520 4166 quia
550 4100 595 4146 et
623 4101 853 4166 respectu
866 4091 1026 4166 justte
1063 4091 1545 4166 necessitatisfcpit,
1575 4101 1619 4166 et
1642 4091 1776 4166 virus

183 4167 367 4236 impiae
408 4162 777 4236 delectationis
827 4162 1044 4236 spargit.
1083 4163 1215 4236 Haec
1259 4163 1330 4217 ibi
1363 4162 1678 4236 Gregorius.
1712 4162 1779 4215 Et

181 4232 280 4291 lib'.
315 4251 433 4290 xxx
462 4233 653 4289 bloral.
696 4248 814 4303 cap.
852 4236 921 4288 28
953 4232 965 4286 Ξ
1000 4233 1283 4288 Sciendum
1321 4240 1395 4287 est
1440 4236 1558 4302 quia
1587 4232 1660 4285 sic
1689 4249 1777 4284 v0-

182 4306 368 4373 luptas
420 4304 605 4375 (gulis)
653 4304 746 4357 sub
799 4306 1193 4375 necessitate_se
1236 4304 1439 4375 palliat,
1470 4313 1523 4356 ut
1553 4304 1779 4375 u_ia;_eam

184 4372 467 4446 perfecta;
498 4372 724 4444 quisquis
753 4375 1043 4446 discernat.
1076 4373 1216 4446 Nam
1236 4372 1369 4446 dum
1397 4375 1523 4427 solvi
1551 4372 1776 4426 debitum

184 4443 475 4501 necessitas
507 4443 654 4515 petit,
676 4444 910 4513 voluptas
938 4445 1141 4515 explere
1170 4443 1480 4498 desiderium
1519 4446 1777 4515 suppetit;

183 4525 233 4571 et
262 4526 419 4572 tanto
440 4513 565 4586 gula
596 4519 820 4569 securius
853 4515 907 4586 in
936 4513 1171 4586 praeceps
1190 4515 1316 4578 ruit,
1347 4523 1538 4583 quanto
1566 4513 1657 4565 sub
1687 4514 1780 4568 ho-

185 4598 336 4642 nesto
372 4584 582 4640 nomine
611 4584 1220 4653 necessitatis’cxplcndat
1251 4600 1301 4636 se
1326 4586 1565 4653 contegit.

256 4657 287 4697 δ
324 4657 581 4715 Similem
638 4656 916 4711 historiam
966 4654 1279 4722 Serapionis
1324 4653 1641 4719 Sindonitzc,
1692 4664 1785 4711 aut

185 4736 346 4785 certe
397 4730 669 4792 eamdem,
726 4727 821 4781 sed
872 4725 1032 4792 paulo
1077 4724 1253 4790 aliter,
1302 4734 1483 4779 narrat
1513 4722 1784 4781 Palladius

186 4796 468 4853 Lausiaca
498 4799 588 4863 83,
623 4797 706 4851 bis
737 4796 960 4867 verbis:
995 4796 1075 4860 Is,
1112 4795 1282 4867 inquit
1312 4794 1643 4867 (Serapion),
1681 4798 1786 4866 {re-

185 4869 477 4937 gnantibus
508 4865 1002 4938 peregrinationibus
1048 4865 1272 4938 peruenit
1314 4867 1377 4938 in
1428 4865 1702 4933 Grtcciam’,
1738 4873 1787 4921 et

188 4934 312 4991 cum
336 4934 703 4993 tribusdiebus
725 4943 959 5009 moratus
981 4945 1113 4990 esset
1140 4934 1378 5001 Athenis,
1411 4951 1512 4989 non
1557 4940 1657 5007 fuit
1699 4937 1787 5009 qui

185 5009 237 5061 ei
250 5024 450 5079 panem
468 5010 729 5079 prteberet.
745 5006 872 5061 Cum
890 5014 1060 5079 autem
1081 5008 1299 5079 venisset
1312 5016 1524 5079 quartus
1536 5009 1664 5076 dies,
1680 5006 1788 5062 val-

189 5076 261 5133 de
282 5076 522 5133 esurioit.
548 5078 646 5132 Res
658 5089 730 5131 est
751 5079 885 5130 enim
910 5077 1078 5146 gravis
1099 5076 1258 5144 fames
1286 5077 1655 5144 involuntaria,
1675 5092 1792 5148 quat

189 5150 515 5221 adjutricem
548 5149 693 5201 habet
715 5148 1121 5221 incredulitatem
1143 5163 1161 5200 :
1182 5158 1229 5199 et
1256 5157 1397 5221 stans
1436 5164 1590 5219 super
1618 5158 1791 5221 tumu-

190 5216 306 5273 lttin
340 5221 587 5286 ciuitatis,
611 5222 665 5272 in
690 5233 792 5288 quo
820 5216 1256 5287 congregabantur
1285 5216 1373 5285 qui
1401 5216 1549 5272 erant
1588 5220 1710 5271 viles
1740 5224 1788 5271 et

189 5290 399 5363 objecti
450 5290 503 5363 in
552 5290 772 5363 civitate,
820 5288 1322 5363 capit__vchemen_ter
1358 5297 1550 5363 etcum
1577 5289 1790 5359 planctu

192 5355 511 5425 lainentari,
542 5370 587 5412 et
630 5360 855 5411 clamare
883 5376 893 5411 :
938 5355 1045 5410 Viri
1071 5356 1422 5422 Athenienses,
1449 5355 1588 5423 ferte
1620 5373 1785 5425 opem.

190 5430 281 5484 Ad
302 5446 462 5499 quem
494 5438 813 5483 arcurrentes
845 5444 1019 5499 omnes
1042 5428 1134 5499 qui
1189 5425 1404 5499 pallium
1453 5428 1715 5499 gestabant
1744 5436 1791 5481 et

188 5498 427 5570 pileum,
460 5502 633 5553 dicunt
669 5502 718 5553 ei
745 5514 762 5552 :
797 5499 933 5565 Quid
961 5498 1114 5570 habes
1136 5499 1161 5551 ?
1190 5498 1445 5570 undenam
1490 5514 1563 5561 es,
1595 5507 1640 5551 et
1653 5499 1792 5570 quid

188 5567 522 5641 puluis?“
548 5586 667 5623 vero
692 5571 813 5623 dicit
835 5570 960 5641 ipsis
985 5584 1002 5621 :
1036 5568 1229 5621 Genera
1254 5567 1599 5641 quidcmgsum
1622 5567 1792 5641 digg-

188 5638 387 5711 ptins;
413 5656 476 5695 es:
494 5656 593 5711 quo
614 5647 783 5711 autem
804 5640 980 5694 absum
1004 5654 1183 5711 agvera
1208 5654 1320 5692 mea
1343 5639 1533 5705 patria,
1558 5638 1718 5692 incidi
1736 5638 1792 5692 in

192 5716 307 5780 tres
342 5709 683 5779 feneratores.
716 5709 783 5764 Et
808 5711 910 5764 duo
936 5709 1138 5780 quidem
1184 5724 1216 5761 a
1248 5725 1324 5762 me
1344 5718 1677 5777 recesserunt,
1703 5725 1791 5762 c.17-

188 5777 383 5837 solssto
416 5782 487 5837 eis
513 5782 702 5848 debito,
725 5795 840 5836 cum
864 5777 967 5836 non
986 5778 1224 5835 haberent
1248 5780 1311 5834 de
1348 5796 1448 5850 quo
1468 5793 1549 5835 me
1568 5795 1793 5834 accerse-

1808 4481 1860 4541 D

1874 2698 2015 2753 rent;
2047 2704 2178 2741 unus
2201 2696 2371 2741 autem
2398 2704 2430 2741 a
2454 2703 2533 2741 me
2559 2702 2661 2740 non
2690 2685 2924 2739 discedit.
2958 2682 3052 2737 Illi
3080 2698 3199 2755 ergo
3228 2682 3455 2736 studiose

1872 2768 2150 2828 quazrentes
2206 2758 2270 2811 de
2301 2758 2695 2828 feneratoribus,
2728 2766 2781 2809 ut
2811 2758 2881 2810 eis
2906 2756 3246 2828 satisfaceret,
3280 2755 3452 2828 ipsum

1871 2825 2143 2899 rogabant,
2178 2829 2260 2881 ubi
2301 2825 2474 2882 sunt?
2529 2828 2656 2893 Quis
2686 2835 2759 2880 est
2789 2828 2891 2899 qui
2915 2827 3006 2879 tibi
3036 2825 3233 2878 exhibet
3276 2825 3458 2899 inoles-

1874 2895 2038 2953 tiam?
2087 2899 2307 2952 Ostende
2356 2898 2497 2952 nobis
2535 2914 2673 2963 eum,
2706 2906 2759 2950 ut
2802 2895 2894 2950 tibi
2934 2900 3156 2965 feramus
3179 2895 3453 2948 auxilium.

1873 2968 2022 3023 Tunc
2051 2971 2123 3024 eis
2152 2970 2274 3022 dicit
2318 2984 2339 3022 :
2394 2968 2687 3022 Holestiam
2732 2967 2856 3021 mihi
2883 2967 3111 3022 exhibuit
3139 2967 3378 3029 auaritia,
3410 2974 3460 3020 et

1872 3043 2016 3111 gula,
2064 3049 2115 3111 et
2173 3042 2468 3110 fornicatio.
2504 3039 2685 3111 Neque
2713 3041 2847 3093 enim
2872 3054 3059 3092 aurum
3086 3039 3459 3111 habeo,neque

1874 3109 2071 3180 aliquid
2118 3111 2262 3164 aliud
2308 3112 2572 3178 possideo;
2599 3109 2607 3111 ’
2630 3128 2729 3180 non
2760 3112 2911 3163 etiam
2948 3114 3095 3179 fruor
3117 3109 3317 3180 deliciis
3344 3125 3459 3180 qua:

1875 3177 1994 3253 sunt
2024 3183 2249 3253 nutrices
2279 3183 2438 3253 hujus
2478 3182 2658 3235 morbi.
2696 3177 2954 3246 Quocirca
2976 3180 3105 3233 nihil
3155 3178 3281 3231 mihi
3317 3177 3460 3231 exhi-

1875 3252 1993 3306 bent
2018 3252 2239 3321 amplius
2262 3253 2522 3307 molestiae.
2557 3253 2600 3306 Α
2630 3253 2752 3323 gula
2780 3263 2952 3305 autem
2980 3268 3081 3304 non
3127 3264 3335 3320 possum
3379 3264 3461 3323 rei

1873 3324 2068 3377 cedere.
2094 3319 2213 3376 1am
2240 3325 2374 3377 enim
2402 3319 2827 3394 quatuor'diebus
2856 3322 2985 3376 nihil
3018 3319 3234 3385 comedi,
3262 3330 3309 3373 et
3331 3319 3462 3371 mihi

1875 3396 2042 3464 pergit
2075 3405 2245 3449 venter
2268 3396 2555 3448 molestiam
2583 3395 2837 3459 exhibere,
2883 3408 3116 3464 (lacerans
3164 3400 3459 3464 consuetum

1875 3460 2123 3534 debitum,
2172 3466 2280 3519 sine
2324 3482 2545 3534 quonon
2591 3482 2796 3533 possunt
2844 3460 3028 3517 viuere.
3074 3460 3221 3534 Tunc
3251 3461 3460 3528 quidam

1877 3533 2172 3603 philosOphi
2202 3533 2445 3605 suspicati
2468 3552 2582 3588 eum
2610 3551 2718 3587 esse
2742 3534 3056 3605 mendicum,
3083 3533 3204 3583 dant
3228 3535 3297 3605 εἰΔ
3316 3546 3463 3582 num-

1876 3601 2033 3659 inum.
2072 3606 2232 3671 Quem
2272 3601 2531 3673 acceptum
2570 3605 2741 3673 posuit
2779 3604 2832 3657 in
2873 3603 3083 3671 officina
3115 3601 3353 3673 panaria,
3388 3609 3458 3673 et,

1876 3667 2112 3742 accepto'
2132 3690 2283 3744 pane,
2317 3667 2545 3726 recessit.
2570 3667 2578 3672 ’
2599 3670 2747 3725 Tunc
2794 3667 3135 3741 cognoverunt
3166 3667 3461 3789 philosqphi

1877 3760 1993 3789 eum
2011 3760 2123 3789 imre
2154 3744 2311 3789 fuisse
2331 3744 2516 3789 uirtute
2548 3744 2838 3789 nrmditum-
2865 3752 2910 3789 et
2940 3756 3057 3789 cum
3082 3740 3261 3789 nislori
3289 3738 3350 3789 de
3393 3739 3461 3789 is-

1877 3738 2141 3798 eunt'vcre'
2151 3744 2311 3813 fuisse
2331 3744 2516 3796 uirtute
2546 3744 2839 3812 prwditum,
2858 3738 2910 3793 et
2940 3756 3057 3794 cum
3082 3738 3461 3813 p_i_stori_dcdt's-

1878 3824 1987 3868 sent
2016 3807 2235 3881 pretium
2267 3815 2436 3880 panis,
2469 3807 2769 3881 acceperunt
2792 3826 3075 3864 nummum.
3105 3810 3227 3863 [hac
3256 3807 3350 3881 ibi.

1954 3832 1986 3867 ιι
2054 3832 2235 3867 Tenum
2267 3832 2436 3880 panis,
2469 3832 2769 3881 acceperam
2792 3832 3075 3864 nummum.
3105 3832 3227 3863 ιιωυ
3256 3832 3350 3863 ΙυΙ.

1954 3893 1975 3922 ο
2012 3832 2068 3938 rd
2100 3893 2202 3947 est,
2236 3880 2605 3952 quotidianum
2630 3884 2845 3952 solvere
2872 3882 3136 3944 debitum,
3188 3877 3463 3952 scudebi-

1880 3961 1988 4007 tant
2035 3950 2348 4021 impendere
2398 3953 2729 4007 alimoniam.
2774 3950 2894 4006 Fuit
2921 3953 3065 4006 enim
3114 3951 3360 4016 indictio,
3391 3951 3467 4002 ait

1883 4024 2187 4091 Ciaconius,
2234 4024 2607 4093 pensitationis
2628 4034 2718 4077 aut
2747 4023 2933 4078 tributi
2973 4021 3337 4093 genus,”un
3372 4035 3464 4089 pa-

1880 4096 2148 4149 trimoniis
2176 4090 2284 4149 aut
2330 4095 2575 4163 personis
2613 4093 2966 4159 indicebatur,
2986 4090 3055 4146 ut
3084 4090 3270 4163 scribit
3300 4091 3465 4163 Asco-

1880 4164 2002 4220 nius
2031 4160 2413 4229 Pazdianus,_et
2435 4165 2631 4219 Paulus
2672 4165 2725 4218 in
2756 4166 2793 4219 l.
2829 4165 3039 4231 Qntcro.
3074 4164 3145 4216 De
3176 4160 3358 4216 Usui‘r.
3390 4160 3466 4214 lc-

1880 4246 1989 4305 gat.
2015 4236 2086 4291 At
2116 4236 2202 4291 hic
2241 4251 2335 4306 pro
2368 4236 2651 4291 exactione
2680 4234 3187 4306 generatimpotius
3221 4231 3463 4306 videtur.

1881 4303 2069 4376 Agitur
2089 4303 2350 4361 enim—hic
2371 4306 2437 4360 de
2462 4309 2666 4361 ventris
2686 4303 3261 4376 importunitatetqua
3296 4304 3466 4376 quoti-

1883 4372 2101 4431 dianum
2129 4379 2307 4433 cibum
2338 4378 2521 4446 exigit,
2542 4377 2691 4444 quasi
2722 4386 3035 4446 perpetuum
3066 4372 3467 4446 ctrincxplebilc

1883 4448 2110 4516 vectigal
2143 4449 2240 4501 sibi
2270 4444 2529 4501 debitum.
2565 4448 2697 4501 llinc
2723 4448 2877 4500 divus
2910 4444 3335 4516 Gregoriusllib.
3360 4458 3466 4496 xxx

1886 4514 2144 4572 Moral.c.
2166 4518 2260 4584 9.6)
2284 4518 2347 4572 ad
2371 4516 2461 4572 illa
2482 4519 2645 4571 verba
2673 4516 2773 4571 Joh
2800 4533 2959 4570 χχχιι
2980 4557 2993 4579 ,
3032 4514 3149 4582 Cap.
3178 4514 3464 4567 Clamorem

1885 4589 2138 4642 exactoris
2164 4605 2264 4641 non
2288 4589 2471 4641 audit:
2497 4585 2774 4651 Nonnulli,
2796 4588 2989 4651 inquit,
3011 4584 3105 4639 hoc
3134 4585 3243 4637 loco
3274 4602 3361 4653 per
3383 4600 3466 4636 ea:—

1886 4668 2108 4713 actorem
2135 4657 2356 4728 intelligi
2387 4667 2611 4711 ventrem
2631 4660 2823 4710 volunt.
2851 4655 2882 4708 Ι
2886 4673 2980 4728 pse,
2998 4673 3216 4728 namque
3248 4672 3279 4728 a
3326 4655 3467 4707 nobis

1885 4729 2147 4799 quoddam
2190 4726 2420 4782 debitum
2463 4730 2644 4799 exigit,
2692 4727 2811 4799 quia
2840 4727 3199 4795 quotidianum
3247 4726 3470 4799 fructum

1886 4796 1985 4853 sibi
2014 4800 2225 4853 humani
2252 4800 2444 4852 laboris
2473 4796 2874 4868 impendt'ctiam
2900 4815 2987 4866 per
3013 4809 3247 4850 naturam
3266 4796 3467 4868 quierit.

1888 4868 2210 4941 Abstinentes
2240 4870 2391 4941 igitur
2408 4868 2502 4941 viri
2531 4864 2641 4941 (qui
2663 4868 2759 4941 hoc
2784 4864 3103 4941 loco‘onagri
3132 4866 3377 4941 vocabulo
3406 4864 3471 4931 ﬁ-

1888 4940 2164 5011 gurantur)
2215 4939 2338 4992 dum
2383 4938 2605 4993 violenta
2657 4940 2791 5011 gula:
2840 4938 3098 4993 desideria
3152 4938 3471 5007 reprimunt,

1888 5010 2033 5075 quasi
2064 5010 2336 5063 clamantis
2368 5012 2617 5064 exactoris
2650 5010 2798 5063 uerba
2823 5016 3175 5063 contemnunt.

1960 5076 1986 5114 ά
2014 5078 2215 5149 Nempe
2234 5078 2470 5146 Cinteos,
2484 5082 2796 5144 Cenezaaos,
2812 5080 3179 5149 Cethuimaeos,
3196 5074 3473 5149 "ethicos,

1892 5143 2229 5217 Phereszeos,
2262 5143 2548 5219 Rapltaim,
2574 5143 2940 5210 Amorrhmos,
2960 5147 3313 5219 Chattanatos,
3342 5143 3475 5197 Ger-

1890 5234 2097 5288 gesaeos
2116 5230 2170 5275 et
2200 5214 2500 5276 Jebuéaaos.
2528 5218 2605 5275 Ex
2638 5220 2725 5275 his
2756 5220 2941 5288 decem
2972 5214 3223 5288 gentibus
3274 5221 3329 5267 et
3378 5227 3475 5281 po-

1892 5285 2053 5359 pulis,
2086 5306 2311 5359 quorum
2345 5301 2519 5346 terras
2549 5291 2796 5359 promisit
2827 5285 2995 5340 Deus’
3020 5300 3079 5339 se
3108 5285 3357 5337 daturum
3393 5298 3479 5335 sc-

1892 5362 2025 5414 mini
2058 5360 2314 5428 Abrahae,
2351 5362 2563 5416 nonnisi
2604 5369 2819 5429 septem;
2845 5362 3217 5429 memorantuj
3261 5363 3314 5407 et
3358 5368 3479 5429 pro-

1894 5432 2180 5486 mittuntur
2204 5425 2404 5485 .ludn-is
2436 5430 2600 5485 Exodi
2635 5425 2687 5483 ttt
2716 5438 2769 5482 et
2797 5427 3013 5479 Denter.
3041 5440 3133 5477 vtt.
3165 5425 3301 5479 Tres
3332 5425 3475 5478 enim

1894 5504 2117 5570 reliqum
2145 5502 2261 5554 aliis
2285 5509 2563 5555 cesserunt
2591 5499 2641 5551 in
2669 5496 3060 5570 haereditatetn.
3081 5494 3212 5548 Nam
3227 5510 3345 5570 _u_na
3380 5493 3481 5570 fuit

1896 5564 2071 5641 portio
2104 5574 2265 5641 Esau,
2298 5572 2385 5637 qui
2419 5570 2513 5622 luit
2544 5584 2709 5641 nepos
2744 5564 3059 5641 Μηδικὴ-ει
3088 5580 3196 5633 quo
3227 5565 3479 5641 ιςιιηηωμ

1894 5636 1946 5697 et
1975 5640 2093 5695 dum
2144 5636 2367 5705 reliquit:
2417 5636 2699 5709 portiones
2734 5638 2969 5709 ﬁliorum
2998 5638 3171 5709 Anton
3200 5646 3253 5688 et
3296 5636 3483 5709 Moab,

1895 5712 1985 5781 qui
2013 5706 2447 5781 fuereliliiLoth
2484 5712 2691 5778 nepotis
2724 5706 2980 5773 Abrahic,
3014 5706 3485 5781 quibus‘etiamin

1896 5775 2119 5851 gratiam
2150 5778 2381 5837 Abrahae
2432 5775 2566 5837 duas
2594 5781 2709 5837 illas
2736 5788 2925 5852 gentes
2958 5775 3181 5836 tradidit
3213 5775 3355 5833 Deus
3384 5776 3487 5832 sibi
