4036 6216
512 319 617 379 659

1557 309 1842 369 JOANNIS
1878 307 2196 368 CASSIANI
2230 302 2730 364 COLLATIONES.

3673 289 3813 354 640

508 433 701 504 legitur
730 428 1129 493 dinumerasse,
1161 426 1256 482 sed
1286 425 1497 493 decem,
1544 441 1774 496 quarum
1803 436 1946 481 terra
2005 439 2094 480 se-
2117 428 2172 488 Α
2195 430 2301 491 est,
2327 420 2529 475 animae
2546 417 2796 473 videntes
2818 414 3007 485 Deum,
3035 427 3143 470 non
3172 410 3449 468 immerito
3477 423 3814 482 nuncupan-

506 522 638 581 mini
681 521 800 591 ejus
828 520 1006 576 danda
1035 518 1365 590 promittitur
1389 517 1597 587 (Genes.
1634 516 1755 589 xv).
1790 526 1817 555 ι
1843 517 1948 585 Qui
1992 533 2089 572 nu-

2192 525 2317 581 tur;
2348 514 2440 586 qui
2469 526 2592 568 cum
2624 510 2911 566 universas
2939 507 3125 564 cordis
3146 505 3459 577 expulerint
3487 504 3811 576 passiones,

507 629 691 671 inerus
712 613 921 684 adjecta
945 610 1251 667 idololatria
1278 620 1440 681 atque
1458 611 1793 681 blasphemia
1811 612 2092 669 evidenter
2193 622 2303 664 non
2331 615 2439 661 tam
2462 605 2673 660 alienas
2703 600 3080 674 possessiones
3112 600 3416 671 pervasisse
3463 612 3627 669 quam
3676 612 3814 668 pro-

510 710 784 777 impletur,
813 706 1007 777 quibus
1033 711 1159 758 ante
1198 703 1445 758 notitiam
1476 702 1572 758 Dei
1600 713 1659 759 et
1687 704 1917 773 gratiam
1962 705 2093 775 bap-
2196 702 2342 772 prias
2365 712 2718 770 recuperasse
2738 696 2999 753 credendi
3024 702 3173 751 sunt.

510 801 653 855 tismi
680 799 767 855 vel
798 798 964 866 impia
992 796 1297 867 gentilium,
1323 796 1408 852 vel
1439 795 1755 865 blasphema
1776 796 2091 853 Iudaeorum

510 892 793 947 multitudo
821 890 1064 957 subjecta
1089 899 1192 955 est,
1208 888 1388 944 donec
1410 888 1461 943 in
1492 887 2096 959 intellectualiEgypto

507 982 967 1038 twnmoratur.Si
995 990 1179 1037 autem
1202 981 1592 1037 abrenuntiatis
1619 982 1816 1053 quis;et
1842 997 2098 1051 egressus

510 1098 520 1124 ρ
546 1074 704 1128 xinde
733 1088 828 1142 per
856 1072 949 1128 Dei
977 1071 1449 1142 gratiam,devicta
1474 1072 1677 1142 pariter
1696 1073 2096 1143 gastrimargia,

511 1166 533 1202 ι’
568 1169 631 1219 nil
656 1182 899 1222 eremum
924 1165 1566 1235 perveneritspiritalem,
1599 1165 1667 1221 de
1687 1166 2100 1236 impugnatione

512 1259 669 1312 trium
701 1257 941 1327 gentium
972 1256 1251 1323 liberatus,
1281 1266 1469 1313 contra
1497 1266 1705 1327 septem
1733 1264 2102 1329 tantum,qua:

513 1369 608 1421 per
634 1351 851 1422 Moysen
876 1349 1312 1417 dinumerantur,
1340 1350 1485 1405 bella
1506 1352 1787 1423 suscipiet.

1075 1440 1305 1497 CAPUT
1345 1440 1540 1499 XXIII.

600 1534 869 1601 Quomodo
898 1533 1025 1588 utile
1045 1533 1191 1587 nobis
1214 1533 1281 1588 sit
1309 1534 1547 1588 vitiorum
1566 1542 1727 1588 terras
1751 1535 2032 1607 possidere.

2772 809 3004 869 CAPUT
3044 808 3237 866 XXIV.

2200 909 2351 977 Quod
2364 917 2513 964 teme
2533 907 2596 962 de
2607 906 2794 975 quibus
2810 905 3013 973 expulsi
3030 913 3151 977 sunt
3167 901 3347 977 populi
3360 899 3819 967 Chananaorum,

2555 978 2739 1033 semini
2766 977 2889 1033 Sent
2920 975 3114 1044 fuerint
3152 975 3436 1043 deputata.

2273 1072 2486 1128 Etenim
2511 1078 2769 1142 quantum
2792 1068 2954 1123 docet
2973 1062 3170 1121 vetus‘l
3197 1064 3433 1133 traditio,
3461 1062 3560 1117 has
3580 1062 3819 1119 easdem

2202 1174 2379 1222 terras
2391 1162 2840 1228 Chananarorum,
2858 1161 2911 1215 in
2927 1172 3062 1229 quas
3078 1157 3493 1214 introducuntur
3503 1155 3599 1211 lilii
3615 1156 3819 1221 Israel,

2205 1261 2301 1317 lilii
2324 1262 2449 1317 Sem
2474 1260 2690 1315 fuerant
2714 1254 2991 1327 quondam
3025 1254 3080 1309 in
3119 1252 3271 1310 orbis
3295 1251 3569 1307 divisione
3599 1249 3820 1315 sortiti,

2206 1367 2341 1426 quas
2365 1352 2626 1422 deinceps
2672 1364 2766 1420 per
2793 1348 2904 1403 vim
2953 1357 3116 1417 atque
3155 1344 3454 1414 potentiam
3509 1342 3827 1413 posteritas

2208 1447 2380 1504 Cham
2409 1443 2753 1516 pervasionis
2783 1439 3069 1513 iniquitate
3096 1436 3356 1508 possedit.
3389 1436 3448 1492 ln
3481 1449 3590 1506 quo
3623 1443 3684 1489 et
3712 1433 3823 1489 Dei

2204 1538 2467 1609 judicium
2518 1534 2883 1591 rectissimum
2933 1529 3341 1597 comprobatur,
3374 1526 3470 1598 qui
3501 1534 3557 1582 et
3587 1525 3719 1580 illos
3749 1524 3827 1580 de

585 1628 739 1697 Quod
763 1640 894 1682 vero
924 1625 1151 1680 istarum
1185 1625 1612 1694 perniciosarum
1655 1627 1896 1697 gentium
1934 1627 2110 1697 regio-
2210 1630 2348 1687 locis
2392 1628 2611 1693 alienis,
2668 1641 2789 1697 qua:
2819 1623 2961 1680 male
3004 1629 3427 1692 occupaverant,
3473 1619 3715 1689 expulit,
3762 1626 3826 1672 et

516 1736 613 1777 nes
642 1719 933 1776 salubriter
954 1718 1235 1789 possidere
1258 1716 1626 1787 praecipimur,
1653 1719 1723 1773 ita
1755 1718 2106 1790 intelligitur:

2213 1723 2336 1780 istis
2363 1721 2638 1792 antiquam
2668 1729 2884 1790 patrum
2917 1715 3340 1786 possessionem,
3378 1727 3501 1783 qua:
3537 1712 3824 1781 prosapia:

515 1814 690 1868 Habet
744 1810 1165 1879 unumquodque
1195 1809 1384 1863 vitium
1414 1810 1467 1864 in
1518 1810 1685 1866 corde
1738 1821 1928 1867 nostro
1975 1828 2105 1882 pro-
2135 1819 2185 1880 B
2211 1832 2397 1873 eorum
2428 1816 2481 1870 in
2513 1814 2778 1870 divisione
2816 1810 2968 1867 orbis
3017 1809 3194 1863 fuerat
3238 1809 3516 1876 deputata,
3547 1802 3820 1859 restituit.

517 1907 691 1976 priam
729 1906 1023 1960 stationem
1051 1946 1067 1972 ,
1117 1919 1279 1973 quam
1321 1903 1428 1958 sibi
1477 1904 1761 1960 vindicans
1808 1906 1864 1961 in
1916 1906 2114 1962 anima:

519 2006 720 2053 nostra:
753 2011 972 2051 recessu
1002 1995 1332 2051 exterminat
1361 1994 1637 2060 lsraelem,
1670 1996 1720 2051 id
1746 2007 1848 2063 est,
1872 2009 2115 2053 contem-

524 2090 815 2160 plationem
849 2105 1028 2144 rerum
1060 2102 1396 2143 summarum
1436 2100 1600 2159 atque
1648 2099 1977 2156 sanctarum,
2006 2092 2116 2147 eis-

520 2200 627 2253 quc
655 2198 871 2252 semper
900 2182 1181 2238 adversari
1210 2199 1317 2237 non
1339 2182 1560 2238 desinit.
1581 2180 1699 2238 Non
1724 2184 1868 2239 enim
1890 2193 2116 2252 possunt

521 2278 749 2332 virtutes
764 2292 885 2332 cum
901 2277 1043 2331 vitiis
1059 2277 1261 2347 pariter
1277 2277 1636 2333 commorari:
1665 2276 1794 2342 Qua:
1810 2279 1945 2332 enim
1958 2278 2119 2347 parti-

522 2368 712 2438 cipatio
733 2368 955 2437 justitia:
988 2383 1104 2420 cum
1124 2368 1415 2438 iniquitate,
1437 2377 1527 2421 aut
1552 2383 1668 2439 qua:
1686 2371 1904 2423 societas
1927 2367 2032 2422 luci
2047 2367 2117 2422 ad

525 2460 758 2514 tenebras
791 2459 858 2528 (ll
878 2458 999 2514 Cor.
1029 2460 1147 2531 vr)?
1168 2459 1275 2516 Sed
1305 2476 1427 2515 cum
1454 2462 1524 2516 ab
1553 2461 1767 2516 lsraelis
1812 2462 2038 2533 populo,
2062 2461 2117 2516 id

528 2560 635 2619 est,
652 2551 943 2607 virtutibus
956 2562 1145 2607 contra
1159 2567 1219 2607 se
1241 2551 1627 2608 dimicantibus
1655 2554 1863 2608 fuerint
1880 2554 2013 2608 vitia
2033 2568 2124 2607 su-

530 2654 738 2714 perata,
762 2645 939 2699 locum
956 2660 1119 2714 quem
1136 2645 1238 2699 sibi
1270 2644 1325 2699 in
1336 2644 1503 2700 corde
1520 2654 1707 2700 nostro
1728 2645 2120 2714 concupiscen-

531 2740 621 2791 tiae
640 2736 723 2791 vel
750 2735 1124 2791 fornicationis
1172 2736 1396 2806 spiritus
1428 2736 1718 2804 retinebat,
1744 2736 2005 2807 deinceps
2030 2751 2121 2792 ca-

534 2828 689 2882 stitas
716 2827 1009 2894 obtinebit;
1056 2842 1216 2898 quem
1248 2829 1398 2883 luror
1422 2838 1664 2898 ceperat,
1709 2830 1965 2900 patientia
2001 2829 2120 2884 vin-

536 2918 771 2976 dicabit:
794 2934 954 2988 quem
985 2919 1197 2975 tristitia
1225 2928 1457 2975 mortem
1476 2935 1711 2990 operans
1734 2930 2119 2991 occupaverat,

533 3011 781 3066 salutaris
831 3020 886 3066 et
932 3011 1087 3083 plena
1112 3012 1309 3081 gaudio
1346 3012 1561 3068 tristitia
1607 3013 1931 3083 possidebit;
1960 3029 2120 3084 quem

535 3104 783 3174 superbia
814 3104 1191 3175 conculcabat,
1251 3106 1524 3162 humilitas
1569 3108 1907 3165 honestabit:
1961 3118 2018 3165 et
2051 3109 2123 3164 ita

2214 1910 2349 1977 Qua:
2372 1906 2544 1977 ﬁgura
2568 1905 2623 1960 in
2648 1903 2807 1959 nobis
2836 1915 3049 1971 quoque
3077 1909 3225 1955 stare
3254 1895 3561 1952 certissima
3601 1893 3827 1948 ratione

2214 2001 2586 2071 cognoscitur.
2657 1996 2791 2051 Nam
2838 1995 3091 2050 voluntas
3148 1989 3360 2045 Domini
3408 1987 3825 2060 possessionem

2214 2094 2397 2150 cordis
2420 2092 2617 2155 nostri,
2651 2104 2761 2144 non
2795 2086 2965 2154 vitiis,
2998 2083 3094 2140 sed
3130 2083 3448 2147 virtutibus,
3491 2077 3827 2134 naturaliter

2221 2184 2518 2256 deputavit.
2564 2182 2697 2251 Quae
2743 2189 2867 2250 post
2897 2176 3394 2247 praevaricationem
3440 2171 3573 2228 Adae
3619 2170 3831 2225 insole-

2216 2276 2495 2333 scentibus
2522 2273 2689 2338 vitiis,
2720 2271 2773 2327 id
2797 2278 2902 2335 est,
2940 2266 3159 2339 populis
3206 2264 3555 2329 Cbananmis,
3606 2277 3641 2316 a
3693 2276 3830 2331 pro-

2222 2371 2336 2441 pria
2364 2368 2586 2439 regione
2608 2366 2874 2436 depulsae,
2905 2378 3029 2419 cum
3057 2362 3107 2417 ei
3131 2374 3318 2415 rursus
3350 2372 3449 2428 per
3472 2357 3566 2412 Dei
3589 2355 3830 2427 gratiam

2219 2460 2495 2533 diligentia
2537 2467 2723 2514 nostra
2772 2471 2837 2511 ac
2868 2454 3061 2509 labore
3107 2450 3311 2506 fuerint
3348 2448 3656 2514 restitutae,
3710 2460 3828 2501 nou

2220 2566 2331 2612 tam
2362 2555 2569 2609 alienas
2617 2562 2918 2619 occupasse
2970 2556 3142 2603 terras
3189 2558 3352 2614 quam
3409 2540 3663 2613 proprias
3702 2552 3824 2594 cre-

2221 2647 2410 2706 dendae
2433 2656 2559 2702 sunt
2590 2642 2885 2714 recepisse.

2790 2728 3020 2788 CAPUT
3071 2726 3240 2783 XXV.

2247 2829 2560 2888 Testintonia
2587 2828 2791 2882 diversa
2816 2841 2971 2897 super
2993 2820 3375 2895 signiﬁcatione
3397 2828 3510 2874 octo
3532 2818 3803 2872 vitiorum.

2299 2925 2377 2980 De
2398 2922 2484 2978 bis
2509 2931 2635 2976 octo
2661 2919 2811 2974 vitiis
2839 2926 2896 2973 et
2918 2917 2971 2972 in
3004 2913 3305 2984 Evangelio
3347 2913 3422 2967 ita
3452 2910 3830 2981 signiﬁcatur:

2226 3015 2355 3071 Cum
2381 3024 2551 3068 autem
2580 3011 2879 3066 immundus
2906 3009 3120 3080 spiritus
3149 3007 3329 3061 exierit
3358 3005 3420 3059 ab
3450 3005 3683 3070 homine,
3724 3019 3834 3057 ant-

2226 3109 2372 3161 bulat
2404 3122 2494 3175 per
2520 3104 2637 3159 loca
2666 3102 2837 3167 arida,
2871 3115 3105 3172 quaerens
3126 3098 3375 3169 requiem,
3406 3106 3452 3150 et
3477 3112 3581 3149 non
3614 3095 3832 3150 invertit.

535 3197 765 3267 singulis
796 3197 941 3252 vitiis
974 3198 1237 3268 expulsis,
1268 3213 1457 3255 eorum
1488 3201 1628 3265 loca,
1663 3200 1714 3255 id
1745 3209 1849 3266 est,
1874 3200 2123 3265 affectus,
2151 3205 2198 3267 C
2230 3199 2380 3255 Tunc
2406 3200 2573 3253 dicit:
2597 3197 2848 3251 Revertar
2875 3195 2932 3248 in
2956 3193 3170 3246 domum
3197 3205 3361 3244 meam
3390 3188 3529 3243 unde
3556 3189 3716 3242 exivi.
3768 3185 3836 3240 Et

538 3289 763 3346 virtutes
792 3290 1082 3346 contraria:
1107 3290 1484 3361 possidebunt.
1515 3301 1537 3330 ο
1568 3291 1701 3358 Quae
1728 3291 1822 3346 lilii
1854 3291 2043 3360 Israel,
2071 3291 2125 3347 id

2231 3292 2493 3346 inveniens
2529 3289 2723 3345 inuenit
2752 3296 3042 3354 vocantem,
3068 3282 3236 3354 scopis
3264 3281 3574 3337 mundatam
3598 3288 3649 3335 et
3675 3297 3835 3336 orna-

1598 3418 1854 3476 ALARDI
1894 3420 2133 3478 GAZJEI
2170 3418 2742 3478 COMMENTARIUS.

544 3531 929 3600 subjiciendas,
952 3541 1007 3588 et
1035 3541 1212 3589 terras
1231 3546 1423 3589 earum
1452 3534 1807 3603 possidendas
1830 3534 2126 3603 (Abulensis

548 3605 600 3657 in
626 3619 739 3675 cap.
769 3620 841 3676 vn
871 3603 1021 3659 Deut.
1046 3623 1099 3676 q.
1133 3604 1207 3676 l).
1242 3604 1394 3661 Unde
1422 3606 1582 3676 etiam
1608 3606 1779 3661 Exodi
1803 3622 1842 3661 ll
1870 3606 2131 3676 prohibiti

547 3684 671 3747 sunt
692 3674 794 3730 ﬁlii
818 3675 980 3747 Israel
1006 3674 1245 3747 pugnare
1271 3676 1535 3733 adversus
1563 3674 1851 3747 Idumaeos,
1872 3674 1885 3676 “
1904 3680 2130 3733 Ammo-

548 3746 688 3801 nitas
709 3758 762 3801 et
780 3746 1060 3803 Moabitas.

622 3827 649 3855 ιι
682 3819 812 3873 lluic
867 3820 999 3893 loco
1032 3818 1389 3893 subobscure
1415 3819 1591 3876 lucem
1632 3821 1812 3876 attulit
1839 3820 2133 3893 Dionysius

552 3889 654 3943 hac
681 3904 776 3944 sua
818 3890 1130 3960 paraphrasi
1165 3907 1178 3943 :
1216 3890 1316 3955 Qui
1356 3890 1597 3945 denarius
1623 3908 1866 3947 numerus
1880 3889 2134 4015 éscilicet

552 3960 821 4015 vitiorum.
855 3976 950 4015 per
976 3962 1164 4015 decem
1193 3962 1313 4015 illas
1335 3972 1526 4015 centes
1553 3964 1832 4015 moraliter
1921 3963 2134 4015 esiana-

552 3960 821 4025 vitiorum,
855 3976 950 4029 per
976 3962 1164 4017 decem
1193 3962 1313 4015 illas
1334 3972 1526 4031 gentes
1553 3964 1832 4017 moraliter
1880 3960 2136 4031 designa-

555 4032 661 4103 tus)
690 4031 947 4085 evidenter
972 4031 1233 4103 impletur,
1259 4048 1375 4103 cum
1406 4031 1703 4103 idololatria
1721 4032 2136 4103 blasphemiaque

554 4101 818 4172 adduntur
850 4101 1069 4172 (nempe
1098 4109 1222 4156 octo
1248 4101 1396 4155 vitiis
1426 4101 1813 4171 principalibus
1842 4101 1955 4155 sive
1983 4104 2134 4171 capi-

559 4171 776 4238 talibus,
800 4172 864 4225 de
896 4171 1089 4241 quibus
1113 4171 1169 4225 in
1198 4172 1299 4226 hac
1325 4173 1511 4226 collat.
1534 4171 1752 4241 agitur).
1783 4172 1978 4240 Quibus
2005 4172 2137 4227 duo-

557 4242 646 4316 bus
668 4243 895 4316 peccatis
924 4243 1157 4316 subjecta
1186 4242 1284 4311 fuit
1314 4242 1474 4309 impia
1514 4244 1784 4316 gentilium
1822 4243 2134 4316 multitudo,

556 4311 922 4385 et-blasphema
948 4311 1254 4385 Judceorum
1279 4311 1581 4381 catervapin
1627 4314 1851 4382 spiritali
1880 4313 2132 4385 /Egypto,

558 4381 612 4433 id
631 4391 725 4447 est,
748 4384 801 4435 in
824 4386 919 4436 hoc
940 4383 1131 4438 swculo
1157 4399 1394 4451 nequam,
1422 4381 1746 4450 conversaris,
1766 4394 1886 4438 ante
1901 4381 2140 4440 notitiam

565 4452 655 4503 (lci
682 4454 1000 4523 gratiamque
1027 4454 1287 4525 baptismi.
1323 4453 1400 4508 Ita
1436 4454 1754 4524 Dionysius,
1791 4457 1877 4509 ubi
1926 4457 2143 4512 intelle-

560 4526 816 4589 ctualem,
865 4525 986 4597 sive
1035 4525 1370 4592 spiritualem
1407 4525 1701 4597 Egyptum
1755 4528 2141 4595 interpretatur

560 4608 799 4670 prwsens
828 4595 1084 4670 saeculum
1119 4610 1381 4670 nequam;
1411 4608 1464 4651 at
1494 4595 1917 4670 videtunpotius
1942 4599 2144 4670 gastri-

562 4666 782 4738 margiae
815 4680 931 4738 seu
969 4666 1107 4738 gulae
1155 4666 1343 4738 vitium
1391 4682 1457 4723 ex
1515 4668 1841 4737 praecedenti
1891 4666 2139 4738 gentium

564 4735 859 4806 tropologia
901 4736 1332 4806 intelligendum.

632 4803 656 4886 ξ’
716 4803 924 4873 Id’est,
974 4808 1043 4862 ad
1080 4803 1355 4886 'virtutum
1398 4808 1773 4886 st_udium,_v_el
1800 4810 2138 4886 spiritualem

561 4878 756 4932 animm
785 4887 983 4952 statum
1016 4886 1071 4933 et
1101 4878 1358 4952 quietem_.
1407 4882 1582 4936 victor
1610 4878 1985 4952 scilicet‘gulze
2008 4882 2143 4938 ell'e-

558 4955 699 5017 ctus,
733 4949 988 5017 evaserit,
1022 4964 1143 5019 qua:
1170 4963 1267 5019 per
1291 4949 1601 5023 Egyptiam
1640 4949 1870 5023 gentem'
1890 4953 2141 5025 designa-

561 5027 666 5071 Itlll'.

636 5100 656 5127 ε
686 5089 833 5144 Hanc
856 5090 1326 5158 nominisulsraelis
1353 5092 1852 5160 interpretationem
1894 5095 1961 5149 ab
1998 5097 2143 5150 anti-

559 5160 679 5228 quis
697 5170 981 5233 acceptam
1024 5172 1076 5215 et
1121 5163 1384 5233 vulgatam
1442 5166 1628 5228 refert,
1683 5183 1788 5220 non
1818 5177 1996 5220 tamen
2025 5182 2143 5222 eam

560 5232 782 5303 omnino
800 5233 1146 5303 approbatD.
1176 5234 1530 5303 Hieronymus
1559 5237 1609 5288 in
1630 5237 1832 5302 Quiest.
1862 5238 2142 5303 Hebraic.,

559 5300 648 5374 tibi
684 5303 823 5355 inter
843 5302 945 5356 alia
975 5303 1093 5357 Ilch
1136 5305 1331 5360 habet:
1367 5300 1513 5358 Illud
1554 5300 1729 5359 autem
1766 5308 1902 5374 quod
1929 5309 1981 5359 in
2012 5300 2145 5363 libro

564 5371 847 5426 Nominum
890 5375 1259 5444 interpretatur
1288 5374 1456 5430 Israel
1480 5378 1553 5429 vir
1585 5371 1998 5442 videns'Deum,
2042 5382 2147 5433 sive

560 5458 701 5495 mens
730 5444 903 5498 ridens
945 5444 1132 5511 Deum,
1167 5448 1394 5500 omnium
1435 5463 1561 5516 pene
1608 5464 1841 5501 sermone
1879 5450 2144 5514 detritum,

560 5529 665 5565 non
700 5522 806 5566 tam
836 5531 948 5588 rere
965 5531 1129 5588 quam
1159 5516 1405 5588 uiolenter
1431 5517 1558 5570 mihi
1590 5519 1981 5588 interpretatum
2010 5520 2148 5573 vide-

564 5591 668 5661 tur,
690 5594 800 5661 etc:
842 5584 1002 5661 (Vide
1014 5586 1332 5661 notationem
1362 5584 1899 5661 ad‘l.‘v1rde'lncar.
1930 5590 2149 5661 cap.‘9).

631 5653 657 5690 ἀ
688 5653 859 5724 Hujus
890 5656 1194 5724 traditionis
1223 5657 1467 5711 meminit
1500 5659 1558 5711 D.
1591 5660 1840 5714 Clemens
1864 5660 1961 5715 lib.
1992 5653 2005 5711 i
2042 5653 2149 5715 ne;

563 5721 802 5791 cognth
860 5723 948 5777 ubi
1007 5726 1168 5781 ducet
1222 5725 1389 5791 Deum
1444 5730 1567 5782 ﬁliis
1622 5726 1786 5784 Israel
1842 5728 2147 5786 restituisse

567 5790 768 5847 teriam
798 5791 1069 5850 Chanasm
1097 5804 1126 5850 ι
1158 5790 1451 5861 majoribus
1494 5791 1617 5865 jure
1668 5795 2013 5855 lmreditarlo
2044 5793 2147 5858 slbl

2232 3536 2501 3602 relictam,
2535 3545 2589 3593 et
2613 3536 2738 3607 jure
2763 3534 3085 3606 postliminii
3113 3534 3544 3607 recuperandam
3570 3548 3635 3589 ae
3655 3535 3837 3605 possi-

2233 3606 2468 3664 dendam
2495 3623 2510 3665 :
2542 3606 2686 3663 unde
2706 3616 2761 3663 et
2792 3609 3022 3677 patrium
3048 3606 3224 3660 solum
3255 3614 3309 3660 et
3333 3616 3612 3675 paternam
3644 3622 3836 3662 eorum

2235 3678 2609 3734 hereditatem
2655 3675 2950 3745 nuncupat.
2981 3675 3084 3748 Cui
3127 3677 3483 3748 subscribens
3512 3677 3570 3732 S.
3602 3678 3837 3748 Epipha-

2236 3751 2381 3813 nius,
2417 3750 2468 3804 in
2496 3750 2696 3805 Panar.
2724 3749 2918 3804 haeresi
2948 3748 3038 3815 66,
3074 3747 3188 3804 haec
3212 3749 3377 3802 tradit
3402 3765 3417 3802 :
3459 3747 3578 3802 Noe
3602 3747 3835 3803 servatus

2235 3839 2267 3875 a
2294 3821 2511 3886 diluvio,
2544 3823 2752 3890 ejusque
2773 3820 2970 3885 coniux
2991 3835 3105 3873 cum
3139 3820 3302 3872 tribus
3324 3819 3471 3888 ﬁliis,
3514 3820 3837 3891 totidemque

2237 3892 2467 3961 ﬁliabus,
2495 3892 2639 3945 solus
2666 3891 2903 3961 dividens
2924 3899 3083 3944 totum
3109 3890 3361 3943 mundum
3386 3891 3550 3944 tribus
3581 3891 3706 3959 ﬁliis
3731 3890 3836 3945 suis

2240 3960 2382 4027 Sent,
2418 3972 2465 4015 et
2496 3961 2682 4030 Cham,
2708 3972 2757 4016 et
2777 3960 2989 4033 laphet,
3010 3962 3184 4033 diuisit
3204 3965 3351 4033 jacta
3379 3971 3517 4033 sorte
3547 3962 3602 4014 in
3633 3961 3836 4015 Rhino-

2239 4036 2457 4114 coruris.
2490 4033 2908 4114 Rhino‘c'oruram
2942 4032 3031 4114 [1λἶ
3060 4032 3491 4114 Ιζζιίηοσοζυταηι]
3513 4034 3651 4085 enim
3675 4034 3836 4114 inter-

2241 4107 2436 4174 pretari
2464 4121 2621 4172 queas
2651 4102 2806 4174 Neel,
2841 4112 2889 4157 et
2909 4101 2984 4157 sic
3012 4104 3266 4171 indigena:
3296 4101 3489 4171 ipsam’
3512 4114 3721 4159 vocant.
3756 4101 3838 4157 Ea:

2241 4173 2503 4229 Hebraica
2541 4189 2658 4227 vero
2686 4173 2866 4244 lingua
2907 4174 3166 4245 signiﬁcat
3196 4184 3377 4245 sortes,
3409 4174 3835 4245 quandoquidem

2244 4245 2361 4299 Noe
2386 4246 2498 4299 illic
2532 4246 2672 4299 misit
2697 4243 2858 4299 sortes
2887 4244 3047 4298 tribus
3090 4245 3215 4313 ﬁliis
3252 4244 3382 4298 suis.
3413 4243 3477 4298 Et
3506 4243 3648 4298 infra
3680 4263 3694 4299 :
3724 4245 3754 4298 1
3761 4243 3838 4314 psi

2242 4331 2359 4370 vero
2402 4315 2523 4370 Sem
2574 4316 2758 4369 cecidit
2797 4332 2910 4369 sors
2961 4316 3014 4368 in
3065 4316 3480 4386 amplitudinem,
3527 4314 3836 4379 Palaestina,

2244 4386 2510 4453 Pltmnice,
2528 4395 2574 4440 et
2602 4386 2741 4440 Cava
2763 4386 2940 4456 Syria,
2964 4397 3106 4451 etc.;
3134 4386 3388 4456 acgpattlo
3424 4394 3577 4454 post:
3614 4386 3837 4456 Quando

2242 4459 2403 4531 igitur
2446 4458 2525 4531 sic
2575 4458 2752 4511 divisa:
2777 4454 2898 4510 sunt
2947 4465 3131 4531 sortes,
3167 4455 3305 4520 Noe,
3350 4456 3634 4531 convocatis
3669 4454 3835 4531 tribus

2244 4523 2389 4596 liltis,
2421 4528 2640 4582 decrevit
2681 4527 3028 4600 jurejurando
3055 4538 3108 4600 ut
3140 4544 3287 4581 nemo
3309 4536 3491 4582 sortem
3514 4525 3710 4600 fratris
3744 4523 3830 4577 sui

2242 4594 2527 4671 inuaderet,
2558 4609 2610 4653 et
2636 4594 2850 4671 fratrem
2876 4615 3027 4651 suum
3050 4599 3469 4671 circumueniret.
3492 4597 3556 4650 At
3570 4594 3830 4671 Chanaan

2246 4670 2386 4738 ﬁlius
2411 4668 2596 4731 Cham,
2628 4668 2744 4722 cum
2760 4685 2945 4723 avarus
2975 4678 3129 4734 esset,
3152 4670 3340 4723 inuasit
3371 4668 3836 4738 Paleestinamter-

2246 4737 2379 4809 ram,
2412 4748 2462 4794 et
2493 4740 2757 4811 occupauit
2786 4741 2974 4811 ipsam,
3006 4750 3073 4811 et
3113 4741 3479 4811 appellataest
3527 4750 3669 4793 terra
3698 4737 3834 4793 Cha-

2166 4840 2221 4901 Β
2248 4828 2410 4901 naan,
2436 4826 2495 4865 eo
2525 4810 2663 4901 quo}!
2690 4810 2744 4893 in
2776 4810 2899 4892 ipsa
2921 4810 3191 4901 lmbitqvit,
3209 4810 3436 4901 ‘prOpria
3463 4826 3558 4901 sua
3584 4820 3733 4901 Lsorte
3762 4823 3837 4901 re:

2245 4880 2390 4947 licta,
2421 4897 2484 4935 eo
2499 4884 2638 4951 quod
2665 4881 2822 4934 nimio
2852 4880 3025 4935 calore
3064 4882 3257 4950 referta
3302 4896 3413 4935 esse
3462 4880 3733 4934 uidebatur
3753 4921 3766 4942 ,
3793 4885 3837 4931 et

2247 4957 2428 5007 sedens
2452 4950 2677 5006 interra
2713 4952 2875 5021 ipsius
2913 4952 3057 5015 Sem,
3096 4967 3211 5021 qua:
3236 4967 3370 5005 nunc
3396 4951 3586 5007 ludam
3607 4950 3836 5021 appella-

2250 4968 2428 5007 seaens
2452 4968 2507 5005 ιη
2538 4968 2677 5006 terra
2713 4968 2727 5005 t
2769 4968 2875 5006 stus
2913 4968 3057 5015 nem,
3096 4968 3211 5021 quae
3236 4968 3370 5005 nunc
3396 4968 3586 5007 Juaaaa
3607 4968 3836 5021 apperta-

2250 5034 2355 5089 tur,
2387 5024 2562 5106 genuit
2590 5026 2681 5075 hos
2705 4968 2865 5106 filios,
2894 5022 3271 5106 Amorrltwum,
3299 5021 3652 5106 Gergesamm,
3681 5022 3839 5106 Mere-

2249 5092 2431 5159 zteunt,
2465 5092 2782 5158 Jebusteum,
2815 5092 3044 5158 Emam,
3071 5094 3351 5154 Arucaum,
3385 5092 3698 5159 Cethrtettm,
3721 5094 3838 5145 Ase-

2250 5181 2436 5229 kum,
2458 5166 2805 5228 Samarwum,
2843 5166 3139 5228 Sidonium,
3163 5175 3211 5218 et
3250 5163 3592 5219 Pltilisia’um.
3646 5169 3719 5217 Ac
3753 5166 3839 5216 tle-

2255 5251 2399 5289 mum
2424 5236 2605 5291 subdit
2638 5252 2648 5287 :
2676 5235 2745 5288 In
2764 5235 3076 5301 temporibus
3107 5235 3351 5288 Naasson
3380 5235 3576 5288 tribuni
3595 5234 3766 5295 Juda,
3796 5239 3840 5285 et

2251 5307 2307 5359 in
2333 5308 2645 5377 temporibus
2690 5304 2814 5360 Jesu
2861 5304 3032 5377 Nave,
3060 5316 3367 5377 acceperunt
3412 5306 3511 5374 ﬁlii
3557 5306 3683 5360 Sent
3723 5321 3837 5377 pro-

2254 5376 2649 5458 priamterram,
2683 5379 2828 5458 nulla
2843 5376 3049 5458 injuria
3078 5376 3441 5458 intercedente,
3474 5376 3739 5458 πέλωρ
3760 5376 3839 5445 ju-

2254 5448 2412 5502 dicio.
2441 5448 2711 5502 Hactenus
2760 5448 3116 5517 Epiphanius,
3170 5448 3480 5517 signillcans
3517 5446 3659 5501 ﬁlios
3693 5448 3833 5508 Sent,

2257 5520 2358 5572 hoc
2385 5528 2488 5584 est,
2531 5518 2801 5573 Israelitas
2826 5521 2944 5574 sive
2982 5519 3223 5583 .IIIdiBOS,
3252 5534 3317 5572 ex
3350 5517 3562 5587 Egypto
3596 5528 3834 5573 vocatos.

2250 5589 2401 5659 justo
2440 5589 2589 5644 bello
2620 5599 2675 5644 et
2715 5591 2956 5659 legitimo
2993 5590 3116 5660 jure
3147 5598 3355 5660 terrain
3381 5604 3532 5660 suam
3561 5589 3766 5642 avitam
3793 5592 3841 5660 et

2257 5654 2507 5727 patriam,
2544 5675 2739 5727 nempe
2769 5654 3021 5715 'Judaaan't
3057 5666 3203 5729 (quin
3233 5668 3285 5713 et
3336 5658 3623 5712 Palaestina
3680 5654 3839 5714 conti-

2258 5732 2463 5799 petur),
2479 5729 2581 5783 sibi
2607 5732 2657 5783 in
2682 5740 2886 5784 sortem
2911 5734 3659 5799 assignatam,recuperasse,
3683 5736 3840 5799 atque

2256 5792 2383 5853 ludo
2406 5792 2744 5853 Chonlntwl
2775 5792 3051 5869 expullin
3078 5807 3169 5853 ειη
3196 5792 3533 5865 subiugasse.
