4026 6204
126 166 214 227 641

894 162 1237 222 COLLATIO
1276 162 1343 220 ν.
1373 191 1445 205 —-
1473 161 1564 218 DE
1602 158 1784 218 OCTO
1825 156 2353 216 PRINCIPALIBUS
2390 158 2615 217 VlTlIS.

3303 172 3412 232 642

125 282 429 341 uerene
459 281 603 337 vadit
652 286 702 335 et
730 280 947 334 assumit
974 278 1107 333 alios
1133 285 1329 350 septem
1355 276 1631 348 nequiores
1658 289 1714 327 se
1737 278 1791 338 Α
1816 271 1943 327 culo
1992 271 2277 342 gloriatur,
2306 270 2715 327 dominantibus
2741 271 2848 329 sibi
2891 283 3015 331 octo
3045 277 3215 347 vitiis,
3246 271 3409 354 quam

126 380 367 451 spiritus;
399 384 449 431 et
478 376 734 429 intrantes
764 371 994 426 habitant
1035 370 1127 437 ibi,
1160 380 1208 424 et
1251 370 1384 440 fiunt
1434 367 1717 421 novissima

124 472 343 527 hominis
392 470 537 524 illius
561 468 743 539 pejora
771 463 1034 536 prioribus
1064 462 1215 534 (Luc.
1242 462 1344 534 xi).
1385 461 1526 517 Ecce
1555 469 1614 515 ut
1642 459 1718 514 ibi

123 572 333 633 septem
364 570 557 632 gentes
579 558 835 628 legimus,
858 562 1083 624 excepta
1111 553 1507 625 Egyptiorum,
1531 552 1598 608 de
1613 565 1719 621 qua

126 654 335 725 egressi
360 654 577 709 fuerant
602 649 702 705 filii
740 648 932 714 Israel,
960 649 1032 701 ita
1060 654 1114 701 et
1159 644 1250 701 hic
1278 652 1482 714 septem
1520 641 1720 699 reverti

125 750 354 818 spiritus
376 746 631 802 dicuntur
650 740 937 806 immundi,
956 747 1182 808 excepto
1205 752 1273 792 eo
1301 737 1391 807 qui
1414 736 1480 791 ab
1502 735 1721 790 homine

126 842 277 910 prius
308 847 560 894 narratur
602 848 879 906 egressus.
921 833 1000 887 De
1037 832 1139 886 hoc
1167 830 1481 900 septenario
1530 829 1723 883 fomite

125 931 380 986 vitiorum
404 929 661 986 Salomon
682 939 902 994 qu0que
924 924 976 978 in
1003 922 1313 978 Proverbiis
1339 923 1411 976 ita
1436 919 1722 976 describit:

130 1034 154 1059 η
182 1023 243 1079 Si
272 1032 321 1076 te
349 1020 604 1091 rogaverit
653 1018 891 1072 inimicus
931 1024 1051 1068 tuus
1085 1031 1207 1069 voce
1249 1029 1464 1085 magna,
1496 1029 1560 1068 ne
1599 1027 1724 1064 con-

126 1115 347 1168 senseris
374 1113 446 1176 ei,
491 1119 681 1182 septem
710 1108 846 1162 enim
890 1106 1133 1177 nequitia:
1176 1114 1295 1159 sunt
1318 1106 1375 1158 in
1414 1104 1588 1158 anima
1614 1106 1727 1176 ejus

129 1207 307 1278 (Prov.
340 1204 519 1274 xxvi);
546 1203 599 1258 id
634 1210 737 1269 est,
772 1200 819 1255 si
864 1206 1155 1270 superatus
1182 1198 1577 1268 gastrimargia:
1619 1195 1729 1265 spi—

127 1299 264 1351 ritus
302 1295 537 1366 cmperit
568 1293 664 1349 tibi
694 1307 788 1348 sua
822 1291 1203 1347 humiliatione
1233 1288 1501 1355 blandiri,
1531 1302 1729 1358 rogans

126 1385 523 1460 quodammodo
571 1393 630 1439 ut
679 1383 885 1453 aliquid
934 1384 1193 1438 relaxans
1233 1396 1264 1436 a
1311 1389 1491 1451 empto
1516 1381 1729 1436 fervore

129 1480 405 1550 impertias
432 1479 508 1548 ei,
534 1476 682 1549 quod
707 1475 1063 1531 continentiae
1086 1475 1309 1528 modum
1339 1481 1396 1528 et
1417 1485 1727 1527 mensuram

125 1574 284 1641 justas
327 1569 689 1627 districtionis
719 1566 972 1635 excedat,
1016 1581 1087 1622 ne
1115 1565 1410 1621 resolvaris
1456 1564 1572 1633 ejus
1599 1563 1727 1619 sub-

1818 366 1996 421 fuerat
2039 364 2313 435 quondam
2369 365 2422 419 in
2474 366 2674 420 sacculo
2713 367 3029 437 constituta,
3066 380 3089 409 ο
3132 386 3255 427 cum
3308 391 3409 433 nec

1820 457 2160 528 disciplinam
2220 458 2469 514 monachi
2516 458 2708 515 fuisset
2751 460 3019 529 professa,
3051 478 3149 520 nec
3181 478 3411 525 nomen.

1819 551 1955 607 Nam
1985 551 2272 621 nequiores
2321 550 2377 605 hi
2424 560 2633 620 septem
2680 552 2905 622 spiritus
2954 555 3049 611 illo
3084 560 3269 627 priore
3318 565 3409 632 qui

1820 658 2072 715 egressus
2114 643 2291 698 fuerat
2335 642 2542 698 idcirco
2571 644 2855 713 dicuntur,
2906 649 3032 716 quia
3078 649 3410 708 desiderium

1822 738 1985 808 gulae,
2016 736 2070 792 id
2098 746 2201 805 est,
2232 737 2608 809 gastrimargia
2636 754 2737 808 per
2761 754 2885 795 sese
2914 756 3021 796 non
3053 751 3198 797 esset
3228 746 3411 816 noxia,

1823 828 1928 883 nisi
1958 827 2343 883 intromitteret
2370 830 2650 899 graviores
2678 830 2816 885 alias
2861 833 3164 900 passiones,
3205 835 3260 889 id
3307 848 3409 902 εει,

1823 918 2224 987 fornicationis,
2252 920 2617 992 philargyriae,
2645 922 2760 991 irae,
2786 922 3046 991 tristitiae,
3078 926 3193 981 sive
3218 940 3414 996 super-

1825 1011 1959 1077 biae,
2012 1025 2134 1082 quas
2164 1026 2257 1080 per
2288 1021 2466 1073 semet
2514 1014 2671 1068 noxia
2703 1016 2896 1069 anima:
2940 1030 3004 1071 ac
3048 1020 3416 1088 peremptoria

1827 1119 1949 1161 esse
1988 1119 2097 1161 non
2121 1104 2341 1161 dubium
2368 1115 2473 1161 est.
2514 1106 2583 1162 Et
2603 1107 2810 1164 idcirco
2839 1109 3189 1179 perfectionis
3215 1115 3418 1182 purita-

1825 1205 1934 1252 tem
1984 1210 2276 1264 numquam
2316 1196 2518 1265 poterit
2561 1199 2829 1262 obtinere,
2884 1202 3129 1271 quisquis
3182 1218 3301 1257 eam
3347 1203 3418 1259 de

1828 1287 1933 1343 hac
1956 1288 2071 1343 sola
2095 1288 2452 1355 continentia,
2484 1288 2537 1344 id
2580 1298 2685 1359 est,
2712 1290 2922 1360 jejunio
2954 1295 3247 1363 corporali,
3287 1310 3416 1365 spe-

1829 1382 2035 1437 raverit
2084 1382 2504 1451 acquirendam,
2556 1384 2663 1438 nisi
2711 1386 2921 1441 noverit
2968 1387 3039 1441 ob
3068 1387 3121 1441 id
3168 1404 3227 1444 se
3279 1390 3420 1445 hanc

1829 1487 2089 1529 exercere
2120 1471 2291 1544 [Lips.
2314 1474 2370 1526 in
2389 1490 2555 1545 marg.
2585 1474 2868 1550 exhibere]
2891 1477 3110 1545 debere,
3148 1488 3206 1534 ut
3249 1480 3421 1536 humi-

1829 1567 1956 1622 Iiata
1982 1580 2148 1622 carne
2165 1567 2410 1636 jejuniis,
2440 1568 2654 1623 facilius
2680 1570 2852 1638 possit
2877 1570 3137 1627 adversus
3165 1573 3268 1627 alia
3292 1574 3419 1629 vitia

124 1662 385 1731 jectione,
445 1674 551 1716 nec
600 1658 885 1714 arridente
929 1655 1356 1726 impugnationis
1412 1653 1723 1717 securitate,
1757 1657 1805 1717 B
1833 1657 1971 1712 inire
1995 1665 2295 1724 certamen,
2326 1673 2434 1714 non
2493 1659 2855 1718 insolescente
2898 1678 3063 1720 carne
3111 1665 3420 1722 saturitatis

127 1770 229 1825 qua
263 1753 470 1809 videris
504 1751 783 1821 paulisper
816 1764 846 1804 a
877 1747 1191 1804 carnalibus
1219 1742 1507 1801 incentivis
1553 1744 1727 1798 factus

124 1846 387 1915 quietior,
432 1844 501 1899 ad
553 1842 834 1912 pristinam
884 1839 1262 1896 remissionem
1292 1838 1376 1893 vel
1425 1837 1727 1907 praeteritas

124 1940 272 2008 gulae
292 1935 775 2007 concupiscentias
812 1934 1130 1989 revertaris.
1155 1931 1259 1986 Per
1285 1931 1387 1986 hoc
1427 1931 1573 1987 enim
1598 1931 1729 1985 dicit

124 2032 349 2102 spiritus
377 2030 472 2085 ille
490 2043 654 2099 quem
684 2026 894 2082 viceras
921 2044 935 2078 :
969 2025 1217 2080 Revertar
1244 2025 1297 2077 in
1326 2024 1536 2077 domum
1561 2040 1729 2077 meam

123 2124 263 2177 unde
293 2122 429 2177 exivi
463 2119 621 2191 (Luc.
652 2121 750 2188 xi).
782 2117 850 2173 Et
870 2116 1231 2189 procedentes
1253 2130 1322 2171 ex
1343 2130 1409 2172 eo
1438 2116 1726 2170 confestim

122 2225 339 2285 septem
368 2213 598 2283 spiritus
623 2211 893 2274 vitiorum,
939 2219 1104 2265 erunt
1136 2208 1232 2264 tibi
1282 2208 1521 2263 acriores
1564 2222 1725 2278 quam

118 2309 220 2363 illa
250 2307 436 2377 passio
465 2319 588 2376 quae
613 2305 666 2359 in
698 2301 1007 2374 primordiis
1048 2302 1223 2357 fuerat
1249 2309 1526 2371 superata,
1554 2300 1643 2370 qui
1675 2308 1728 2356 te

117 2417 258 2457 mox
286 2399 354 2455 ad
380 2397 650 2455 deteriora
673 2397 989 2467 pertrahent
1008 2409 1210 2466 genera
1236 2404 1606 2463 peccatorum.

697 2508 929 2566 CAPUT
970 2508 1166 2563 XXVI.

148 2608 335 2679 Quod,
364 2608 560 2663 devicta
588 2606 830 2678 passione
857 2604 1018 2675 gula,
1050 2602 1426 2679 impendendus
1455 2602 1522 2656 sit
1552 2600 1701 2656 labor

486 2679 552 2733 ad
578 2674 791 2731 uirtutes
813 2674 1028 2731 cazteras
1049 2674 1373 2728 obtinendas.

186 2774 547 2842 Quapropter
570 2767 797 2839 jejuniis
827 2776 882 2823 et
909 2766 1260 2823 continentiae
1291 2763 1728 2821 incumbentibus

121 2866 311 2931 nobis,
357 2861 724 2918 festinandum
774 2868 860 2915 est
887 2870 972 2929 ut,
1001 2858 1141 2930 gula:
1172 2856 1425 2928 passione
1476 2865 1730 2926 superata

121 2975 217 3029 pro
232 2959 402 3021 tinus,
434 2955 671 3009 animam
703 2962 945 3009 nostram
978 2966 1200 3007 vacuam
1236 2965 1359 3007 esse
1399 2963 1432 3003 a
1476 2963 1731 3005 necessa-

1830 1747 2093 1819 ingluvie.

2386 1819 2615 1876 CAPUT
2661 1821 2877 1877 XXVII.

1906 1910 2059 1978 Quod
2082 1928 2187 1967 non
2208 1912 2343 1967 idem
2372 1915 2502 1969 ordo
2532 1916 2943 1986 prteliorumbsit,
2972 1920 3063 1990 qui
3087 1921 3347 1977 vitiorum.

1902 2022 2197 2079 Sciendum
2242 2033 2425 2082 tamen
2480 2042 2588 2082 non
2639 2029 2888 2084 eumdem
2919 2045 3042 2086 esse
3089 2032 3143 2087 in
3172 2034 3426 2090 omnibus

1831 2116 2080 2173 ordinem
2108 2118 2444 2187 prteliorum,
2473 2121 2621 2189 quia,
2649 2121 2792 2174 sicut
2812 2121 3075 2188 diximus,
3121 2121 3147 2159 ά
3180 2140 3286 2178 non
3316 2142 3426 2181 uno

1831 2209 1991 2264 modo
2022 2210 2403 2280 impugnamur
2438 2225 2651 2276 omnes,
2700 2220 2755 2265 et
2799 2221 3018 2280 oportet
3066 2229 3431 2284 unumquem-

1830 2316 1937 2372 que
1969 2311 2215 2357 nostrum
2249 2302 2548 2357 secundum
2578 2302 2893 2371 qualitatem
2923 2302 3053 2357 belli
3084 2319 3193 2373 quo
3224 2305 3426 2375 princi-

1829 2392 2029 2462 paliter
2052 2391 2359 2459 infestatur,
2378 2394 2847 2448 concertationum
2872 2394 3139 2450 luctamen
3158 2397 3425 2467 arripere,

1829 2484 1903 2539 ita
1932 2492 1993 2539 ut
2021 2484 2183 2539 alium
2217 2499 2442 2540 necesse
2490 2485 2564 2539 sit
2615 2484 2877 2541 adversus
2906 2486 3092 2541 vitium
3120 2488 3266 2558 quod
3318 2499 3429 2544 ter-

1832 2580 1969 2635 tium
2003 2580 2247 2650 ponitur,
2294 2581 2525 2650 primum
2580 2595 2839 2638 exercere
2872 2582 3225 2651 conflictum;
3260 2586 3427 2641 alium

1831 2680 2019 2727 contra
2047 2680 2297 2741 quartum
2327 2685 2425 2727 seu
2463 2672 2738 2742 quintum,
2760 2681 2816 2728 et
2843 2673 2917 2727 ita
2947 2682 3107 2742 prout
3146 2675 3261 2746 ipsa
3292 2677 3422 2732 vitia

1832 2764 1886 2819 in
1914 2763 2069 2819 nobis
2096 2764 2344 2819 obtinent
2366 2764 2727 2833 principatum
2752 2781 2765 2818 :
2799 2774 2967 2836 utque
3003 2767 3426 2839 impugnationis

1833 2857 2002 2927 exigit
2029 2855 2242 2922 modus,
2271 2869 2371 2910 nos
2391 2869 2605 2925 quoque
2632 2866 2847 2926 oportet
2868 2857 3114 2913 ordinem
3138 2860 3457 2918 instituere‘

1836 2947 2173 3019 prmliorum,
2193 2945 2490 3001 secundum
2510 2960 2670 3016 quem
2696 2956 2990 3016 proventus
3013 2963 3229 3019 quoque
3256 2952 3429 3006 victo—

121 3048 210 3105 riis
255 3046 553 3101 virtutibus
585 3060 692 3099 non
740 3044 1005 3110 sinamus,
1046 3042 1143 3099 sed
1188 3043 1269 3099 eis
1309 3043 1595 3098 universos
1646 3056 1736 3098 rc-
1759 3036 1806 3100 C
1840 3041 1934 3095 riae
1966 3037 2338 3109 triumphique
2376 3038 2679 3094 succedens
2708 3036 2873 3094 faciet
2902 3053 3002 3095 nos
3042 3041 3109 3095 ad
3144 3032 3443 3111 puritatem'

122 3156 323 3198 cessus
355 3138 535 3195 cordis
570 3137 745 3193 nostri
798 3136 1097 3192 studiosius
1128 3149 1501 3206 occupemus;
1530 3150 1599 3191 ne
1646 3151 1732 3192 re-

122 3247 326 3289 versus
372 3230 831 3299 concupiscentia
879 3228 1105 3299 spiritus
1152 3230 1343 3283 inanes
1374 3243 1472 3283 nos
1498 3228 1567 3284 ab
1598 3228 1734 3299 ipsis

123 3335 501 3396 vacantesque
538 3324 801 3394 reperiat,
835 3329 892 3378 et
919 3337 1027 3378 non
1067 3322 1169 3377 sibi
1213 3322 1325 3391 jam
1370 3322 1474 3377 soli
1518 3322 1725 3380 aditum

125 3433 327 3488 parare
356 3424 667 3481 contentus,
710 3413 1019 3470 introducat
1060 3429 1246 3469 secum
1285 3415 1336 3470 in
1364 3415 1596 3470 animam
1638 3431 1737 3472 no-

126 3508 360 3567 stramb
410 3508 782 3579 septenarium
843 3508 989 3561 hunc
1046 3504 1290 3561 fomitem
1348 3507 1629 3574 vitiorum,
1675 3516 1731 3563 et

128 3606 286 3662 faciat
349 3614 535 3659 nostra
591 3601 887 3657 novissima
923 3599 1109 3670 pejora
1168 3599 1468 3671 prioribus.
1496 3600 1732 3671 Turpior

127 3700 273 3753 enim
296 3696 409 3753 erit
440 3704 567 3766 post
594 3693 714 3748 haec
738 3702 795 3748 et
823 3689 1157 3746 immundior
1200 3692 1403 3757 anima,
1436 3706 1499 3746 ac
1526 3693 1733 3763 suppli-

128 3792 211 3845 cio
234 3788 503 3862 graviore
534 3786 823 3857 plectetur,
846 3798 966 3855 quas
993 3799 1055 3841 se
1084 3785 1428 3840 renuntiasse
1454 3783 1579 3838 huic
1628 3799 1733 3838 sa:-

1832 3130 2015 3187 cordis
2057 3139 2113 3186 et
2134 3130 2481 3202 perfectionis
2532 3129 2924 3199 plenitudinem
2970 3136 3284 3202 pervenire.
3315 3137 3433 3192 Huc

1836 3239 2009 3295 uSque
2033 3225 2202 3281 abbas
2234 3225 2501 3295 Serapion
2528 3223 2599 3280 de
2645 3236 2835 3281 natura
2887 3235 3011 3282 octo
3055 3229 3432 3299 principalium

1837 3320 2095 3376 vitiorum
2129 3319 2288 3376 nobis
2314 3319 2616 3386 disserens,
2650 3319 2939 3377 latentium
2966 3321 3020 3376 in
3052 3323 3218 3379 corde
3247 3336 3437 3380 nostro

1836 3412 2147 3484 passionum
2174 3426 2397 3483 genera,
2422 3426 2654 3483 quarum
2677 3425 2872 3469 causas
2903 3423 3064 3482 atque
3112 3414 3433 3486 affinitates,

1837 3520 1962 3561 cum
2004 3505 2074 3560 ab
2112 3506 2246 3574 ipsis
2290 3504 2533 3574 quotidie
2570 3512 2937 3571 vastaremur,
2972 3518 3074 3559 nec
3101 3520 3436 3576 cognoscere

1839 3598 2057 3668 penitus
2085 3604 2245 3650 antea
2278 3609 2379 3648 nec
2404 3594 2721 3648 discernere
2764 3603 3100 3663 poteramus,
3135 3595 3208 3649 ita
3257 3597 3437 3653 lucide

1839 3688 2127 3751 reseravit,
2172 3695 2228 3740 ut
2267 3698 2362 3739 eas
2404 3684 2807 3754 quodammodo
2833 3693 2958 3737 ante
3003 3685 3195 3739 oculos
3235 3687 3438 3755 positas

1839 3781 2036 3839 intueri
2064 3780 2243 3842 nobis,
2276 3777 2425 3833 velut
2457 3778 2512 3831 in
2544 3775 2788 3845 speculo,
2812 3775 3145 3833 videremur.

1222 3874 1482 3932 ALARDI
1520 3874 1756 3934 GAZEI
1794 3872 2352 3935 COMMENTARIUS.

202 3982 229 4010 ⁸
253 3972 471 4028 Textus
498 3969 745 4039 Vulgata:
768 3968 1021 4025 editionis
1049 3985 1068 4023 ι
1089 3967 1271 4022 Labiis
1289 3968 1397 4040 suis
1428 3966 1738 4040 intelligitur

127 4044 400 4109 inimicus,
436 4057 552 4095 cum
576 4038 631 4095 in
654 4040 810 4095 corde
839 4041 1133 4094 tractaverit
1155 4040 1321 4093 dolos.
1360 4038 1583 4106 Quando
1599 4038 1732 4094 ’δαὺ-

127 4116 332 4169 miserit
348 4129 522 4167 vocem
549 4128 719 4174 suam,
754 4128 820 4164 ne
843 4112 1125 4166 credideris
1150 4111 1219 4180 ei,
1253 4110 1497 4181 quoniam
1542 4122 1733 4179 septem

128 4188 384 4240 nequitia
406 4194 523 4238 sunt
542 4185 599 4237 in
624 4181 779 4237 corde
806 4181 969 4236 illius.

260 4257 324 4312 Id
355 4264 461 4319 est,
490 4262 696 4324 septem
742 4253 872 4309 vitia
903 4251 1179 4324 capitalia,
1216 4267 1285 4307 ex
1314 4253 1508 4322 quibus
1535 4264 1735 4312 caetera

129 4334 449 4383 nascuntur
492 4323 564 4379 et’
602 4327 937 4399 nutriuntur.
989 4323 1197 4380 Alludit
1239 4325 1454 4399 _Auctor
1504 4326 1579 4399 illi
1640 4343 1735 4399 pa-

130 4399 347 4454 rabula!
405 4410 525 4464 qua:
578 4396 717 4466 apud
771 4396 1082 4450 Matthaeum
1134 4402 1192 4449 et
1239 4395 1437 4449 Lucam
1484 4398 1563 4452 sic
1602 4395 1737 4453 inci-

129 4473 213 4538 pit
234 4466 464 4542 (Matth.
494 4482 599 4542 xit;
622 4467 756 4521 Luc.
782 4466 863 4542 ιι)
884 4484 903 4542 _:
937 4466 1065 4521 Cum
1092 4466 1391 4542 immundus
1416 4468 1629 4534 spiritus
1650 4486 1741 4524 ea:-

130 4535 255 4594 ierii
280 4541 347 4594 ab
386 4540 613 4600 homine,
640 4549 773 4604 etc.,
809 4535 897 4592 ubi
937 4548 995 4592 et
1028 4537 1314 4592 subditur:
1340 4535 1487 4591 Tunc
1526 4541 1664 4594 vadit
1692 4549 1743 4595 et

130 4612 359 4665 assumit
391 4621 583 4677 septem
609 4610 741 4681 alios
773 4610 987 4681 spiritus
1016 4609 1285 4681 nequiores
1313 4624 1403 4681 se;
1440 4620 1500 4681 _et
1538 4612 1742 4666 intran-

132 4693 206 4736 tes
232 4682 476 4754 habitant
502 4681 597 4754 ibi,
620 4690 669 4734 et
690 4677 1127 4754 ﬁuntnovissima
1144 4680 1365 4754 hominis
1383 4677 1533 4754 illius
1562 4684 1741 4754 pejora

132 4753 427 4821 prioribus.
461 4751 667 4819 Quibus
692 4751 878 4807 verbis
900 4750 1035 4804 nihil
1059 4749 1204 4821 aliud
1230 4749 1570 4818 significatur
1579 4749 1739 4819 quam

130 4839 229 4877 eos
274 4823 370 4892 qui
403 4823 592 4892 optimi
623 4832 772 4887 sunt,
804 4823 918 4876 sive
955 4820 1230 4891 religiosi,
1257 4822 1373 4875 sive
1404 4824 1739 4892 saeculares,

130 4898 175 4947 si
204 4890 459 4966 quando,
485 4901 795 4966 contempta
818 4892 998 4966 divina
1018 4890 1217 4962 gratia,
1242 4892 1368 4966 mali
1389 4890 1539 4966 fiant,
1565 4890 1745 4966 pessi-

131 4962 257 5021 mos
294 4965 413 5020 fieri
445 4964 654 5031 solere;
701 4965 857 5034 quasi
891 4978 990 5033 pro
1023 4977 1129 5017 uno
1183 4962 1374 5034 spiritu
1434 4962 1737 5030 immundo,

127 5038 223 5105 qui
260 5039 584 5106 priusquam
633 5033 758 5089 boni
784 5034 998 5099 ﬂerent,
1033 5036 1087 5088 in
1118 5033 1226 5106 illis
1263 5042 1402 5098 erat,
1431 5048 1641 5105 septem
1686 5038 1739 5092 in

127 5105 274 5162 illos
330 5106 729 5176 ingrediantur.
777 5107 1109 5175 Experimur
1161 5105 1263 5159 hoc
1292 5106 1533 5174 quotidie
1559 5152 1573 5176 ,
1608 5108 1740 5162 nulli

128 5178 364 5247 pejores
395 5175 525 5233 sunt
550 5176 792 5233 bmreticl
814 5191 976 5247 quant
1006 5175 1118 5243 qui,
1151 5190 1272 5229 cum
1295 5177 1422 5230 boni
1450 5177 1743 5246 aliquando

128 5246 407 5303 catholici
437 5247 688 5315 fuissent,
717 5246 956 5303 divinam
988 5246 1258 5315 aspernati
1306 5248 1532 5315 gratiam
1566 5258 1621 5303 et
1651 5264 1743 5303 ca-

131 5320 366 5375 tholicae
395 5318 526 5375 fidei
560 5319 985 5387 simplicitatem,
1015 5316 1169 5387 quasi
1194 5316 1374 5371 cibum
1408 5317 1740 5375 levissimum

128 5389 518 5455 fastidientes,
545 5400 603 5445 ut
621 5389 771 5458 juxta
799 5391 940 5445 ollas
967 5388 1217 5443 carnium
1262 5388 1541 5456 sederent,
1570 5392 1742 5445 haere-

129 5461 229 5515 tici
265 5462 396 5515 facti
426 5470 585 5525 sunt,
619 5460 676 5515 id
705 5470 810 5526 est,
835 5461 890 5515 in
919 5459 1239 5531 Egyptum,
1272 5458 1416 5531 unde
1447 5475 1541 5528 per
1581 5460 1741 5517 fidem

130 5534 421 5597 exierant,
448 5531 660 5601 perdita
675 5530 801 5598 fide,
825 5529 1131 5588 redierunt.
1150 5529 1291 5585 Nulli
1318 5529 1534 5599 pejores
1556 5531 1745 5587 catho-

130 5603 253 5671 lici,
277 5618 446 5673 quam
459 5604 577 5673 qui,
596 5616 719 5657 cum
746 5603 1037 5673 aliquando
1065 5601 1460 5673 religiosissimi
1490 5601 1742 5671 fuissent,

129 5690 247 5737 nun
282 5678 424 5735 bene
466 5672 763 5732 tenuerunt
810 5672 955 5749 quod
1002 5672 1296 5743 habebant,
1349 5681 1409 5731 ut
1459 5674 1747 5735 verissime

1845 3970 2045 4027 dixerit
2074 3969 2406 4041 Augustinus
2436 3966 2635 4041 (Epist.
2677 3967 2804 4040 I37)
2846 3983 2906 4025 se
2938 3983 3042 4024 non
3075 3968 3280 4026 vidisse
3320 3986 3438 4026 me-

1840 4044 2004 4099 liores
2045 4056 2205 4112 qnam
2236 4040 2329 4110 qui
2362 4039 2415 4094 in
2448 4039 2817 4097 monasteriis
2853 4041 3218 4111 profecerunt,
3260 4058 3436 4111 neque

1842 4114 2056 4185 pejores
2085 4127 2247 4183 quam
2277 4112 2376 4185 qui
2396 4127 2424 4165 a
2450 4115 2793 4185 monasteriis
2821 4113 3155 4169 defecerunt.
3192 4113 3437 4167 Conversi

1841 4184 1983 4251 sunt,
2010 4185 2183 4252 inquit
2215 4184 2381 4237 David
2413 4184 2609 4253 psalm.
2655 4200 2859 4251 Lxxvu,
2906 4185 2959 4237 in
2989 4199 3164 4237 arcum
3194 4201 3432 4255 pravum,

1841 4257 1895 4312 id
1924 4266 2028 4321 est,
2060 4258 2113 4310 in
2144 4256 2361 4310 modum
2393 4268 2551 4310 arcus
2574 4256 2714 4322 duri,
2742 4266 2794 4311 et
2821 4254 3002 4310 manui
3031 4270 3135 4308 non
3170 4254 3437 4309 Obedien-

1844 4328 1934 4392 tis,
1969 4327 2057 4395 qui
2088 4327 2133 4381 si
2188 4325 2329 4381 forte
2384 4326 2720 4391 retendatur,
2776 4336 2868 4380 aut
2905 4329 2955 4380 vi
3008 4333 3064 4380 et
3096 4326 3298 4395 impetu
3332 4341 3435 4380 suo

1844 4398 2138 4467 rumpitur,
2171 4399 2336 4452 autin
2366 4396 2608 4465 pejorem
2647 4398 2872 4451 formam
2903 4412 3063 4467 quam
3102 4397 3152 4449 in
3181 4412 3437 4467 qua,an-

1845 4466 2061 4539 tequam
2119 4469 2453 4539 tenderetur,
2505 4478 2648 4534 erat,
2701 4477 2852 4522 certo
2905 4466 3435 4539 convertitur._llurc

1843 4537 2188 4596 doctissimus
2229 4538 2586 4606 Maldonalue,
2645 4555 2766 4608 qua:
2810 4554 2933 4593 cum
2983 4539 3232 4593 doctrina
3279 4537 3436 4607 hujus

1841 4611 2038 4681 capitis
2069 4611 2270 4681 optime
2298 4611 2649 4676 conveniunt,
2681 4624 2910 4678 eamque
2938 4611 3299 4675 Confirmant;
3346 4625 3429 4662 at-

1844 4680 1949 4753 que
1977 4684 2027 4736 in
2052 4680 2175 4737 cum
2202 4680 2364 4736 finem
2387 4695 2414 4734 a
2443 4696 2529 4735 me
2555 4681 2737 4753 allata.
2762 4696 3139 4749 nemo,spero,
3173 4681 3430 4736 fastidiet.

1920 4764 1942 4793 α
1978 4754 2054 4808 Eu
2086 4753 2438 4823 professionis
2479 4752 2793 4806 monastica:
2826 4754 3083 4823 antiquus
3106 4768 3254 4815 usus,
3280 4753 3434 4820 cujus

1842 4823 1972 4879 alibi
2001 4821 2198 4893 saepius
2225 4822 2553 4877 mentionem
2586 4823 2812 4877 fecimus
2841 4821 2981 4893 (Lib.
3016 4839 3069 4878 1v
3117 4823 3288 4878 lnstit.
3314 4841 3430 4888 cap.

1842 4894 1976 4965 53):
2029 4906 2086 4948 ut
2131 4895 2400 4963 intelligas
2446 4910 2548 4947 non
2599 4894 2793 4965 solum,
2822 4894 3149 4951 obedientize
3194 4904 3249 4949 et
3274 4896 3435 4965 disci-
3490 4910 3506 4955 ς

1845 4968 2009 5036 plina:
2065 4966 2380 5036 monasticae
2433 4980 2590 5018 usum
2655 4964 2796 5036 apud
2864 4975 3073 5036 veteres
3136 4964 3434 5036 monachus

1844 5034 2048 5162 {ui-sse:
2079 5035 2173 5090 sed
2205 5045 2260 5091 et
2291 5045 2498 5101 votum,
2527 5034 2669 5106 quod
2698 5050 2794 5106 per
2843 5035 3240 5105 professionem
3274 5035 3434 5088 intel.

1868 5119 2049 5162 I2Illll'.

1868 5119 2049 5162 I2lllll'.

1885 5125 2186 5246 gslililcpetit
2213 5186 2267 5232 et
2325 5177 2560 5232 inculcat
2607 5174 3211 5246 saluberrimumiillud
3266 5175 3437 5228 ducu—

1844 5244 2109 5315 mentuni,
2141 5264 2250 5318 quo
2288 5251 2541 5318 superius
2571 5251 2777 5303 monuit
2818 5248 2969 5319 (Cap.
3003 5244 3094 5315 M)
3146 5246 3441 5319 unicuique

1845 5320 2262 5376 examinandum
2295 5330 2348 5374 et
2368 5320 2767 5389 explorandum
2798 5318 2990 5373 vitium
3030 5319 3115 5371 cui
3147 5318 3231 5389 vel
3272 5334 3299 5370 a
3346 5334 3440 5371 na-

1847 5401 1968 5447 tura
2000 5392 2088 5447 vel
2136 5406 2299 5462 prava
2328 5388 2721 5447 consuetudine
2751 5389 2986 5462 maxime
3027 5389 3100 5444 sit
3142 5388 3434 5462 obnoxius,

1846 5472 1903 5520 et
1931 5466 1983 5519 in
2014 5479 2079 5520 eo
2120 5460 2481 5533 expugnando
2521 5471 2576 5519 et
2616 5461 2941 5531 corrigendo
2981 5462 3251 5531 prmcipue
3285 5460 3436 5513 Ialm-

1846 5536 2110 5592 randum:
2149 5534 2218 5591 Ut
2240 5536 2607 5605 unusquisque,
2634 5536 2826 5603 inquit,
2855 5534 3057 5605 (vitium,
3090 5549 3190 5601 quo
3218 5533 3442 5605 maxime

1844 5607 2142 5679 infestatur,
2166 5603 2477 5678 explorans,
2503 5603 2760 5663 adversus
2803 5603 2939 5660 illud
2987 5606 3209 5678 arripiat
3246 5603 3440 5679 princir

1847 5678 1969 5756 pale
1992 5691 2273 5752 certamen,
2299 5686 2408 5739 etc.
